3944 6454
445 338 504 392 ll
1546 336 1889 394 AHYTONIS
1929 335 2377 395 BASILEENSIS
2416 341 2730 399 EPISCOPI
3798 355 3858 407 12

1198 563 2061 684 AHYTHONiS
2150 550 3111 693 CAPITULARE.

436 798 601 865 Haec
649 796 959 888 Capitula
1007 804 1176 888 L‘quaa
1250 786 1907 888 SequuntunAiiyto
1952 794 2381 888 ‘Basileensis
2442 796 2769 888 Ecclesiae
2822 801 3131 888 antistes,
3190 816 3252 869 et
3305 805 3512 872 abbas
3560 807 3855 873 (ταξηοῦἱί

523 887 705 988 quod
733 872 961 973 Augia
990 872 1717 988 dicituruptresllyteris
1749 872 1892 949 suae
1937 882 2307 988 diieceseos
2334 884 2728 973 ordinavit;
2790 890 3037 979 quibus
3082 872 3528 960 inniterentur
3559 897 3854 983 qualiter

521 975 784 1130 Isieipsos
828 975 1209 1132 gebplebem
1242 974 1366 1041 sibi
1404 974 1841 1040 commissam
1875 982 2056 1039 caste
2100 981 2165 1040 et
2195 976 2382 1064 juste
2414 999 2681 1066 regere,
2713 974 2915 1069 atque
2949 981 3010 1045 in
3047 983 3379 1069 religione
3416 974 3645 1052 divitia
3692 1008 3855 1052 cen-

572 1086 794 1132 rmare
873 1086 907 1131 e
961 1074 1143 1130 eant.
2438 1118 2453 1129 .

572 1086 794 1133 rmare
828 1086 1143 1132 debeant.

496 1300 712 1368 Primo,
742 1298 1018 1355 omnium
1048 1297 1424 1354 discutienda
1454 1300 1544 1353 est
1597 1296 1976 1353 sacerdotum
2009 1298 2076 1352 ti-
2116 1300 2166 1354 A
2194 1300 2342 1357 dum
2365 1305 2471 1366 est,
2512 1303 2658 1376 quia
2688 1305 3010 1362 necessitas
3051 1306 3148 1362 vix
3190 1306 3373 1365 habet
3427 1308 3625 1379 legem
3654 1326 3670 1366 :
3703 1313 3765 1366 et
3797 1317 3858 1366 ut

424 1390 554 1459 des,
581 1387 834 1461 qualiter
860 1387 1107 1443 credant
1127 1391 1183 1443 et
1212 1387 1360 1443 alios
1390 1387 1629 1442 credere
1659 1385 1913 1441 deceant
1943 1387 2079 1442 :ubi
2190 1404 2299 1443 vas
2327 1389 2404 1445 ad
2436 1390 2661 1447 fontem
2681 1392 3060 1466 baptismatis
3087 1392 3373 1467 habeant,
3396 1398 3564 1470 quod
3607 1398 3688 1455 ad
3717 1399 3854 1456 reli-

423 1484 480 1535 et
503 1477 781 1549 exempla
810 1477 1208 1549 proponenda
1230 1480 1387 1542 sunt,
1413 1481 1711 1547 quatenus
1742 1492 1777 1530 a
1809 1480 2080 1533 creatura
2191 1494 2344 1550 quos
2369 1497 2516 1535 usus
2547 1482 2887 1539 nullatenus
2918 1491 3284 1542 assumatur.

422 1570 660 1625 Creator
685 1566 1310 1638 quantulumcumque
1348 1565 1536 1637 possit
1563 1564 1826 1633 intelligi.
2263 1570 2503 1637 Octavo,
2520 1572 3038 1643 pronuntiandum
3063 1579 3234 1650 estut
3265 1575 3455 1631 sciant
3483 1580 3761 1649 tempora
3780 1578 3857 1635 fe-

493 1655 787 1724 Secundo,
814 1655 1155 1726 jubendum
1187 1658 1275 1709 est
1307 1659 1369 1709 ut
1408 1654 1604 1709 Oratio
1636 1654 1963 1717 Dominica,
2018 1655 2078 1709 in
2188 1656 2382 1713 riandi
2412 1675 2515 1730 per
2541 1675 2803 1728 annum;
2853 1660 2916 1717 id
2955 1666 3062 1731 est,
3104 1679 3350 1719 omnem
3408 1665 3791 1722 Dnminicam
3818 1683 3855 1723 a

418 1761 543 1819 qua
569 1744 777 1800 omnia
804 1743 1145 1800 necessaria
1200 1744 1483 1799 humanae
1515 1744 1647 1799 vitae
1688 1744 2078 1815 comprehen-
2189 1763 2367 1803 mane
2399 1764 2589 1820 usque
2615 1749 2691 1804 ad
2713 1766 3054 1821 vesperam,
3078 1751 3180 1822 [ob
3212 1753 3659 1810 venerationem
3690 1764 3713 1790 °
3742 1757 3857 1811 Do-

418 1834 654 1897 duntur,
707 1836 764 1890 et
815 1832 1172 1904 Symbolum
1200 1830 1630 1904 apostolorum,
1660 1830 1723 1886 in
1749 1848 1872 1904 quo
1926 1831 2077 1888 ﬁdes
2188 1834 2421 1892 minicae
2448 1838 2924 1907 resurrectionis;
2955 1839 3275 1897 sabbatum
3301 1857 3442 1898 vero
3468 1842 3857 1915 operandam

410 1922 712 1979 catholica
755 1926 827 1977 ex
873 1921 1106 1991 integre
1154 1920 1701 1992 comprehenditur,
1758 1920 1836 1976 ab
1879 1924 2075 1977 omni-
2180 1942 2223 1982 a
2249 1943 2427 1983 mane
2454 1944 2645 2000 usque
2667 1929 2744 1984 ad
2788 1946 3123 2001 vesperam,
3156 1948 3231 1987 ne
3256 1933 3341 2003 in]
3391 1933 3707 1990 Judaismo
3756 1952 3856 1993 ea-

412 2011 529 2068 bus
584 2010 848 2068 discatur
903 2014 1027 2066 tam
1082 2010 1286 2067 Latine
1340 2025 1527 2083 quam
1602 2010 1941 2079 Barbarice,
2004 2015 2078 2067 ut
2180 2014 2443 2086 piantur.
2486 2017 2927 2074 Feriandivero
2953 2033 3062 2091 per
3094 2034 3321 2076 annum
3362 2021 3458 2076 isti
3508 2026 3654 2078 sunt
3696 2023 3854 2095 dies,

411 2100 579 2176 quod
625 2117 726 2158 ore
782 2099 1157 2173 proﬁtemur,
1207 2098 1385 2155 corde
1442 2098 1738 2171 credatur,
1772 2102 1828 2155 et
1865 2098 2074 2155 intelli-
2184 2107 2247 2159 ut
2299 2119 2483 2176 supra
2559 2106 2677 2160 orsi
2734 2120 2966 2178 sumus,
3044 2108 3263 2164 Natalis
3341 2108 3597 2181 Domini,
3654 2112 3859 2168 sancti

412 2195 607 2262 gatur.
2185 2192 2489 2265 Stephani,
2545 2195 2735 2249 sancti
2788 2196 3033 2251 Joannis
3089 2197 3497 2269 Evangelistae,
3554 2203 3858 2256 innocen-

485 2279 702 2348 Tertio,
734 2277 1140 2334 intimandum
1169 2282 1258 2334 est
1281 2276 1446 2333 utad
1470 2277 1856 2363 salutationes
1882 2293 2072 2334 sacer-
2181 2283 2330 2349 tum,
2401 2284 2623 2337 Octava
2711 2283 2967 2348 Domini,
3033 2285 3438 2358 Theophania,
3508 2288 3858 2344 Puriﬁcatio

408 2367 641 2426 dotales
674 2384 956 2438 congruae
986 2368 1410 2440 responsiones
1442 2367 1769 2437 discantur,
1803 2368 1907 2423 ubi
1944 2383 2071 2423 non
2180 2374 2403 2425 sanctm
2435 2372 2644 2437 Mariae,
2666 2377 2953 2428 sanctum
2982 2376 3226 2443 Pascha,
3262 2376 3411 2432 sicut
3440 2376 3502 2431 in
3550 2378 3858 2450 superiori

410 2458 607 2516 solum
656 2458 848 2514 clerici
880 2454 937 2514 et
966 2459 1085 2513 Deo
1124 2457 1335 2513 dicatae
1384 2456 1678 2513 sacerdoti
1725 2458 2067 2530 respensio-
2178 2458 2439 2530 capitulo
2488 2460 2993 2533 comprehensum
3053 2467 3141 2519 est
3186 2482 3199 2520 :
3244 2466 3602 2537 Rogationes
3652 2463 3857 2523 tribus

406 2564 549 2605 nem
578 2547 850 2615 offerant,
903 2547 1007 2602 sed
1064 2547 1261 2603 omnis
1316 2546 1488 2620 plebs
1539 2546 1758 2603 devota
1800 2564 2068 2604 consona
2175 2545 2409 2615 diebus,
2462 2551 2749 2606 Ascensie
2809 2550 3067 2621 Domini,
3134 2552 3465 2610 Sabbatum
3539 2560 3853 2622 sanctum,

408 2650 556 2694 voce
584 2637 949 2711 respondere
977 2636 1174 2692 debet.
2106 2661 2145 2714 Β
2175 2638 2546 2693 Pentecostes
2581 2656 2592 2692 :
2625 2640 2814 2695 sancti
2867 2641 3113 2696 Joannis
3168 2644 3460 2715 Baptistaa,
3508 2644 3855 2700 duodecim

482 2724 726 2794 Quarto,
750 2730 819 2781 ut
846 2724 997 2780 ﬁdes
1029 2723 1219 2780 sancti
1248 2723 1551 2780 Athanasii
1589 2739 1625 2779 a
1655 2725 2066 2780 sacerdotibus
2175 2725 2607 2798 apostolorum,
2632 2728 2893 2783 maxime
2915 2732 3117 2785 tamen
3145 2731 3241 2787 SS.
3273 2732 3419 2787 Petri
3446 2735 3504 2787 et
3524 2732 3715 2803 Pauli,
3736 2734 3857 2806 qui

409 2813 695 2883 discatur,
724 2818 781 2870 et
806 2822 830 2849 ⁸
859 2830 931 2868 ex
962 2812 1141 2869 corde
1167 2812 1335 2869 omni
1364 2811 1459 2868 die
1486 2810 1796 2868 Deminico
1854 2812 1933 2870 ad
1961 2813 2065 2870 ho-
2174 2816 2474 2887 Europam
2518 2830 2624 2871 sua
2674 2818 3097 2889 praedicatione
3153 2819 3642 2877 illuminaverunt
3676 2838 3689 2877 :
3724 2824 3857 2877 As-

406 2919 540 2960 ram
569 2903 830 2976 primam
862 2902 1155 2957 recitetur.
2175 2905 2435 2976 sumptio
2465 2912 2688 2961 sancire
2724 2907 2937 2974 Μεινὶω,
2996 2907 3295 2965 Dedicatio
3346 2909 3612 2966 basilicae
3643 2913 3853 2968 sancti

479 2993 717 3061 Quinto,
749 2996 814 3048 ut
826 2992 1025 3075 sciant
1050 2991 1201 3063 quid
1230 2988 1304 3046 sit
1348 2992 1793 3047 sacramentum
1838 2990 2063 3064 baptis-
2173 2992 2516 3063 archangeli
2549 2995 2877 3061 Michaelis,
2909 2996 3207 3053 dedicatio
3236 2998 3652 3072 cujuscunque
3697 3016 3854 3057 ora-

405 3084 586 3141 matis
611 3088 667 3139 et
705 3081 1208 3151 conﬁrmationis;
1271 3086 1327 3137 et
1357 3081 1537 3153 quale
1588 3081 1662 3135 sit
1707 3081 2063 3153 mysterium
2172 3081 2324 3148 terii,
2354 3098 2458 3137 seu
2486 3084 3006 3152 cujuslibetsancti
3031 3086 3093 3140 in
3122 3087 3295 3157 cujus
3334 3088 3561 3143 honore
3619 3088 3857 3146 eadem

407 3172 673 3248 corporis
702 3176 759 3229 et
788 3171 1096 3243 sanguinis
1128 3172 1381 3239 Domini,
1409 3169 1719 3243 quomodo
1739 3170 1801 3226 in
1836 3170 2065 3249 eisdem
2173 3170 2427 3228 ecclesia
2453 3172 2703 3227 fundata
2735 3176 2853 3243 est;
2896 3174 3061 3246 quod
3084 3175 3292 3231 vicinis
3344 3181 3575 3233 tantum
3607 3176 3858 3235 circum

405 3263 709 3338 mysteriis
736 3262 981 3319 visibilis
1012 3265 1288 3318 creatura
1319 3261 1567 3326 videtur,
1620 3265 1677 3315 et
1713 3264 1918 3316 tamen
1972 3261 2064 3317 in-
2166 3262 2686 3317 commorantibus
2717 3262 3108 3320 indicendum
3151 3271 3258 3334 est,
3309 3282 3433 3323 non
3480 3267 3861 3336 generaliter

402 3353 652 3410 visibilis
679 3351 843 3407 solus
869 3350 949 3406 ad
979 3350 1365 3406 aeternitatem
1394 3349 1612 3405 animae
1642 3348 2062 3405 subministra—
2170 3350 2474 3406 omnibus.
2527 3351 2818 3407 lndictum
2870 3368 3014 3409 vero
3067 3354 3362 3423 jejunium
3413 3356 3682 3427 quando,
3723 3358 3755 3394 ά
3802 3376 3861 3415 -ι

403 3447 522 3516 tur,
551 3442 717 3516 quod
747 3443 808 3497 in
839 3440 965 3497 sola
994 3440 1112 3495 ﬁde
1143 3440 1496 3495 continetur.
2168 3439 2417 3510 palatio,
2452 3440 2543 3495 vel
2569 3456 2604 3495 a
2631 3440 2814 3496 demo
2847 3442 3020 3498 fuerit
3044 3442 3484 3511 denuntiatum,
3514 3444 3592 3499 ab
3639 3448 3861 3503 omni-

479 3534 674 3600 Sexto,
703 3548 839 3604 quae
889 3528 1037 3602 ipsis
1091 3527 1503 3584 sacerdotibus
1553 3527 1894 3583 necessaria
1926 3533 2064 3583 sunt
2168 3527 2283 3584 bus
2314 3530 2666 3599 generaliter
2691 3530 3062 3587 observetur.
3096 3531 3354 3604 Reliquae
3375 3548 3518 3588 vero
3548 3532 3859 3593 festivita—

405 3623 485 3679 ad
509 3621 899 3687 discendum;
931 3619 993 3674 id
1023 3623 1130 3687 est,
1165 3616 1731 3683 Sacramentarium,
1758 3617 2060 3672 Lectiona-
2168 3621 2254 3672 tes
2284 3633 2390 3689 per
2417 3635 2667 3685 annum,
2703 3618 2853 3675 sicut
2877 3620 3064 3676 sancti
3096 3621 3379 3692 Remedii,
3430 3622 3617 3678 sancti
3678 3626 3862 3681 Mau-

400 3712 580 3775 rium,
638 3708 1159 3783 Antiphonarium,
1208 3706 1645 3778 Baptisterium,
1707 3710 2056 3777 Computus,
2164 3704 2310 3772 ricii,
2345 3707 2532 3761 sancti
2556 3707 2798 3776 Martini,
2831 3724 2955 3763 non
3005 3714 3146 3764 sunt
3182 3709 3470 3778 cogendae
3512 3710 3588 3766 ad
3619 3710 3859 3770 ferian-

402 3803 607 3859 Canon
633 3798 1076 3875 poenitentialis,
1104 3796 1476 3865 Psalterium,
1520 3794 1791 3849 Homiliee
1818 3810 1924 3866 per
1950 3806 2055 3851 an-
2165 3794 2333 3865 dum,
2356 3798 2476 3850 ‘nec
2509 3800 2707 3851 tamen
2731 3796 3196 3869 prohibendum,
3222 3798 3271 3852 si
3295 3798 3500 3870 plebes
3520 3802 3634 3855 hoc
3665 3808 3857 3859 caste

401 3893 464 3947 ni
492 3890 779 3948 circulum
803 3887 1127 3946 Dominicis
1149 3885 1365 3943 diebus
1398 3889 1455 3940 et
1494 3884 1741 3953 singulis
1781 3884 2057 3941 festivita-
2165 3887 2221 3940 et
2234 3884 2356 3940 zelo
2390 3885 2488 3941 Dei
2513 3887 2763 3958 cupiunt
2787 3901 3081 3942 exercere.

397 3980 559 4038 tibus
590 3986 762 4053 aptae.
797 3981 878 4035 Ex
907 3977 1130 4050 quibus
1158 3974 1445 4031 omnibus
1486 3974 1537 4028 si
1566 3990 1757 4028 unum
1782 3972 2051 4041 defuerit,
2094 4015 2134 4067 Ο
2237 3977 2422 4039 None,
2443 3974 2781 4043 jubendum
2812 3980 2899 4030 est
2926 3974 3154 4031 eisdem
3183 3975 3596 4033 sacerdotibus
3612 3981 3680 4034 ut
3700 3993 3859 4037 non

399 4069 723 4126 sacerdotis
748 4083 973 4123 nomen
1002 4066 1104 4122 vix
1127 4064 1190 4120 in
1225 4080 1296 4119 eo
1330 4062 1665 4119 constabit:
1698 4064 1843 4135 quia
1879 4063 2054 4119 valde
2103 4062 2127 4067 '
2163 4064 2508 4136 permittant
2564 4080 2770 4120 secum
2836 4065 3114 4121 mulieres
3164 4065 3433 4121 habitare
3476 4067 3853 4137 extraneas,

395 4158 746 4235 periculosae
779 4160 916 4213 sunt
947 4153 1308 4223 evangelicae
1328 4152 1529 4220 minae,
1555 4151 1777 4224 quibus
1798 4151 2049 4209 dicitur:
2158 4152 2331 4223 juxta
2361 4152 2659 4208 Nicaenum
2689 4152 3028 4219 concilium,
3056 4153 3171 4208 nisi
3211 4168 3314 4210 eas
3342 4157 3579 4209 tantum
3607 4152 3672 4207 in
3694 4158 3828 4227 qui

392 4245 467 4303 Si
491 4261 680 4302 caecus
720 4260 871 4301 caeco
906 4244 1193 4300 ducatum
1227 4246 1492 4312 praestet,
1525 4241 1698 4298 ambo
1728 4241 1791 4297 in
1813 4242 2051 4311 foveam
2158 4239 2274 4296 bus
2300 4242 2560 4314 suspicio
2589 4240 2754 4297 nulla
2784 4240 2959 4297 malae
2992 4242 3164 4296 famae
3192 4240 3413 4297 oboriri
3437 4244 3657 4315 potest.

348 4325 353 4330 ’
394 4335 621 4391 cadunt
656 4334 894 4405 (Matth.
926 4350 1028 4403 xv,
1066 4333 1168 4403 14).
2230 4332 2492 4401 Decimo,
2525 4336 2588 4387 ut
2640 4329 2922 4387 tabernas
2954 4346 3078 4387 non
3108 4330 3540 4402 ingrediantur,
3591 4345 3706 4385 nec
3743 4350 3861 4389 sep

472 4424 756 4497 Septimo,
781 4428 846 4478 ut
871 4422 1059 4478 sciant
1086 4426 1362 4493 tempora
1416 4419 1682 4491 legitima
1731 4421 1810 4477 ad
1838 4421 2049 4495 -bapti-
2156 4419 2357 4476 dendo
2387 4420 2573 4489 domi,
2603 4437 2711 4476 nec
2739 4420 2803 4475 in
2835 4420 3040 4476 itinere
3087 4421 3387 4493 occupati.
3441 4419 3499 4477 Si
3544 4434 3690 4475 vero
3716 4436 3860 4479 ne-

390 4513 653 4571 zandum
683 4512 745 4568 in
771 4528 932 4567 anno
953 4529 966 4580 ;
991 4511 1052 4566 id
1083 4515 1191 4579 est,
1249 4509 1503 4565 sabbato
1549 4513 1756 4565 sancte
1792 4512 2044 4580 Paschae,
2156 4524 2323 4565 cesse
2348 4509 2573 4566 habent
2602 4509 2825 4564 ibidem
2847 4508 3076 4581 aliquid
3106 4508 3364 4571 emendi,
3400 4508 3617 4563 missos
3676 4520 3859 4569 suos

386 4607 453 4659 ut
480 4602 582 4659 illa
608 4601 771 4658 trina
791 4599 1010 4656 mersio
1041 4599 1103 4654 in
1134 4598 1494 4670 baptismate
1534 4597 1793 4654 imitetur
1827 4600 2047 4657 tridua-
2152 4599 2433 4669 dirigant,
2466 4603 2522 4654 et
2561 4597 2763 4655 oblata
2794 4596 2855 4653 in
2887 4597 3068 4654 aliam
3096 4598 3351 4653 domum
3404 4596 3718 4653 conferant
3779 4596 3860 4659 et

384 4707 530 4750 nam
559 4696 815 4748 mortem
861 4688 1098 4745 Domini
1157 4687 1543 4743 clariﬁcatam
1590 4691 2039 4746 resurrectione.
2151 4704 2290 4745 cum
2311 4688 2640 4757 gratiarum
2670 4685 2902 4742 actione
2931 4686 3184 4743 fideliter
3211 4685 3562 4759 percipiant.

381 4778 452 4838 Et
477 4781 698 4838 idcirco
729 4793 922 4852 usque
952 4776 1032 4833 ad
1062 4780 1340 4833 octavum
1369 4776 1530 4833 diem
1560 4777 1693 4849 ipsa
1722 4790 2041 4848 regenera-
2223 4776 2639 4843 Undecimo,ut
2657 4774 2874 4847 placita
2892 4775 3203 4832 saecularia
3217 4788 3341 4831 non
3355 4774 3859 4845 observent,ch

381 4870 462 4927 tio
493 4876 700 4927 sancta
729 4869 806 4926 ab
836 4866 1003 4923 omni
1057 4864 1285 4938 populo
1336 4864 1664 4922 Christiano
1718 4866 2040 4923 celebrabi-
2145 4865 2529 4936 ﬁdcjussores
2553 4864 2861 4934 exsistant,
2886 4878 2996 4921 nec
3014 4880 3195 4921 canes
3220 4863 3295 4920 ad
3314 4862 3861 4934 venandum,nec

379 4964 493 5016 tur.
513 4959 689 5015 Aliud
705 4975 850 5015 vero
881 4962 1118 5028 tempus
1143 4955 1518 5028 baptismatis
1550 4954 1803 5012 sabbato
1829 4961 2037 5013 sancto
2147 4954 2479 5027 accipitres,
2498 4969 2606 5008 nec
2629 4953 2913 5021 falcones,
2936 4970 3045 5009 nec
3063 4951 3468 5026 sparavarios,
3496 4962 3607 5008 nec
3632 4944 3861 5017 ullius

377 5047 756 5104 Pentecostes
801 5043 1230 5101 celebrandum
1283 5049 1390 5100 est.
1437 5044 1493 5100 Si
1522 5060 1665 5099 vero
1713 5045 2035 5101 necessitas
2141 5042 2270 5099 ludi
2291 5047 2395 5099 aut
2416 5043 2735 5115 spectaculi
2766 5043 3070 5099 licentiam
3091 5043 3373 5100 habeant.
3392 5039 3618 5098 Sufﬁcit
3647 5043 3858 5106 enim

377 5137 709 5208 contigerit,
734 5134 1187 5208 omnitempore
1208 5134 1234 5173 δ
1261 5135 1322 5189 iu
1360 5133 1627 5207 periculo
1671 5133 2032 5190 subvenien-
2143 5133 2228 5189 eis
2257 5132 2423 5205 quod
2448 5133 2511 5188 in
2545 5131 2741 5205 primo
2767 5133 3004 5205 psalmo
3023 5132 3239 5202 legitur
3272 5134 3384 5188 :In
3416 5133 3545 5203 lege
3572 5133 3867 5196 Domini

446 5290 472 5316 ι
498 5281 600 5337 Ex
618 5279 814 5337 corde.
852 5277 974 5333 Hoc
1008 5280 1099 5334 est
1150 5278 1503 5348 memoriter,
1533 5276 1656 5332 Gal.
1680 5292 1798 5346 par
1841 5291 2026 5347 contr,
2140 5279 2266 5348 tero
2297 5275 2767 5348 observationem
2794 5274 3030 5348 legitur.

370 5355 438 5430 ut
456 5358 618 5430 recte
648 5350 1188 5430 monet_Acherius.
1217 5351 1422 5430 Statim
1438 5342 1903 5430 voculan'iomm'
1922 5342 2027 5430 ad;
2063 5376 2109 5430 Β
2143 5418 2176 5430 η
2211 5347 2236 5382 ἀ
2267 5347 2585 5430 Αραιριίο.
2625 5351 2703 5402 De
2729 5342 2970 5430 jejuniis
3000 5344 3298 5430 a-regibus
3350 5342 3862 5430 nostrisvi'ndic-

371 5422 636 5496 didimus
666 5439 735 5478 ex
770 5423 971 5496 codice
1002 5420 1723 5496 quodamantiquissimo
1753 5422 2025 5496 “Sangal-
2063 5415 2107 5430 "
2137 5418 2211 5475 tis
2242 5415 2475 5496 consuli
2508 5415 2762 5496 possunt
2788 5415 3148 5496 ‘gregorius’
3174 5418 3556 5496 Turonensis,
3572 5415 3709 5496 _l_ib.‘
3733 5435 3850 5496 1x,

365 5493 540 5568 lensi,
572 5512 835 5568 quocum
883 5488 1146 5568 priorem
1194 5488 1518 5550 editionem
1569 5491 1819 5548 contulit
1850 5488 2022 5548 Balu-
2137 5488 2772 5568 qap.21‘,et_—Carolu_s
2824 5488 3523 5568 biagnus,‘epistola_uad
3572 5488 3857 5551 Fastra'.

366 5560 535 5621 ziusf
589 5560 613 5568 ’
883 5560 905 5568 ’
2135 5560 2299 5617 dam.
2342 5560 2516 5627 Quod
2567 5561 2786 5617 deinde
2835 5560 3313 5631 legituradomo
3337 5560 3627 5615 vitiosum
3675 5576 3853 5624 esse

455 5637 602 5711 1:115
612 5640 902 5707 periculo.
936 5641 1071 5694 Haec
1101 5635 1448 5693 addidimus
1478 5651 1510 5690 e
1556 5633 1799 5690 duobus
1838 5633 2014 5690 cedd.
2132 5632 2416 5711 Acherius
2443 5638 2597 5688 recte
2631 5636 2855 5711 monet,
2905 5638 2961 5711 et
2988 5633 3278 5711 legudum
3328 5648 3458 5687 esse
3490 5648 3529 5687 a
3558 5632 3846 5711 domno,

365 5709 423 5765 S.
461 5702 630 5765 Galli:
1532 5776 1539 5778 ξ
1626 5776 1638 5778 _
1711 5775 1746 5778 __
1972 5776 1980 5778 Α
2132 5703 2239 5778 sed
2267 5702 2428 5759 idem
2454 5720 2577 5758 non
2606 5709 2760 5778 recte
2787 5702 3135 5778 explicata
3162 5704 3390 5778 domno
3441 5702 3844 5778 apostolico;

432 5790 456 5815 °
489 5780 571 5836 0b
601 5780 1057 5842 venerationem.
1092 5777 1297 5850 Qued_
1317 5777 1495 5850 iuncis
1525 5775 1754 5832 includi
1783 5776 2016 5850 curavi-
2131 5775 2254 5834 sive
2284 5790 2448 5848 papa
2472 5792 2486 5844 ;
2510 5776 2706 5831 verius
2733 5781 2839 5848 est,
2865 5774 2909 5834 a
2934 5774 3180 5850 proprio
3205 5774 3517 5849 episcopo.

356 5867 514 5923 mus,
533 5868 604 5913 ex
627 5855 841 5916 iisdem
870 5852 1186 5914 codicibus
1223 5848 1583 5921 adjecimus.
1603 5852 1670 5907 In
1694 5863 1905 5907 eorum
1934 5847 2017 5907 al-
