3944 6442
368 422 371 423 ν
477 347 542 401 15
1503 342 1823 401 AUDRADI
1863 344 2289 402 SENONENSIS
2325 347 2851 404 CHOREPISCOPI.
3603 418 3607 421 .
3830 343 3889 397 ιο

469 472 656 526 trasse
708 467 1128 531 fornicationis,
1194 469 1558 524 matrimonii
1618 478 1643 505 ι
1690 469 1829 540 jura
1885 468 2200 528 alteriusA
2306 470 2597 529 Vicesimo
2622 470 2811 533 tertio,
2843 466 3211 526 admonendi
3241 467 3382 523 sunt
3403 469 3471 522 ut
3517 464 3711 521 sciant
3755 464 3891 538 quia

469 561 663 616 sciant
693 576 754 614 se
786 559 1052 631 funditus
1104 559 1454 631 perdidisse.
1508 563 1568 614 ln
1598 560 1768 615 tertio
1794 575 1937 615 vero
1968 574 2123 628 genu
2233 561 2496 617 ecclesiis
2519 562 2741 635 quibus
2766 561 3051 634 praesunt,
3081 556 3291 631 sponsi
3320 555 3456 612 facti
3480 560 3658 611 sunt:
3685 555 3889 611 etideo

468 649 519 705 si
542 650 769 705 inventi
797 649 1011 704 fuerint
1039 649 1139 704 tali
1167 649 1411 704 crimine
1442 649 1702 721 pollutos
1742 666 1890 715 esse,
1941 649 2124 719 digna
2231 651 2396 706 omni
2426 650 2735 721 vigilantia
2762 647 3017 722 qualiter
3041 662 3145 703 eas
3177 645 3481 715 decorent,
3513 643 3890 700 etincessan-

465 738 815 810 poenitentia
867 754 967 793 eos
1004 737 1429 809 subsequatur,
1456 744 1510 792 et
1532 742 1732 793 tamen
1758 737 2121 793 matrimonii

459 827 599 898 jura
627 828 729 892 eis,
762 843 882 882 non
911 827 1194 893 vicissim,
1225 826 1331 881 sed
1359 827 1435 882 ad
1466 828 1614 881 alios
1653 844 1775 883 non
1808 832 2116 895 negentur.

466 917 574 972 Ubi
600 934 737 972 vexo
766 917 1063 990 mancipia
1105 933 1223 971 non
1258 917 1433 971 unius
1465 917 1569 971 sed
1621 917 1871 972 diversae
1920 922 2117 983 potes-

460 1007 595 1061 tatis
619 1005 826 1076 juncta
868 1005 1100 1066 fuerint,
1136 1006 1247 1060 nisi
1279 1006 1782 1060 consentientibus
1810 1006 2117 1077 utriusque

458 1094 737 1162 dominis,
766 1094 1428 1167 hujusmodicopulatio
1452 1100 1578 1149 rata
1608 1110 1726 1149 non
1749 1094 1917 1149 erit.b
1938 1093 2116 1160 Quid-

456 1183 603 1256 quid
627 1200 769 1239 vero
798 1184 1159 1253 negligenda
1191 1184 1459 1249 sentitur,
1489 1189 1543 1238 et
1588 1184 1799 1239 virtute
1847 1198 1969 1255 qua
2012 1198 2117 1250 po-

454 1273 628 1329 tuerit
650 1289 773 1329 non
806 1273 1188 1341 emendetur;
1234 1289 1377 1329 nam
1415 1274 1596 1343 hujus
1646 1272 1875 1345 copulae
1906 1260 2113 1328 auctor

453 1362 582 1432 erit,
631 1363 737 1435 qui
778 1362 917 1418 huic
965 1362 1323 1431 negligendo
1372 1362 1684 1418 consentit.
1742 1362 1919 1417 Plura
1974 1366 2112 1419 sunt

453 1467 591 1523 quae
650 1451 729 1506 ad
769 1452 976 1507 incesti
1015 1452 1240 1507 crimen
1294 1452 1471 1506 scribi
1524 1456 1818 1524 poterant,
1852 1451 2002 1507 sicut
2046 1452 2108 1507 in

452 1545 665 1611 matre,
715 1545 772 1596 et
816 1540 957 1605 ﬁlia,
1007 1556 1266 1596 noverca
1318 1548 1373 1597 et
1420 1556 1569 1612 pene
1618 1541 1938 1596 innumera
1976 1558 2109 1613 quae

451 1631 634 1686 menti
666 1630 745 1686 ad
773 1630 1157 1685 scribendum
1188 1647 1311 1686 non
1352 1634 1708 1687 occurrunt:
1757 1629 2109 1701 hujusmodi

447 1723 671 1789 tamen,
706 1724 761 1776 et
788 1718 880 1774 his
910 1719 1202 1774 similibus
1224 1720 1516 1792 personis,
1558 1719 1777 1793 copula
1819 1720 2107 1775 maritalis

446 1808 509 1864 in
542 1808 973 1882 sempiternum
1004 1808 1391 1865 subtrahitur.

517 1898 811 1954 Vicesimo
841 1898 1127 1968 secundo,
1151 1898 1522 1953 admonendi
1545 1901 1687 1954 sunt
1705 1903 1770 1955 ut
1800 1899 1991 1955 sciant
2005 1914 2108 1971 po-

445 1986 601 2059 pulis
625 1987 975 2042 denuntiare
1005 2002 1141 2058 quae
1168 1986 1284 2041 sint
1309 2002 1492 2057 opera
1522 1987 1943 2043 misericordias
1965 2003 2105 2042 cum

444 2075 735 2131 fructibus
767 2075 909 2144 suis,
951 2092 1088 2147 quae
1131 2074 1480 2145 evangelica
1527 2079 1583 2131 et
1629 2074 1957 2148 apostolica
1995 2093 2104 2148 pa-

445 2164 586 2235 gina
610 2165 1043 2237 complectitur,
1094 2165 1317 2237 quibus
1359 2165 1704 2238 pcrvenitur
1754 2165 1833 2222 ad
1879 2166 2099 2223 vitam:

441 2270 653 2327 quaeve
683 2270 869 2326 opera
896 2254 1223 2327 iniquitatis
1253 2270 1392 2309 cum
1424 2254 1712 2309 fructibus
1743 2253 1864 2310 suis
1910 2257 2103 2312 multi-

441 2342 719 2416 plicibus,
746 2343 968 2417 quibus
996 2343 1142 2399 calle
1173 2343 1408 2399 sinistro
1428 2343 1506 2399 ad
1523 2348 1813 2400 aeternum
1844 2346 2103 2401 tenditur

438 2431 766 2489 interitum.
793 2436 855 2487 Et
880 2437 945 2488 ut
969 2432 1214 2504 periurii
1252 2433 1475 2487 crimen
1516 2433 1682 2488 omni
1723 2433 1907 2489 modo
1945 2434 2101 2490 devi-

441 2523 601 2595 tent:
634 2520 779 2592 quia
821 2536 945 2575 non
991 2519 1187 2575 solum
1228 2519 1291 2574 in
1340 2520 1660 2588 Evangelio
1700 2520 1796 2576 vel
1842 2521 2100 2595 reliquiis

444 2612 795 2663 sanctorum
842 2607 1082 2677 crimen.
1112 2607 1377 2679 perjurii,
1419 2608 1525 2662 sed
1565 2608 1627 2663 in
1677 2609 1920 2666 veritate
1965 2627 2098 2683 quae

441 2695 598 2751 Deus
626 2699 717 2750 est
738 2695 810 2766 (si
840 2694 1144 2764 mentitur)
1172 2699 1516 2768 perpetrare
1543 2694 1936 2767 dignoscitur.

513 2828 540 2896 ξ
561 2821 722 2896 Jura
741 2821 1016 2896 alterius.
1041 2821 1131 2896 Sic
1157 2820 1386 2896 laudati
1406 2821 1661 2892 codices,
1678 2822 1894 2878 rectius
1910 2840 2095 2896 quam

439 2892 604 2964 prior
632 2893 832 2962 editio,
854 2895 1008 2964 jura
1037 2894 1311 2948 ulterius.

508 2982 538 3022 ιι
563 2964 868 3037 Quidquid
889 2980 1045 3021 vero.
1073 2967 1296 3020 Locum
1316 2964 1477 3020 hunc
1506 2964 1589 3021 ita
1609 2965 1892 3023 emendat
1914 2969 2097 3024 Ache-

2231 744 2317 795 ter
2340 740 2699 810 deserviant,
2727 738 2905 796 totius
2929 737 3064 793 vitae
3092 751 3217 792 suae
3244 733 3619 805 vigilantiam
3664 733 3891 806 impen-

2227 827 2393 886 dant.

2298 918 2586 974 Vicesimo
2626 920 2862 991 quarto,
2908 920 2973 971 ut
3017 915 3198 972 horas
3236 912 3581 983 canonicas,
3628 916 3759 968 tam
3796 928 3889 967 no-

2226 1012 2467 1064 cturnas
2495 1023 2683 1081 quam
2724 1005 2991 1073 diurnas,
3032 1002 3374 1060 nullatenus
3410 1002 3884 1076 praetermittam.

2190 1097 2376 1163 'Quia
2430 1098 2585 1153 sicut
2637 1099 2909 1151 Romana
2961 1092 3220 1149 Ecclesia
3280 1091 3503 1165 psallit,
3561 1090 3647 1146 ita
3689 1090 3884 1146 omni-

2220 1186 2335 1242 bus
2383 1187 2658 1259 ejusdem
2706 1184 2996 1259 propositi
3037 1183 3196 1239 viam
3239 1180 3623 1238 tendentibus
3669 1180 3887 1237 facien-

2220 1275 2368 1342 dum
2428 1280 2537 1333 est.
2588 1278 2654 1331 Et
2702 1290 2825 1330 non
2880 1272 3076 1329 solum
3126 1270 3272 1328 Novi
3324 1271 3689 1327 Testamenti
3754 1276 3885 1326 sunt

2218 1365 2582 1421 documenta
2603 1364 2816 1420 eadem
2838 1361 3159 1419 formulam
3185 1359 3547 1417 observandi
3567 1359 3681 1416 sed
3706 1360 3885 1417 etiam

2221 1455 2436 1511 Veteris
2489 1452 2845 1510 Testamenti
2902 1453 3061 1525 patet
3126 1450 3327 1506 ratio:
3386 1448 3532 1523 quia
3588 1450 3888 1523 Propheta

2219 1544 2439 1616 Spiritu
2490 1548 2696 1599 sancto
2735 1541 3049 1598 instinctus
3093 1538 3359 1613 profert:
3404 1538 3633 1609 Septies
3680 1540 3747 1595 in
3798 1540 3887 1595 die

2219 1633 2457 1690 laudem
2514 1633 2646 1688 dixi
2710 1632 2819 1686 tibi
2870 1630 3058 1701 (Psat.
3119 1644 3307 1694 cxvm,
3366 1627 3505 1699 164).
3570 1629 3638 1683 Et
3686 1645 3700 1683 :
3772 1628 3886 1683 Me-

2216 1723 2320 1779 dia
2360 1726 2531 1777 nocte
2574 1720 2890 1791 surgebam
2944 1718 3026 1775 ad
3078 1717 3478 1787 conﬁtendum
3527 1717 3642 1772 tibi
3681 1716 3881 1786 (Ibid,

2138 1832 2178 1887 Β
2217 1825 2367 1866 vers.
2399 1812 2511 1882 62).

2284 1900 2575 1955 Vicesimo
2612 1899 2842 1972 quinto,
2888 1901 2955 1953 ut
2994 1895 3273 1971 plebibus
3315 1895 3673 1951 denuntient
3715 1895 3886 1969 quod

2212 1987 2367 2044 ﬁlios
2396 1993 2453 2045 et
2478 1988 2631 2044 ﬁlias
2658 1986 2991 2060 spirituales
3020 2001 3175 2059 quos
3204 1984 3264 2040 in
3295 1984 3661 2058 baptismate
3692 1986 3884 2040 susci-

2211 2078 2404 2151 piunt,
2435 2078 2519 2135 eis
2547 2078 2933 2149 ﬁdejussores
2958 2080 3015 2132 et
3041 2090 3362 2148 sponsores
3390 2073 3531 2130 ﬁdei
3560 2073 3880 2141 exsistunt,

2210 2172 2267 2224 et
2314 2184 2425 2241 pro
2482 2167 2565 2223 eis
2607 2166 2871 2233 diabolo,
2918 2165 3012 2221 cui
3059 2168 3195 2220 ante
3260 2163 3587 2235 mancipati
3640 2162 3887 2220 fuerant

2210 2257 2636 2315 abrenuntiant
2667 2273 2679 2311 :
2722 2261 2779 2312 et
2816 2255 2952 2311 ideo
2985 2270 3175 2327 usque
3207 2269 3345 2309 cum
3394 2252 3581 2309 adulti
3634 2252 3882 2321 fuerint,

2210 2351 2267 2402 et
2292 2347 2376 2403 eis
2401 2346 2541 2401 ﬁdei
2572 2362 2694 2401 suae
2725 2344 3117 2418 sponsionem
3138 2347 3194 2399 et
3217 2341 3764 2399 abrenuntiationis
3791 2360 3886 2399 ex-

2206 2436 2518 2509 posuerint
2596 2441 2653 2491 et
2718 2434 3102 2501 reddiderint,
3176 2433 3239 2488 in
3311 2449 3422 2488 sua
3493 2433 3883 2505 providentia

2206 2526 2488 2585 habeant.
2515 2528 2578 2581 Et
2606 2525 2773 2599 quod
2797 2524 2879 2580 illi
2903 2540 3014 2598 pro
3041 2524 3125 2580 eis
3171 2522 3646 2596 spoponderant,
3682 2523 3769 2580 ab
3797 2525 3881 2580 eis

2206 2612 2421 2669 eadem
2450 2628 2739 2686 responsa
2765 2630 2839 2670 ex
2867 2613 3097 2683 integro
3127 2612 3387 2682 exigant.

2204 2826 2328 2954 rius
2358 2845 2395 2954 τε
2423 2826 2724 2954 Quidquid
2783 2843 2919 2886 vero
2960 2827 3333 2898 negligenter
3385 2828 3772 2885 consentitur
3826 2834 3883 2886 et

2205 2914 2301 2954 vir
2330 2915 2368 2954 u
2398 2914 2448 2954 e.
2480 2915 2510 2954 e
2538 2916 2588 2954 c.

2205 2914 2448 2969 virtute,
2480 2914 2588 2955 etc.

439 3140 3874 3181 Μ

1756 3302 1928 3349 ΔΝΝο
1974 3303 2205 3351 DOMINI
2251 3302 2533 3349 θερίζων.

1318 3507 2972 3703 AUDRADUS

1620 3813 2039 3870 SENONENSIS
2078 3812 2670 3872 CHOREPISCOPUS.

1097 4068 1538 4158 NOTITIA
1634 4068 2220 4156 HISTORICA
2322 4069 2435 4155 IN
2532 4070 3182 4157 AUDRADUM.

1608 4229 1922 4303 (Galland.,
1954 4229 2100 4288 Bibl.
2132 4233 2308 4303 Patr.,
2336 4236 2482 4289 tom.
2514 4235 2671 4301 XIII).

497 4477 581 4531 Ex
605 4473 910 4530 sacerdote
936 4472 1400 4545 chorepiscopus
1433 4470 1789 4527 Senonensis
1817 4469 2080 4545 iuitWAu-
2112 4485 2152 4541 ρ
2194 4472 2210 4542 (

422 4546 650 4603 dradus
671 4548 874 4600 noster
896 4544 974 4599 ad
1004 4541 1233 4599 annum
1264 4541 1459 4614 usque
1490 4545 1612 4607 849,
1644 4558 1768 4614 quo
1813 4541 1873 4596 in
1922 4542 2080 4598 Pari-

421 4616 602 4673 siensi
648 4615 897 4672 concilio
946 4631 1143 4671 omnes
1195 4614 1604 4683 chorepiscopi
1644 4615 1748 4684 qui
1787 4618 1960 4669 erant
2016 4614 2079 4670 in

418 4690 683 4745 Francia
714 4688 966 4757 depositi
992 4692 1129 4742 sunt
1147 4687 1250 4756 (a).
1270 4685 1512 4756 Scripsit
1540 4683 1759 4757 librum
1786 4686 1873 4741 De
1894 4686 2078 4757 Revef

422 4756 961 4837 ιωφωοωμρυψ
991 4761 1114 4826 853,
1157 4757 1341 4837 cujus
1384 4760 1661 4837 encerpta
1703 4756 1868 4837 legas
1914 4756 2079 4837 apud

416 4833 737 4887 Andraeam
776 4830 861 4885 du
891 4830 1117 4884 Chesne
1151 4826 1344 4899 (b).’rln
1388 4827 1479 4899 his
1523 4826 1892 4899 memoratur
1928 4826 2080 4883 liber

416 4903 504 4958 De
531 4904 717 4958 Fonte
747 4903 900 4967 vitae,
941 4897 1303 4955 hexametris
1347 4898 1649 4969 scriptust
1673 4897 1752 4969 ad
1804 4898 2077 4954 Hincma-

382 4988 554 5041 _rum
593 4974 1010 5035 Rhemensem,
1062 4986 1245 5043 quem
1300 4968 1532 5041 primus
1581 4968 1767 5024 edidit
1806 4968 2076 5025 Oudinus

510 5101 568 5164 a)
601 5099 823 5169 Lupus,
853 5113 947 5169 ep.
975 5100 1065 5162 40,
1096 5111 1235 5150 eum
1264 5095 1618 5169 magistrum
1656 5110 1830 5153 suum
1875 5098 2069 5152 vocat.

510 5170 567 5238 b)
597 5167 835 5239 Baron.,
867 5167 947 5224 ad
975 5182 1073 5222 an.
1104 5170 1227 5234 838,
1258 5182 1427 5222 num.
1460 5168 1513 5222 6.

2213 4478 2369 4544 clgex
2400 4487 2512 4526 ms.
2539 4469 2820 4544 abbatias
2867 4469 3281 4544 Floreﬂ‘iensis,
3327 4469 3486 4544 inter
3524 4470 3880 4544 Scriptores

2191 4542 2389 4599 Galliae
2433 4546 2487 4598 et
2537 4541 2743 4612 Belgii.
2786 4542 3009 4597 Erravit
3055 4546 3258 4598 tamen
3307 4542 3394 4597 vir
3451 4541 3678 4597 doctus
3744 4550 3879 4605 toto

2188 4612 2361 4686 ccelo,
2392 4613 2540 4669 dum
2568 4613 2834 4686 libellum
2865 4614 3025 4686 hunc
3063 4613 3304 4686 ipsimet
3331 4613 3658 4668 Hincmaro
3693 4620 3878 4675 attri-

2184 4684 2337 4754 buit,
2369 4702 2507 4741 cum
2536 4684 2887 4739 Audradum
2918 4685 2964 4739 si
3014 4700 3045 4739 e
3084 4684 3491 4740 controversia
3534 4695 3878 4756 parentem

2187 4762 2493 4828 agnoscat.
2540 4759 2622 4811 Ex
2651 4771 2722 4811 eo
2752 4772 2863 4811 nos
2906 4756 3073 4811 illum
3102 4756 3477 4828 exhibemus.
3511 4756 3637 4828 Fuit
3671 4774 3877 4828 porro

2185 4827 2502 4884 Audradus
2532 4832 2932 4896 cognomento
2960 4828 3247 4891 modicus,
3276 4826 3599 4882 Burchardi
3630 4826 3880 4888 Carno-

2185 4899 2369 4981 tensis
2394 4899 2660 4981 episcopi
2689 4898 3194 4981 consanguineus,
3226 4897 3609 4971 interfuitque
3648 4906 3876 4960 conci-

2183 4969 2263 5026 lio
2296 4969 2622 5027 Senonensi
2652 4986 2812 5025 anno
2842 4974 2943 5025 8353
2976 4970 3081 5042 (ιι).

2251 5093 2325 5235 ἐξ)
2356 5094 2569 5177 Annal.
2603 5094 2877 5150 Fuldens.

2319 5166 2336 5235 )
2365 5165 2648 5235 Sigebert,
2676 5181 2808 5235 cap.
2839 5172 2877 5224 9η

2319 5166 2336 5238 )
2365 5165 2648 5237 Sigebert,
2676 5181 2808 5239 cap.
2839 5169 2907 5224 94
2935 5164 3011 5221 de
3039 5167 3096 5222 S.
3129 5167 3199 5221 E.

1090 5423 1616 5511 EPISTOLA
1676 5422 2175 5513 AUDRADI
2237 5423 2381 5510 AD
2440 5423 3146 5512 HINCMARUM.

405 5719 626 5775 Nobilis
656 5718 877 5790 ingenii
903 5720 1195 5789 linguam,
1224 5720 1483 5777 facunde
1514 5722 1713 5790 poeta,

405 5810 645 5867 Ccelitus
678 5826 811 5867 esse
836 5810 941 5868 tibi
967 5809 1127 5867 dulci
1155 5809 1567 5869 modulamine
1593 5808 1834 5882 pandis,
1860 5850 1871 5861 .

2168 5720 2324 5774 Dum
2351 5719 2617 5789 ﬂagrans
2649 5721 2875 5792 animo,
2906 5722 3189 5779 virtutum
3218 5735 3455 5794 pascua
3479 5719 3739 5799 lustras,

2169 5808 2325 5866 Dum
2355 5807 2616 5868 salientis
2646 5825 2821 5885 aqua;
2844 5811 3155 5886 perfundis
3177 5810 3410 5870 lumina
3436 5826 3595 5882 rore,
