3944 6428
59 301 111 350 I7
1363 280 1496 337 LIB.
1540 279 1630 336 DE

1813 276 1908 334 TE
1950 280 2142 336 νιτλε.
3428 289 3492 344 18

55 419 213 475 Ocius
232 415 372 471 hinc
391 412 558 469 lectas
587 410 740 467 lauri
762 405 1036 464 succedis
1066 409 1124 461 et
1142 404 1377 461 umbra;

54 506 307 564 Pallantis
334 503 596 573 hederas,
624 515 862 557 necnon
883 502 941 554 et
968 497 1214 570 pinguis
1244 495 1414 551 olivae
1445 509 1460 551 :

55 601 197 654 Dans
214 595 364 652 miro
387 609 609 649 nexam
640 589 824 664 capiti
847 588 923 644 de
953 587 1117 643 fonte
1147 601 1457 642 coronam.

54 687 301 760 Denique
321 701 476 758 quos
499 682 740 739 dudum
771 679 1035 735 sitientes
1065 677 1146 733 ire
1179 692 1285 750 per
1311 691 1492 747 agros

53 776 336 833 Cernebas
362 773 641 841 miseros,
666 768 866 825 studio
885 767 1137 823 ﬂorente
1168 765 1488 836 monebas,

54 872 112 924 Ut
141 865 337 937 (fontis
365 863 525 930 vitae)
557 859 894 918 clarissima
925 873 1165 914 cernere
1196 856 1422 930 templa

53 961 212 1024 Irent,
239 959 296 1010 et
317 953 469 1009 votis
499 956 771 1026 peterent
791 950 906 1005 sibi
932 949 1096 1004 dona
1126 947 1352 1004 salutis.

52 1049 124 1102 Me
134 1060 372 1117 quoque
379 1043 552 1115 jamd
560 1044 634 1098 ud
646 1057 748 1098 um
766 1041 1021 1096 charum
1034 1053 1218 1111 quem
1231 1037 1402 1093 ducis
1416 1035 1678 1092 amicum
1688 1077 1704 1106 ,

50 1135 273 1191 Talibus
290 1133 647 1190 Audradum
675 1131 869 1200 dictis,
899 1129 1236 1196 Hincmare,
1283 1125 1582 1183 monebas
1616 1143 1630 1181 :

53 1229 112 1281 L't
132 1225 289 1280 vivas
319 1223 478 1291 felix,
512 1222 753 1279 monitis
783 1236 944 1276 nunc
976 1222 1140 1275 utere
1164 1217 1406 1286 nostris,

52 1319 262 1386 Rumpe
293 1328 522 1375 moras,
554 1328 732 1367 cursu
755 1324 1090 1384 properans
1111 1324 1234 1381 quo
1250 1305 1700 1363 moeniacernis.

52 1406 188 1459 Fons
214 1403 294 1458 ibi
321 1402 397 1459 de
422 1401 629 1458 medio
657 1400 816 1456 sedis
843 1398 1186 1455 diverberat
1214 1413 1415 1477 auras,

53 1497 106 1549 Et
133 1493 269 1549 mihi
297 1492 554 1562 largitur
579 1491 747 1546 vivos
777 1489 1017 1546 haurire
1045 1504 1315 1561 sapores,

51 1589 220 1656 Atque
244 1582 346 1639 tibi
382 1582 603 1638 faciam
629 1579 978 1655 praecedens
1006 1578 1216 1635 limina
1237 1577 1444 1651 pandi.

227 1787 244 1800 Ω
323 1718 520 1773 Fictz'o
540 1717 782 1786 poetica
813 1714 1096 1770 Audradi
1119 1713 1397 1783 episcopi.

53 1850 316 1907 Credulus
336 1851 432 1906 his
459 1849 747 1924 equidem
779 1849 951 1905 dictis
984 1848 1233 1904 festinus
1263 1846 1462 1903 amici.

56 1941 346 2014 Explorare
375 1940 606 2003 locum,
643 1955 893 1996 cernens
934 1938 1040 1994 sed
1065 1937 1333 1994 culmina
1360 1935 1520 1992 veni.

53 2031 162 2086 Sive
191 2029 336 2086 ﬁdes
360 2030 567 2086 horret
599 2028 784 2096 dictu,
818 2045 924 2084 seu
950 2027 1109 2083 fictio
1150 2025 1344 2082 fratris

57 2121 215 2174 Fama
239 2135 378 2174 mox
409 2117 571 2174 facili
605 2123 816 2174 sancto
843 2133 940 2172 me
974 2115 1190 2172 clausit
1221 2115 1298 2171 ab
1331 2113 1532 2170 imbri.

54 2210 236 2265 Vertex
263 2224 401 2264 cum
435 2207 640 2263 subito
672 2211 844 2280 paret
864 2206 938 2262 de
965 2205 1237 2276 margine
1267 2204 1412 2260 bino

55 2300 340 2354 Sacrarum
360 2298 530 2355 tereti
559 2297 790 2354 fontem
817 2296 1192 2353 circumdare
1244 2311 1410 2365 saxo,

56 2387 99 2442 Si
128 2387 259 2443 foret
285 2403 592 2453 emensus,
628 2385 984 2458 septem'bis
1011 2385 1285 2440 redderet
1326 2384 1500 2440 ulnas

58 2476 294 2534 Candida
321 2477 557 2549 septeni
590 2477 820 2549 species
853 2474 1119 2543 fulgebat
1143 2474 1204 2530 in
1235 2473 1412 2530 ulnis.

60 2569 123 2620 Ac
149 2565 379 2622 totidem
409 2566 636 2622 mixtas
666 2563 903 2621 nebulis
931 2564 1269 2620 obduxerat
1309 2566 1518 2619 Eurus.

63 2654 156 2710 Illic
183 2654 322 2710 dum
349 2655 574 2712 frustra
604 2653 903 2710 duodenis
930 2658 1150 2709 atteror
1175 2651 1360 2714 horis,

61 2746 230 2816 Tuque
256 2743 418 2800 domi
441 2744 702 2818 placidis
733 2743 958 2799 celares
994 2748 1266 2815 tempora
1296 2742 1500 2812 ramis,

63 2836 299 2889 lncusare
319 2833 508 2890 ﬁdem
541 2833 700 2904 ccepi
739 2832 968 2889 fallacis
993 2831 1190 2901 amici,

64 2925 151 2977 Nec
176 2921 380 2980 desunt
406 2923 726 2996 lacrymae,
756 2939 862 2978 cur
887 2927 942 2978 te
972 2920 1312 2995 praecedere
1346 2921 1478 2978 sivi.

64 3011 297 3068 Occiduis
334 3029 587 3086 quoque
617 3013 947 3083 surgebant
969 3012 1102 3083 jam
1129 3011 1404 3083 partibus
1439 3011 1696 3077 umbrae,

66 3102 243 3174 Vesper
265 3106 320 3158 μή
358 3102 684 3176 Hesperias
716 3101 975 3158 ornabat
1002 3101 1287 3173 lampade
1320 3106 1526 3158 terras.

67 3193 184 3247 Cum
213 3192 343 3249 ﬁetu
371 3193 569 3250 victos
599 3193 808 3250 oculos
841 3208 948 3265 per
978 3191 1204 3248 moenia
1235 3192 1430 3262 volvo,

67 3279 284 3338 Vocibus
308 3283 397 3339 his
423 3283 780 3347 Dominum,
801 3282 1305 3354 votisiterumque
1335 3297 1656 3354 reposcens
1682 3300 1694 3337 :

67 3372 98 3425 Ο
119 3372 436 3446 quicunque
465 3373 594 3430 loci
625 3377 832 3428 custos
864 3376 1179 3438 rectorque
1203 3371 1446 3443 videris,

68 3461 98 3514 Ο
119 3460 338 3531 dignare
385 3463 554 3519 sitim
587 3462 809 3518 misero
840 3462 1208 3531 restinguere
1233 3465 1463 3518 tantam
1489 3461 1502 3517 ι

69 3549 164 3604 llox
187 3549 253 3606 de
278 3553 412 3609 sede
442 3567 624 3608 sacra
657 3567 774 3607 vox
804 3556 893 3607 est
921 3551 1101 3607 allata
1131 3567 1237 3624 per
1267 3567 1448 3606 auras
1481 3569 1494 3606 :

71 3640 180 3693 Sum
203 3657 390 3698 rerum
416 3645 652 3708 custos,
689 3658 824 3696 sum
856 3641 974 3696 vivi
1003 3641 1185 3696 fontis
1217 3640 1407 3710 origo,

71 3727 154 3782 Sed
173 3729 284 3786 sine
311 3748 450 3789 vase
490 3747 645 3787 suos
677 3730 1035 3787 mortalibus
1080 3729 1345 3800 abnegat
1396 3731 1649 3788 haustus
1681 3749 1692 3786 :

69 3816 126 3869 Sit
143 3819 222 3873 cui
249 3836 584 3891 cognoscas
614 3819 751 3876 talis
784 3824 1104 3892 compacta
1128 3819 1344 3890 ﬁgura,

73 3904 255 3964 Scilicet
281 3915 339 3965 ut
366 3909 625 3965 calamis
661 3907 924 3981 septenis
955 3912 1163 3976 surgat
1195 3908 1274 3963 ab
1305 3909 1450 3976 imo,

70 3993 226 4064 Erigat
250 4004 302 4054 et
330 4015 646 4056 summum
681 3997 1058 4067 distinguens
1087 4013 1235 4054 ausa
1263 4014 1576 4067 cacumen,

73 4085 155 4139 Ora
180 4088 409 4160 quidem
437 4088 696 4146 totidem
728 4086 863 4144 colli
891 4086 967 4142 de
996 4087 1207 4142 vertice
1235 4087 1514 4158 ﬂagrant.

72 4173 101 4225 Ο
121 4190 281 4245 quam
309 4179 634 4248 gratisonis
661 4175 1010 4232 celebrabat
1035 4175 1176 4232 talia
1206 4177 1402 4232 verbis
1439 4178 1450 4232 !

73 4263 276 4322 Demum
297 4268 442 4341 quid
465 4269 754 4332 facerem,
786 4265 992 4322 docuit
1020 4282 1299 4322 sermone
1330 4272 1604 4340 paterno.

71 4353 210 4410 Curre
251 4357 522 4426 domum,
585 4355 998 4428 manibusque
1057 4355 1210 4412 refer
1252 4374 1388 4430 quin
1445 4358 1707 4429 mando,

1322 4447 1576 4512 [miselle
1608 4467 1620 4517 ;

73 4539 153 4588 Aut
178 4536 218 4590 si
246 4539 560 4611 pauperies
591 4541 648 4595 te
675 4536 821 4592 illud
852 4551 976 4592 non
1006 4535 1142 4591 sinit
1172 4536 1418 4607 habere,

73 4623 233 4681 Invida
251 4643 353 4682 seu
377 4628 587 4684 furtim
616 4626 819 4700 rapuit
847 4625 923 4681 de
949 4630 1123 4682 nocte
1159 4642 1437 4696 noverca,

75 4717 157 4767 Aut
182 4716 218 4770 si
242 4717 401 4774 nulla
426 4717 600 4776 domi
624 4715 850 4773 mansit
879 4732 1017 4790 spes
1042 4715 1407 4772 inveniendi.

1814 404 1981 459 Audi
2012 406 2358 469 consilium.
2391 424 2499 463 cur
2523 409 2616 464 his
2641 409 2902 465 exureris
2924 411 3086 468 auris
3106 413 3134 468 ?

1823 496 1947 550 Huc
1976 496 2228 568 quidam
2250 499 2509 568 juvenis,
2546 506 2599 555 te
2635 505 2807 556 nocte
2851 501 3069 574 dieque
3126 502 3486 576 frequentat,

1817 586 1886 640 Et
1909 586 2139 658 scypho
2170 588 2387 644 nostris
2416 589 2709 645 libamina
2738 589 2934 646 fundit
2961 592 3020 646 in
3054 593 3172 648 aris
3205 611 3218 648 :

1823 673 1929 730 Olli
1962 691 2074 731 nos
2105 678 2323 733 nostris
2354 679 2633 734 dedimus
2663 680 2980 736 viridantia
3001 683 3186 753 pratis

1817 765 2016 831 Tecta,
2041 767 2267 838 quibus
2301 775 2542 824 maneat
2565 770 2792 839 jussus,
2827 787 2933 826 seu
2957 772 3145 843 prosit
3174 773 3406 832 amicis.

1818 857 2062 927 Cygnea
2080 856 2334 930 jamque
2363 858 2477 913 sibi
2510 859 2752 914 costinis
2784 861 2934 915 atria
2961 865 3155 932 gyrai,

1819 945 2006 1002 Utitur
2032 953 2088 1002 et
2109 948 2284 1004 claris
2315 954 2520 1004 nostro
2554 950 2968 1007 moderamine
2994 952 3282 1026 lymphis,

1803 1037 1952 1092 Jam
1984 1053 2090 1093 seu
2115 1037 2280 1093 dives
2309 1045 2474 1094 amat
2492 1039 2661 1111 pictis
2692 1041 2983 1097 recubare
3034 1045 3264 1115 tapetis.

1817 1126 1994 1183 Ocius
2028 1127 2394 1193 accelerans,
2427 1129 2508 1184 illi
2539 1130 2667 1184 haec
2696 1146 2832 1184 mea
2863 1130 3023 1186 dicta
3049 1133 3262 1188 referto
3293 1151 3307 1189 :

1816 1217 2080 1290 Hospitio
2110 1214 2383 1274 sanctam
2405 1220 2674 1291 requiem
2706 1220 2995 1275 meruisse
3027 1221 3231 1278 ﬁdeles

1817 1307 1905 1365 Sis
1926 1309 2197 1364 memor!
2231 1309 2547 1380 ojuvenis,
2578 1325 2742 1364 nunc
2766 1313 2820 1364 et
2851 1309 2975 1364 sine
3006 1310 3124 1366 ﬁne
3155 1313 3368 1371 valeto.

1813 1397 2076 1453 Auribus
2101 1398 2215 1454 hoc
2247 1399 2464 1472 capiat,
2499 1399 2664 1454 tectis
2691 1404 2746 1454 te
2779 1399 2997 1455 vimine
3029 1402 3200 1456 textis

1811 1490 2123 1560 Temperet
2153 1492 2334 1560 atque
2365 1488 2543 1556 sitim,
2569 1504 2856 1544 somnum
2902 1489 3017 1545 sub
3069 1495 3243 1548 nocte
3280 1495 3479 1566 quiete

1815 1579 2066 1645 Sternat,
2094 1583 2152 1634 et
2179 1578 2472 1634 haerentes
2502 1583 2725 1634 recreet
2744 1594 2852 1651 per
2879 1578 3107 1635 viscera
3133 1580 3340 1640 ﬁbras.

1812 1670 1880 1724 Et
1911 1667 2107 1741 prima
2137 1684 2276 1724 cum
2305 1667 2438 1724 luce
2470 1667 2598 1723 dies
2623 1668 2903 1738 dejecerit
2930 1669 3205 1739 umbras,

1742 1769 1783 1824 Β
1813 1758 2028 1814 Molliat
2057 1757 2353 1828 argillam,
2385 1757 2582 1830 primo
2601 1757 2695 1813 vel
2726 1758 2849 1814 sole
2875 1763 3156 1832 tepescat,

1812 1852 1880 1905 Et
1903 1852 2046 1904 nota
2076 1851 2271 1904 tornet
2296 1848 2512 1921 specie,
2545 1864 2734 1920 quam
2757 1849 2922 1905 novit
2951 1850 3196 1907 abunde
3230 1871 3244 1908 :

1812 1939 2088 1996 Obducat
2116 1954 2273 2005 cera,
2299 1955 2621 2011 ceramque
2646 1939 2937 1996 recondat
2957 1955 3164 2005 arena,

1812 2034 2110 2085 Innocuos
2132 2029 2304 2098 ignes
2327 2029 2504 2099 juxta
2537 2044 2682 2084 mox
2711 2028 2960 2086 collocet
2987 2030 3155 2099 illud,

1809 2122 2020 2192 Equet
2047 2118 2239 2185 lance,
2273 2117 2514 2174 metalla
2541 2117 2899 2190 placetcum
2933 2120 3200 2192 pondere
3220 2121 3405 2180 libras.

1812 2211 1956 2275 Quae
1987 2207 2312 2264 commissa
2335 2207 2448 2263 sibi
2468 2207 2762 2270 meminit,
2785 2208 3056 2282 lucu-ique
3085 2227 3320 2268 memor
3345 2213 3412 2270 ﬁt

1811 2303 1917 2354 Per
1937 2315 2072 2371 quae
2099 2297 2282 2370 pollet
2309 2313 2520 2364 ovans,
2541 2297 2763 2352 nostris
2817 2299 3212 2357 vernantibus
3278 2303 3430 2359 aulis
3464 2323 3479 2373 ;

1810 2387 2124 2444 Ambabus
2153 2386 2436 2443 manibus
2457 2391 2594 2459 post
2623 2386 2832 2443 omnia
2860 2386 3100 2444 follibus
3130 2389 3307 2452 efﬂet.

1813 2481 1880 2534 Et
1908 2481 2124 2533 vacuet
2154 2476 2413 2533 formam
2447 2492 2603 2546 cera,
2635 2476 2984 2550 repleatque
3007 2479 3271 2539 metallo.

1815 2571 1952 2626 Post
1974 2566 2225 2640 aliquod
2247 2565 2538 2639 spatium,
2562 2581 2668 2621 vas
2699 2566 2860 2622 testis
2882 2571 3064 2623 exuat
3092 2569 3265 2640 assis,

1814 2659 2206 2731 Efﬁgiemque
2237 2673 2456 2713 novam
2490 2657 2645 2712 ferro
2666 2655 3006 2727 diffumiget
3033 2675 3214 2730 unco,

1814 2747 2216 2819 Concilietque
2241 2745 2353 2802 tuis
2380 2745 2670 2802 manibus
2697 2745 3039 2802 venerabile
3069 2747 3311 2820 pignus.

1812 2836 1962 2893 Illud
1988 2838 2107 2892 huc
2146 2840 2344 2892 tecum
2375 2835 2622 2890 veniens
2652 2833 2883 2890 deferre
2916 2843 3242 2903 memento,

1813 2930 1932 2982 Hoc
1962 2925 2181 2982 libabis
2209 2941 2384 2998 aquae
2415 2923 2642 2980 fontem
2676 2924 2942 2980 salientis
2975 2927 3054 2982 ad
3080 2933 3264 3000 astra,

1813 3021 2062 3088 Insuper
2083 3020 2139 3071 et
2168 3031 2415 3071 causam
2444 3018 2661 3071 reseret
2686 3015 2836 3088 quid
2866 3031 3004 3072 vase
3033 3016 3312 3090 ﬁgurem,

1743 3133 1784 3188 ο
1817 3109 1880 3162 Et
1908 3104 2127 3160 dubios
2154 3104 2357 3160 verbis
2388 3103 2626 3159 animos
2656 3103 2762 3159 tibi
2792 3103 2990 3160 ﬁrmet
3018 3106 3229 3162 amicis

1813 3197 2042 3250 Interea
2073 3193 2317 3264 triplum
2343 3192 2538 3248 solvat
2566 3209 2705 3248 cum
2738 3194 3004 3249 carmine
3031 3195 3287 3267 nodum,

1812 3290 1997 3352 Quem
2021 3283 2233 3355 poterit
2260 3282 2461 3338 fusum
2484 3298 2759 3338 reserans
2781 3299 2994 3338 ornare
3023 3284 3334 3340 metallum

1812 3377 1977 3430 Hunc
2009 3372 2113 3428 tibi
2145 3377 2343 3427 mente
2368 3371 2595 3428 locans.
2619 3371 2727 3428 Olli
2762 3372 2846 3427 sic
2878 3388 3141 3444 pangere
3164 3374 3392 3431 mando

1811 3464 1874 3518 In
1907 3462 2144 3532 gemine
2178 3461 2374 3534 specie
2396 3461 2552 3517 lunae
2577 3461 2962 3531 distinguitur
2986 3463 3171 3529 orbis,

1813 3553 2040 3611 Scdicet
2065 3551 2325 3607 obscura
2353 3551 2633 3624 claraque
2665 3550 2911 3621 fugante
2944 3552 3241 3621 tenebras,

1811 3643 2075 3700 Luminis
2106 3647 2162 3698 et
2193 3641 2409 3698 faciem
2437 3646 2621 3698 terras
2646 3641 2793 3697 dum
2821 3643 2993 3698 vertit
3023 3642 3101 3699 ad
3131 3644 3306 3711 imas,

1807 3733 2003 3789 Altera
2032 3749 2174 3806 pars
2205 3731 2354 3786 caelo
2386 3729 2646 3786 tenebris
2673 3729 2936 3786 obducta
2969 3735 3220 3788 tenetur.

1809 3822 2073 3896 Denique
2095 3821 2190 3878 bis
2221 3825 2453 3893 septem
2480 3820 2686 3875 lumen
2714 3820 2989 3876 mirabile
3019 3822 3150 3877 visu

1808 3912 2041 3968 Evomit
2078 3912 2139 3967 in
2171 3911 2340 3968 terris
2370 3911 2700 3979 glomerata
2734 3909 2924 3966 fronte
2955 3910 3190 3966 diebus.

1809 4007 1977 4072 Nam,
2002 4002 2223 4058 mirum
2250 4001 2412 4056 dictu
2444 4001 2454 4054 l
2481 4004 2760 4055 crescunt
2780 4000 2929 4054 dum
2952 3999 3182 4056 lumina
3206 3999 3470 4068 Phoebas,

1807 4092 2112 4148 instituere
2143 4091 2348 4146 Patres
2379 4089 2635 4145 nimium
2670 4088 2964 4145 solemnia
3004 4089 3272 4144 Paschte.

1810 4182 1921 4238 Sed
1953 4197 2194 4236 sursum
2220 4180 2473 4252 pallens,
2502 4184 2565 4234 ut
2593 4178 2857 4252 primum
2882 4178 3140 4234 condere
3171 4179 3379 4234 lumen

1807 4269 2085 4342 Coeperit,
2120 4273 2176 4324 et
2209 4269 2375 4324 terris
2411 4268 2579 4337 nigra
2615 4267 2892 4323 vilescere
2925 4267 3122 4324 forma

1810 4359 1924 4415 Ter
1949 4363 2178 4431 septem
2207 4363 2548 4428 numerant,
2577 4373 2732 4429 quos
2755 4375 2875 4413 non
2910 4357 3196 4413 excedere
3230 4356 3388 4413 soles

1683 4522 1688 4528 .
1735 4486 1780 4548 Ι)
1813 4449 1912 4517 Sit,
1947 4449 2053 4504 sed
2079 4448 2136 4503 in
2171 4447 2262 4502 his
2285 4447 2532 4510 licitum,
2564 4453 2843 4503 sanctum
2905 4447 3174 4503 solemne
3222 4448 3463 4520 requiri.

1811 4538 1963 4605 Quid
1985 4539 2081 4594 hic
2111 4539 2336 4593 Pascha
2368 4539 2534 4608 pium
2559 4554 2872 4599 numerus,
2899 4555 3003 4592 seu
3035 4538 3180 4593 luna
3210 4538 3469 4606 tignrent

1811 4627 2071 4700 Explicet
2102 4645 2114 4682 :
2149 4632 2206 4682 et
2236 4626 2479 4699 triplum
2512 4629 2725 4699 poterit
2750 4627 3076 4684 dissolvere
3104 4627 3356 4682 nodum.

1810 4717 1912 4773 Hic
1926 4733 2160 4773 memor
2176 4721 2326 4783 esto,
2347 4717 2550 4773 locum
2557 4717 2798 4788 juvenis
2811 4733 3108 4790 responsa
3120 4719 3461 4788 capessant.

565 5058 1136 5197 LIBER
1259 5058 1644 5288 DE;

1808 5059 2268 5289 ΞῌΊῈ
2384 5058 2905 5198 VIT/E

80 5440 184 5497 Tum
209 5462 462 5518 praesens
490 5447 742 5521 juvenis
767 5447 1031 5503 referens
1057 5447 1186 5504 haec
1237 5450 1448 5507 ordine
1497 5451 1690 5523 jusso,

82 5528 207 5588 iussi
235 5538 430 5609 refers,
463 5555 741 5609 agnosco
772 5537 1021 5611 quidem
1050 5539 1344 5596 mandata
1373 5542 1592 5609 relatis,

87 5621 361 5684 Immortale
391 5630 586 5686 decus
623 5627 901 5685 Domino.
934 5643 1316 5702 regnumque
1361 5647 1624 5703 perenne

87 5707 161 5768 Qui
183 5715 309 5773 mihi
327 5718 619 5790 dignatur
649 5717 925 5787 geminas
952 5717 1246 5774 mandare
1280 5719 1524 5794 salutes,

89 5796 264 5875 Quique
283 5808 442 5866 dedit
471 5809 614 5866 vivo
643 5806 867 5865 faciem
896 5808 1260 5878 perfundere
1285 5809 1433 5880 rivo,

1803 5450 2226 5521 Vimineasque
2257 5448 2479 5504 domus
2508 5448 2808 5505 frondenti
2846 5448 3104 5517 tegmine
3135 5448 3312 5506 cessit
3340 5466 3353 5505 :

1807 5541 2035 5613 Excipit
2063 5556 2133 5596 ac
2156 5540 2341 5595 nostri
2371 5540 2602 5612 scypho
2626 5539 2918 5595 libamina
2947 5539 3090 5608 voti,

1769 5687 1774 5690 .
1809 5632 1968 5688 Illius
1997 5629 2163 5685 haud
2195 5630 2449 5684 dubium
2486 5629 2660 5684 nobis
2683 5635 2984 5702 praecepta
3011 5630 3212 5686 tulisti.

1809 5725 1916 5783 Da,
1939 5720 2170 5786 dilecte,
2194 5737 2470 5790 manum,
2487 5737 2848 5792 mecumque
2881 5721 2992 5776 hac
3008 5726 3180 5777 nocte
3202 5722 3464 5794 quiesce,

1807 5811 2268 5886 Florentemque
2298 5811 2552 5869 domum
2579 5811 2710 5883 jam
2742 5826 2904 5868 nunc
2930 5811 3258 5867 ﬁdissimus
3287 5811 3464 5884 intra,
