3944 6412
401 279 480 335 ωε
1433 280 1755 337 AUDRADI
1796 262 2231 335 ssuouﬁ‘vs'rs'
2268 265 2778 337 moneriscori
3752 288 3824 345 20

403 403 595 474 Atque
626 400 845 457 sedens
875 401 1147 479 animum
1173 406 1440 457 recreato
1468 401 1808 457 salubribus
1852 400 2063 471 undis,
2094 401 2142 451 Α
2170 399 2419 455 Confero
2449 402 2638 458 multa
2662 403 2784 472 tibi,
2814 405 2991 460 nobis
3019 409 3081 461 tu
3110 419 3308 478 pauca
3335 409 3655 480 rependas.

409 493 579 547 Utere
598 490 693 547 vel
720 491 916 547 stratis
946 504 1159 547 somno
1188 490 1302 546 sub
1331 496 1505 547 nocte
1532 491 1766 564 tapetis.

412 582 636 637 Caetera
661 595 919 653 qumque
947 581 1151 647 refers,
1179 594 1399 637 aurora
1432 585 1573 637 teste
1603 581 1922 638 facessam.

411 673 544 726 Non
573 670 797 726 merin's
818 670 1068 739 indigna
1084 670 1198 725 tuis
1230 669 1335 725 tibi
1366 669 1554 739 gloria
1582 672 1785 727 crevit.

414 762 620 825 Tanta,
638 759 839 815 bonus
876 759 1094 831 hospes
1117 770 1291 815 sacro
1318 760 1393 815 de
1418 759 1580 816 fonte
1610 761 1831 829 bibisti,

417 852 686 921 Namque
715 847 874 904 vales
897 848 1089 904 doctis
1119 864 1349 918 aegrum
1372 865 1591 906 sanare
1616 851 1870 924 loquelis

419 940 504 993 En
533 937 782 1011 quaesita
806 952 1044 1005 manus,
1077 952 1200 1011 quo
1228 938 1319 994 vis
1349 954 1763 1011 properemus,
1813 939 2001 995 amice
2033 939 2062 994 ?

418 1031 533 1083 Nec
557 1026 855 1082 fraudabo
878 1030 1078 1082 torum
1108 1028 1419 1097 membris,
1451 1043 1562 1084 nec
1614 1030 1836 1102 pocula
1876 1029 2062 1085 labris
2098 1052 2103 1059 -

418 1116 574 1173 Illius
596 1120 885 1171 aeternum
918 1121 1164 1172 maneat
1190 1130 1299 1189 per
1319 1118 1539 1173 saecula
1564 1133 1789 1174 nomen

418 1203 673 1277 Hospitis
696 1204 886 1273 electi,
918 1204 1027 1277 qui
1052 1220 1150 1260 me
1179 1206 1394 1261 direxit
1414 1207 1492 1262 ad
1523 1207 1748 1263 aulam.

417 1294 532 1351 Sed
558 1308 701 1349 eum
716 1296 887 1349 tanta
912 1292 1018 1349 tibi
1042 1294 1233 1350 virtus
1254 1294 1589 1368 laudesque
1615 1300 1927 1351 manerent
1959 1306 1975 1364 ;'

417 1384 591 1443 Miror
620 1397 728 1437 cur
752 1382 931 1437 tantis
958 1382 1199 1439 voluisti
1230 1382 1488 1439 subdere
1519 1385 1715 1457 poenis

419 1476 529 1539 Me,-
561 1470 667 1544 qui
686 1470 769 1526 nil
797 1471 997 1540 nocui,
1024 1471 1313 1542 juvenem
1335 1473 1439 1529 sed
1466 1488 1703 1546 semper
1741 1473 1967 1529 amavi.

425 1561 631 1616 Dicere
653 1559 921 1628 si-liceat,
954 1558 1243 1632 placitum
1272 1561 1535 1634 culpabo
1566 1562 1856 1631 magistri.

423 1653 575 1707 Nam
603 1648 918 1722 quondam
944 1648 1199 1721 placidis
1215 1665 1462 1711 caneres
1476 1666 1613 1706 cum
1635 1651 1883 1706 vocibus
1899 1650 2069 1719 odas,

423 1740 519 1795 Me
548 1754 659 1794 ceu
684 1738 987 1805 dilectum,
1020 1738 1329 1796 mulcebas
1357 1741 1621 1796 carmine
1650 1740 1748 1797 tali
1780 1759 1793 1797 :

427 1828 683 1888 Consule
704 1828 972 1899 festinus,
1012 1830 1293 1902 propriae,
1317 1830 1549 1902 dilecte,
1581 1830 1776 1887 saluti.

426 1920 509 1974 Te
538 1934 783 1991 quoque
808 1918 1099 1991 paulatim
1125 1920 1475 1992 pmcedens
1523 1920 1732 1977 limina
1775 1922 2070 1994 pandam.

424 2010 585 2065 Intra
614 2024 750 2082 qua:
777 2008 997 2065 saliens
1024 2007 1163 2065 fons
1191 2010 1361 2066 vivus
1386 2010 1661 2067 verberat
1688 2015 1872 2068 astra.

424 2098 587 2154 Ficta
618 2096 775 2153 ﬁdes
802 2096 1005 2170 placiti
1025 2097 1228 2171 rapuit
1250 2098 1501 2170 vestigia
1526 2100 1705 2171 pacti,

424 2185 834 2259 Con’dictoqne
856 2186 993 2243 loco
1018 2187 1261 2243 veniens
1286 2187 1627 2257 incognitus
1656 2188 1869 2245 horror
1899 2205 1913 2245 :

426 2276 643 2350 Bisque
689 2276 1021 2349 quaterque
1071 2288 1303 2334 vocans
1347 2278 1760 2349 l-lincmarum,
1818 2278 2072 2335 vocibus

1791 2365 2001 2441 [addet

425 2454 762 2511 Hauribam
783 2466 1010 2510 vacuas
1038 2454 1249 2512 crebra
1268 2455 1345 2513 de
1367 2464 1515 2511 voce
1543 2455 1816 2529 loquelas

425 2548 603 2614 Aure,
632 2546 819 2615 tuque
839 2542 1027 2598 ﬁdem
1055 2543 1282 2611 velans,
1309 2558 1606 2617 responsa
1634 2545 1928 2615 negabas.

428 2632 765 2688 Altitonans
791 2631 987 2688 donec
1015 2646 1113 2689 me
1135 2632 1299 2689 misit
1321 2634 1594 2707 partibus
1625 2634 1770 2702 istis,

432 2724 782 2794 Cunctaque
801 2735 939 2795 quae
958 2722 1150 2790 retuli,
1182 2722 1389 2779 docuit
1414 2736 1688 2779 sermone
1714 2727 1985 2797 paterno.

431 2810 801 2882 Confortare,
832 2824 1065 2884 precor,
1097 2811 1278 2868 violet
1299 2826 1375 2868 ne
1401 2828 1545 2869 cura
1573 2814 1837 2886 quietem
1870 2831 1885 2883 ;

435 2899 519 2957 Sit
546 2899 650 2955 tibi
674 2914 837 2956 nunc
863 2899 1121 2973 requies,
1153 2900 1347 2974 spatio
1377 2901 1491 2957 sub
1518 2902 1711 2958 noctis
1740 2917 1969 2976 cpacae,

433 2990 502 3045 Et
526 2987 799 3045 veniente
828 2987 926 3045 die
953 2988 1126 3046 dictis
1152 3003 1452 3062 responsa
1489 2990 1743 3063 parabo.

430 3077 659 3135 Pallida
684 3077 1001 3135 luciferum
1029 3079 1301 3153 sequitur
1321 3081 1448 3151 jam
1480 3080 1606 3137 ﬁlia
1635 3080 1798 3151 solis,

432 3169 479 3226 Ο
505 3184 677 3225 meus
696 3168 1001 3234 Audrade,
1028 3182 1239 3243 sospes
1269 3172 1369 3241 sis,
1398 3170 1636 3228 somnia
1664 3170 1907 3244 linquis,

433 3259 478 3316 0
505 3259 850 3316 venerande
873 3259 1076 3329 nimis,
1108 3275 1329 3317 sanum
1360 3276 1455 3317 me
1498 3261 1737 3318 somnia
1778 3260 2079 3334 linquunt,

432 3347 731 3420 Principio
754 3348 927 3419 lucis,
954 3349 1114 3420 pacti
1139 3348 1235 3406 vel
1263 3349 1549 3422 temporis
1584 3350 1756 3405 hora.

435 3439 653 3494 Perﬁce
672 3452 940 3509 namque
963 3450 1174 3510 precor
1194 3438 1452 3494 multum
1471 3438 1793 3495 laudabilis
1838 3439 2082 3512 hospes,

435 3527 658 3596 Pignus
687 3543 701 3582 :
734 3529 792 3581 et
809 3541 1078 3599 exponas
1099 3527 1352 3583 missum
1373 3544 1512 3583 cum
1534 3527 1800 3584 carmine
1827 3529 2081 3585 nodum.

437 3615 639 3688 Incipe
669 3629 832 3672 nunc
859 3631 1100 3673 mecum
1130 3616 1385 3673 caalestis
1416 3618 1604 3688 gratia
1634 3633 1879 3674 carmen

438 3704 664 3761 Eterni
693 3704 891 3773 fontis,
924 3704 1115 3778 ciphri
1144 3704 1465 3770 Paschalis,
1489 3710 1545 3761 et
1569 3707 1753 3761 horas.

441 3794 524 3851 Sit
550 3794 676 3863 regi
706 3793 959 3850 Domino
978 3794 1185 3861 virtus,
1208 3792 1361 3864 laus,
1395 3792 1583 3862 gloria
1613 3804 1869 3866 semper,

438 3883 598 3939 Illius
628 3888 686 3940 et
714 3883 929 3941 faciem
959 3883 1239 3957 precibus
1263 3898 1589 3956 poscamus
1619 3887 1889 3957 uterque,

438 3974 726 4030 Sensibus
751 3978 820 4030 ut
841 3975 1060 4031 nostris
1089 3974 1311 4046 aspiret
1334 3974 1507 4044 jussa
1537 3973 1727 4042 fateri,

442 4062 554 4129 Qui
584 4062 688 4117 tibi
715 4058 939 4118 differri
961 4062 1138 4133 jussit
1168 4077 1278 4118 sua
1306 4062 1548 4136 pocula,
1581 4062 1775 4118 donec

440 4154 744 4208 Auernum
772 4150 1010 4207 fatearis
1039 4167 1199 4219 eum,
1228 4150 1559 4223 credasque
1599 4150 1905 4223 colasque.

440 4259 530 4315 De
548 4259 848 4314 creatione
874 4257 1085 4313 mundi
1107 4262 1160 4315 et
1188 4258 1463 4385 litamim's,
1511 4260 1610 4315 cui
1636 4259 1794 4315 Deus
1814 4258 2087 4327 infundit

1153 4345 1212 4385 vt
1240 4345 1357 4385 am.

1153 4345 1357 4385 vitam.

440 4416 641 4488 Incipe
669 4430 833 4472 nunc
861 4428 1101 4473 mecum
1126 4418 1381 4474 cmlestis
1412 4419 1599 4488 gratia
1630 4433 1876 4475 carmen

441 4507 664 4564 ,ΕἰθΜὶ
697 4507 894 4575 fontis,
922 4508 1111 4581 ciphri
1134 4508 1435 4581 paschalis
1461 4513 1519 4564 et
1542 4510 1725 4564 horae.

438 4598 573 4655 Vult
591 4597 810 4653 etenim
841 4597 994 4664 sciri,
1028 4596 1239 4652 mundi
1258 4598 1364 4670 qui
1393 4601 1667 4670 tempora
1686 4597 1869 4668 ducit,

440 4693 718 4757 Pontum,
740 4686 1153 4759 telluremque,
1185 4687 1478 4760 polosque
1506 4687 1746 4756 creavit,
1779 4686 1965 4742 etillis

437 4783 565 4836 Ere
596 4777 797 4834 subtili
824 4777 1083 4833 formam
1101 4776 1485 4849 speciemque
1513 4776 1763 4844 reducit,

438 4870 622 4925 Astris
657 4868 764 4942 qui
792 4868 995 4935 ccetos,
1028 4866 1209 4923 variis
1240 4866 1603 4923 animalibus
1631 4880 1798 4934 arva,

439 4961 482 5015 E
505 4974 683 5030 grege
725 4973 1125 5031 squammoso
1178 4956 1415 5025 ﬂuvios,
1471 4957 1904 5030 volucrumque
1956 4973 2088 5030 per-

1799 5047 2011 5117 [ornat.

437 5138 613 5206 Aera,
648 5139 785 5209 post
806 5134 1114 5193 hominem
1136 5137 1270 5194 fecit
1297 5137 1528 5194 ratione
1547 5139 1867 5207 repertum,

435 5226 676 5283 Talibus
705 5228 761 5281 et
789 5224 961 5281 dictis
994 5224 1207 5281 effatur
1228 5226 1500 5283 conditor
1519 5226 1706 5280 illum.

434 5333 810 5404 Praeceptum
840 5348 877 5389 a
906 5338 1020 5389 Deo
1051 5333 1280 5389 homini
1291 5405 1296 5406 ί
1314 5334 1510 5404 primo
1558 5335 1744 5402 impos
1756 5336 1919 5406 ‘tum,
1977 5336 2086 5391 sub

798 5419 983 5473 pana
1006 5405 1325 5461 amittendi
1347 5406 1534 5475 fontis
1558 5406 1710 5461 vita.

437 5492 701 5563 Quaeque
727 5495 1047 5548 moventur
1068 5492 1134 5548 in
1162 5492 1308 5550 orbe
1335 5509 1514 5564 novo,
1567 5493 1966 5565 frondentque
1995 5494 2083 5549 vi-

1688 5583 1959 5653 [rentque
1995 5600 2011 5653 ;

437 5668 652 5726 Omnia
673 5669 846 5726 trado
875 5668 1001 5737 tibi,
1032 5670 1304 5728 mihimet
1329 5676 1393 5729 tu
1410 5672 1685 5728 subditus
1716 5677 1842 5728 esto
1867 5689 1883 5729 :

437 5756 544 5821 111a
557 5758 674 5817 tuis
700 5758 926 5833 vivant,
956 5761 1175 5820 nostris
1207 5766 1271 5820 tu
1296 5760 1534 5819 condite
1553 5761 1758 5833 jussis.

2121 4454 2169 4515 Π

2173 489 2354 544 Unius
2383 492 2614 561 ut'ligni
2650 500 2863 564 tangas
2894 512 2975 550 ne
3002 495 3161 550 mala
3188 504 3513 569 memento,

2171 580 2315 633 Nam
2352 585 2403 635 te
2435 582 2507 636 de
2538 581 2681 638 limo
2715 584 2845 654 foci,
2879 585 3119 657 vitaque
3144 586 3370 658 replevi

2174 669 2242 722 Ut
2266 684 2505 742 semper
2531 672 2718 740 vivas,
2749 673 2797 727 si
2828 689 2949 727 non
2978 673 3311 743 neglexeris
3340 674 3488 731 illud
3519 695 3532 732 :

2172 758 2497 815 Etmecum
2528 776 2760 831 regnes,
2792 763 2959 817 senio
2991 778 3113 818 non
3144 763 3366 820 fractus
3396 766 3456 821 in
3479 782 3701 825 aevum.

2175 847 2343 910 Quod
2376 849 2422 903 si
2452 850 2526 905 de
2559 852 2735 907 vetita
2766 852 3103 921 gustaveris
3132 853 3346 910 arbore
3376 857 3629 927 malum,

2174 937 2471 994 Continuo
2494 940 2761 996 mortalis
2790 944 2923 1009 eris,
2951 943 3223 1014 captivus
3250 948 3307 1000 et
3336 946 3470 1014 ibis,

2172 1026 2446 1100 Fonsque
2468 1030 2572 1085 tibi
2600 1032 2732 1087 vitae
2759 1032 3219 1089 claudeturcum
3247 1037 3556 1108 paradiso.

2179 1120 2320 1173 Nam
2356 1122 2409 1174 te
2439 1120 2540 1191 qui
2573 1123 2739 1175 terrea
2770 1122 3086 1178 dominum
3118 1125 3385 1181 concedo
3415 1143 3687 1198 manere,

2178 1209 2423 1264 Carcere
2448 1208 2876 1276 ﬂammivomo,
2912 1213 3057 1267 tristi
3083 1228 3193 1269 nec
3231 1219 3491 1287 torqueo
3515 1217 3709 1289 fumo,

2178 1298 2603 1373 Horrisonique’
2626 1301 2792 1357 canis
2822 1302 3052 1358 rabiem
3082 1319 3203 1359 non
3236 1320 3476 1362 cernere
3505 1323 3684 1380 cogo,

2180 1390 2292 1443 Nec
2324 1388 2434 1443 feci
2466 1389 2729 1457 gelidum
2758 1392 3020 1447 tenebris
3046 1393 3262 1449 sentire
3291 1394 3585 1465 dolorem,

2179 1476 2431 1531 Alterius
2464 1478 2657 1548 fugias
2686 1480 2917 1536 domini
2949 1483 3341 1540 succumbere
3351 1485 3560 1555 jussis.

2183 1566 2365 1636 Cujus
2398 1571 2707 1636 suggestu,
2741 1569 2959 1625 misero
2990 1571 3034 1624 si
3066 1571 3265 1627 riseris
3294 1578 3450 1629 actu.

2183 1655 2343 1719 Quas
2368 1655 2539 1711 retuli
2564 1673 2773 1730 supra,
2805 1660 3016 1716 merito
3049 1661 3427 1720 succumbito
3458 1665 3674 1736 pugnis.

2113 1746 2160 1803 ⁵
2181 1772 2371 1827 Homo
2383 1788 2642 1841 peccans
2672 1776 2895 1830 amittit
2919 1777 3033 1831 sibi
3055 1781 3111 1832 et
3138 1780 3388 1846 posteris
3404 1780 3639 1850 fontem
3670 1782 3836 1838 vitae.

2183 1877 2379 1932 Eheu!
2414 1879 2519 1951 qui
2550 1879 2725 1951 primi
2756 1881 3023 1938 recinam
3046 1897 3208 1938 nunc
3235 1881 3395 1940 facta
3418 1885 3689 1957 parentis

2185 1967 2295 2031 Qui
2326 1968 2546 2039 sprevit
2574 1976 2875 2042 praecepta
2905 1971 3027 2041 Dei,
3054 1970 3362 2044 vitamque
3391 1973 3651 2047 reliquit,

2184 2057 2251 2110 Et
2281 2056 2487 2112 mortis
2512 2056 2761 2114 domino
2786 2061 3118 2127 consensit,
3146 2064 3204 2116 et
3226 2059 3420 2117 intulit
3446 2062 3585 2119 orbi

2183 2144 2377 2216 Atque
2408 2145 2530 2201 suis
2549 2146 2724 2217 natis,
2757 2147 2922 2204 omni
2950 2148 3260 2222 soboiique
3292 2150 3568 2223 sequenti

2185 2233 2345 2299 Quas
2377 2234 2593 2290 meruit
2616 2250 2851 2308 poenas,
2880 2235 3130 2292 domino
3160 2242 3459 2295 mereatur
3488 2238 3728 2315 iniquo.

2186 2322 2297 2387 Qui
2329 2322 2485 2379 vetiti
2511 2323 2744 2380 malum
2775 2323 2919 2394 ligni
2948 2331 3293 2398 porrexerat
3320 2329 3473 2392 Evaa,
3512 2315 3522 2324 ’

2189 2412 2309 2466 Eva
2332 2413 2478 2481 viro,
2510 2417 2765 2469 mortem
2786 2413 3136 2487 cunctisque
3162 2416 3528 2488 sequacibus
3552 2418 3765 2475 ambo.

2190 2500 2281 2556 Sic
2312 2501 2495 2556 homo
2525 2517 2664 2556 cum
2693 2502 2899 2570 voluit,
2929 2503 3113 2559 vitam
3142 2519 3253 2578 pro
3281 2509 3471 2562 morte
3501 2505 3764 2580 reliquit.

2187 2589 2386 2660 Incipe
2416 2605 2578 2644 nunc
2600 2606 2838 2647 mecum
2860 2592 3113 2647 cmlestis
3135 2593 3328 2664 gratia
3357 2610 3604 2652 carmen

2187 2678 2403 2734 Eterni
2427 2678 2627 2750 fontis,
2659 2680 2851 2753 ciphri
2877 2681 3198 2754 paschalis,
3221 2686 3280 2739 et
3300 2682 3488 2741 horae.

2294 2795 2393 2850 Ad
2417 2810 2586 2867 quem
2610 2802 2933 2853 revocatur
2959 2811 2997 2853 α
3020 2799 3142 2855 Deo
3163 2813 3277 2867 per
3284 2800 3730 2869 paenitentiam.

2191 2901 2302 2959 Sed
2322 2906 2523 2958 tamen
2547 2903 2937 2976 Omnipotens
2948 2914 3149 2960 rerum
3176 2906 3271 2961 cui
3285 2923 3526 2963 summa
3545 2911 3851 2980 potestas,

2190 2994 2378 3059 Quem
2410 2992 2546 3049 fecit
2565 2993 2872 3050 hominem
2903 2994 3113 3065 doluit,
3141 2996 3458 3053 miseratus
3489 3002 3546 3054 et
3571 2997 3767 3071 illum,

2119 3100 2163 3160 ο
2190 3081 2470 3138 Dulcibus
2492 3082 2771 3155 alloquiis
2796 3088 2853 3139 et
2881 3083 3038 3139 celsa
3066 3092 3212 3140 voce
3241 3084 3549 3143 reclamat.

2190 3173 2317 3236 Quo
2343 3170 2521 3242 fugis,
2554 3187 2591 3227 o
2612 3171 2841 3228 factura
2871 3173 2988 3228 mei
3015 3174 3045 3229 Ἰ
3073 3188 3183 3247 per
3210 3173 3386 3231 devia
3416 3174 3588 3231 vallis

2189 3261 2403 3317 Tendis
2433 3261 2512 3317 ad
2536 3261 2770 3332 ignotas
2798 3266 2855 3319 et
2885 3263 3026 3319 caeci
3056 3263 3310 3319 carceris
3335 3264 3516 3320 sedes.

2192 3350 2682 3425 Sulphureasque
2739 3351 2977 3420 domos,
3034 3352 3319 3409 ﬂammas
3371 3353 3499 3409 sine
3554 3353 3676 3410 ﬁne
3738 3373 3859 3413 vo-

3487 3443 3770 3515 [mentes

2195 3528 2315 3585 Illic
2346 3545 2508 3585 mors
2538 3529 2780 3585 inimica
2810 3531 3023 3586 sedens
3057 3534 3160 3586 tua
3185 3530 3397 3587 funera
3426 3532 3625 3603 sarcit,

2197 3619 2386 3675 Obvia
2415 3619 2571 3675 mille
2601 3622 2702 3675 tuo
2734 3622 3097 3692 praemittens
3130 3621 3358 3694 spicula
3385 3622 3570 3677 cordi.

2196 3708 2403 3779 Flecte,
2438 3710 2635 3777 miser,
2668 3724 2935 3777 cursum,
2970 3726 3091 3783 quo
3121 3711 3209 3766 sol
3241 3712 3550 3781 consurgit
3573 3728 3679 3768 eos

2196 3799 2297 3854 Est
2327 3800 2428 3854 ubi
2454 3805 2656 3856 nostra
2682 3800 2920 3867 domus,
2946 3800 3003 3856 et
3031 3801 3150 3856 vivi
3179 3799 3359 3857 fontis
3387 3802 3574 3869 origo.

2198 3890 2264 3944 Et
2294 3894 2519 3962 septem
2545 3889 2762 3961 palmae.
2790 3889 3001 3945 faciem
3016 3889 3278 3945 salientis
3309 3890 3597 3946 amictant

2196 3978 2492 4033 Fecunda:
2533 3977 2747 4042 fructu,
2778 3995 3037 4051 quarum
3067 3994 3187 4034 non
3228 3994 3413 4051 poma
3471 3984 3860 4052 putrescunt.

2195 4067 2531 4139 Temperies
2563 4068 2734 4133 veris,
2768 4067 2944 4123 ﬂores
2972 4073 3026 4122 ct
3056 4067 3292 4124 roscida
3314 4067 3511 4129 mella.

2196 4160 2263 4212 Et
2292 4157 2569 4212 miranda
2597 4173 2739 4212 suos
2770 4158 3041 4213 emittunt
3069 4158 3345 4228 gramina
3374 4156 3572 4227 flores,

2196 4246 2505 4302 Pulchrius
2536 4246 2595 4301 in
2628 4252 2749 4303 toto
2780 4262 2988 4303 verum
3022 4248 3101 4302 nil
3126 4247 3385 4304 cernitur
3404 4247 3573 4304 orbe.

2197 4335 2322 4391 Huc
2352 4336 2646 4409 plangens
2676 4336 3139 4409 lacrymansque
3170 4336 3316 4404 redi,
3332 4336 3866 4410 veniamquepre-

3574 4426 3776 4496 [ceris,

2201 4517 2263 4570 Et
2292 4514 2441 4569 votis
2474 4529 2729 4587 exposce
2760 4514 2864 4569 tibi
2890 4515 2991 4587 pia
3024 4514 3241 4587 pocula
3270 4513 3468 4578 fontis,

2200 4606 2265 4658 Et
2290 4602 2481 4658 fructu
2508 4601 2726 4675 palmis
2758 4604 2985 4675 peccati
3005 4601 3241 4658 vincula
3272 4601 3444 4657 solvi.

2198 4695 2468 4764 Namque
2492 4697 2602 4747 tuae
2633 4691 2861 4749 mortis.
2896 4696 2956 4747 tu
2987 4691 3264 4747 conscius
3294 4706 3421 4746 esse
3448 4688 3685 4747 videris.

2196 4781 2331 4835 Haec
2353 4781 2687 4836 celebrante
2714 4784 2829 4835 Deo
2860 4781 3132 4836 clementi
3165 4780 3429 4836 carmine
3455 4780 3661 4848 verba,

2196 4869 2401 4927 Infelix
2427 4870 2651 4936 oculos,
2687 4886 2961 4940 gressum
2990 4887 3097 4925 nec
3134 4869 3296 4925 ﬂexit
3324 4869 3403 4924 ad
3433 4869 3624 4937 illum,

2200 4957 2312 5013 Sed
2339 4958 2547 5012 mortis
2579 4958 2895 5013 dominum
2926 4957 3125 5013 lethali
3155 4958 3315 5013 fonte
3339 4963 3599 5025 secutus,

2196 5047 2438 5120 Excepit
2456 5046 2672 5116 dignas
2702 5051 2867 5103 tanto
2896 5063 3005 5121 pro
3038 5047 3283 5102 crimine
3303 5062 3517 5120 poenas

2197 5137 2386 5191 Hostis
2415 5138 2477 5191 ut
2508 5136 3036 5205 agnovitrevocari
3067 5134 3331 5191 carmine
3366 5135 3661 5199 vinctum,

2191 5223 2423 5280 Fraude
2453 5224 2625 5280 dolos
2657 5226 2833 5291 acuit,
2860 5225 3106 5296 ﬁgitque
3138 5224 3449 5279 cacumine
3476 5223 3682 5290 culmi,

2192 5314 2553 5369 Mortiferuin
2575 5330 2824 5386 pomum
2856 5316 3037 5383 uexit,
3057 5314 3412 5385 calamoque
3443 5313 3783 5371 draconem

2194 5403 2428 5474 Extulit,
2460 5408 2516 5458 et
2539 5404 2710 5471 virga
2740 5404 2978 5473 signum
3004 5418 3191 5475 pomo
3220 5402 3590 5474 colubroque

2193 5496 2344 5548 Ante
2374 5494 2602 5564 patrem
2635 5493 2863 5564 prolem
2887 5508 3060 5547 suam
3087 5511 3100 5549 :
3127 5507 3249 5548 non
3273 5491 3464 5546 intulit
3492 5491 3605 5546 illis

2191 5583 2342 5651 Vim,
2373 5582 2541 5655 quod
2571 5587 2781 5654 sponte
2814 5598 2923 5638 sua
2951 5584 3145 5638 cuncti
3169 5582 3395 5654 periere
3427 5585 3777 5653 sequentes.

2196 5673 2285 5728 Sic
2306 5672 2490 5728 victor
2513 5687 2780 5744 serpens,
2808 5672 3102 5728 victorum
3130 5672 3304 5743 signa
3331 5671 3569 5735 levavit,

2191 5763 2259 5818 Et
2279 5760 2395 5818 sibi
2419 5775 2527 5835 per
2551 5775 2829 5834 campos,
2860 5760 3162 5834 urbesque
3187 5761 3531 5834 domosque
3551 5759 3767 5834 petivit
