3944 6432
91 255 147 325 21
1404 256 1544 329 Lis.
1589 254 1945 329 percara
1993 256 2197 331 vim,
3467 266 3539 323 η

90 384 149 437 Et
174 393 438 447 nemora,
469 376 667 453 sculpi
697 375 1040 446 simulacra,
1068 380 1377 453 Deumque
1416 377 1647 451 precari

91 472 154 527 Se
174 467 368 540 jussit,
392 467 837 541 hominumque
867 482 1058 538 genus
1089 466 1196 522 sibi
1242 466 1510 525 subdidit
1547 481 1747 529 omne.

86 569 261 635 Mittit
292 568 440 631 Deus
469 564 555 637 (id
602 564 1007 633 revocandum
1050 565 1347 624 hominem
1399 564 1748 637 prophetas,

445 656 555 727 qui
574 656 733 717 nihil
757 660 1013 727 possunt
1042 656 1106 712 in
1137 654 1254 713 hac
1281 671 1369 713 re.

85 757 273 831 Incipe
296 770 461 815 nunc
488 770 734 813 meeum
757 753 1014 811 cmlestis
1043 755 1241 825 gratia
1269 769 1519 815 carmen

86 844 296 903 [Etet-ni
324 843 526 910 fontis,
556 843 747 917 ciphri
767 842 1096 917 paschalis,
1128 848 1186 900 et
1213 844 1398 901 horae.
1516 901 1523 906 ,

88 936 191 994 Sed
222 936 373 991 Deus
401 938 658 990 aeternus
683 932 997 1001 hominem
1026 932 1237 993 saaviro
1266 932 1514 991 metallo

84 1025 345 1094 Indoluit,
375 1022 676 1096 elegitque
704 1021 886 1093 viros,
917 1038 1075 1095 quos
1100 1038 1230 1079 esse
1260 1024 1587 1096 prophetas

82 1115 277 1182 Jussit,
303 1118 362 1171 et
389 1116 694 1173 errantem
721 1112 928 1168 docuit
949 1107 1610 1186 revocare'parentem.

84 1206 147 1260 Hi
177 1203 406 1272 Domini
433 1202 636 1259 videre
660 1201 937 1270 domum,
968 1200 1321 1275 fontemque
1357 1201 1645 1262 biberunt

83 1293 334 1351 Gustavit
360 1292 590 1366 palmas
618 1292 897 1360 fructum,
932 1291 1038 1349 sed
1065 1292 1271 1350 nullus
1299 1308 1535 1364 eorum,

84 1383 321 1451 Vincula
348 1398 465 1445 nec
491 1381 687 1455 potuit
705 1381 924 1455 captivi
954 1381 1187 1443 solvere
1216 1383 1568 1456 quisquam.

86 1491 367 1555 Christus,
391 1491 538 1561 [om
571 1492 709 1546 vita
738 1495 1021 1557 aeternus,
1056 1488 1354 1547 hominem
1392 1506 1506 1548 sua
1551 1497 1745 1547 morte

786 1580 1027 1636 redimit

84 1687 335 1761 {Equalis
365 1687 552 1744 Patris
578 1688 773 1744 donec
801 1686 879 1743 de
908 1687 1137 1758 virgine
1168 1691 1346 1744 natus

84 1777 240 1832 Filius
268 1776 530 1843 advenit,
554 1776 838 1833 homines
868 1777 1123 1832 retinere
1160 1776 1452 1848 labentes,

83 1869 137 1921 Et
154 1881 428 1922 revocare
463 1866 580 1922 sibi
605 1866 816 1922 mortis
843 1865 919 1921 de
947 1881 1186 1922 carcere
1214 1866 1441 1939 lapsos.

80 1956 195 2027 Ipse
212 1955 459 2028 quidem
492 1971 763 2028 praesens
794 1955 1111 2020 Dominus,
1135 1955 1267 2011 haec
1296 1954 1482 2012 verba
1503 1956 1737 2023 salutis,

81 2044 313 2118 Eloquio
340 2044 505 2101 dulci
533 2045 758 2101 saliens
786 2045 945 2113 fons,
977 2044 1174 2101 intulit
1200 2044 1334 2101 orbi
1362 2060 1377 2100 :

79 2135 387 2205 'l’errigenm
414 2134 771 2209 quicunque
797 2135 959 2192 sitim
988 2135 1345 2205 restringere
1374 2132 1501 2190 rivo

80 2223 266 2293 Vultis,
295 2228 593 2280 aeternum
626 2224 849 2280 cursim
876 2223 1219 2281 contendite
1250 2222 1499 2289 fontem,

83 2313 278 2368 Unicus
309 2330 445 2370 ecce
468 2312 574 2369 Dei
606 2312 742 2369 fons
772 2314 926 2381 vitae,
964 2315 1099 2386 jure
1127 2312 1377 2386 perenni

78 2401 250 2459 Efiluo
267 2418 429 2460 nunc
456 2403 664 2475 largos
694 2403 866 2459 vobis
898 2403 1236 2461 sitientibus
1266 2402 1517 2459 imbres.

79 2495 325 2566 Namque
354 2508 528 2550 meas
557 2492 879 2577 hominum
919 2492 1201 2566 quisquis
1240 2490 1573 2563 gustaverit
1619 2505 1735 2547 un-

1501 2579 1663 2651 [das,

83 2670 220 2727 Ultra
237 2686 359 2727 non
389 2670 569 2742 sitiet,
601 2670 741 2727 felix
767 2670 874 2727 sed
904 2670 1065 2729 vivet
1092 2670 1155 2727 in
1186 2686 1403 2726 aevum.

83 2759 302 2816 Cernitis
330 2774 470 2817 ecce
499 2760 754 2833 quidem
781 2759 1064 2832 praesenti
1091 2775 1344 2833 corpore
1373 2762 1609 2826 natum,

82 2850 151 2903 Me
177 2849 353 2905 Patris
380 2849 594 2905 aeterni
619 2849 888 2918 genitum
915 2849 1041 2905 sine
1064 2848 1353 2922 temporis
1380 2848 1554 2904 hora.

84 2939 148 2993 De
174 2954 261 2995 me
285 2939 484 3013 deque
516 2942 687 2996 Patre
715 2939 988 3012 procedit
1014 2939 1266 3012 Spiritus
1297 2938 1515 3003 almus,

83 3028 242 3093 Quem
295 3034 529 3102 septem
594 3028 816 3103 palmas
873 3027 1092 3086 faciem
1135 3045 1274 3102 quas
1328 3026 1509 3084 fontis
1553 3026 1736 3084 amic-

1485 3117 1659 3188 [tant,

84 3206 351 3280 Multiplici
378 3207 549 3265 dono
579 3207 898 3275 distinctae,
926 3207 1180 3281 mystice
1207 3207 1468 3278 signant.

85 3298 209 3352 Nam
231 3296 521 3354 dederam
546 3298 781 3354 mundo
810 3297 1021 3367 vitam,
1051 3313 1239 3371 quam
1283 3296 1508 3369 respuit
1535 3296 1735 3353 Adam

84 3387 325 3444 Humano
356 3387 567 3458 generi
595 3387 851 3457 gignens
876 3386 1094 3444 lethale
1121 3402 1449 3457 venenum,

84 3474 223 3531 Unde
250 3475 354 3534 fuit
381 3480 605 3544 totum,
636 3476 847 3533 mortis
880 3476 1260 3549 tenebrisque
1299 3477 1586 3548 pererrat.

83 3562 226 3621 Illum
250 3566 353 3639 qui
377 3565 512 3633 feci,
532 3565 667 3638 jam
694 3580 963 3639 pressam
989 3565 1117 3638 ipse
1145 3564 1406 3638 requiro.

405 3673 633 3731 Merito
662 3674 975 3730 exclusum
1005 3686 1036 3729 e
1062 3672 1370 3743 paradiso.

84 3780 221 3851 Eligo
245 3797 512 3859 namque
543 3781 859 3843 hominem
898 3782 1164 3838 moriens
1205 3779 1519 3837 absolvere
1549 3779 1730 3847 letho,

84 3870 317 3943 Namque
345 3887 453 3944 per
483 3886 807 3931 excessum
848 3870 1035 3927 vitam
1074 3885 1185 3945 pro
1234 3874 1424 3925 morte
1472 3868 1731 3948 reliquit,

85 3959 278 4031 Proque
306 3960 430 4015 suis
464 3959 696 4016 meritis
727 3959 993 4034 paradisi
1020 3958 1279 4033 perdidit
1310 3957 1535 4014 aulam.

83 4045 391 4117 Cognitione
420 4050 528 4105 Dei
559 4064 812 4120 vacuus,
844 4048 1169 4105 simulacra
1196 4048 1466 4120 deosque

84 4137 317 4208 Efﬁgiare
339 4140 453 4195 sibi
486 4140 742 4208 studuit,
770 4140 1175 4213 dominosque
1208 4136 1467 4210 precari.

83 4224 220 4282 Hunc
244 4240 352 4299 ego
384 4229 651 4295 decrevi,
687 4228 799 4285 soli
830 4228 978 4284 mihi
1006 4229 1263 4284 subdere
1291 4226 1464 4283 colla.

84 4315 209 4379 Quid
237 4317 420 4374 facit?
449 4319 535 4375 ab
569 4318 715 4374 furis
740 4319 970 4391 rapitur
995 4318 1283 4391 deceptus
1320 4331 1548 4383 amore,

1862 379 2112 454 Insuper
2138 387 2195 441 et
2221 384 2467 459 preprio
2492 384 2789 457 complevi
2814 384 3100 453 dogmate
3122 386 3445 447 mundum.

1862 472 1944 525 Me
1976 471 2105 528 sine
2134 462 2244 529 nec
2273 474 2505 547 prolem
2536 480 2757 531 matres
2788 490 3049 546 genuere
3079 475 3330 544 maritis,

1865 562 1945 615 Ex
1969 577 2091 635 quo
2120 568 2322 619 nostra
2353 564 2558 620 volens
2583 563 2774 620 Adam
2806 566 3111 638 praecepta
3140 568 3407 641 secutus,

1860 652 2051 723 Seque
2082 669 2344 725 suosque
2374 653 2538 711 dedit
2562 654 2738 710 nobis
2770 654 2991 710 servire
3023 659 3304 728 parentes
3338 674 3351 712 :

1863 741 2221 809 Legibusliis
2252 742 2445 799 donec
2475 749 2653 816 pacto
2684 759 2806 818 quo
2831 743 3040 800 nescia
3064 742 3289 816 fractis,

1859 833 2080 886 Tantus
2104 832 2166 886 in
2197 832 2343 888 orbe
2365 848 2535 905 puer,
2569 833 2790 889 nullius
2812 832 3077 889 criminis
3110 833 3300 890 haeres

1858 923 2063 990 Intrat,
2094 924 2152 977 et
2178 921 2459 994 antiquas
2482 922 2793 996 praesumit
2816 922 3091 993 frangere
3129 923 3314 992 leges.

1857 1009 2012 1067 Dum
2042 1010 2189 1065 mihi
2226 1014 2613 1084 prostratum,
2642 1011 2857 1084 quierit
2900 1010 3015 1068 sibi
3068 1027 3312 1081 surgere
3352 1027 3533 1069 mun-

3261 1101 3453 1174 [dum,

1859 1192 2024 1245 Hunc
2056 1206 2166 1261 ego
2198 1193 2285 1247 ter
2302 1194 2545 1248 tentans
2566 1190 2879 1248 hominem
2909 1206 3278 1260 cognoscere
3307 1207 3531 1264 purum

1859 1279 1994 1333 Arte
2024 1294 2159 1334 mea
2191 1279 2380 1347 volui;
2409 1280 2528 1345 heu
2557 1279 2767 1353 pulsus
2788 1279 3138 1353 dubiusque
3167 1280 3418 1338 recessit

1859 1370 2009 1437 Ergo
2040 1367 2211 1425 decet
2237 1369 2473 1440 majora
2502 1368 2696 1425 virum
2729 1367 2946 1425 sentire
2976 1367 3219 1441 pericla.

1855 1460 2003 1513 Mors
2034 1458 2181 1515 mihi
2212 1463 2265 1514 te
2292 1459 2521 1515 sociam
2548 1458 2721 1515 solito
2747 1475 2888 1515 cum
2930 1457 3154 1514 fmdere
3174 1458 3454 1529 jungam,

1853 1547 1962 1612 Qui
1992 1548 2105 1602 nisi
2131 1564 2431 1619 cognosca
2486 1564 2725 1621 semper
2753 1547 2901 1621 quid
2926 1547 3120 1620 possit
3148 1547 3365 1605 amica.

1852 1640 1991 1693 Esse
2022 1643 2219 1712 potest
2250 1642 2438 1694 totum
2472 1643 2705 1695 revocet
2734 1653 2842 1711 per
2883 1637 3155 1695 carmina
3201 1636 3526 1694 mundum.

1772 1739 1817 1793 Β
1854 1744 2034 1811 Quem
2063 1760 2221 1800 mors
2242 1746 2601 1817 alloquitur,
2636 1751 3035 1816 regnaturum
3066 1744 3285 1817 ubique
3334 1750 3527 1800 terra-

2609 1867 2767 1908 rum.

1849 1963 1999 2017 Mors
2030 1958 2194 2015 dedit
2215 1962 2461 2017 econtra
2493 1958 2637 2016 tales
2662 1959 2738 2017 de
2764 1962 3004 2033 pectore
3036 1975 3250 2018 voces:

1848 2048 2099 2105 Fmdera
2127 2048 2176 2104 si
2207 2048 2445 2123 quaeris,
2481 2052 2679 2105 tecum
2708 2063 2947 2123 semper
2987 2048 3235 2122 ubique,

1846 2139 2069 2195 Perﬁce
2098 2138 2266 2213 quod
2291 2136 2542 2211 gaudes,
2572 2142 2729 2195 totus
2761 2154 2952 2212 quam
2984 2138 3236 2211 suscipit
3265 2137 3449 2208 orbis,

1846 2227 2125 2301 [Emulus
2154 2227 2250 2283 ille
2272 2232 2410 2283 tuus
2435 2243 2645 2291 morsu
2665 2227 2940 2297 degustet
2965 2242 3196 2287 amaro.

1847 2315 2036 2385 Erige,
2070 2315 2153 2370 nil
2194 2316 2411 2381 tardes,
2458 2316 2712 2385 virgam,
2746 2332 3002 2390 pomum
3048 2314 3524 2388 colubrumque;

1848 2407 1977 2472 Quo
2007 2404 2128 2461 lato
2160 2404 2340 2475 digne
2370 2405 2662 2460 Dominus
2696 2405 3000 2461 veneraris
3026 2405 3089 2461 in
3120 2405 3287 2473 orbe,

1848 2498 2083 2567 Lexque
2115 2499 2338 2561 manet,
2365 2495 2596 2568 priscos
2646 2494 2916 2551 subdens
2953 2495 3060 2550 tibi
3086 2495 3220 2566 jure
3249 2494 3522 2562 colonos,

1846 2585 2007 2640 Illius
2038 2585 2100 2640 in
2126 2583 2342 2641 faciem
2372 2584 2640 2640 victricia
2667 2584 2840 2655 signa
2866 2584 3085 2642 levato.

1845 2676 2122 2730 Humano
2150 2673 2255 2746 qui
2286 2689 2455 2730 more
2484 2673 2601 2729 nisi
2623 2677 2725 2730 tua
2750 2677 2989 2746 sceptra
3018 2676 3331 2746 sequatur,

1849 2766 2013 2821 Sorte
2039 2778 2176 2819 mea
2195 2762 2457 2820 calidam
2488 2762 2768 2820 divellam
2798 2779 3050 2837 corpore
3089 2767 3376 2819 mentem.

1844 2856 2050 2926 Tuque
2078 2856 2293 2927 potens
2324 2851 2595 2909 animam
2625 2853 2844 2926 rapies,
2872 2857 3234 2927 raptamque
3265 2850 3520 2923 tenebis,

1846 2944 2077 3016 Corpus
2110 2943 2172 2997 in
2202 2946 2409 3015 optata
2438 2942 2755 2999 claudetur
2778 2947 2971 3000 morte
3016 2943 3345 3016 sepultum,

1848 3034 1938 3091 Sic
1965 3048 2211 3106 quoque
2242 3032 2505 3089 cessabit
2530 3037 2768 3089 nostros
2803 3033 3139 3107 irrumpere
3168 3032 3341 3089 ﬁnes.

1774 3108 1815 3164 Ο
1846 3122 2101 3189 Dixerat,
2130 3125 2188 3178 et
2216 3121 2479 3190 daemon,
2504 3138 2801 3179 concusso
2831 3122 3094 3178 culmine
3126 3122 3306 3192 signi,

1845 3211 2039 3267 Audet
2067 3210 2129 3273 in
2153 3215 2375 3268 aeterno
2397 3211 2772 3286 torquendus
2803 3211 3111 3287 sulphuris
3142 3210 3282 3287 igne

1846 3300 2128 3356 Infestare
2161 3300 2261 3355 Dei
2294 3299 2529 3367 faciem,
2559 3316 2747 3372 pomo
2786 3299 3183 3372 colubroque.

1843 3409 2002 3465 Fons
2027 3409 2163 3464 vitae
2192 3412 2576 3464 restauratur
2596 3423 2713 3478 per
2756 3407 3066 3465 Christum
3108 3412 3520 3480 resurgentem

2380 3531 2419 3573 a
2456 3517 2665 3573 mortis
2703 3517 2981 3587 sepulcro

1849 3622 2044 3696 Incipe
2073 3638 2238 3681 nunc
2267 3638 2510 3683 mecum
2541 3623 2796 3681 caelestis
2834 3623 3028 3695 gratia
3058 3638 3305 3681 carmen

1844 3713 2069 3771 1Eterni
2094 3712 2298 3782 fontis,
2327 3713 2515 3786 ciphri
2544 3713 2875 3787 paschalis,
2909 3719 2966 3771 et
2993 3714 3180 3771 horas.

1843 3807 1916 3859 At
1945 3802 2179 3876 patiens
2210 3803 2500 3860 Dominus
2552 3804 2869 3861 hominum
2901 3805 2998 3860 cui
3031 3819 3177 3861 cura
3212 3802 3517 3877 perennis,

1846 3893 2028 3963 Signa
2057 3893 2217 3950 levat
2236 3898 2447 3949 contra
2490 3893 2740 3963 lignum,
2772 3910 3149 3967 pomumque
3170 3896 3517 3969 Deumque;

1847 3985 1961 4038 Pro
1994 3982 2149 4038 furto
2179 3982 2350 4057 pomi
2380 3999 2617 4043 sacrum
2647 3983 2802 4040 dans
2828 3983 2888 4039 in
2916 4000 3092 4042 cruce
3130 3999 3406 4057 pomum.

1842 4073 2029 4143 Hujus
2055 4088 2179 4129 non
2211 4074 2476 4146 speciem
2525 4073 2719 4146 potuit
2756 4090 2921 4135 mors
2950 4073 3070 4133 fere
3118 4089 3229 4137 nec
3259 4073 3513 4146 hydrus,

1841 4165 2091 4236 Moxque
2112 4161 2323 4233 fugam
2350 4167 2653 4235 caperent,
2678 4163 2730 4220 si
2745 4179 2868 4221 non
2890 4164 2980 4220 vis
3001 4163 3282 4236 proxima
3303 4163 3518 4224 Christi

1840 4252 2248 4323 Majestasque
2278 4252 2379 4307 Dei
2410 4253 2734 4308 Leviathan
2765 4253 3085 4326 prenderet
3106 4254 3313 4329 hamo,

1844 4344 1908 4397 Et
1937 4345 2116 4397 natus
2140 4341 2405 4397 hominis
2433 4351 2687 4399 mortem
2714 4343 3030 4400 moriendo
3070 4348 3330 4407 necaret.

83 4405 237 4525 ξᾞυθ
266 4411 451 4525 De}?
477 4413 801 4525 veneratur
820 4424 983 4525 93”},
1015 4409 1112 4464 oni
1141 4407 1405 4525 Claustra
1435 4406 1727 4477 gehennae
1763 4471 1806 4525 Β
1841 4431 1952 4498 Qui
1982 4447 2215 4504 ponens
2246 4430 2517 4488 animam
2549 4436 2756 4489 sancto
2789 4433 3094 4489 commisit
3123 4433 3201 4490 ab
3226 4405 3328 4490 ore
3353 4451 3365 4489 :

86 4496 276 4553 Inferus
304 4504 361 4555 et
388 4498 683 4567 flammas,
715 4498 1095 4571 tenebrisque
1117 4498 1382 4554 obducta
1406 4511 1629 4566 vorago

86 4586 199 4640 Atra
236 4591 436 4643 manet
467 4587 673 4655 sedes,
706 4588 1073 4662 spirantibus
1124 4587 1393 4659 undique
1440 4582 1726 4643 ﬂammis.

86 4674 119 4729 Ο
140 4673 351 4734 factura
377 4677 525 4744 mei,
556 4678 708 4734 tristi
738 4678 851 4734 sub
881 4682 1037 4736 sorte
1075 4677 1364 4735 laborans
1388 4677 1401 4732 l

87 4763 244 4826 Quam
272 4765 381 4823 feci
410 4767 705 4823 manibus
732 4767 970 4837 faciem,
1004 4767 1247 4840 vitaque
1278 4765 1524 4839 replevi,

86 4852 156 4907 Ad
180 4871 266 4912 me
290 4856 601 4915 deﬂectas.
636 4861 784 4917 Nam
815 4859 920 4933 qui
945 4874 1096 4915 voco
1128 4874 1379 4933 corpore
1410 4859 1654 4929 sumpto

84 4942 141 4995 Te
164 4959 426 5002 revocare
456 4947 689 5014 volens,
718 4947 855 5003 veni
886 4948 1213 5004 moriturus
1241 4940 1302 5003 in
1332 4946 1544 5002 orbem

86 5030 300 5100 Signifer
321 5036 417 5092 ille
445 5036 704 5109 quidem
733 5036 895 5106 lethi,
923 5038 1253 5110 mortisque
1280 5041 1545 5110 repertor

86 5120 285 5179 Talibus
305 5125 552 5193 auditis,
596 5125 765 5182 furiis
798 5142 1091 5183 accensus
1117 5132 1175 5183 et
1200 5126 1312 5197 ira,

86 5212 284 5269 Artibus
308 5214 627 5281 insimulat
648 5214 817 5272 ﬁdis:
852 5217 953 5275 Sat
972 5232 1323 5291 possumus,
1351 5213 1566 5289 inquit.

88 5300 203 5355 Cum
230 5309 416 5369 mater
444 5304 771 5367 hominum
802 5309 1010 5365 nostro
1049 5305 1176 5377 sine
1210 5305 1458 5363 numine
1488 5307 1722 5363 tantum

89 5385 306 5449 Ediderit
334 5395 532 5461 terris,
568 5392 792 5466 culpati
821 5395 1025 5452 nescia
1063 5400 1289 5468 partus.

89 5475 327 5539 Conditor
350 5482 449 5538 ille
481 5486 725 5557 potens,
754 5483 886 5541 caeli
913 5485 1026 5561 qui
1059 5484 1325 5558 possidet
1354 5498 1576 5551 arcem,

90 5563 137 5619 In
160 5570 308 5627 terris
333 5570 655 5631 hominem
686 5558 953 5647 primum
991 5590 1176 5648 quem
1207 5573 1361 5638 fecit,
1394 5572 1577 5641 adivi,

93 5652 381 5732 Disjecique
408 5662 539 5719 suis
571 5661 846 5719 clausum
873 5679 1058 5737 quem
1088 5669 1359 5737 sepserat
1385 5663 1556 5735 aulis,

94 5742 141 5805 ει
158 5747 289 5809 mihi
313 5750 577 5829 subieci.
604 5756 664 5823 et
696 5756 893 5832 natos.
922 5754 1264 5830 vulgusque
1298 5758 1614 5831 nepotum,

1838 4524 2112 4580 Protinus
2135 4522 2307 4579 ‘alma
2331 4523 2525 4594 jubet,
2557 4524 2745 4589 hostis
2776 4525 3114 4583 saevissima
3142 4524 3296 4583 colla

1841 4611 2059 4668 Divinis
2086 4611 2295 4682 stringi
2319 4612 2558 4682 vinclis;
2596 4618 2955 4688 torvumque
2972 4615 3324 4672 draconem.

2193 4720 2415 4777 Portus
2449 4722 2658 4777 mortis
2708 4723 2793 4793 e/f
2790 4725 3146 4794 ringentem.

1834 4826 1972 4881 Jam
2002 4830 2301 4884 tormenta
2335 4833 2621 4900 premunt
2646 4822 2947 4902 suspecta,
2992 4829 3359 4900 trahuntque
3408 4840 3508 4896 ge-

2344 4916 2350 4923 ’
2758 4918 2766 4924 ’
3214 4916 3505 4987 [mentem

1834 5002 1925 5058 Ad
1957 5009 2163 5075 portas
2189 5004 2371 5077 erebi,
2407 5006 2696 5062 Dominus
2724 5022 2879 5078 quas
2906 5005 3127 5076 obruit,
3152 5010 3335 5080 atque

1834 5090 2083 5148 Tartara
2113 5093 2389 5165 disrupit.
2417 5093 2567 5148 Caeci
2584 5096 2725 5149 tunc
2751 5093 3008 5151 carceris
3036 5093 3196 5151 mdes

1831 5181 1959 5237 Lux
1988 5184 2146 5237 Deus
2184 5181 2502 5252 irradians,
2530 5182 2739 5240 evertit
2764 5182 2897 5257 luce
2928 5184 3255 5243 tenebras..

1939 5289 2017 5361 Et
2047 5290 2397 5359 eripientem
2429 5304 2461 5346 e
2483 5290 2766 5359 faucibus
2792 5293 3076 5353 draconis
3106 5293 3391 5353 homines.

1832 5400 1877 5454 Ο
1908 5412 2065 5452 nova
2093 5394 2346 5469 captivis
2373 5395 2557 5455 facies
2588 5402 2732 5457 tunc
2766 5400 2898 5457 visa
2922 5400 3227 5468 Tonantis,

1832 5486 1943 5554 Qui
1973 5502 2165 5557 genus
2194 5487 2535 5544 humanum
2564 5490 2764 5561 rapuit
2790 5489 2867 5546 de
2895 5488 3069 5547 fauce
3089 5490 3391 5548 draconis.

1829 5575 2078 5635 Vincula
2105 5575 2396 5642 dissolvit,
2430 5578 2705 5651 praedam
2735 5579 3011 5653 patrique
3036 5581 3294 5654 reduxit,

1828 5665 2210 5740 Armillmque
2242 5669 2419 5726 tetras
2448 5670 2745 5741 percussit
2781 5670 3030 5743 cuspide
3060 5671 3283 5741 fauces,

1828 5758 2011 5827 Posse
2035 5772 2150 5817 nec
2169 5756 2420 5827 indulsit
2446 5758 2651 5820 sanari
2677 5758 2897 5819 vulnus
2935 5766 3214 5838 apertum
