3944 6414
372 270 441 325 23
1456 263 1774 320 AUDRADI
1805 260 1934 319 SEN
1940 257 2231 322 ONENSIS
2256 259 2761 333 CHOREPISCOPI
3734 258 3805 321 24

368 396 529 449 Tunc
568 388 775 446 mortis
815 402 1056 443 morsus
1108 387 1428 460 praedictus
1471 402 1616 443 voce
1666 384 1973 460 prophetae
1999 393 2025 420 ⁸
2058 388 2104 442 Δ
2139 383 2251 441 Sed
2284 400 2524 441 sursum
2549 384 2803 458 pallens,
2844 388 2910 441 ut
2938 385 3204 459 primum
3230 386 3490 444 condere
3520 386 3735 444 lumen

369 479 617 548 Exstitit,
646 482 705 532 et
732 482 966 549 partem
995 478 1213 548 rapuit,
1247 481 1601 549 partemque
1625 474 1882 547 reliquit.

369 570 603 626 Primus
635 571 692 623 et
720 565 799 621 ad
828 566 1008 621 vitam
1038 565 1269 621 devicta
1299 570 1486 621 morte
1517 565 1917 637 triumphans.

369 660 484 714 Ter
512 656 797 712 redeunte
827 653 945 724 die,
978 659 1114 726 post
1142 655 1271 709 11th
1298 654 1556 710 surrexit
1585 653 1663 710 ab
1691 652 1921 709 umbris

369 748 655 813 Christus,
685 749 741 800 et
769 761 799 799 e
828 743 1084 799 tenebris
1111 743 1320 799 lumen
1351 742 1722 816 resplenduit
1749 742 1901 799 orbi.

372 841 442 895 Ut
469 836 558 893 sol
588 839 719 908 post
749 833 1025 890 tenebras
1057 834 1368 902 consurgit
1397 833 1529 889 luce
1562 848 1868 898 coruscus,

370 925 635 983 Condere
664 938 847 994 quem
874 922 1079 977 densae
1112 938 1432 994 nunquam
1471 925 1718 993 potuere
1746 920 2025 977 tenebrae.

375 1016 469 1073 Sic
496 1014 678 1069 chaos
708 1025 1078 1083 exsuperans
1107 1010 1394 1080 Christus,
1417 1009 1492 1066 de
1515 1014 1704 1065 morte
1731 1008 2026 1077 migravit.
2046 1016 2060 1033 '

370 1108 562 1176 Atque
591 1101 761 1175 pium
794 1098 1014 1154 celebri
1039 1115 1178 1153 cum
1209 1099 1453 1154 nomine
1494 1099 1725 1155 Pascha
1756 1099 2028 1155 sacravit.

371 1196 500 1260 Quo
524 1190 796 1249 transivit
823 1188 985 1245 enim
1014 1189 1116 1244 lux
1148 1193 1253 1255 est,
1284 1193 1341 1245 et
1371 1188 1490 1244 vita
1514 1189 1817 1261 perennis,

370 1287 529 1339 Dans
558 1281 817 1337 formam
848 1277 1024 1333 nobis
1052 1277 1312 1333 tenebris
1343 1293 1628 1347 exurgere
1660 1294 1859 1350 posse,

373 1372 432 1429 Si
463 1376 667 1427 tamen
697 1367 854 1423 illius
880 1367 1252 1423 celebremus
1281 1366 1582 1437 dogmatis
1619 1367 1854 1437 horam,

375 1458 624 1515 Lumine
654 1471 843 1529 quam
862 1455 1021 1511 lunae
1053 1471 1307 1510 numero
1337 1455 1597 1525 signavit
1621 1460 1677 1512 et
1708 1455 1889 1512 almo.

372 1546 662 1603 Inferiora
684 1543 871 1614 legas,
904 1544 953 1599 si
980 1544 1069 1599 vis
1095 1545 1224 1600 haec
1251 1544 1521 1601 carmina
1550 1560 1748 1601 nosse.

444 1661 793 1732 Explicatio
831 1661 1081 1730 mystica
1114 1660 1431 1717 Paschalis
1460 1667 1513 1717 et
1555 1664 1684 1730 ejus
1706 1661 1962 1718 dierum.

374 1777 594 1834 Perﬁce
623 1792 783 1832 nunc
814 1792 1053 1832 mecum
1085 1775 1337 1832 caelestis
1368 1776 1559 1845 gratia
1588 1792 1831 1833 carmen

374 1868 593 1925 Aiterni
616 1867 816 1936 fontis,
844 1866 1032 1938 ciphri
1065 1865 1391 1938 paschalis,
1425 1871 1481 1921 et
1508 1867 1689 1922 horae.

375 1963 543 2016 Nunc
572 1955 735 2017 audi.
765 1956 962 2023 frater,
996 1971 1131 2028 quae
1164 1956 1236 2010 sit
1267 1955 1555 2028 displosio
1584 1956 1748 2011 nodi.

376 2050 443 2104 In
473 2046 713 2117 gemina
743 2045 939 2119 specie
973 2044 1129 2100 lunae
1153 2045 1539 2113 distinguitur
1571 2045 1751 2117 orbis,

373 2137 602 2192 Scilicet
625 2135 905 2202 obscura,
937 2133 1202 2206 clarique
1231 2134 1474 2203 fugante
1516 2134 1822 2192 tenebras.

378 2226 598 2282 Dicitur
626 2225 739 2281 hac
771 2224 967 2296 specie
992 2239 1133 2296 pars
1165 2228 1332 2279 terrae
1358 2239 1624 2297 parsque
1662 2224 1963 2298 polorum.

860 2342 1033 2396 Luna
1061 2339 1315 2395 hominis
1344 2340 1567 2410 ﬁgura.

378 2456 611 2527 Efﬁgies
636 2455 925 2525 hominis,
953 2454 1239 2512 manibus
1271 2454 1573 2527 plasmata
1602 2457 1878 2513 creantis.

379 2547 679 2601 Hactenus
710 2550 767 2599 et
805 2546 975 2602 terris
1002 2559 1357 2599 conversum
1387 2544 1590 2600 lumen
1623 2545 1702 2601 ad
1730 2545 1900 2602 illum

377 2637 617 2691 Vertere
646 2634 790 2689 luna
820 2638 1044 2700 monet,
1080 2649 1218 2704 quae
1247 2633 1398 2690 dum
1428 2651 1539 2691 sua
1576 2634 1808 2692 lumina
1838 2637 2004 2693 terris

385 2723 578 2780 Volvit
598 2726 657 2779 et
682 2722 762 2778 ad
791 2722 1031 2778 coelum.
1054 2722 1310 2778 tenebris
1341 2723 1606 2780 obducta
1645 2728 1892 2781 tenetur.

379 2816 489 2869 Dat
518 2812 780 2868 hominis
807 2812 1087 2881 formam,
1127 2811 1233 2883 qui
1277 2812 1425 2868 dum
1466 2814 1766 2871 terrestria
1805 2815 2036 2888 quaerit,

386 2901 615 2971 Ingenii
642 2901 847 2961 lumen
875 2906 1066 2957 terras
1097 2903 1383 2958 convertit
1412 2902 1487 2959 ad
1520 2903 1673 2960 imas
1699 2922 1712 2959 :

383 2990 610 3062 Excipit
636 2994 689 3047 et
719 2990 878 3059 vulgi
906 2990 1175 3059 gaudens
1207 2990 1353 3046 dum
1386 3008 1695 3048 murmure
1734 2992 1964 3056 laudes,

382 3080 691 3152 Dispectus
721 3079 891 3147 ccelo,
920 3079 1179 3136 tenebris
1207 3080 1507 3137 obductus
1548 3082 1821 3139 habetur.
1881 3083 1893 3096 ’

448 3205 782 3261 Celebratz‘o
808 3204 1059 3261 Pascha?
1069 3205 1427 3274 prohibetur
1455 3213 1597 3264 ante
1628 3209 1838 3264 lunam
1864 3224 1965 3263 xv.

377 3328 606 3384 Interea
634 3328 954 3384 minimum
985 3330 1196 3401 poterit
1223 3331 1345 3386 sole
1358 3331 1514 3387 mnis
1556 3332 1787 3401 haberi,

378 3416 471 3471 Bis
500 3416 719 3471 etenim
750 3421 982 3489 septem
1014 3418 1344 3486 glomerata
1370 3420 1561 3476 fronte
1591 3421 1805 3477 diebus

381 3505 615 3561 Evomit
638 3505 699 3560 in
730 3506 898 3561 terris
927 3506 1133 3562 lumen
1173 3507 1444 3563 mirabile
1476 3510 1638 3573 luna,

382 3596 446 3650 In
477 3594 700 3667 quibus
748 3599 839 3651 est
873 3594 1123 3651 vetitum
1154 3603 1432 3653 sanctum
1480 3599 1745 3656 solemne
1792 3602 2014 3673 requiri

383 3684 496 3751 Qui
515 3684 799 3757 duo,quie
816 3685 1111 3741 Christum
1125 3687 1469 3758 praecedunt
1485 3694 1755 3761 tempora
1774 3691 2033 3760 signant,

376 3777 526 3829 Ante
546 3773 752 3831 datam
780 3774 975 3844 legem
1005 3775 1291 3848 primum,
1323 3776 1438 3831 sub
1468 3777 1598 3847 lege
1620 3780 1974 3837 secundum.

377 3864 486 3918 Per
514 3878 652 3935 quas
684 3863 993 3934 terrigenas
1020 3865 1249 3937 peccati
1278 3865 1544 3937 pondere
1575 3868 1764 3940 pressi

379 3952 694 4021 Ingenium
721 3953 857 4009 vitae
884 3953 1122 4010 sibimet
1152 3954 1420 4011 conferre
1448 3956 1737 4027 volentes,

378 4039 615 4110 Indigni
646 4042 819 4110 coelo,
853 4043 1112 4099 tenebris
1144 4060 1404 4101 mersere
1433 4051 1757 4104 senectam.

378 4129 557 4184 Morte
587 4143 697 4185 nec
728 4129 986 4202 abjecta,
1013 4139 1359 4190 meruerunt
1395 4150 1635 4192 cernere
1676 4137 1924 4195 Pascha.

449 4242 476 4270 ⁸
501 4235 637 4291 Ose.
677 4249 800 4304 xm,
845 4239 930 4293 14.

2137 473 2410 545 Coeperit,
2439 479 2497 531 et
2520 475 2689 531 terris
2719 475 2892 543 nigra
2919 475 3205 531 vilescere
3232 476 3430 533 forma
3459 494 3473 532 :

2134 564 2242 619 Ter
2269 568 2498 636 septem
2522 567 2862 632 numerant,
2895 579 3051 637 quos
3088 580 3215 621 non
3245 565 3535 623 excedere
3575 566 3739 623 soles

2136 651 2236 715 Sit,
2271 652 2376 708 sed
2406 652 2467 708 in
2497 653 2588 708 his
2614 651 2862 719 licitum,
2892 657 3171 710 sanctum
3193 653 3462 711 solemne
3491 655 3749 728 requiri.

2140 743 2231 798 Sic
2255 741 2619 814 lacrymans.
2642 742 2929 815 ,primum
2978 742 3130 799 caelo
3169 760 3309 800 cum
3344 749 3578 802 vertere
3620 745 3811 802 vitam

2139 831 2410 902 Coeperit,
2441 835 2500 887 et
2519 832 2685 887 terris
2715 830 2872 888 viltis
2898 832 3216 906 despectus
3242 837 3301 889 et
3325 850 3475 891 esse.

2136 921 2267 975 Jam
2300 920 2449 976 caelo
2480 920 2697 989 clarus,
2726 927 2812 977 ter
2842 926 3072 995 septem
3104 928 3387 997 supputet
3415 923 3586 992 illud,

2142 1009 2369 1066 Scilicet
2396 1010 2456 1066 in
2488 1011 2739 1078 mundo,
2774 1012 2983 1068 Christi
3025 1029 3148 1085 quo
3185 1014 3373 1083 gratia
3403 1014 3590 1084 fulget

2142 1098 2412 1173 Tempus
2437 1120 2451 1157 :
2476 1107 2533 1156 et
2560 1117 2633 1157 ex
2664 1106 2787 1157 toto
2816 1118 3144 1158 conversus
3177 1104 3356 1159 corde
3393 1105 3668 1177 requirat

2142 1189 2374 1245 Pascha
2404 1189 2795 1259 salutiferum,
2826 1191 3044 1247 celebri
3071 1192 3300 1248 ratione
3330 1199 3665 1265 repertum.

2144 1279 2344 1351 Deque
2376 1279 2696 1335 tenebrosa
2725 1280 2945 1335 saliens
2986 1281 3237 1351 caligine
3264 1283 3476 1351 noctis,

2142 1370 2426 1424 Transeat
2452 1368 2533 1425 ad
2560 1369 2779 1434 lucem,
2806 1369 3074 1426 Christus
3101 1386 3286 1443 quam
3332 1372 3586 1429 contulit
3623 1373 3764 1430 orbi
3798 1394 3812 1443 ;

2145 1458 2234 1526 Ut,
2262 1456 2552 1514 tribuente
2585 1460 2722 1526 Deo,
2754 1458 2894 1515 felix
2922 1476 3029 1532 per
3068 1460 3271 1517 secula
3300 1461 3477 1518 vivat.

2144 1638 2368 1695 Perﬁce
2395 1655 2557 1694 nunc
2583 1655 2824 1696 mecum
2857 1640 3109 1698 cmlestis
3139 1642 3331 1711 gratia
3361 1660 3609 1701 carmen

2076 1744 2115 1797 Β
2146 1729 2359 1785 Eterni
2388 1729 2591 1797 fontis,
2626 1729 2814 1802 ciphri
2842 1731 3165 1803 paschalis,
3199 1738 3257 1787 et
3294 1732 3480 1789 horae.

2145 1818 2475 1875 Auxiliante
2503 1822 2618 1875 Deo
2651 1819 2822 1890 cujus
2852 1821 2999 1876 mihi
3030 1821 3210 1878 verba
3242 1823 3440 1889 tulisti,

2149 1912 2453 1965 Arcanum
2480 1909 2618 1965 ﬁdei
2640 1926 2934 1982 reserans,
2966 1911 3079 1967 sub
3110 1913 3354 1968 nomine
3395 1914 3665 1981 Paschae,

2148 1998 2410 2069 Explicui
2439 2016 2452 2054 :
2494 1999 2737 2071 triplum
2770 2000 3057 2073 potuique
3085 2002 3377 2058 resolvere
3430 2004 3688 2060 nodum.

2147 2087 2423 2156 Marginis
2445 2092 2501 2144 et
2525 2088 2795 2157 geminas
2825 2090 3009 2146 cecini
3031 2090 3160 2161 jam
3191 2090 3338 2147 forte
3366 2092 3620 2162 ﬁguras.

2150 2176 2320 2233 Clara
2350 2177 2609 2249 septenis
2634 2178 2829 2249 specie
2852 2179 2953 2250 qui
2986 2179 3169 2249 fulget
3195 2180 3257 2235 in
3300 2180 3476 2252 ulnis,

2147 2271 2228 2322 Ac
2258 2267 2504 2322 totidem
2530 2267 2730 2323 mixtis
2768 2270 3026 2323 variatur
3065 2270 3281 2326 cortice
3320 2271 3513 2341 nigro.

2149 2358 2261 2411 Vos
2287 2357 2680 2429 quoqucjam
2709 2358 2855 2426 fudi,
2890 2359 3227 2414 venerabile
3268 2361 3488 2432 pignus
3534 2362 3820 2432 honoris,

2152 2446 2419 2517 Septenis
2450 2446 2716 2509 calamis,
2749 2447 2913 2502 horis
2950 2449 3313 2522 totidemque
3349 2456 3431 2506 ter
3460 2467 3712 2509 ornans.

2152 2538 2268 2589 Hoc
2300 2535 2419 2591 fine
2448 2536 2702 2608 quisque
2726 2536 2860 2603 sitit,
2892 2537 3106 2593 frustra
3124 2540 3428 2596 contendit
3457 2540 3534 2596 ad
3559 2541 3826 2599 umbras

2148 2622 2361 2681 Aiterni
2393 2626 2589 2696 fontis,
2620 2627 2714 2682 hic
2740 2633 2827 2683 est
2852 2628 3143 2700 sapientia
3174 2630 3357 2701 patris
3391 2648 3404 2697 ;
3492 2665 3506 2675 ο

2153 2721 2275 2769 Non
2305 2714 2549 2770 intrabit
2579 2716 2739 2771 enim
2770 2718 3127 2773 commercia
3155 2724 3424 2788 pectores
3457 2720 3590 2789 atri,

2153 2803 2401 2860 Subdita
2430 2806 2688 2876 peccatis
2709 2822 2819 2861 nec
2850 2823 3019 2861 mens
3054 2806 3433 2879 amplectitur
3470 2808 3663 2865 illam.

2149 2892 2395 2963 Spiritus
2425 2894 2554 2966 ipse
2584 2895 2704 2962 Dei,
2736 2896 2837 2951 sed
2864 2913 2986 2968 qua
3012 2897 3401 2965 dignissimus
3440 2899 3667 2971 hospes

2151 2984 2505 3054 Expurgans
2536 2985 2708 3050 vitiis,
2743 2990 2991 3057 septeno
3023 3003 3270 3043 munere
3301 2988 3488 3044 dotat.

2155 3075 2557 3145 Perpetuoque
2582 3074 2691 3129 sibi
2721 3091 3069 3131 mensuram
3100 3075 3337 3132 dedicat
3366 3077 3591 3147 aulam,

2152 3160 2287 3215 Haec
2316 3161 2516 3217 sitiens
2546 3162 2830 3235 lymphas
2862 3164 3076 3235 poterit
3103 3165 3341 3222 haurire
3375 3166 3679 3223 salubres.

2150 3250 2271 3305 Hoc
2298 3267 2403 3305 vas
2432 3252 2708 3324 quisquis
2738 3252 2940 3319 habet,
2974 3253 3151 3310 fontis
3182 3255 3415 3311 festinet
3456 3256 3537 3312 ad
3589 3257 3822 3315 undas.

2148 3339 2393 3396 Hauriat
2417 3345 2471 3397 et
2502 3341 2685 3397 sacris
2716 3341 2927 3399 fundat
2947 3342 3209 3400 libamen
3240 3344 3301 3400 in
3342 3344 3483 3401 aris.

2148 3430 2428 3486 Cursibus
2456 3432 2748 3500 tethnreis,
2785 3434 3013 3488 sonitus
3038 3433 3105 3489 fit
3143 3434 3445 3491 maximus
3474 3436 3630 3504 orbi,

2149 3518 2259 3583 Qui
2289 3518 2430 3589 tegit
2460 3519 2619 3576 hunc
2647 3522 2857 3580 sonitu.
2883 3522 3117 3578 monuit
3144 3540 3239 3579 me
3266 3524 3543 3580 sensibus
3576 3526 3742 3583 imis.

2149 3607 2626 3680 H:ec,Audrade,
2659 3610 2761 3665 tibi
2803 3610 3100 3668 modulari
3140 3614 3404 3669 carmine
3444 3613 3629 3685 dulci,

2149 3695 2405 3767 Pignora
2434 3698 2615 3753 chara
2649 3699 2791 3753 satis
2815 3699 3045 3755 recinas
3083 3717 3219 3773 quae
3248 3702 3465 3775 srepius
3496 3719 3625 3759 oro.

2150 3785 2241 3841 Sic
2271 3802 2514 3859 quoque
2546 3787 2695 3842 felici
2729 3789 3010 3845 tractabis
3041 3795 3276 3860 gutture
3310 3791 3534 3848 fontem

2148 3876 2492 3939 Quaesitum,
2526 3875 2707 3946 longo
2736 3879 3079 3943 certamine,
3122 3879 3311 3935 dulcis
3342 3881 3555 3937 amice.

2147 3964 2400 4021 Maxima
2429 3966 2593 4022 dona
2618 3967 2722 4023 tibi
2756 3968 3008 4023 cmlestis
3042 3970 3232 4040 gratia
3262 3970 3508 4027 confert.

2149 4056 2283 4109 Haec
2316 4073 2547 4113 memor
2576 4061 2704 4113 esto
2737 4058 2871 4124 mei,
2909 4059 3094 4114 sacris
3121 4077 3260 4115 cum
3286 4060 3553 4117 funderis
3594 4062 3744 4133 aris,

2148 4144 2426 4216 Obsecro,
2463 4145 2541 4204 mi
2575 4146 2770 4217 frater,
2804 4163 2965 4204 nunc
2992 4147 3374 4207 felicissimus
3409 4154 3555 4209 esto.

397 4365 2416 4398 __.____________,_____________

1136 4478 1705 4568 EXCERPTA
1807 4484 2123 4572 LIBRI
2198 4490 2412 4574 IlliV
2436 4490 3059 4583 liLATlONUM

1236 4657 1395 4733 Quas
1420 4661 1762 4727 AUDRADUS
1792 4665 2074 4740 Monicus
2097 4670 2337 4750 scripsit
2368 4690 2534 4734 mmo
2575 4671 2804 4736 Chriin
2822 4675 2961 4738 853.

488 4837 687 4909 (Apud
715 4837 800 4896 du
826 4840 1064 4911 Chesn.,
1096 4842 1307 4918 Script.
1339 4845 1473 4903 Iter.
1502 4847 1738 4919 Franc.,
1759 4854 1798 4907 t.
1832 4853 1898 4919 Il,
1926 4870 1987 4927 p.
2020 4858 2145 4923 390,
2175 4873 2245 4913 ex
2279 4874 2390 4915 ms.
2410 4857 2545 4915 cod.
2568 4858 2950 4917 eruditissimi
2974 4860 3078 4917 viri
3111 4860 3319 4918 Jacobi
3351 4862 3703 4937 Sirmondi.)

1878 5040 2297 5057 ——_——_

1003 5174 1234 5230 CAPUT
1267 5178 1402 5231 VIII.
2068 5192 2111 5245 D
2145 5205 2249 5262 pes
2281 5187 2677 5247 Ecclesiarum
2754 5191 2865 5257 Qui
2894 5207 3037 5247 mox
3065 5189 3407 5261 adfuerunt,
3430 5194 3487 5247 et
3511 5188 3832 5249 adorave~

447 5252 677 5354 Efﬁcit?
702 5252 1074 5354 descendens
1106 5262 1415 5333 Dominus,
1448 5274 1504 5326 et
1532 5287 1669 5329 cum
1702 5289 1772 5330 eo
1818 5290 2031 5333 omnes
2143 5252 2298 5334 runt.
2316 5280 2585 5353 Cumque
2606 5280 3011 5336 benedixisset
3040 5296 3165 5345 eos,
3188 5279 3371 5335 dixit:
3401 5279 3584 5349 Cujus
3616 5279 3833 5354 culpae

376 5340 586 5440 sancti.
613 5345 677 5399 Et
707 5346 857 5404 sedit
898 5348 961 5405 in
994 5350 1254 5409 conﬁnio
1283 5356 1518 5415 aetheris
1567 5366 1622 5418 et
1662 5365 1837 5421 aeris.
1867 5369 2029 5424 Tunc
2142 5373 2248 5434 est,
2274 5340 2923 5435 fratres‘amantissimi,
2944 5367 3113 5440 quod
3143 5368 3227 5422 sic
3260 5367 3527 5423 atteritur
3547 5372 3604 5423 et
3632 5340 3837 5426 vexa-

373 5425 463 5529 sol
492 5427 848 5529 obseuratus
875 5443 962 5495 est
978 5439 1169 5529 tribus
1198 5445 1493 5504 continuis
1523 5450 1756 5519 diebus,
1787 5459 1843 5511 et
1880 5455 2028 5513 luna
2142 5425 2575 5513 tur'haereditas
2597 5473 2752 5525 mea,
2782 5425 2985 5529 quain‘
3001 5455 3255 5512 redemit
3292 5456 3467 5512 Pater
3504 5457 3830 5527 sanguine

369 5513 561 5619 tribus
588 5518 816 5619 eisdem
842 5527 1142 5597 noctibus,
1174 5534 1232 5587 et
1271 5534 1503 5595 nullum
1530 5541 1768 5599 radium
1817 5544 1877 5599 in
1909 5546 2025 5602 hoc
2139 5548 2318 5601 meo?
2349 5550 2418 5601 At
2445 5544 2695 5619 quidam
2724 5513 2935 5601 eorum
2964 5544 3281 5601 dixerunt:
3316 5544 3588 5611 Domine,
3621 5544 3827 5619 culpa

368 5605 563 5703 spatio
589 5605 874 5703 fuderunt
891 5616 952 5680 in
975 5621 1209 5687 terram,
1234 5639 1374 5683 cum
1394 5629 1559 5685 nulla
1576 5631 1736 5688 nube
1754 5637 2023 5702 tegeren-
2136 5649 2349 5702 regum
2378 5605 2485 5690 est:
2506 5634 2656 5689 Dixit
2676 5633 2854 5703 igitur
2883 5637 3036 5690 Deus
3065 5651 3077 5688 :
3137 5633 3246 5698 Qui
3288 5637 3426 5689 sunt
3468 5632 3531 5688 hi
3576 5605 3763 5702 reges
3794 5636 3833 5691 ?

366 5694 513 5751 tur-1
519 5697 781 5771 ussitque
803 5703 1091 5769 Dominus
1105 5716 1243 5770 ante
1262 5729 1326 5771 se
1342 5718 1544 5775 venire
1563 5734 1776 5797 omnes
1796 5694 2019 5795 princi.
2129 5694 2267 5792 Nova
2297 5723 2570 5796 cognovi,
2594 5694 2733 5780 nonv
2750 5722 3047 5780 constitui.
3066 5694 3545 5795 Responderunt,
3566 5726 3625 5779 et
3646 5694 3836 5780 dixe-
