3944 6428
99 287 163 341 25
1381 287 1588 346 LIBER
1635 282 2202 352 REVELATIONUM
3453 308 3524 363 26

99 414 231 466 runt
259 410 311 465 ei
345 409 722 467 :Lndovicus
751 416 924 484 pater
965 428 1197 470 eorum.
1247 413 1519 486 Dixitque
1548 417 1704 470 Deus
1737 430 1749 465 ε
1788 415 1836 469 Α
1867 414 2048 474 beato
2083 420 2330 477 Martino
2361 421 2652 496 principe,
2684 423 2901 481 liberes
2946 424 3025 481 ab
3072 425 3439 495 inﬁdelibus,
3469 433 3527 486 et

102 499 202 554 Ubi
223 504 310 554 est
338 499 435 556 ille
466 501 493 556 ?
526 503 590 556 Et
620 500 1006 558 adduxerunt
1026 517 1188 570 eum,
1223 507 1278 558 et
1299 503 1582 558 dixerunt
1613 521 1625 560 :
1657 506 1758 559 Ec-

100 605 161 644 ce
182 589 373 645 adest.
408 592 472 646 Et
499 589 644 646 dixit
664 590 954 647 Dominus
983 592 1064 648 ad
1085 609 1226 648 eum
1259 611 1271 646 :
1300 595 1495 659 Quare
1522 593 1759 666 posuis-

102 679 139 734 ti
164 679 316 734 inter
363 679 520 736 ﬁlios
569 685 704 737 tuos
747 685 978 738 tantam
1009 683 1400 751 discordiam,
1441 687 1507 739 ut
1535 683 1615 738 ob
1642 683 1757 738 hoc

99 773 216 825 tam
247 769 464 825 acriter
491 769 697 826 ﬁdeles
729 771 847 826 mei
870 775 1164 828 vexentur
1196 774 1224 829 ‘2
1280 771 1614 844 Respondit
1637 771 1755 840 ille,

101 863 155 913 et
181 857 325 914 dixit
372 875 386 914 :
439 860 709 926 Domine,
772 876 886 930 ego
925 865 1146 934 putans
1175 861 1343 934 quod
1391 861 1553 916 ﬁlius
1584 878 1758 916 meus

101 947 292 1018 major
336 948 651 1004 Lotharius
679 949 784 1004 tibi
830 949 1002 1004 vellet
1033 949 1301 1017 obedire,
1335 955 1392 1006 et
1421 950 1757 1006 secundum

102 1040 259 1091 tuam
301 1035 680 1092 voluntatem
713 1037 1037 1094 Ecclesiam
1069 1042 1240 1094 tuam
1283 1053 1509 1109 regere,
1544 1038 1760 1094 consti-

102 1124 182 1180 tui
207 1123 377 1180 illum
411 1125 546 1182 loco
577 1142 713 1183 meo
744 1127 822 1184 ad
862 1127 1197 1197 regendum
1230 1128 1526 1202 populum
1558 1134 1754 1184 tuum.

104 1213 210 1270 Sed
236 1220 448 1286 postea
477 1215 691 1272 videns
715 1231 853 1272 eum
876 1216 938 1272 in
970 1217 1255 1289 superbia
1280 1222 1490 1274 contra
1517 1222 1569 1274 te
1596 1233 1758 1274 erec-

100 1311 242 1371 tum,
275 1309 332 1361 et
354 1304 518 1360 nolle
547 1306 930 1378 acquiescere
979 1311 1044 1362 ut
1080 1307 1418 1362 secundum
1450 1312 1505 1363 te
1544 1306 1759 1377 guber-

99 1399 259 1450 naret
291 1393 533 1466 plebem
589 1401 777 1463 tuam,
813 1396 1089 1452 submovi
1118 1413 1281 1465 eum,
1329 1402 1387 1454 et
1431 1396 1759 1469 parvulum

99 1500 275 1556 quem
299 1483 517 1540 dedisti
550 1484 695 1540 mihi
728 1486 974 1542 nomine
1006 1485 1286 1542 Carolum
1313 1486 1530 1542 videns
1565 1486 1760 1542 humi-

100 1573 212 1628 lem
261 1576 316 1629 et
361 1572 771 1643 obedientem,
821 1574 1082 1631 intellexi
1119 1574 1285 1632 dona
1330 1575 1758 1632 misericordias

101 1667 206 1717 tuae
239 1662 298 1718 in
331 1678 403 1718 eo
429 1677 584 1733 esse,
612 1663 820 1720 etideo
851 1664 1131 1720 constitui
1161 1681 1301 1720 eum
1321 1665 1456 1721 loco
1486 1665 1756 1736 majoris,

1868 509 1970 562 tuo
2000 523 2187 579 regno
2218 510 2297 566 ad
2327 512 2620 568 honorem
2649 513 2912 569 nominis
2940 514 3058 570 mei
3090 517 3424 573 secundum
3455 517 3524 574 1i—

1866 595 2160 653 bertatem
2215 599 2485 656 fidelium
2530 619 2806 658 meorum
2838 604 3168 660 consocies.
3223 608 3335 662 Nec
3378 623 3526 676 gens

1871 686 2252 758 Scytharum,
2281 705 2418 761 quae
2448 707 2702 764 regnum
2728 697 2900 749 tuum
2930 693 3255 751 immodice
3288 695 3522 767 afﬂigit,

1868 781 2076 832 contra
2101 781 2156 832 te
2189 784 2482 853 tuumque
2505 798 2760 852 regnum
2783 784 3128 855 praevaleat,
3163 789 3220 840 et
3248 785 3382 842 falsi
3414 786 3528 843 fra-

1868 871 1984 943 tres
2007 883 2077 922 ac
2102 868 2459 926 rebelliones
2492 872 2575 927 tui
2596 873 2764 943 regni
2806 878 2944 929 ante
2978 873 3194 931 faciem
3232 879 3396 932 tuam
3427 893 3525 932 ve-

1867 956 1954 1012 lut
1983 958 2186 1013 fumus
2219 965 2356 1015 ante
2388 960 2601 1018 faciem
2633 963 2794 1018 venti
2823 963 3125 1019 deﬁciant.
3161 964 3408 1038 Tibique
3440 967 3528 1022 tui

1867 1045 1971 1102 ﬁlii
2002 1051 2059 1103 et
2086 1053 2357 1121 nepotes,
2398 1051 2445 1105 si
2475 1051 2590 1106 hoc
2621 1057 2866 1124 pactum
2901 1053 3288 1121 servaverint,
3320 1071 3525 1110 succe-

1867 1138 2070 1194 dendo
2102 1139 2367 1210 feliciter,
2393 1141 2588 1197 donec
2613 1142 2673 1198 in
2703 1158 2774 1198 eo
2805 1159 3010 1198 coram
3030 1159 3127 1198 me
3158 1144 3442 1212 steterint,
3465 1145 3528 1200 in

1869 1243 2123 1297 regnum
2145 1229 2492 1286 succedant.
2517 1233 2938 1288 Verumtamen
2961 1233 3106 1305 quia
3131 1233 3424 1290 Ecclesias
3453 1234 3528 1291 de

1869 1335 1979 1374 suo
2037 1323 2197 1375 statu
2254 1321 2614 1377 submovere
2660 1338 2782 1378 non
2828 1321 3094 1391 timuisti,
3120 1327 3177 1378 et
3203 1329 3448 1396 propter
3477 1329 3528 1381 te

1868 1412 2104 1465 tantum
2137 1409 2368 1465 malum
2400 1410 2610 1481 afﬂigit
2649 1412 2974 1468 Ecclesiam
2999 1428 3225 1479 meam,
3283 1414 3439 1469 scias
3471 1418 3525 1470 te

1870 1498 2142 1571 sequenti
2175 1516 2335 1556 anno
2367 1500 2426 1556 in
2474 1501 2590 1558 hoc
2619 1502 2754 1574 ipso
2796 1518 3006 1558 mense
3053 1501 3158 1575 qui
3199 1519 3362 1558 nunc
3419 1507 3527 1567 est,

1871 1588 2236 1646 Britanniam
2269 1595 2612 1662 venturum,
2666 1592 2871 1666 ibique
2902 1592 2984 1649 ita
3009 1593 3087 1648 ab
3127 1592 3385 1648 inimicis
3415 1593 3530 1648 tuis

1868 1679 2424 1744 dehonestandum,
2460 1686 2523 1738 ut
2546 1683 2617 1753 (Γ.
2636 1683 2779 1740 add.
2799 1683 2918 1755 vix)
2944 1683 3114 1739 vivus
3144 1683 3387 1739 evadas.
3414 1682 3530 1738 Ibi-

101 1758 159 1807 ut
181 1751 421 1808 humilis
451 1768 695 1825 semper
711 1758 767 1809 et
786 1754 1076 1810 obediens
1101 1755 1440 1810 secundum
1463 1758 1633 1811 tuam

1974 1786 1986 1825 ξ
2020 1771 2309 1826 morietur
2341 1751 2610 1843 perfidus
2654 1777 2710 1828 et
2751 1772 3050 1829 nefandus
3083 1772 3394 1839 Vivianus,
3427 1771 3531 1845 qui

103 1841 384 1898 luntatem
419 1843 667 1900 serviret
712 1844 817 1900 tibi
848 1844 908 1900 in
942 1844 1270 1901 ministerio
1304 1844 1758 1916 gubernationis

104 1931 299 2003 populi
334 1932 436 1988 tui.
472 1933 807 2006 Respondit
853 1935 1169 2004 Dominus,
1202 1939 1258 1991 et
1278 1934 1616 1991 astantibus
1646 1935 1759 1991 sibi

105 2020 277 2076 dixit:
308 2025 473 2078 Certe
504 2039 720 2079 verum
745 2022 907 2092 dicit,
943 2025 1239 2095 majorem
1271 2028 1517 2097 propter
1548 2041 1757 2098 super-

105 2110 256 2165 biam
278 2127 314 2166 a
342 2127 536 2181 regno
566 2127 876 2168 removere
921 2112 1130 2178 voluit,
1187 2113 1483 2169 minorem
1515 2118 1760 2187 propter

106 2198 487 2256 humilitatem
516 2206 575 2257 et
593 2200 1001 2257 obedientiam
1029 2217 1279 2272 regnare
1300 2203 1626 2259 constituit.
1649 2202 1758 2259 Ubi

107 2294 233 2344 sunt
257 2289 285 2344 ?
309 2290 524 2362 inquit.
557 2289 669 2356 Qui
697 2291 970 2362 protinus
1002 2291 1248 2348 adducti
1271 2296 1563 2348 suntante
1595 2307 1754 2348 eum.

111 2380 166 2432 Et
188 2378 262 2434 ait
290 2379 584 2435 Dominus
630 2397 642 2434 :
707 2379 1018 2436 Lotharius
1047 2381 1192 2454 quia
1241 2380 1408 2448 dixit,
1443 2384 1566 2451 Ego
1598 2398 1756 2452 sum,

107 2467 420 2538 dejiciatur.
455 2469 710 2526 Carolus
737 2475 983 2543 propter
1006 2469 1411 2527 obedientiam
1439 2475 1496 2526 et
1521 2471 1758 2526 humili-

112 2563 274 2613 tatem
309 2559 676 2616 stabiliatur.
706 2560 879 2625 Quid,
907 2560 1182 2633 inquam,
1218 2561 1294 2616 de
1326 2560 1494 2616 tertio
1524 2561 1552 2617 ‘I
1583 2563 1650 2616 Et
1676 2560 1762 2617 di-

108 2653 305 2704 xerunt
329 2649 587 2721 quidam
619 2649 694 2704 de
727 2649 1101 2705 astantibus:
1133 2649 1406 2719 Domine,
1437 2665 1610 2705 arma
1635 2665 1762 2705 mo-

109 2736 248 2792 vitiu
282 2744 542 2810 patrem.
578 2743 850 2812 Cumque
883 2739 1083 2808 gravis
1108 2738 1605 2796 sententiadeillo
1629 2739 1759 2810 jam

111 2826 446 2895 immineret,
495 2827 599 2884 alii
640 2829 716 2884 de
760 2828 1100 2885 astantibus
1130 2828 1406 2884 dixerunt
1437 2845 1449 2883 :
1486 2828 1757 2894 Domine,

111 2931 244 2987 opus
274 2915 508 2973 bonum
558 2918 871 2974 inventum
919 2922 1006 2974 est
1032 2917 1091 2972 in
1123 2934 1214 2974 eo.
1245 2921 1394 2974 Nam
1432 2917 1567 2974 licet
1590 2917 1761 2973 multi

113 3005 224 3074 ejus
247 3023 429 3063 causa
453 3007 534 3063 de
560 3013 663 3064 tuo
689 3008 805 3064 sint
835 3007 1143 3080 absumpti
1162 3008 1421 3077 servitio,
1445 3012 1647 3064 tamen
1665 3007 1761 3064 ille

115 3095 289 3151 studet
318 3103 380 3152 ut
423 3097 501 3154 de
538 3097 889 3167 alienigenis
923 3097 1057 3153 loco
1111 3114 1322 3154 eorum
1352 3097 1455 3153 tibi
1487 3097 1636 3153 alios
1667 3115 1760 3154 ac-

111 3183 334 3256 quirens
365 3187 680 3256 subroget.
719 3190 783 3243 Et
824 3187 913 3244 ait
953 3187 1031 3243 ad
1070 3187 1200 3243 haec
1245 3187 1535 3242 Dominus
1587 3203 1599 3242 :
1651 3189 1760 3242 Lo-

119 3273 320 3330 tharius
349 3277 495 3350 quia
530 3293 690 3349 opus
722 3277 955 3332 bonum
987 3277 1295 3332 inventum
1320 3281 1407 3331 est
1435 3275 1496 3331 in
1518 3291 1610 3343 eo,
1637 3281 1759 3332 sta-

120 3361 339 3421 biliatur
357 3375 415 3422 et
439 3367 598 3440 ipse.

751 3457 981 3513 CAPUT
1024 3459 1108 3512 IX.

178 3543 419 3602 Veniant
447 3547 638 3616 igitur
662 3551 800 3602 ante
830 3562 948 3612 me,
974 3549 1031 3602 et
1078 3545 1244 3601 inibo
1260 3544 1457 3600 foedus
1488 3559 1627 3600 cum
1657 3543 1763 3607 eis,

117 3636 258 3704 quod
289 3653 408 3693 non
440 3637 624 3693 liceat
651 3636 883 3692 violari.
917 3639 1080 3692 Tunc
1115 3636 1291 3707 jussu
1339 3633 1439 3690 Dei
1466 3633 1767 3690 adductus

118 3729 264 3782 estet
307 3727 654 3784 Ludovicus
685 3726 969 3782 Italorum
1011 3741 1135 3794 rex,
1187 3725 1346 3780 filius
1387 3723 1666 3789 Lotharii,
1711 3726 1768 3780 et

125 3817 298 3871 statuti
342 3823 483 3872 sunt
527 3816 595 3872 hi
626 3821 743 3871 tres
790 3820 926 3872 ante
962 3818 1169 3870 Deum.
1207 3817 1269 3869 Et
1297 3813 1447 3869 dixit
1475 3813 1766 3868 Dominus

121 3902 304 3961 Carolo
334 3925 346 3963 :
374 3906 467 3962 Tn
491 3922 649 3979 puer
679 3921 876 3975 meus,
897 3905 944 3960 si
961 3903 1206 3960 humilis
1235 3909 1291 3959 et
1320 3903 1613 3959 obediens
1647 3901 1769 3957 fue-

121 3995 202 4058 ris,
230 4002 281 4052 et
308 3997 724 4069 permanseris
755 4011 962 4052 coram
1012 4011 1131 4066 me,
1187 4000 1245 4050 et
1276 3993 1568 4049 Ecclesias
1597 4009 1766 4048 meas

122 4087 412 4143 restitueris
443 4088 504 4144 in
555 4091 779 4143 statum
825 4102 1002 4140 suum
1061 4101 1185 4158 quo
1237 4083 1509 4140 ordinavi
1556 4099 1680 4154 eas,
1713 4086 1771 4138 et

123 4177 413 4250 unicuique
446 4177 654 4234 ordini
685 4191 1022 4246 congruum
1071 4190 1196 4230 sum
1242 4173 1546 4244 religionis
1597 4173 1770 4227 resti-

125 4267 277 4322 tueris
301 4272 508 4342 caput,
549 4271 605 4323 et
632 4265 831 4322 ordini
872 4263 1200 4337 unicuique
1231 4262 1542 4336 propriam
1574 4261 1768 4334 legem

125 4359 293 4412 tenere
325 4358 562 4425 feceris,
597 4360 655 4412 et
710 4371 746 4411 a
791 4353 1017 4428 rapinis
1043 4358 1100 4410 et
1128 4351 1681 4425 depraedationibus
1713 4353 1771 4408 et

125 4445 481 4503 ecclesiarum
541 4445 974 4502 violationibus
1031 4459 1280 4500 omnem
1335 4441 1633 4515 populum
1663 4441 1768 4514 qui

127 4535 206 4590 tibi
231 4539 622 4595 committitur
662 4551 901 4592 cessare
942 4534 1172 4603 feceris,
1217 4538 1274 4589 et
1306 4531 1633 4604 unicuique
1663 4533 1768 4586 ho-

130 4627 247 4682 mini
277 4629 575 4699 justitiam
610 4625 965 4692 servaveris,
1026 4630 1083 4681 et
1127 4622 1309 4679 corde
1340 4621 1504 4677 bono
1529 4625 1587 4677 et
1611 4621 1759 4693 opti-

130 4731 208 4770 mo
227 4717 600 4774 voluntatem
633 4731 836 4770 meam
865 4730 1104 4786 semper
1127 4715 1368 4768 secutus
1401 4711 1606 4775 fueris,
1631 4725 1767 4765 ecce

130 4804 191 4859 tle
213 4808 308 4862 tibi
340 4813 657 4880 sceptrum
688 4805 859 4876 regni
889 4809 946 4860 et
981 4818 1274 4859 coronam
1309 4821 1321 4855 ι
1364 4805 1420 4856 et
1445 4805 1510 4856 ut
1540 4801 1692 4855 inter
1717 4805 1770 4855 te

131 4902 174 4949 et
198 4897 423 4952 fratrem
462 4903 638 4953 tuum
673 4894 1043 4951 Ludovicum
1094 4893 1534 4948 Germanorum
1565 4905 1771 4961 regem

133 5000 225 5055 pax
264 4989 336 5044 sit
387 4993 710 5061 perpetua,
752 4988 810 5041 et
862 4983 1016 5056 ipsa,
1076 4998 1201 5055 qua
1248 4980 1536 5054 partitum
1567 4983 1656 5035 est
1685 4995 1772 5034 re-

135 5091 292 5142 gnum
321 5079 473 5134 inter
522 5094 635 5133 vos
690 5091 830 5130 cum
888 5073 1163 5143 fugarem
1212 5074 1352 5127 ante
1389 5069 1605 5126 faciem
1638 5084 1775 5124 ves-

135 5169 260 5222 tram
290 5169 663 5228 Lotharium,
691 5165 800 5222 erit
828 5163 1042 5220 divisio
1073 5177 1404 5235 regnorum
1434 5163 1773 5217 vestrorum

137 5272 220 5311 nec
241 5263 369 5315 tuus
398 5260 461 5315 in
503 5261 748 5331 partem
805 5253 1082 5321 Lotharii,
1143 5267 1254 5308 nec
1285 5252 1417 5323 ejus
1448 5251 1509 5306 in
1539 5253 1775 5323 partem

138 5348 272 5402 tuam
299 5363 644 5420 processus.
694 5347 762 5401 Et
811 5349 872 5401 tu
923 5341 1239 5409 Ludovice,
1273 5341 1335 5396 in
1383 5338 1776 5396 Sermonibus

139 5434 238 5490 istis
280 5439 565 5494 eumdem
604 5435 836 5492 habeas
875 5449 1117 5490 mecum
1164 5436 1411 5506 pactum
1443 5428 1772 5485 ﬁrmatum.

142 5526 382 5584 Similiter
403 5534 462 5584 et
492 5534 580 5597 tu,
605 5526 758 5583 alter
790 5523 1107 5593 Ludovice,
1141 5521 1422 5578 Italorum
1447 5537 1572 5576 rex.
1606 5521 1671 5574 Et
1691 5517 1778 5573 in-

143 5621 206 5670 ter
228 5635 325 5674 vos
374 5625 497 5676 tres
524 5635 649 5693 pax
687 5621 980 5691 perpetua
1025 5615 1086 5670 in
1133 5613 1228 5669 bis
1258 5612 1458 5668 verbis
1487 5616 1544 5667 et
1573 5610 1633 5666 in
1664 5610 1778 5665 hoc

144 5713 287 5774 pacto
311 5714 578 5767 maneat.
619 5711 683 5764 Et
713 5707 794 5764 ob
830 5706 944 5762 hoc
981 5703 1151 5779 quod
1185 5703 1333 5760 mihi
1363 5703 1424 5758 in
1453 5702 1615 5757 hunc
1645 5716 1777 5756 mo-

145 5793 265 5856 dum
292 5800 634 5870 servieritis,
669 5798 751 5856 do
779 5797 907 5868 tibi,
941 5794 1254 5866 Carole,ut
1269 5790 1774 5867 Hispanias,duce

1869 1874 1990 1915 non
2021 1860 2292 1917 extimuit
2321 1861 2678 1919 conculcare
2717 1862 3093 1919 nobilitatem
3131 1862 3529 1918 Ecclesiarum

1869 1965 2166 2017 mearum,
2227 1951 2514 2008 abbatem
2561 1969 2621 2008 se
2676 1953 2940 2023 glorians
2989 1952 3336 2009 monasterii
3369 1951 3532 2008 beati

1868 2039 2096 2096 Martini
2144 2044 2201 2097 et
2256 2046 2631 2099 caeterorum.
2677 2042 3064 2100 Devorabunt
3118 2041 3277 2098 enim
3307 2041 3531 2098 idcirco

1869 2145 2078 2186 carnes
2104 2129 2236 2199 ejus
2268 2130 2406 2186 ferte
2430 2131 2738 2188 silvarum.
2771 2131 3047 2188 Similiter
3076 2135 3131 2186 et
3149 2129 3343 2204 caeteri
3370 2129 3528 2186 mul-

1869 2218 1908 2275 ti
1950 2223 2248 2289 corruent,
2289 2224 2344 2274 et
2378 2223 2458 2286 tu,
2502 2225 2566 2274 ut
2602 2219 2746 2289 dixi,
2805 2218 3121 2298 difﬁculter
3174 2217 3418 2274 evades.
3473 2217 3529 2274 Si

1869 2307 2115 2380 quidem
2170 2306 2296 2362 noli
2327 2311 2467 2363 tunc
2512 2309 2836 2381 desperare
2885 2307 2960 2363 de
2994 2307 3412 2380 recuperanda
3441 2321 3532 2362 sa-

1868 2395 2012 2467 lute,
2053 2395 2158 2450 sed
2187 2412 2585 2470 quascunque
2623 2396 2913 2452 Ecclesias
2946 2411 3017 2452 eo
3054 2395 3212 2450 bello
3239 2394 3530 2450 delibera-

1869 2501 2034 2552 vero,
2064 2485 2303 2540 restitue
2344 2485 2403 2540 in
2448 2491 2670 2542 statum
2719 2501 2918 2552 suum,
2953 2489 3009 2541 et
3034 2500 3147 2554 ego
3178 2484 3282 2540 tibi
3314 2499 3528 2538 omnes

1871 2574 2020 2630 alias
2032 2591 2168 2646 quae
2186 2579 2325 2630 sunt
2344 2575 2402 2630 in
2423 2593 2608 2645 regno
2628 2580 2728 2631 tuo
2742 2576 3133 2642 deordinatee,
3155 2589 3531 2646 consequen-

1872 2670 1958 2721 ter
1988 2664 2360 2720 deliberabo.
2421 2665 2563 2720 Vide
2595 2669 2658 2720 tu
2690 2664 3058 2720 omnimodis
3090 2668 3155 2718 ut
3193 2677 3390 2734 neque
3421 2677 3530 2734 pro

1872 2753 2075 2826 aliqua
2099 2752 2446 2816 ambitione.
2483 2759 2585 2808 aut
2608 2754 2858 2826 pristina
2887 2751 3237 2821 temeritate,
3259 2751 3475 2806 iterum
3494 2765 3530 2806 a

1874 2860 1982 2899 suo
2011 2843 2218 2898 ordine
2249 2842 2341 2897 vel
2370 2847 2525 2898 statu
2551 2859 2654 2898 eas
2681 2843 2944 2914 amplius
2977 2857 3310 2907 removeas,
3333 2840 3380 2894 si
3395 2855 3532 2912 pac-

1873 2936 2001 2987 tum
2028 2947 2233 2986 meum
2262 2931 2427 3003 quod
2459 2931 2752 2988 hodierna
2779 2930 2875 2986 die
2899 2935 3097 2986 tecum
3129 2927 3533 3002 pepigivisin-

1873 3020 2151 3076 violabile
2168 3037 2542 3092 permanere.
2561 3021 2733 3086 Quod
2753 3021 2924 3076 sihoc
2947 3025 3010 3076 tu
3032 3036 3153 3076 non
3179 3017 3530 3084 servaveris,

1873 3127 1984 3166 nec
2013 3110 2199 3166 verba
2230 3111 2384 3182 pacti
2435 3111 2553 3165 mei
2600 3110 2704 3165 tibi
2757 3126 2818 3164 se
2861 3108 3322 3164 couservabunt.
3367 3109 3432 3161 Et
3473 3110 3536 3160 tu

1877 3199 2174 3254 Ludovice
2206 3201 2640 3254 Germanorum
2665 3213 2786 3263 rex,
2808 3197 3011 3268 accipe
3041 3201 3342 3267 sceptrum
3368 3191 3534 3262 regni

1873 3294 1930 3343 et
1956 3304 2242 3343 coronam
2274 3287 2430 3346 hanc
2453 3288 2513 3342 in
2537 3288 2918 3342 firmamento
2949 3285 3108 3358 pacti
3130 3283 3336 3354 hujus.
3363 3280 3536 3347 Quod

1876 3378 1925 3432 si
1958 3378 2422 3447 eonservaveris,
2471 3375 2625 3431 duce
2670 3375 2846 3430 beato
2894 3373 3076 3429 Paulo
3103 3371 3392 3445 principe,
3428 3369 3537 3426 erit

1874 3467 1934 3522 in
1963 3471 2169 3536 gentes
2201 3482 2336 3538 qute
2366 3471 2505 3520 sunt
2553 3465 2754 3520 adhuc
2793 3463 3066 3519 inﬁdeles
3099 3461 3262 3535 apud
3292 3463 3536 3515 Germa-

1874 3557 2006 3613 nias
2039 3555 2381 3612 felieissima
2405 3553 2674 3609 dilatatio
2707 3559 2826 3608 tua.
2864 3553 2919 3608 Si
2952 3557 3153 3608 autem
3179 3556 3240 3606 tu
3269 3549 3384 3604 hoc
3414 3563 3538 3603 non

1875 3645 2342 3711 conscrvaveris,
2376 3660 2484 3698 nec
2508 3649 2752 3716 pactum
2784 3658 2987 3696 meum
3016 3640 3182 3713 quod
3205 3655 3317 3708 ego
3342 3644 3538 3693 tecum

1874 3735 2078 3809 pepigi
2109 3733 2322 3789 stabile
2355 3732 2641 3787 manebit.
2674 3733 2762 3786 Tu
2791 3735 3014 3796 autem,
3043 3729 3340 3786 Ludovice
3371 3726 3539 3782 Italo-

1876 3843 2011 3880 rum
2045 3841 2168 3885 rex,
2203 3823 2407 3894 accipe
2440 3827 2741 3894 sceptrum
2773 3820 2943 3890 regni
2980 3824 3035 3874 et
3065 3833 3354 3874 coronam
3381 3815 3540 3870 hanc

1876 3915 1936 3970 in
1969 3915 2352 3969 firmamento
2398 3911 2554 3984 pacti
2604 3911 2806 3980 hujus.
2870 3909 3044 3974 Quod
3089 3908 3139 3963 si
3185 3904 3539 3972 servaveris,

1877 4003 2029 4058 duce
2058 4002 2234 4057 beato
2267 4004 2432 4056 Petro
2464 3999 2756 4072 principe,
2788 3997 2896 4053 erit
2926 4002 3136 4053 contra
3166 3999 3371 4066 gentes
3401 4009 3540 4065 quae

1880 4093 2234 4166 opprimunt
2257 4106 2513 4159 regnum
2545 4096 2736 4155 tuum,
2763 4086 3102 4142 felicissima
3133 4083 3399 4140 extensio
3417 4087 3539 4137 tua.

1883 4183 1982 4241 Sin
2015 4187 2239 4247 autem,
2275 4178 2606 4235 mutabitur
2636 4182 2692 4233 et
2721 4175 2901 4232 istud.
2950 4175 3018 4231 Hi
3049 4175 3208 4230 enim
3241 4178 3358 4229 tres
3384 4171 3542 4244 prin-

1881 4274 2067 4345 cipes,
2090 4287 2245 4343 quos
2267 4268 2452 4323 duces
2477 4273 2533 4322 et
2549 4267 2856 4337 adjutores
2887 4263 3396 4321 cumexercitibus
3419 4276 3541 4314 suae

1881 4359 2178 4417 societatis
2214 4358 2387 4414 vobis
2434 4355 2596 4425 dedi,
2638 4356 2716 4411 ab
2763 4354 3102 4410 imminenti
3150 4350 3543 4409 damnatione

1888 4450 2187 4506 mundum
2220 4448 2343 4502 suis
2361 4444 2881 4502 intestimabilibus
2904 4442 3184 4516 precibus
3205 4441 3388 4498 modo
3431 4441 3548 4497 eri-

1878 4545 2156 4614 puerunt.
2186 4538 2320 4593 Sine
2351 4551 2612 4608 quorum
2657 4539 2720 4589 ut
2759 4532 3034 4589 ordinavi
3067 4533 3292 4587 ducatu
3321 4537 3375 4586 et
3403 4547 3542 4604 pro-

1880 4629 2154 4695 tectione,
2186 4625 2354 4682 nulla
2401 4623 2613 4680 vestris
2644 4621 3070 4694 congressibus
3102 4621 3271 4676 cedet
3299 4635 3545 4692 prospe-

1879 4719 2042 4774 ritas.
2097 4713 2484 4770 Servantibus
2515 4728 2760 4786 quoque
2799 4709 2994 4779 vobis,
3023 4714 3088 4764 ut
3115 4708 3258 4769 dixi,
3294 4711 3540 4778 pactum

1880 4797 2016 4876 hoc,
2063 4802 2230 4878 quod
2291 4801 2471 4857 hodie
2523 4799 2870 4856 solemniter
2919 4796 3237 4852 vobiscum
3288 4793 3538 4865 pepigi:

1883 4899 2025 4952 tunc
2056 4893 2116 4949 hi
2141 4893 2326 4947 duces
2357 4896 2413 4946 et
2440 4905 2645 4945 coram
2671 4903 2768 4942 me
2789 4889 3054 4940 vestram
3075 4885 3543 4956 vestrorumque

1881 4999 2209 5052 regnorum
2233 4995 2481 5036 causam
2498 4992 2741 5048 semper
2759 4974 3069 5046 peragent,
3097 4974 3155 5026 et
3175 4985 3543 5045 quocunque

1885 5073 2007 5128 sive
2035 5071 2110 5127 ad
2147 5069 2393 5137 bellum,
2435 5067 2557 5121 sive
2589 5065 2666 5119 ad
2688 5078 2925 5135 pacem,
2949 5059 3382 5133 processeritis,
3413 5078 3542 5118 ves-

1886 5163 1954 5219 tri
1995 5167 2453 5228 vestrorumque
2483 5153 2669 5208 duces
2706 5150 3066 5224 optatissimi
3093 5154 3150 5206 et
3178 5149 3377 5205 invicti
3409 5166 3545 5222 pro-

1884 5256 2136 5308 tectores
2167 5251 2360 5302 erunt.
2397 5245 2529 5297 Haec
2561 5240 2876 5313 complens
2927 5239 3218 5296 Dominus
3245 5238 3546 5295 ordinavit

1886 5341 1945 5397 in
1977 5337 2264 5393 omnibus
2305 5333 2578 5389 Ecclesiis
2610 5331 2914 5404 principes
2957 5330 3078 5384 sive
3108 5333 3380 5401 pastores
3421 5343 3544 5384 suae

1887 5430 2064 5485 boum
2097 5423 2444 5489 voluntatis,
2489 5422 2644 5477 dans
2681 5421 2864 5475 tinem
2908 5418 2999 5472 his
3030 5417 3133 5490 qui
3176 5415 3328 5472 falso
3370 5433 3546 5475 voca-

1888 5517 2031 5574 bulo
2085 5517 2404 5570 censentur
2469 5515 2764 5584 pastores.
2841 5505 3116 5564 Similiter
3169 5506 3368 5580 capita
3425 5506 3546 5578 ple-

1889 5607 2056 5663 bium
2111 5603 2531 5658 universorum
2573 5596 3067 5657 Christianorum.
3129 5599 3194 5652 Et
3239 5594 3547 5652 benedixit

1889 5694 2189 5752 mundum
2207 5691 2412 5747 dicens
2441 5708 2453 5745 :
2485 5689 2635 5756 Quia
2657 5702 2767 5759 pro
2789 5684 3202 5759 iniquitatibus
3228 5684 3549 5741 hominum

1889 5784 2076 5843 modo
2125 5780 2300 5858 quasi
2352 5781 2485 5852 jam
2533 5779 2860 5836 damnatus
2907 5774 3194 5832 omnibus
3292 5769 3548 5830 ementis
