3944 6408
347 244 418 309 27.
952 237 1273 295 AUDRADI
1312 234 1740 299 SENONENSIS
1771 232 2270 305 encampment
2313 240 2513 315 tum
2548 242 3116 301 REVELATIONUM.
3699 248 3777 302 2a

350 380 630 445 appares,
659 377 821 427 nunc
844 362 1049 434 accipe
1079 362 1557 427 benedictionem
1581 375 1783 419 meam
1802 363 1859 414 et
1884 360 2009 421 esto
2042 363 2091 429 Α
2119 365 2268 432 Nam
2324 382 2458 439 ego,
2513 369 2565 431 si
2617 385 2753 426 esse
2805 373 3029 441 posset,
3089 370 3235 427 satis
3252 369 3623 429 hoevellem.
3672 373 3773 425 Est

347 453 817 512 fecundissimus
848 452 961 511 hoc
988 468 1148 507 anno
1173 451 1463 524 sequenti,
1491 456 1555 506 ut
1584 448 1733 507 nulli
1754 447 2012 511 dubium

350 551 595 599 maneat
621 543 767 615 quin
800 556 909 611 ego
935 540 1027 595 his
1062 540 1251 596 tribus
1273 540 1509 607 diebus,
1534 538 1758 613 quibus
1787 536 1926 597 solis
1956 539 2016 595 et

349 632 509 688 lunae
530 631 682 695 radii
706 647 766 686 se
790 630 1253 696 abseonderunt,
1287 626 1651 684 visitaverim
1690 625 2015 685 Ecclesiam

349 736 572 788 meam,
601 720 848 793 ejusque
874 733 1122 774 causam
1154 716 1580 791 disposuerim.
1646 718 2016 788 Factumque

353 814 459 866 est.
490 813 555 864 Et
583 810 709 864 iltPc
731 806 1147 881 pereomplens
1180 807 1489 883 Dominus,
1522 804 1794 863 ascendit
1837 818 2017 878 super

352 915 562 955 omnes
590 897 771 953 caelos
805 895 864 951 in
893 885 1138 953 dextera
1163 896 1370 951 Patris.
1405 894 1581 951 Venit
1638 909 1883 967 quoque
1913 908 2019 951 an'

352 987 655 1043 niversarii
685 986 832 1056 dies,
864 990 921 1041 et
949 1002 1148 1041 sermo
1177 984 1419 1041 Domini
1450 983 1785 1059 completus
1816 985 1904 1043 est
1954 981 2018 1047 in

354 1075 629 1133 Carolum
658 1078 712 1130 et
741 1074 1065 1130 exercitum
1096 1072 1245 1144 ejus.
1277 1076 1546 1147 Namque
1592 1071 1905 1128 Vivianum
1936 1069 2016 1126 ab

350 1164 623 1221 hostibus
650 1163 1026 1229 interfectum
1055 1162 1496 1218 devoraverunt
1524 1160 1662 1218 ferae
1704 1160 2015 1227 silvarum,

352 1257 409 1309 et
435 1253 637 1309 multae
669 1252 943 1308 Ecclesiae
974 1250 1053 1307 ab
1082 1250 1547 1324 oppressoribus
1582 1248 1724 1320 suis,
1778 1252 1843 1306 ut
1900 1250 2015 1304 Do-

352 1342 552 1399 minus
579 1341 955 1421 prmdixerat,
990 1356 1060 1395 eo
1086 1340 1244 1396 bello
1272 1344 1411 1397 sunt
1439 1339 1800 1398 deliberataa.
1859 1340 2016 1405 Man-

354 1433 604 1488 daverat
633 1432 746 1485 hoc
776 1429 1008 1498 legatus
1040 1429 1438 1489 Eeclesiarum
1468 1428 1680 1485 Carolo
1724 1426 1851 1503 regi
1909 1442 2017 1503 per

358 1520 768 1576 Rothbernum
828 1519 1159 1593 quemdam
1215 1517 1654 1576 cubicularium
1727 1516 1907 1585 regis,
1959 1518 2015 1581 et

358 1626 605 1675 omnem
628 1613 851 1669 textum
884 1607 1241 1671 narrationis
1271 1609 1630 1680 exposuerat
1658 1623 1671 1661 :
1698 1604 1867 1681 quod
1908 1620 2017 1662 rex

2119 454 2281 517 enim
2313 456 2457 513 mihi
2487 458 2990 528 consanguineus.
3020 460 3145 528 Age
3171 475 3321 528 ergo
3349 463 3417 519 ut
3441 474 3684 525 moneo,
3714 462 3776 514 et

2120 542 2169 597 si
2188 542 2417 617 aliquid
2446 546 2587 615 inde
2616 546 2900 617 dignatus
2924 547 3098 607 fuerit
3121 548 3439 609 ostendere
3463 547 3572 605 tibi
3590 550 3773 617 Deus,

2120 647 2243 688 non
2272 632 2617 692 abscondas
2647 652 2684 693 a
2704 652 2800 695 me
2820 635 2989 705 illud,
3010 635 3071 692 in
3099 636 3220 697 ﬁde
3253 637 3353 695 Dei
3400 641 3459 693 te
3481 636 3773 693 obtestor.

2124 722 2393 796 Cumque.
2417 740 2652 787 orarem
2681 724 2854 780 solito
2884 740 2994 797 pro
3024 723 3277 787 fratrum
3320 724 3532 795 salute,
3591 725 3777 781 etiam

2122 815 2179 877 et
2198 826 2306 882 pro
2340 813 2682 885 supradicto
2711 813 2970 883 negotio,
3000 829 3135 873 eeee
3164 814 3451 870 Dominus
3488 813 3778 882 dignatus

2123 904 2211 959 est
2233 917 2333 967 me
2360 902 2587 969 audire,
2620 906 2678 959 et
2696 902 3067 959 descendens
3097 903 3172 959 de
3198 902 3349 961 cmlo
3376 901 3608 963 lumine
3664 917 3780 961 suo

2123 988 2513 1055 circummisit
2545 1007 2643 1051 me
2671 990 2734 1047 in
2760 990 2897 1048 loco.
2923 1007 3049 1063 quo
3077 1006 3244 1053 eram
3274 1006 3475 1053 orans,
3499 996 3558 1047 et
3587 990 3774 1048 dixit:

2123 1078 2427 1148 Maledicta
2470 1079 2596 1135 dies
2626 1096 2748 1152 qua
2777 1079 2887 1137 erit
2914 1080 3292 1137 Burchardus
3332 1079 3678 1152 episcopus.
3714 1081 3783 1136 Et

2122 1166 2251 1225 haec
2270 1167 2499 1239 dicens,
2514 1168 2575 1225 in
2593 1168 2813 1231 coelum
2831 1169 3021 1235 rediit.
3050 1171 3211 1226 Unus
3229 1172 3432 1229 autem
3454 1185 3530 1227 ex
3544 1168 3784 1239 angelis

2122 1258 2228 1328 qui
2258 1273 2396 1323 eum
2427 1274 2499 1315 eo
2534 1263 2835 1324 venerant,
2864 1258 2943 1317 ad
2972 1257 3282 1329 dexteram
3329 1258 3478 1318 mihi
3530 1273 3780 1317 reman-

2124 1346 2218 1415 sit,
2249 1350 2308 1403 et
2332 1347 2451 1411 ait:
2485 1348 2645 1405 Nosti
2664 1346 2813 1419 quid
2840 1346 3055 1407 dixerit
3080 1347 3370 1409 Dominus
3415 1347 3443 1401 ‘I
3504 1350 3573 1405 Et
3628 1347 3729 1403 aio
3763 1363 3778 1402 :

2122 1435 2393 1505 Domine,
2422 1440 2683 1507 apertius
2707 1436 2855 1497 seire
2879 1435 3115 1493 vellem.
3147 1439 3220 1495 At
3246 1435 3343 1497 ille
3392 1435 3543 1493 dixit
3573 1452 3588 1491 :
3638 1438 3783 1495 0m-

2122 1524 2305 1589 nibus
2331 1524 2560 1589 diebus,
2586 1525 2807 1597 quibus
2828 1524 2997 1585 luerit
3023 1524 3407 1583 Burchardus
3428 1525 3780 1597 episcopus,

2124 1613 2367 1681 stillabit
2394 1613 2483 1675 ira
2514 1614 2614 1671 Dei
2638 1630 2819 1687 super
2848 1630 3062 1674 omnes
3110 1612 3394 1673 ecclesias
3440 1629 3639 1685 usque
3698 1614 3785 1670 ad

369 1699 614 1761 obedire
659 1698 937 1768 neglexit,
972 1698 1080 1755 sed
1109 1695 1593 1753 inhonestissime
1628 1711 1664 1751 a
1714 1694 2017 1751 Britannia
2056 1715 2099 1781 Β
2123 1703 2361 1771 ruinam
2386 1702 2643 1769 illarum.
2683 1702 2908 1765 Idcirco
2937 1700 3526 1763 exeommunicando
3575 1702 3788 1774 prohi-

367 1804 665 1856 reversus,
705 1804 829 1844 non
858 1787 1111 1844 restituit
1157 1786 1448 1847 Ecclesias
1503 1785 1566 1841 in
1617 1784 1828 1842 ordine
1883 1800 2011 1840 suo.

364 1876 772 1944 Quamobrem
796 1876 1048 1932 adduxit
1076 1879 1476 1932 Nortmannos
1505 1873 1564 1930 in
1596 1873 1815 1930 Gallias
1835 1874 2013 1941 Deus,

361 1968 469 2039 qui
502 1982 604 2031 eas
650 1972 804 2029 terra
861 1965 1133 2039 marique
1190 1968 1514 2028 vastarent,
1560 1968 1615 2019 et
1668 1962 2016 2027 immanitas

364 2055 637 2120 omnium
666 2054 1129 2125 malignantium
1162 2054 1325 2110 velut
1353 2054 1441 2113 ira
1468 2053 1568 2109 Dei
1592 2051 1799 2129 'coepit
1836 2050 2015 2107 undi-

360 2161 479 2218 que
508 2144 568 2200 in
599 2150 832 2220 partem
859 2145 1077 2209 horum
1112 2158 1324 2213 regum
1377 2141 1779 2199 eﬂerveseere.
1843 2139 2014 2196 Tune

361 2233 594 2304 legatus
620 2233 1017 2297 Ecelesiarum
1039 2233 1227 2289 tribus
1249 2232 1464 2288 diebus
1496 2238 1553 2287 el
1577 2231 1854 2289 noctibus
1877 2246 2015 2286 con-

360 2323 560 2399 tinuis,
588 2323 758 2383 tertio
791 2323 919 2387 sine
950 2322 1083 2378 cibo
1114 2327 1169 2379 et
1217 2326 1386 2399 potu,
1447 2336 1651 2377 coram
1707 2321 1828 2383 Deo
1877 2336 2014 2393 per-

359 2412 603 2485 mansit,
633 2428 814 2468 orans
844 2415 909 2466 ut
933 2411 1314 2466 misereretur
1344 2409 1571 2483 populo
1603 2424 1734 2476 suo,
1794 2412 1851 2464 et
1891 2424 2015 2464 non

360 2499 747 2555 subtraheret
774 2499 1049 2557 inducias
1077 2498 1274 2557 datas.
1306 2498 1415 2564 Qui
1444 2497 1660 2559 iterum
1688 2497 1879 2551 ﬂexus
1938 2496 2017 2553 ad

360 2588 643 2660 pietatem
671 2588 949 2645 misertus
974 2593 1079 2656 est,
1113 2593 1170 2643 et
1198 2591 1503 2660 utcunque
1546 2602 1619 2642 ex
1649 2591 1818 2659 parte
1865 2586 2016 2655 miti-

363 2677 527 2747 gavit
547 2675 702 2733 iram
734 2675 950 2733 furoris
984 2677 1095 2762 sui,
1125 2676 1432 2733 sustinens
1493 2676 1692 2743 adhuc
1749 2674 2019 2743 inducia-

367 2781 509 2821 rum
542 2764 827 2842 spatium.

988 2907 1219 2963 CAPUT
1257 2906 1371 2963 XV.

2122 1791 2222 1849 bet
2258 1791 2660 1859 ordinatorem
2689 1792 2819 1863 ejus
2849 1791 3203 1860 Altissimus,
3262 1806 3340 1849 ne
3386 1791 3669 1862 imponat
3696 1790 3786 1850 illi

2123 1896 2342 1943 manus
2372 1880 2431 1949 in
2457 1880 2871 1947 benedictione
2896 1880 3242 1953 episcopali.
3270 1882 3338 1936 Et
3359 1880 3491 1937 haec
3539 1878 3783 1948 dicens,

2123 1969 2444 2031 Dominum
2478 1975 2720 2026 secutus
2751 1974 2855 2033 est.
2880 1972 3001 2038 Ego
3038 1974 3242 2031 autem
3263 1968 3528 2026 adorans
3552 1973 3611 2024 et
3642 1984 3791 2037 εζητ

2126 2059 2236 2121 tias,
2266 2074 2474 2129 agens,
2498 2058 2673 2127 retuli
2703 2058 2984 2115 universa
3014 2058 3469 2130 archiepiscopo
3486 2073 3652 2127 meo,
3675 2058 3790 2130 qui

2122 2164 2264 2217 mox
2287 2149 2573 2221 scriptum
2601 2148 2761 2207 misit
2786 2146 3103 2213 oraculum
3152 2146 3313 2207 istud
3365 2146 3493 2216 regi
3541 2146 3787 2207 Carolo.

2122 2241 2189 2295 Et
2215 2253 2328 2309 ego
2350 2242 2647 2305 conventu
2676 2237 3120 2309 episcoporum,
3141 2236 3248 2309 qui
3275 2234 3355 2303 ob
3369 2236 3487 2293 hoc
3509 2237 3790 2295 Senonas

2122 2331 2550 2393 convenerunt,
2581 2331 2863 2387 monente
2908 2326 3040 2396 jam
3094 2324 3257 2387 dicto
3297 2324 3787 2397 archiepiscopo,

2121 2415 2294 2474 retuli
2317 2415 2483 2479 illud.
2505 2416 2613 2484 Qui
2640 2414 2835 2487 primo
2866 2414 3113 2486 quidem
3141 2413 3466 2478 noluerunt
3494 2413 3792 2475 ordinare

2123 2504 2479 2577 episcopum
2526 2504 2812 2569 eumdem
2862 2501 3295 2571 Burehardum,
3354 2508 3479 2565 tam
3531 2503 3791 2565 evidens

2126 2593 2227 2653 Dei
2253 2592 2566 2661 oraculum
2614 2599 3023 2665 pavescentes.
3070 2591 3184 2655 Sed
3238 2591 3567 2664 imperium
3620 2592 3791 2661 regis

2124 2687 2356 2756 postea,
2388 2685 2446 2739 et
2474 2681 2799 2749 multorum
2827 2681 3251 2753 episcoporum
3307 2696 3379 2737 ac
3431 2680 3789 2753 principum

2123 2771 2294 2842 regni
2318 2786 2652 2829 consensus
2680 2770 3023 2843 praevaluit,
3073 2773 3133 2827 et
3159 2785 3369 2826 mense
3386 2773 3610 2842 quarto
3637 2770 3796 2829 anni

2127 2860 2511 2929 Induciarum
2550 2860 2717 2931 noui,
2749 2858 3061 2923 ordinatus
3091 2862 3182 2919 est
3204 2859 3549 2931 episcopus.
3595 2859 3791 2930 Cujus

2127 2949 2570 3017 ordinationem
2601 2953 2802 3022 aperte
2857 2948 2947 3013 ira
3003 2948 3104 3007 Dei
3152 2963 3296 3011 mox
3341 2951 3548 3009 secuta
3576 2952 3687 3015 est,
3724 2953 3794 3011 et

436 3035 508 3127 Et
525 3031 753 3127 factum
787 3035 879 3088 est
911 3045 1072 3127 anno
1099 3034 1223 3102 853,
1255 3031 1370 3087 hoc
1396 3035 1484 3127 est
1509 3030 1893 3127 lnduciariim
1916 3046 2019 3127 no-
2057 3069 2101 3127 ο
2129 3038 2397 3112 sequenti
2426 3054 2633 3097 mense
2660 3053 2765 3110 per
2794 3041 2985 3101 totum
3011 3036 3311 3103 mundum
3338 3040 3531 3127 vento
3564 3044 3789 3095 urente

364 3136 465 3193 no,
496 3121 665 3177 tertio
694 3136 921 3188 mense,
945 3121 1161 3177 iterum
1208 3120 1480 3177 evocavit
1498 3136 1595 3176 me
1632 3136 1738 3176 rex
1770 3120 2018 3177 Carolus

362 3210 440 3267 ad
471 3225 555 3267 se.
586 3212 814 3269 Etcum
864 3210 1236 3289 principibus
1291 3208 1711 3280 Ecclesiarum,
1763 3209 2013 3265 testibus

362 3298 705 3364 Wanilone,
738 3299 1078 3371 Hinemaro,
1110 3298 1432 3375 Amalrieo,
1466 3298 1860 3379 Leopardulo,
1922 3314 2016 3353 ve-

364 3386 733 3443 nerabilibus
762 3387 1245 3460 archiepiscopis,
1278 3391 1569 3461 prazsente
1593 3385 2016 3453 Christianissi-

362 3492 466 3540 ma
486 3475 694 3551 regina
706 3464 1113 3544 Ermentrude,
1137 3475 1315 3547 erepit
1338 3475 1675 3551 percontari
1696 3475 1770 3539 de
1785 3476 1875 3530 his
1888 3491 2017 3530 om-

364 3566 568 3633 nibus,
597 3564 691 3629 vel
722 3564 773 3627 si
801 3565 858 3631 in
894 3564 1097 3641 aliquo
1119 3563 1445 3638 potuissem
1470 3564 1835 3636 deprehendi
1858 3580 2021 3620 men-

364 3654 541 3711 dacio
572 3652 884 3719 sciscitari.
917 3656 991 3710 At
1019 3669 1131 3723 ego
1156 3653 1218 3709 in
1245 3669 1521 3719 sermone
1546 3654 1778 3711 Domini
1805 3653 2020 3709 iterum

364 3744 446 3805 illi
479 3748 543 3809 ut
563 3759 745 3817 supra
772 3743 992 3817 scripta
1023 3747 1163 3809 sunt
1194 3743 1402 3807 omnia
1429 3743 1724 3807 enarravi.
1757 3743 1866 3809 Qui
1900 3760 2020 3798 caa-

364 3833 452 3907 pit
481 3832 695 3900 iterum
754 3836 934 3907 atque
983 3832 1198 3889 iterum
1255 3832 1600 3905 promittere
1652 3831 1819 3905 quod
1866 3830 2020 3888 infra

365 3922 519 3988 duos
540 3937 778 3977 menses
802 3922 993 3987 sancti
1012 3920 1239 3985 Martini
1258 3920 1591 3989 ecclesiam,
1616 3936 1724 3976 seu
1751 3924 2016 3988 caeteras,

366 4029 503 4085 quae
522 4011 884 4067 videbantur
900 4016 1143 4080 apertas,
1172 4011 1233 4066 in
1256 4026 1365 4065 suo
1398 4009 1605 4065 ordine
1633 4009 2016 4073 restituisset:

366 4100 533 4174 quod
554 4116 677 4165 non
700 4100 1069 4175 adimplevit.
1099 4100 1212 4158 Sed
1238 4099 1315 4158 ad
1338 4099 1795 4174 provocandam
1821 4099 2020 4167 adhuc

365 4191 521 4253 iram
566 4188 1022 4262 Omnipotentis,
1097 4188 1403 4245 accersivit
1440 4188 1773 4261 quemdam
1815 4189 2019 4245 diaco-

364 4295 536 4357 num,
567 4278 809 4343 nomine
840 4277 1273 4347 Burchardum,
1323 4277 1425 4350 qui
1484 4283 1611 4334 erat
1657 4296 1688 4334 e
1750 4279 2020 4351 partibus

371 4368 632 4431 Lotharii
659 4368 833 4439 regis,
867 4372 924 4433 et
952 4368 1401 4434 commendavit
1426 4367 1509 4431 illi
1535 4368 1861 4426 Ecclesiam
1885 4369 2021 4427 Car-

372 4457 741 4527 nutensium,
777 4462 840 4515 ut
864 4461 1019 4513 esset
1048 4457 1108 4513 in
1138 4473 1209 4513 ea
1233 4457 1499 4530 pontifex
1534 4476 1547 4527 ;
1591 4474 1663 4513 ac
1697 4458 1747 4517 si
1788 4458 2019 4525 nullum

370 4547 429 4603 in
452 4562 640 4623 regno
666 4547 955 4616 dignioris
986 4546 1247 4609 nominis
1278 4546 1556 4611 clericum
1606 4547 1873 4613 invenire
1918 4563 2014 4625 ρος

368 4636 594 4701 luisset.
622 4639 687 4693 Et
716 4635 864 4701 dixit
887 4634 1175 4700 Weniloni
1208 4638 1512 4697 Senonum
1545 4636 2018 4715 archiepiscopo,

369 4730 430 4789 ut
453 4742 592 4791 eum
623 4724 927 4791 ordinaret
956 4724 1331 4801 episcopum,
1382 4724 1620 4783 Vocavit
1674 4732 1873 4785 autem
1925 4742 2022 4782 me

368 4813 528 4879 idem
555 4814 1070 4891 archiepiscopus,
1102 4818 1159 4875 et
1183 4812 1371 4877 dixit:
1421 4813 1550 4877 Seio
1596 4813 1674 4870 ad
1727 4814 1878 4871 iram
1922 4814 2023 4871 Dei

369 4903 821 4972 provocandam
850 4919 1053 4974 regem
1080 4906 1357 4967 nostrum
1389 4901 1669 4968 Carolum
1699 4903 1912 4972 egisse,
1959 4907 2023 4960 ut

369 4990 783 5057 Burehardum
810 5008 845 5059 a
876 4992 1149 5066 partibus
1182 4990 1443 5057 Lotharii
1472 4995 1767 5061 evocaret,
1799 4996 1855 5053 et
1878 5007 2020 5069 pas-

373 5082 563 5143 torem
599 5078 871 5141 Ecclesiae
900 5079 1300 5145 constitueret.
1335 5083 1485 5136 Nam
1516 5079 1590 5135 de
1620 5095 1690 5135 eo
1737 5096 1843 5153 per
1899 5082 2023 5141 uni-

368 5181 574 5229 versas
604 5167 772 5239 regni
793 5167 974 5243 hujus
1004 5168 1402 5233 ecelesias.,...
1436 5166 1605 5233 fasua
1621 5173 1677 5224 et
1697 5169 1859 5225 dictu
1887 5168 2023 5225 hor-

369 5254 554 5317 ribilis
580 5254 890 5327 divulgata
919 5260 1025 5311 est.
1056 5256 1169 5313 Sed
1196 5255 1246 5311 si
1276 5271 1411 5310 esse
1432 5262 1636 5329 posset
1666 5262 1728 5315 ut
1771 5259 1870 5313 Dei
1902 5259 2021 5315 ira-

367 5342 591 5407 cundia
620 5359 743 5405 non
766 5348 1215 5416 provocaretur,
1247 5344 1391 5416 quia
1422 5346 1586 5417 apud
1633 5347 1837 5411 saeculi
1890 5364 2027 5405 cau-

370 5446 501 5491 sam
534 5435 811 5495 strenuus
834 5448 966 5489 esse
1000 5431 1389 5504 dignoscitur,
1416 5449 1563 5501 rogo
1581 5440 1633 5491 te
1659 5436 2025 5501 omnimodis

371 5523 438 5574 ut
456 5533 589 5575 ores
621 5520 830 5591 Deum,
859 5525 1157 5592 quatenus
1206 5522 1486 5592 dignetur
1543 5524 1644 5581 tibi
1687 5521 2025 5594 ostendere,

372 5606 422 5661 si
440 5623 570 5662 esse
583 5608 900 5679 possitullo
924 5609 1125 5680 modo,
1157 5616 1221 5667 ut
1252 5612 1583 5669 secundum
1602 5614 1731 5684 ejus
1759 5615 2027 5674 volunta-

372 5698 492 5759 tem
537 5694 698 5764 idem
737 5697 1117 5767 Burebardus
1182 5699 1305 5765 fieri
1356 5706 1658 5769 mereatur
1701 5705 2025 5783 episcopus

2127 3144 2426 3201 percussm
2457 3132 2596 3185 sunt
2629 3127 2840 3197 vinem,
2874 3130 3252 3198 tempestates
3308 3129 3367 3184 et
3414 3126 3679 3187 tonitrua
3723 3130 3794 3185 et

2125 3215 2392 3291 pericula
2422 3215 2651 3284 coalitus
2680 3216 2835 3281 ultra
2888 3231 3079 3287 quam
3125 3214 3245 3272 dici
3290 3215 3480 3288 possit
3528 3215 3787 3273 emissa.

2127 3307 2470 3377 Eodemque
2502 3320 2663 3360 anno
2710 3305 3058 3360 Nortmanni
3116 3320 3224 3376 per
3276 3304 3494 3374 Ligeris
3535 3303 3793 3364 alveum

2126 3395 2516 3451 ascendentes
2580 3393 3013 3459 monasterium
3071 3393 3260 3450 sancti
3314 3392 3542 3449 Martini
3588 3394 3790 3450 Turo-

2127 3501 2333 3555 nense,
2363 3488 2419 3549 et
2443 3483 2755 3551 basilicam
2784 3482 2914 3553 ejus
2970 3486 3095 3538 toto
3144 3481 3291 3545 orbe
3344 3481 3787 3555 venerabilem,

2128 3573 2293 3643 nullo
2321 3573 2617 3639 obstante,
2669 3586 2876 3631 mense
2929 3587 3093 3635 nono
3138 3569 3486 3635 incendunt.
3549 3573 3791 3644 Corpus

2128 3668 2327 3729 autem
2359 3661 2517 3729 beati
2548 3661 2757 3727 domni
2783 3659 3011 3725 Martini
3067 3659 3263 3727 clerici
3313 3675 3447 3731 θμιε
3501 3659 3644 3721 inde
3696 3660 3790 3718 fu-

2128 3753 2355 3823 gientes
2384 3766 2586 3815 secum
2617 3753 3008 3822 portaverunt
3036 3748 3098 3806 in
3157 3748 3594 3809 monasterium
3647 3765 3789 3809 mo-

2128 3841 2462 3905 nachorum
2490 3838 2656 3911 quod
2685 3838 2899 3893 dicitur
2931 3838 3307 3903 Cormaricus
3343 3838 3538 3900 eidem
3569 3844 3791 3899 sancto

2130 3930 2488 4000 subjectum.
2516 3932 2677 3995 Tunc
2706 3932 2949 4000 pactum
2978 3926 3147 3999 quod
3163 3926 3480 4000 pepigerat
3509 3927 3789 3985 Christus

2128 4034 2267 4087 cum
2307 4017 2549 4087 regibus
2601 4016 2832 4086 irritum
2883 4016 3108 4083 factum
3159 4023 3267 4085 est,
3322 4016 3467 4088 quia
3522 4032 3649 4072 non
3702 4018 3791 4074 ad

2129 4107 2612 4173 emendationem
2644 4121 2705 4160 se
2738 4104 2857 4161 ullo
2890 4105 3095 4175 modo,
3128 4104 3232 4163 sed
3282 4104 3661 4178 apertissime
3703 4107 3791 4167 ad

2129 4197 2581 4269 provocandam
2615 4210 2794 4266 super
2825 4210 2887 4251 se
2919 4194 3114 4265 magis
3144 4194 3296 4263 iram
3343 4194 3447 4261 Dei
3495 4194 3754 4267 omnipo
3775 4226 3791 4236 -

2130 4288 2303 4342 tentis
2336 4288 2772 4347 converterunt.
2805 4282 3026 4349 Idcirco
3075 4288 3132 4351 et
3182 4283 3380 4349 omnis
3428 4298 3550 4355 pax
3602 4288 3794 4356 rupta

2133 4379 2221 4431 est
2249 4379 2305 4429 et
2335 4389 2514 4429 omne
2545 4372 2776 4435 malum
2800 4371 3014 4431 iterum
3037 4387 3145 4427 ceu
3184 4372 3545 4439 reviviscens
3597 4388 3794 4445 super

2128 4479 2342 4521 omnes
2369 4462 2648 4521 ecclesias
2681 4460 2843 4519 velut
2868 4460 3255 4529 intolerabilis
3277 4461 3460 4525 maris
3493 4461 3793 4534 procella,

2131 4550 2668 4625 superinundavit;
2699 4554 2763 4606 ut
2794 4550 2939 4606 nulli
2991 4550 3248 4613 dubium
3277 4566 3406 4606 esse
3455 4555 3662 4622 posset
3714 4551 3796 4606 ﬁ-

2130 4640 2245 4697 deli
2268 4644 2372 4707 aut
2392 4639 2618 4695 inﬁdeli
2648 4639 2738 4696 ira
2768 4639 2869 4697 Dei
2895 4639 3124 4705 caelitus
3152 4639 3442 4696 Ecclesiae
3479 4655 3697 4695 omnes
3732 4647 3799 4699 et

2130 4734 2319 4786 totum
2347 4728 2646 4789 mundum
2681 4728 2948 4801 undique
2979 4732 3036 4784 et
3081 4728 3307 4801 ubique
3355 4730 3791 4800 conquassari.

2129 4822 2291 4887 Tune
2347 4819 2613 4885 maxima
2660 4833 2800 4891 pars
2848 4817 3160 4886 legationis
3217 4833 3368 4874 meas
3420 4817 3585 4873 irrita
3622 4816 3799 4876 facta

2131 4913 2238 4974 est,
2265 4912 2321 4965 et
2349 4907 2547 4963 omnis
2584 4906 2856 4975 confusio
2884 4911 2940 4973 et
2988 4906 3329 4973 maledictio
3381 4905 3561 4978 erepit
3602 4923 3798 4980 supe-

2129 4996 2479 5063 rinundare.

2736 5085 2961 5143 CAPUT
2999 5087 3180 5141 XVIII.

2201 5174 2354 5240 Audi
2378 5189 2473 5241 me
2528 5173 2726 5239 frater.
2757 5174 2859 5229 Hic
2892 5178 2982 5243 est
3012 5172 3169 5239 fons,
3202 5172 3278 5229 de
3303 5189 3427 5248 quo
3463 5173 3654 5243 multo
3706 5174 3803 5233 la-

2130 5262 2276 5323 bore
2306 5267 2364 5320 et
2392 5262 2588 5318 studio
2617 5262 2852 5319 edidisti
2872 5261 3276 5323 venerabilem
3324 5262 3548 5332 librum
3599 5279 3805 5335 quem

2132 5352 2285 5409 bene
2316 5351 2556 5415 titulasti
2590 5351 2663 5407 de
2694 5353 2878 5413 Fonte
2907 5352 3061 5408 vitaz.
3098 5354 3162 5415 Et
3183 5350 3328 5413 dixit
3360 5351 3505 5415 mihi
3533 5350 3754 5419 doctor
3784 5373 3800 5410 :

2136 5441 2521 5509 Recognosce
2540 5441 2836 5512 scyphum
2858 5441 3039 5505 istum
3066 5458 3079 5496 ε
3109 5441 3183 5495 de
3210 5456 3281 5495 eo
3302 5439 3552 5511 quidem
3579 5443 3809 5498 carmi-

2134 5546 2215 5587 na
2228 5528 2390 5584 clara
2408 5528 2469 5584 in
2484 5535 2818 5586 memorato
2838 5530 3007 5586 Libro
3019 5529 3153 5587 vitae
3175 5528 3354 5588 fenus
3371 5530 3803 5602 composuisti.

2727 5616 2949 5674 CAPUT
2996 5618 3183 5675 XXIV.

2213 5707 2279 5761 Et
2302 5708 2441 5769 tunc
2463 5706 2643 5791 cespit
2672 5706 2851 5775 (Deus
2894 5709 3065 5779 Pater
3113 5706 3356 5777 scilicet}
3408 5721 3446 5777 a
3490 5707 3809 5784 principio
