3944 6414
148 291 213 347 29
1127 282 1416 345 Αιῡιιιοι
1453 283 1999 346 ωοιικικειε
2030 284 2353 344 κηδοοη
2398 287 2556 343 "TA
3497 293 3573 349 3O

150 414 400 470 universa
430 408 697 467 dolendo
754 413 1042 484 repetere,
1094 411 1341 469 dicens:
1398 415 1462 469 In
1502 412 1621 479 die,
1666 411 1788 480 ﬁli,
1823 413 1871 466 A
1899 409 2202 483 quitiaa,et
2224 411 2457 485 absque
2484 411 2608 469 ulla
2628 411 2983 485 pauitantia
3005 411 3071 468 in
3090 412 3179 469 eis
3207 413 3561 486 perdurant.

146 519 252 577 qua
276 500 611 556 secundum
642 505 809 556 tuam
857 501 1296 559 humanitatem
1342 501 1715 559 resurrexisli
1755 517 1792 557 a

148 591 394 655 mortuis,
430 588 749 663 postulasti
788 605 826 646 α
870 606 967 646 me
997 591 1412 664 omnipotente
1460 595 1632 648 Patre
1662 596 1787 657 tuo,

147 681 510 754 omnipotens
566 679 687 747 Fili,
720 680 868 735 mihi
911 695 1020 753 per
1063 682 1272 737 omnia
1319 681 1665 755 coaequans,
1735 683 1792 737 et

148 768 680 839 consubstantiaiis,
707 773 765 825 et
803 769 941 825 dedi
990 769 1097 825 tibi
1130 775 1337 840 gentes
1379 772 1442 827 in
1480 771 1797 828 bmredita-

146 863 339 917 tem.Et
352 874 518 914 nunc
536 858 705 914 vides
718 859 1032 932 quomodo
1052 876 1209 933 quos
1228 861 1533 917 redemisti
1549 866 1607 917 et
1627 862 1794 916 (lese-

146 955 288 1017 rnnt,
310 952 363 1004 et
382 953 595 1005 contra
617 954 692 1013 te,
724 949 907 1021 quite
936 955 1420 1019 cognoveruntet
1439 951 1693 1007 adorare
1705 950 1793 1006 (ἰὶ-

146 1040 417 1108 dicarunt,
452 1054 628 1094 arma
658 1038 974 1111 tyrannica
991 1055 1132 1096 cum
1154 1045 1535 1097 sacramento
1552 1040 1791 1096 militari

146 1129 313 1201 partis
340 1127 613 1183 adversae
649 1143 890 1183 sumere
937 1143 1062 1185 non
1092 1134 1233 1186 sunt
1277 1130 1470 1186 veriti.
1512 1133 1637 1201 Ego
1659 1132 1791 1203 qni-

146 1218 289 1285 drm,
308 1216 430 1285 Fili,
446 1217 672 1273 multas
713 1217 1011 1283 inducias,
1032 1222 1085 1275 te
1105 1219 1356 1285 volente,
1385 1226 1447 1276 ut
1468 1220 1549 1277 ab
1563 1221 1677 1276 hac
1692 1237 1793 1276 ne-

144 1307 314 1381 quitia
331 1307 689 1380 ptenitendo
707 1307 1145 1380 resipiscerent,
1166 1325 1280 1382 pro
1294 1309 1380 1365 eis
1417 1324 1517 1365 me
1538 1326 1711 1383 mque
1733 1314 1793 1367 et

144 1402 211 1464 te,
232 1411 295 1453 ac
318 1395 606 1469 Spiritum
622 1402 897 1453 nostrum
923 1404 1025 1453 ate
1045 1413 1263 1472 meque
1274 1415 1445 1472 mque
1461 1401 1791 1473 proceden-

143 1494 270 1550 tem,
302 1487 602 1561 nobisque
629 1503 738 1561 per
762 1489 968 1545 omnia
1004 1504 1367 1563 coaequuum
1401 1496 1454 1545 et
1498 1491 1791 1547 consubs-

144 1576 455 1643 tantialem,
492 1577 885 1634 exorantibus
909 1580 1137 1635 sanctis
1170 1579 1282 1635 tuis
1314 1579 1430 1636 illis
1461 1581 1732 1637 concessi
1773 1601 1785 1638 :

142 1685 283 1741 quas
315 1667 731 1738 neglexerunt,
774 1672 831 1725 et
874 1667 935 1724 in
967 1669 1249 1742 superbia
1278 1670 1485 1726 omnia
1514 1672 1645 1727 haec
1681 1687 1793 1744 pro

141 1757 310 1815 nihilo
337 1758 663 1814 duxerunt.
685 1762 1114 1833 Auxeruntque
1135 1760 1337 1834 potius
1359 1760 1472 1817 sibi
1489 1777 1675 1835 opera
1690 1777 1792 1817 ne-
1822 1753 1864 1807 Β

1899 500 2171 573 Cumque
2198 501 2261 557 in
2289 502 2405 558 hoc
2435 503 2646 559 crebro
2679 501 2759 558 ab
2793 502 2909 558 illis
2956 502 3266 576 dispectus
3294 502 3569 560 aiﬁeerer

1901 589 2101 657 taedio,
2125 591 2441 662 evaginavi
2470 592 2737 663 gladium
2785 608 2992 648 meum
3047 597 3114 648 ut
3166 593 3569 650 interﬁcerem

1901 696 2026 746 eos,
2057 684 2116 736 et
2144 686 2389 753 quantas
2413 683 2770 740 infelicitatis
2786 686 3004 745 essent,
3024 697 3094 739 ac
3126 686 3373 755 quantae
3398 682 3566 755 apud

1900 786 1999 826 me
2028 771 2403 843 dejectionis,
2432 774 2779 837 ostendens,
2833 773 2994 830 diem
3026 773 3475 830 sanctissimum
3508 778 3571 830 et

1901 861 2359 918 celeberrimum
2392 864 2637 920 Pascha)
2664 864 2782 919 ritu
2820 879 3067 937 pagano
3118 864 3179 921 in
3227 865 3432 920 medio
3462 880 3563 921 eo-

1899 969 2035 1008 rum
2064 953 2228 1025 apud
2250 952 2465 1009 urbem
2488 954 2854 1011 Parisiacam
2876 954 3163 1010 maculari
3185 954 3435 1027 permisi
3462 974 3475 1023 ;
3500 958 3567 1010 ut

1898 1041 1997 1100 vel
2025 1042 2108 1099 sic
2137 1043 2550 1115 experirentur
2577 1049 2832 1100 mortem
2887 1044 2998 1100 sibi
3029 1045 3251 1101 instare
3290 1044 3562 1111 vicinius,

1900 1132 2005 1206 qui
2037 1132 2270 1189 Pascha
2284 1148 2530 1189 sacrum
2561 1134 2621 1189 in
2652 1133 3053 1190 celeberrimis
3106 1150 3355 1191 suorum
3405 1134 3567 1193 loco-

1901 1239 2038 1279 rum
2062 1223 2329 1280 basilicis
2355 1224 2522 1293 digni
2570 1223 2872 1281 celebrare
2917 1224 3169 1280 minime
3195 1225 3561 1282 viderentur.

1902 1313 2019 1370 Sed
2046 1313 2123 1369 illi
2157 1318 2358 1369 mente
2383 1314 2649 1387 superba
2694 1316 2755 1372 in
2787 1314 2913 1370 suis
2945 1314 3266 1370 sceleribus
3295 1314 3563 1372 obstina-

1902 1403 2128 1460 tissime
2158 1403 2668 1471 obdnrnerunt,et
2697 1420 2810 1476 ego
2839 1405 3145 1460 exsurrexi
3171 1403 3232 1460 in
3261 1404 3352 1460 ira
3376 1410 3442 1469 ut
3466 1405 3565 1460 de-

1898 1492 2085 1549 lerem
2112 1510 2218 1550 eos
2250 1510 2462 1549 omnes
2519 1494 2634 1551 Sed
2687 1499 2752 1550 tu
2800 1493 3145 1550 continuisti
3177 1510 3294 1560 me,
3342 1498 3400 1549 et
3450 1494 3564 1549 has

1900 1582 2200 1639 decennes
2229 1582 2505 1639 inducias
2530 1583 2769 1639 voluisti
2823 1583 2937 1639 illis
2986 1599 3227 1639 mecum
3257 1583 3563 1655 insepara-

1900 1671 2035 1727 bilis
2064 1672 2341 1729 voluntas
2369 1672 2449 1728 ad
2478 1672 2892 1747 paenitentiam
2923 1673 3123 1729 adhuc
3151 1672 3318 1738 dare,
3352 1676 3461 1728 etc.

1810 1886 3566 1917 Ἣ

1516 2037 1662 2077 ANNO
1700 2037 1897 2079 DOMINI
1935 2037 2167 2079 DCCCLVI

1377 2209 2332 2363 ALDRICUS

697 2454 1999 2600 CENOMANENSIS
2054 2472 3018 2601 EPISCOPUS.

1634 2678 1715 2685 .m—nw
1742 2679 1829 2685 .7...»

1136 2779 1743 2898 GESTA
1820 2779 2567 2898 ALDBIGI

1338 2964 1388 3017 A
1421 2964 1812 3021 mscnruus
1842 2964 2011 3023 EJUS
2045 2948 2364 3031 SCRIPTAe

1124 3087 1325 3160 (Apud
1352 3088 1568 3156 Baluz.,
1600 3087 1970 3179 Miscellanea
1992 3088 2299 3156 historica,
2328 3091 2475 3147 tom.
2509 3089 2575 3157 Ι).

200 3396 414 3454 Domus
441 3395 730 3454 Aldricus
772 3397 1191 3455 Cenomanicae
1244 3398 1413 3455 urbis
1444 3400 1794 3475 episcopus,

140 3484 357 3542 natione
383 3486 579 3566 patris
611 3503 686 3543 ex
712 3492 884 3560 parte
915 3489 1182 3545 Francus
1215 3488 1338 3544 sive
1372 3492 1549 3560 Saxo,
1587 3489 1795 3547 matris

138 3590 358 3649 quoque
385 3593 461 3633 ex
492 3582 671 3651 parte
697 3576 1031 3634 Alamanus
1073 3582 1255 3650 atque
1288 3577 1656 3650 Bajuvarius.
1689 3580 1797 3634 Pa-

140 3667 213 3717 ter
240 3665 361 3737 ejus
386 3665 836 3723 nominabatur
851 3665 1012 3735 Sion,
1040 3672 1233 3722 mater
1261 3683 1506 3741 quoque
1539 3668 1670 3740 ejus
1693 3670 1796 3724 Ge-

136 3751 301 3810 rildis.
336 3755 667 3814 Praedictus
692 3771 838 3827 ergo
869 3756 1190 3830 episcopus
1210 3757 1376 3828 regia
1408 3773 1480 3812 ex
1507 3756 1795 3829 progenie

139 3846 284 3898 ortus
308 3850 488 3920 atque
522 3844 663 3903 aliis
694 3844 1086 3900 nobilissimis
1117 3845 1473 3919 parentibus
1519 3850 1608 3901 est
1653 3862 1794 3920 pro-

138 3937 373 3990 creatus.
404 3935 498 3994 Ab
526 3932 792 3993 infantia
820 3938 1022 3990 autem
1054 3951 1195 4001 cum
1244 3934 1545 4008 episcopis
1577 3935 1796 3991 enutri-

139 4024 217 4075 tus
245 4028 421 4098 atque
454 4025 539 4080 ab
576 4023 662 4079 eis
684 4022 963 4081 nobiliter
993 4029 1048 4080 et
1079 4024 1381 4098 sapienter
1410 4029 1498 4080 est
1538 4024 1794 4080 instruc-

140 4114 216 4164 tus
243 4132 253 4178 ;
281 4112 710 4171 ecclesiasticis
726 4129 972 4189 quoque
1003 4112 1336 4188 disciplinis
1366 4114 1703 4171 voluntarie
1734 4130 1795 4169 se

138 4199 493 4271 submittens,
527 4202 952 4260 ordinabiliter
998 4207 1518 4278 congruenterque
1576 4208 1669 4261 est
1710 4203 1796 4259 in-

135 4303 440 4349 oonnexus.
474 4296 617 4353 Jam
651 4292 813 4349 enim
857 4292 1179 4349 duodecim
1230 4308 1424 4349 annos
1471 4292 1727 4361 habens,
1762 4309 1798 4349 a

133 4380 241 4446 jam
266 4381 426 4439 dicto
454 4387 638 4456 patre
668 4397 780 4438 suo
810 4380 890 4439 ad
918 4382 1211 4455 palatium
1254 4382 1549 4441 deductus
1603 4388 1711 4457 est,
1742 4387 1799 4439 et

140 4468 372 4536 εἰσίοςο
406 4472 633 4531 Carolo
668 4473 1030 4528 Francorum
1065 4472 1188 4543 regi
1235 4476 1415 4549 atque
1445 4472 1674 4529 domno
1688 4475 1799 4529 Lu-

138 4556 324 4617 dovico
355 4562 490 4637 ejus
517 4561 651 4617 ﬁlio
676 4561 1007 4621 honoriﬁce
1034 4559 1518 4634 commendatus,
1538 4566 1592 4618 et
1614 4561 1692 4617 ab
1723 4578 1794 4618 eo

1829 3314 1869 3370 C
1909 3316 2130 3367 secrete
2160 3310 2432 3384 psalmOs
2450 3312 2595 3369 suos
2616 3315 2888 3381 cantans,
2909 3312 3192 3370 instinctu
3217 3312 3422 3369 divino
3445 3329 3571 3369 cor-

1905 3401 1980 3456 de
2005 3401 2352 3461 admonitus
2399 3405 2582 3467 estut
2608 3401 2882 3458 militiam
2916 3401 3266 3461 szecularem
3315 3402 3571 3458 dimitte-

1903 3495 1993 3546 ret
2018 3495 2075 3546 et
2101 3491 2354 3547 Domino
2379 3490 2766 3551 solummodo
2807 3490 3089 3549 famulari
3121 3491 3402 3547 studeret.
3440 3495 3568 3573 Ipse

1903 3595 2151 3654 quoque
2177 3580 2604 3642 adhuctenerae
2631 3581 2818 3637 (aetatis
2838 3586 2965 3637 erat
2990 3585 3170 3660 atque
3193 3579 3354 3653 pube
3372 3585 3565 3641 tenus.

1902 3671 2064 3728 Tunc
2096 3669 2293 3744 primo
2322 3670 2415 3726 is..
2447 3687 2509 3727 se
2524 3670 2869 3751 incipiebat,
2898 3671 3113 3733 timens
3141 3671 3319 3728 valde
3348 3687 3424 3727 ne
3452 3671 3569 3729 hoc

1903 3756 1985 3812 illi
2014 3755 2315 3815 diabolica
2355 3775 2427 3817 ex
2451 3762 2619 3836 parte
2650 3763 3089 3829 suggereretur,
3124 3758 3344 3815 obnixe
3379 3762 3567 3817 Deum

1903 3843 2263 3918 deprecatus
2297 3850 2385 3902 est
2431 3850 2514 3914 ut,
2554 3846 2976 3903 intercessione
3018 3846 3209 3905 beatas
3261 3846 3475 3918 Mariis,
3506 3848 3568 3903 in

1905 3936 2080 4009 cujus
2110 3934 2361 3993 ecclesia
2388 3936 2622 4008 orabat,
2652 3936 2697 3991 si
2725 3936 3008 3995 divinitus
3025 3936 3154 4008 jam
3172 3935 3332 4003 dicta
3360 3936 3569 3999 volun-

1902 4028 1995 4080 tas
2028 4024 2088 4079 in
2111 4024 2241 4097 ejus
2264 4025 2442 4080 corde
2464 4030 2825 4098 versaretur,
2854 4025 3240 4082 manifestum
3268 4025 3317 4081 ei
3332 4041 3441 4098 pro
3458 4042 3569 4082 sua

1904 4112 2315 4170 misericordia
2330 4112 2549 4170 faceret
2565 4133 2578 4184 ;
2596 4114 2688 4170 sin
2710 4119 2910 4171 autem
2941 4113 3242 4177 diabolica
3267 4115 3567 4177 immissio

1906 4205 2081 4269 esset,
2117 4201 2383 4258 similiter
2405 4208 2462 4258 et
2489 4203 2606 4260 hoc
2635 4204 2716 4260 illi
2748 4209 2959 4264 notum
2987 4203 3224 4273 faceret.
3270 4205 3429 4261 Totis
3456 4205 3568 4263 ita-

1903 4306 2022 4363 que
2045 4290 2278 4347 nisibus
2310 4296 2367 4351 et
2396 4292 2691 4349 ﬂectendo
2709 4309 2928 4365 genua,
2955 4299 3285 4377 pectusque
3314 4293 3571 4351 tunden-

1903 4379 2006 4452 do,
2039 4384 2176 4436 ante
2201 4380 2502 4455 praedictas
2534 4388 2753 4439 sanctae
2784 4382 2975 4441 Mariae
3010 4397 3181 4439 aram
3208 4386 3567 4461 deprecatus

1903 4474 1992 4525 est
2022 4472 2087 4525 ut
2115 4469 2346 4525 domini
2378 4486 2449 4526 ex
2467 4470 2583 4526 hoc
2614 4470 3141 4528 meruissetfacere
3172 4471 3566 4545 voluntatem,

1904 4562 1971 4613 ut
1994 4557 2274 4615 diabolus
2288 4575 2428 4615 eum
2456 4559 2782 4619 seducendi
2807 4559 3042 4621 nullum
3068 4560 3272 4617 locum
3298 4560 3564 4617 haberet.

138 4651 208 4702 est
231 4648 514 4708 decenter
546 4655 889 4725 susceptus.
923 4655 1053 4725 lpse
1082 4649 1356 4708 videlicet
1381 4651 1666 4707 omnibus
1691 4651 1793 4707 bo-
1824 4674 1866 4728 ι)
1906 4646 2037 4719 Ipse
2069 4647 2232 4702 enim
2276 4646 2558 4705 divinitus
2611 4651 2673 4705 in
2726 4649 3028 4709 antedicta
3070 4648 3234 4709 bona
3265 4649 3568 4706 voluntate

138 4736 211 4791 nis
236 4740 640 4815 moribusque
671 4739 950 4796 dulcibus
976 4747 1245 4813 ornatus,
1269 4741 1473 4798 omnia
1503 4741 1789 4797 omnibus

138 4822 301 4885 factus
330 4833 439 4901 est,
471 4836 531 4887 et
574 4834 706 4887 tam
758 4829 883 4900 regi
930 4847 1121 4905 quam
1169 4831 1454 4886 omnibus
1508 4831 1638 4904 ejus
1683 4849 1791 4909 op-

138 4915 422 4976 timatibus
494 4923 556 4976 et
636 4917 764 4989 regi
830 4919 1287 4985 famulantibus,
1361 4921 1617 4979 Domino
1682 4937 1789 4977 an-

136 5012 348 5080 nuente,
380 5009 636 5085 placere
659 5009 895 5065 meruit.
934 5011 1041 5065 Per
1070 5008 1232 5065 diem
1260 5009 1463 5089 itaque
1488 5009 1614 5081 regi
1645 5015 1701 5066 et
1725 5010 1793 5066 ti-

135 5092 342 5152 delibus
368 5099 497 5155 suis
530 5097 881 5155 amabiliter
936 5098 1221 5167 militans,
1269 5099 1529 5155 Domino
1587 5105 1791 5156 autem

135 5192 281 5242 nocte
306 5193 363 5245 et
391 5194 629 5245 secrete
663 5189 801 5244 totis
848 5188 1081 5246 nisibus
1113 5193 1170 5246 et
1198 5187 1414 5259 vigiliis
1447 5194 1628 5264 atque
1660 5205 1793 5246 ora-

138 5276 368 5333 tionibus
380 5279 685 5351 serviens,
704 5278 960 5348 gratiam
985 5279 1259 5336 divinam
1289 5280 1505 5335 meruit
1530 5279 1790 5355 assequi.

140 5362 228 5419 Sed
242 5365 481 5424 sollicite
500 5373 794 5424 evenerat
813 5373 875 5424 ut
890 5368 1384 5443 quandocunque
1397 5367 1568 5423 locus
1592 5367 1644 5424 ei
1664 5384 1795 5424 eve-

137 5452 279 5525 niret,
310 5455 369 5511 in
396 5455 667 5513 ecclesia
692 5458 923 5513 Sanctae
945 5458 1139 5515 Mariae
1165 5473 1305 5530 quae
1331 5462 1421 5513 est
1448 5461 1796 5513 constructa

139 5536 183 5592 in
209 5544 571 5617 Aquisgrani
605 5544 833 5619 palatio
866 5549 1087 5602 secrete
1129 5546 1399 5619 psalmos
1449 5545 1796 5602 decantaret

139 5634 179 5681 et
203 5635 493 5692 orationes
524 5635 775 5691 faceret.
791 5634 1068 5701 Quadam
1095 5639 1298 5692 autem
1328 5635 1425 5691 die
1455 5634 1516 5692 in
1547 5635 1794 5708 praedic-

141 5720 185 5772 ta
207 5723 445 5783 ecclesia
503 5728 748 5783 Sanctae
775 5725 969 5783 Mariae
1014 5724 1079 5781 in
1121 5724 1359 5783 sinistra
1391 5730 1562 5799 parte
1589 5724 1790 5783 altaris

1905 4735 2277 4793 confortatus
2329 4741 2388 4793 et
2418 4736 2650 4794 ﬁrmius
2701 4738 3063 4813 subjugatus
3103 4742 3191 4794 est
3236 4740 3294 4792 ct
3330 4735 3567 4811 plenius

1904 4826 2349 4885 corroboratus.
2385 4829 2606 4889 Deinde
2638 4830 2818 4905 coepit
2848 4834 2969 4884 toto
3000 4827 3180 4883 corde
3209 4842 3423 4895 rogare
3460 4827 3567 4881 De-

1903 4934 2010 4973 um
2050 4923 2113 4974 ut
2144 4919 2190 4973 si
2222 4917 2448 4977 diaboli
2475 4925 2631 4975 esset
2650 4918 3006 4985 exhortatio,
3029 4916 3332 4972 recederet
3362 4915 3441 4972 ab
3472 4932 3565 4995 eo,

1905 5010 1961 5062 et
1975 5007 2024 5063 si
2041 5008 2244 5065 divina
2259 5012 2415 5065 esset
2435 5008 2645 5077 gratia,
2670 5006 2922 5087 pleniter
2943 5021 3079 5061 eam
3100 5005 3444 5071 secundum
3468 5006 3564 5071 Dei

1902 5097 2281 5156 voluntatem
2311 5096 2641 5170 adimplere
2663 5096 2997 5152 meruisset.
3031 5100 3091 5153 ln
3114 5097 3229 5153 hac
3261 5102 3463 5154 autem
3483 5097 3568 5159 in-

1903 5187 2168 5243 tentione
2198 5186 2385 5245 ferme
2401 5185 2722 5241 dimidiiun
2738 5201 2969 5251 annum
3000 5188 3181 5251 corde
3208 5202 3569 5263 angens,an-

1904 5278 2095 5347 geliea
2127 5280 2184 5332 et
2213 5275 2421 5332 divina
2455 5274 2891 5337 confortatione
2920 5277 3220 5346 suffultus,
3254 5276 3334 5332 ad
3363 5292 3566 5351 regem

1902 5367 2334 5441 deprecaturus
2347 5364 2597 5421 accessit
2620 5370 2681 5421 ut
2707 5365 3057 5423 seeoularem
3078 5365 3352 5431 militiam
3374 5364 3570 5431 dimit-

1902 5460 2023 5512 tere
2051 5454 2101 5513 ei
2133 5453 2335 5509 liceret
2359 5459 2414 5511 et
2445 5454 2667 5511 militiae
2692 5455 2983 5528 spirituali
3007 5471 3069 5511 se
3097 5455 3465 5535 conjungere
3488 5460 3571 5523 at-

1899 5561 2018 5619 que
2040 5559 2178 5599 eum
2208 5542 2461 5599 Domino
2479 5543 2758 5607 famulari
2780 5545 3342 5617 permitteret.Nullo
3366 5551 3565 5611 tamen

1898 5634 2014 5691 nisi
2035 5632 2457 5689 tantummodo
2488 5649 2612 5702 uno
2644 5632 2832 5689 Deum
2880 5634 3111 5692 timenti
3139 5634 3335 5693 amico
3363 5650 3473 5699 suo
3512 5638 3568 5691 et

1898 5721 2259 5781 charissimo
2278 5721 2557 5785 familiari
2573 5722 2688 5779 hoc
2711 5722 3021 5791 confessus
3032 5728 3139 5807 est,
3157 5725 3375 5791 timens
3387 5724 3568 5807 quip-
