3944 6468
314 293 376 348 3i
1418 283 1699 340 ALDRlCl
1730 275 2262 336 CENOKANENSIS
2305 273 2622 332 EPISCOPI
3661 269 3732 323 32

313 429 391 488 pe
414 429 492 470 ne
522 413 572 470 si
593 413 709 470 hoc
734 411 1121 483 intelligerent
1153 412 1428 483 parentes
1454 411 1511 464 et
1533 406 1732 473 amici,
1763 404 1816 460 ei
1846 403 1961 459 hoc
1995 405 2040 457 Α
2078 399 2251 456 dictis
2284 399 2512 488 artibus
2541 395 2888 488 doctissime
2907 390 3204 488 erudivit.“
3227 388 3504 488 Videntes
3550 388 3735 488 igitur

316 501 511 559 facere
536 501 784 557 minime
807 501 1228 574 permitterent.
1264 500 1381 552 Rex
1422 501 1643 559 autem,
1691 495 1819 550 haec
1863 509 1965 548 au-

317 588 510 654 diens,
539 589 763 662 oppido
782 588 1040 644 tristatus
1057 590 1162 653 est,
1181 585 1654 658 promittensque
1675 581 1727 638 ei
1743 579 1967 637 duode-

316 677 434 733 cim
456 681 513 734 et
537 676 796 749 amplius
822 674 1136 730 comitatus
1167 688 1228 728 se
1257 671 1542 728 daturum
1569 670 1618 726 si
1638 671 1754 726 hoc
1770 667 1966 723 dimit-

316 769 465 822 teret
486 769 543 821 et
566 765 626 820 in
655 780 764 819 sua
785 762 989 818 militia
1018 765 1442 834 perseveraret.
1477 764 1608 832 Ipse
1639 774 1776 814 vero
1808 773 1844 813 a
1871 771 1963 810 re-

317 864 389 925 ge
419 853 532 909 hoc
559 851 806 908 audiens
822 852 921 919 ait,
935 849 1169 905 etiamsi
1183 849 1502 905 dimidium
1519 864 1697 902 suum
1710 860 1965 915 regnum

316 941 370 996 ei
400 941 585 1004 daret,
609 939 739 1012 ipsa
765 937 1133 994 voluntatem
1159 942 1402 1010 propter
1431 937 1545 992 hoc
1575 933 1967 992 nondimitte-

316 1033 422 1084 ret.
454 1028 666 1083 Videns
712 1031 915 1082 autem
961 1042 1066 1082 rex
1109 1041 1171 1080 se
1227 1025 1396 1081 illum
1435 1041 1472 1080 a
1501 1041 1610 1080 sua
1639 1023 1964 1079 intentione

315 1131 436 1173 non
465 1132 640 1189 posse
672 1120 958 1186 avertere,
979 1115 1270 1171 concessit
1297 1115 1350 1170 ei
1365 1114 1664 1170 licentiam
1686 1118 1741 1168 et
1763 1112 1964 1168 locum

315 1204 660 1277 ubicunque
682 1204 922 1274 eligeret
950 1205 1011 1258 in
1042 1220 1152 1259 suo
1183 1219 1389 1273 regno.
1421 1202 1593 1258 Tunc
1639 1217 1782 1271 ergo
1814 1201 1961 1272 ipse,

314 1291 642 1364 inspirante
675 1292 876 1348 divina
906 1291 1118 1362 gratia,
1149 1292 1356 1365 petivit
1382 1290 1581 1346 locum
1610 1290 1719 1345 sibi
1746 1289 1875 1344 dari
1902 1289 1964 1343 iu

313 1381 582 1453 quadam
612 1381 842 1437 civitate
868 1382 1039 1452 cujus
1069 1380 1431 1437 vocabulum
1462 1385 1548 1435 est
1569 1378 1964 1436 Mediomatri-

316 1469 426 1540 cis,
453 1486 591 1541 quae
621 1475 678 1526 et
709 1469 826 1525 alio
866 1470 1109 1526 nomine
1162 1469 1346 1526 Mettis
1400 1473 1682 1535 vocatur;
1732 1467 1964 1538 sibique

315 1573 456 1613 cum
485 1558 726 1614 duobus
757 1558 980 1614 clericis
1010 1558 1429 1614 tantummodo
1472 1556 1791 1630 postulavit
1835 1555 1965 1610 dari

314 1646 727 1718 praebendam.
761 1651 879 1703 Rex
910 1653 1111 1705 autem
1151 1653 1208 1704 et
1234 1648 1347 1703 hoc
1373 1647 1749 1714 concessit,et
1771 1661 1963 1718 quan-

2072 505 2211 544 eum
2242 487 2574 544 antedictus
2603 483 2867 558 pontifex
2883 482 3145 536 domnus
3170 481 3363 546 Drogo
3396 482 3452 532 et
3473 482 3732 533 cunctus

2073 577 2264 632 clerus
2291 577 2414 631 sive
2447 574 2709 648 populus
2729 573 2788 628 in
2815 571 2942 642 jam
2965 568 3136 624 dictis
3167 566 3511 622 ministeriis
3543 570 3599 621 et
3621 566 3732 620 do-

2072 667 2274 722 ctrinis
2299 680 2592 735 magnum
2622 662 2845 718 habere
2877 657 3143 714 studium
3184 660 3238 711 et
3269 654 3490 710 multos
3521 655 3733 710 docto-

2070 773 2164 812 res
2187 760 2242 812 et
2264 755 2585 824 magistros
2613 751 2844 807 nobiles
2872 748 3106 812 fecisse,
3137 746 3197 801 in
3229 745 3429 816 majus
3461 760 3600 799 eum
3616 744 3732 799 mi-

2071 845 2402 909 nisterium,
2433 840 2713 915 quamvis
2745 844 2951 894 coacte
2981 834 3463 890 sublimaverunt
3503 837 3560 888 et
3616 832 3733 904 pri-

2071 934 2384 992 micerium
2417 931 2753 987 secundum
2783 923 3406 984 Romanumordinem
3429 939 3568 978 eum
3601 938 3734 976 esse

2073 1024 2528 1085 constituerunt,
2552 1025 2863 1090 totumque
2876 1016 3100 1072 clerum
3124 1019 3247 1069 tam
3275 1012 3519 1068 civitatis
3541 1028 3734 1084 quam

2071 1118 2127 1169 et
2157 1112 2683 1179 monasteriorum,
2715 1109 2838 1162 sive
2883 1105 3061 1161 totius
3088 1103 3242 1158 illius
3273 1101 3526 1157 civitatis
3557 1117 3736 1173 paro-

2073 1203 2308 1268 chiae,ei
2333 1201 2642 1257 subditum
2672 1214 2803 1254 esse
2830 1197 3264 1268 przeceperunt,
3287 1196 3344 1247 et
3371 1191 3735 1261 magistrum

2071 1293 2348 1349 omnium
2375 1307 2514 1346 eum
2561 1288 3015 1344 constituerunt.
3053 1283 3149 1338 ille
3191 1281 3350 1337 enim
3383 1281 3444 1336 in
3473 1280 3568 1335 his
3614 1283 3740 1334 stu-

2072 1382 2412 1438 diosissime
2476 1379 2729 1434 Domino
2762 1375 3046 1442 serviens,
3080 1371 3363 1428 omnibus
3415 1370 3593 1424 bonis
3623 1370 3736 1424 ho-

2071 1471 2336 1528 minibus
2349 1468 2686 1526 amabiliter
2709 1463 2984 1522 famulari
2999 1461 3246 1529 meruit;
3271 1475 3532 1532 eumque
3557 1475 3741 1514 cunc-

2074 1561 2112 1617 ti
2138 1560 2283 1616 boni
2317 1560 2399 1615 ita
2418 1557 2707 1613 amabant
2735 1553 2906 1626 quasi
2941 1551 3322 1622 semetipsos;
3349 1555 3404 1604 et
3432 1547 3739 1621 quidquid

2073 1651 2157 1706 eis
2190 1648 2551 1722 imperabat,
2575 1645 2828 1700 libenter
2858 1641 3178 1698 faciebant.
3211 1638 3478 1693 Audiens
3528 1641 3735 1693 autem

314 1740 444 1792 tum
472 1737 704 1793 volebat
729 1738 838 1792 sibi
869 1739 1013 1793 dare
1041 1738 1385 1810 spopondit.
1418 1736 1540 1793 Tali
1569 1736 1726 1791 enim
1763 1734 1966 1789 condi-
1995 1761 2034 1814 Β
2074 1739 2409 1796 Ludovicus
2440 1737 2766 1809 imperator
2793 1735 3158 1788 Francorum
3200 1731 3330 1800 ejus
3359 1728 3733 1801 opinionem,

316 1826 474 1882 tione
503 1827 741 1883 licentia
770 1832 1038 1900 accepta,
1071 1844 1106 1882 a
1156 1843 1293 1897 rege
1326 1826 1628 1882 osculatus
1667 1830 1772 1894 est,
1801 1830 1858 1880 et
1887 1824 1965 1879 ad

311 1915 439 1986 jam
471 1915 693 1971 dictam
713 1916 922 1971 urbem
951 1916 1285 1972 festinando
1307 1915 1610 1988 profectus
1633 1919 1746 1981 est;
1767 1913 1966 1985 ibique

316 2003 650 2060 amabiliter
680 2009 735 2060 et
784 2005 996 2060 devote
1053 2005 1131 2059 ab
1179 2004 1462 2060 omnibus
1521 2007 1855 2073 susceptus,
1913 2005 1969 2056 et

315 2092 561 2147 clericus
588 2093 666 2148 al)
697 2092 982 2165 episcopo
1027 2093 1299 2164 ejusdem
1343 2091 1590 2147 civitatis
1639 2096 1695 2146 et
1751 2095 1966 2145 cuncto

314 2180 470 2236 clero
491 2181 706 2236 divinis
723 2181 1237 2237 benedictionibus
1249 2179 1706 2236 decantantibus
1720 2184 1775 2234 et
1790 2179 1966 2251 hym-

313 2271 405 2326 nis
426 2271 834 2342 spiritualibus
866 2272 1321 2327 modulantibus
1373 2270 1740 2326 confortatus
1773 2273 1880 2337 est,
1912 2272 1968 2324 et

311 2360 678 2416 vestimentis
705 2361 1075 2416 clericalibus
1095 2361 1359 2425 indutus,
1385 2364 1441 2415 et
1468 2374 1761 2414 manuum
1779 2357 1969 2429 impo-

313 2449 628 2504 sitionibus
654 2450 731 2504 ab
759 2450 1042 2522 episcopo
1087 2454 1144 2504 et
1193 2466 1228 2504 a
1272 2449 1500 2505 cunctis
1553 2445 1968 2501 sacerdotibus

313 2537 568 2592 clericali
597 2538 1011 2593 benedictione
1063 2543 1468 2605 consecratus,
1523 2536 1673 2590 inter
1705 2535 1967 2589 seniores

313 2625 522 2680 fratres
551 2631 638 2680 est
667 2626 1012 2682 collocatus.
1049 2628 1166 2680 Deo
1213 2626 1391 2693 igitur
1431 2624 1513 2678 ibi
1556 2623 1691 2678 totis
1735 2621 1968 2677 nisibus

313 2714 408 2769 die
437 2719 736 2786 noctuque
767 2714 1371 2781 deserviens,factum
1404 2719 1494 2769 est
1519 2717 1581 2768 ut
1611 2711 1830 2767 multos
1855 2713 1964 2766 Do-

315 2803 480 2858 mino
509 2803 900 2859 lucrifaceret.
937 2807 1187 2860 Cautum
1219 2803 1443 2876 quippe
1497 2805 1835 2858 Romanum
1886 2803 1968 2854 at-

316 2894 434 2964 que
462 2893 926 2948 Grammaticam
966 2893 1086 2948 sive
1126 2893 1343 2948 divinae
1389 2892 1703 2963 Scriptura:
1753 2889 1966 2944 seriem

313 2981 616 3036 humiliter
640 2982 865 3037 discere
905 2983 1140 3051 meruit,
1183 2982 1404 3055 quibus
1435 2986 1491 3036 et
1545 2981 1809 3035 donante
1840 2996 1965 3034 om-

311 3071 478 3125 nium
510 3071 763 3126 Domino
794 3072 1041 3144 pleniter
1063 3077 1241 3144 atque
1269 3071 1612 3126 doctissime
1643 3070 1966 3126 instructus

310 3165 418 3217 est.
441 3163 574 3215 Post
602 3161 756 3216 duos
778 3177 1021 3233 quoque
1041 3161 1349 3216 clericatus
1380 3161 1472 3216 sui
1495 3177 1688 3216 annos
1714 3159 1791 3215 ab
1814 3159 1967 3231 epis-

310 3264 461 3320 copo
493 3250 764 3319 ejusdem
796 3250 1047 3305 civitatis
1088 3251 1342 3320 nomine.
1367 3249 1666 3306 Gundulfo
1685 3249 1743 3304 in
1778 3248 1968 3303 Eccle-

311 3338 396 3394 sia
429 3338 623 3393 Sancti
654 3340 936 3410 Stephani
969 3339 1261 3395 diaconus
1293 3339 1728 3394 estordinatus.
1755 3337 1966 3408 lnipso

308 3427 486 3497 igitur
516 3427 707 3495 gradu
731 3432 850 3482 tres
882 3428 1064 3482 ferme
1104 3444 1297 3483 annos
1329 3427 1589 3483 militans
1621 3425 1967 3482 mirabiliter

310 3522 365 3572 et
397 3515 570 3570 docte
619 3515 887 3587 quotidie
919 3515 1274 3571 diaconatus
1302 3516 1391 3571 sui
1424 3515 1756 3588 adimplere
1787 3520 1970 3568 certa-

309 3605 391 3660 vit
419 3604 704 3660 oﬂicium.
767 3607 990 3660 Mortuo
1039 3620 1281 3676 quoque
1314 3605 1435 3675 jam
1467 3604 1624 3659 dicto
1669 3602 1967 3659 Gundulfo

309 3693 596 3766 praedicto
618 3692 960 3748 ordinatore
995 3710 1123 3763 suo,
1145 3693 1296 3748 alius
1328 3694 1652 3765 episcopus
1669 3691 1729 3747 in
1751 3691 1966 3746 eadem

311 3781 543 3836 civitate
575 3782 816 3836 nomine
847 3783 1064 3852 Drogo,
1121 3782 1280 3836 filius
1329 3781 1520 3837 Caroli
1566 3781 1818 3854 piissimi
1863 3781 1968 3835 im-

306 3871 618 3944 peratoris,
645 3872 1009 3941 subrogatus
1037 3877 1092 3927 et
1113 3872 1424 3927 ordinatus
1455 3877 1574 3926 est:
1608 3871 1713 3943 qui
1753 3871 1968 3925 videns

310 3961 572 4032 praedicti
606 3961 826 4016 Aldrici
856 3961 1044 4016 levitas
1077 3961 1464 4016 intentionem
1496 3965 1552 4016 et
1575 3959 1840 4014 studium
1864 3959 1968 4014 bo-

309 4065 478 4115 num,
514 4049 680 4120 quod
727 4055 849 4105 tam
908 4049 966 4104 in
997 4050 1328 4104 ministerio
1387 4065 1496 4103 suo
1527 4065 1710 4120 quam
1744 4053 1799 4103 et
1827 4063 1969 4116 erga

311 4152 522 4192 omnes
553 4137 837 4204 habebat,
872 4139 1052 4210 coepit
1077 4155 1215 4193 eum
1250 4138 1550 4193 exhortari
1585 4143 1647 4193 ut
1687 4137 1967 4192 sacerdos

311 4223 662 4280 efﬁceretur.
698 4225 894 4281 Noluit
914 4232 1116 4282 autem
1141 4227 1272 4298 jam
1303 4227 1500 4282 dictus
1529 4227 1824 4282 diaconus
1871 4227 1967 4282 Al-

311 4311 513 4367 dricus
543 4328 741 4384 neque
771 4329 956 4368 ausus
985 4319 1072 4370 est
1096 4314 1365 4370 divinam
1395 4315 1675 4387 repellere
1693 4313 1971 4370 benedic.

312 4399 557 4465 tionem,
591 4399 668 4453 ad
695 4415 883 4472 quam
914 4401 1242 4473 saepissime
1273 4401 1604 4457 vocabatur
1630 4418 1666 4458 a
1697 4405 1969 4471 Drogone

311 4487 583 4557 ejusdem
611 4487 864 4543 civitatis
895 4489 1180 4562 episcopo
1205 4495 1262 4546 et
1283 4506 1629 4546 successore
1656 4492 1784 4562 jam
1811 4491 1970 4546 dicto

311 4576 637 4632 ordinatori
670 4593 801 4647 suo,
833 4578 981 4634 dum
1002 4579 1279 4636 nobiliter
1300 4581 1558 4652 degebat
1587 4581 1647 4636 in
1680 4581 1971 4637 diacona-

313 4668 407 4720 tus
435 4663 656 4731 oﬂicio,
685 4664 937 4734 eligente
965 4683 1102 4722 eum
1136 4667 1293 4723 clero
1331 4673 1388 4723 et
1414 4668 1640 4740 populo
1663 4669 1974 4741 presbyter

311 4757 398 4807 est
421 4752 754 4809 ordinatus.
789 4758 918 4826 lpse
948 4759 1150 4810 autem
1183 4755 1398 4811 melius
1452 4773 1522 4812 ac
1548 4756 1762 4812 melius
1792 4757 1971 4813 virtu-

311 4845 438 4895 tum
459 4841 691 4913 pollens
714 4843 968 4906 actibus,
999 4843 1341 4916 multosque
1380 4845 1658 4900 erudiens
1676 4845 1796 4900 suis
1827 4863 1972 4918 pra;-

311 4929 710 4985 dicationibus
743 4932 864 4988 sive
893 4932 1070 4988 bonis
1101 4933 1639 5001 exhortationibus,
1674 4935 1890 4991 multos
1917 4953 1976 5004 et

310 5017 780 5074 innumerabiles
803 5022 920 5076 Deo
951 5026 1008 5078 et
1038 5026 1260 5078 sanctae
1303 5022 1573 5077 Ecclesiae
1611 5023 1828 5080 lucrari
1856 5044 1974 5083 me-

308 5105 446 5161 ruit.
509 5108 762 5162 Demum
811 5125 1057 5180 quoque
1132 5110 1487 5179 eligentibus
1544 5111 1848 5180 fratribus,
1920 5104 1978 5172 et

313 5193 604 5250 suadente
645 5195 767 5251 sive
799 5197 1152 5254 exhortante
1177 5200 1464 5272 episcopo
1506 5216 1618 5257 suo
1671 5202 1970 5278 Drogone,

312 5282 449 5338 licet
478 5289 702 5356 coacte,
736 5286 934 5341 senior
957 5291 1166 5342 cantor
1197 5288 1274 5343 ibi
1307 5289 1682 5347 sublimatur.
1709 5297 1771 5348 ln
1803 5295 1972 5351 scho-

313 5369 385 5425 lis
414 5388 556 5426 vero
603 5373 665 5428 in
712 5374 936 5446 quibus
959 5376 1088 5446 jam
1131 5377 1412 5445 magister
1439 5386 1562 5436 erat
1610 5383 1969 5439 constitutus

321 5460 622 5531 sapienter
649 5462 872 5517 multos
901 5469 958 5518 et
1007 5463 1474 5523 innumerabiles
1499 5468 1560 5524 in
1610 5472 1968 5542 supradictis

314 5547 543 5602 artibus
575 5549 870 5617 erudiens,
906 5568 1195 5623 magnum
1224 5554 1459 5612 lucrum
1505 5559 1565 5612 in
1606 5565 1815 5615 sancta
1866 5561 1967 5616 Dei

315 5635 578 5692 Ecclesia
600 5636 793 5694 facere
821 5641 1055 5714 meruit,
1085 5643 1207 5699 imo
1228 5644 1697 5702 innumerabiles
1727 5648 1788 5702 in
1832 5650 1962 5719 jam

384 5729 402 5753 '
432 5724 574 5782 Vide
611 5727 858 5785 annales
892 5730 1275 5802 Bertinianos,
1308 5749 1408 5790 an.
1440 5737 1568 5790 832.

2073 1829 2242 1892 adse
2265 1845 2404 1883 eum
2437 1825 2689 1888 vocavit,
2721 1827 2778 1878 et
2825 1823 2885 1877 in
2930 1837 3038 1876 suo
3079 1819 3323 1892 palatio,
3371 1818 3608 1874 volente
3639 1817 3736 1874 vel

2073 1919 2330 1986 nolente,
2355 1933 2494 1972 eum
2521 1915 2816 1970 seniorem
2850 1910 3222 1967 sacerdotem
3247 1925 3548 1980 suumque
3587 1923 3734 1962 con-

2073 2008 2361 2064 fessorem
2393 2021 2653 2079 praaesse
2682 2001 3002 2058 constituit.
3054 1999 3164 2064 Qui
3215 2002 3270 2054 et
3317 1997 3400 2052 ibl
3445 1997 3735 2052 omnibus

2073 2097 2356 2170 palatinis
2386 2095 2562 2150 bonis
2596 2093 2863 2166 placens,
2906 2094 2969 2144 ut
3015 2087 3224 2142 solitus
3256 2091 3401 2154 erat,
3444 2085 3735 2142 omnibus

2075 2187 2277 2242 omnia
2310 2185 2523 2247 factus,
2556 2183 2633 2238 ab
2660 2180 2943 2236 omnibus
2973 2177 3390 2233 honorabatur
3419 2181 3598 2248 atque
3626 2192 3733 2231 ve-

2075 2275 2421 2331 nerabatur.
2467 2277 2548 2327 Ita
2594 2285 2838 2343 quoque
2869 2283 3082 2322 omnes
3111 2283 3250 2321 eum
3283 2265 3633 2335 diligebant,
3685 2265 3736 2319 si

2074 2365 2198 2420 fieri
2240 2368 2450 2437 potest,
2483 2359 2660 2433 quasi
2693 2357 3068 2428 semetipsos,
3131 2355 3388 2426 ejusque
3444 2353 3736 2424 jussioni-

2075 2455 2190 2510 bus
2216 2454 2273 2508 in
2304 2451 2587 2508 omnibus
2613 2448 2788 2521 quasi
2829 2445 3080 2502 senioris
3110 2443 3445 2500 voluntarie
3486 2448 3540 2498 et
3567 2443 3736 2498 bono

2075 2543 2278 2598 animo
2301 2541 2786 2611 obtemperantes
2815 2539 3002 2591 erant.
3037 2536 3303 2599 Quatuor
3328 2537 3530 2588 autem
3559 2548 3738 2587 men-

2076 2649 2170 2686 ses
2202 2647 2340 2685 cum
2376 2630 2737 2700 imperatore
2769 2626 2827 2680 in
2883 2640 2992 2678 suo
3023 2622 3247 2695 palatio
3303 2621 3580 2678 nobiliter
3631 2622 3739 2676 de-

2076 2737 2240 2787 gens,
2271 2718 2443 2790 eique
2471 2714 2807 2772 amabiliter
2830 2713 3112 2782 serviens,
3130 2727 3238 2766 nec
3265 2710 3345 2767 ad
3358 2727 3546 2765 unum
3572 2710 3738 2766 diem

2072 2809 2371 2864 licentiam
2399 2805 2613 2861 exinde
2637 2801 2936 2858 evadendi
2965 2807 3021 2856 et
3047 2801 3106 2856 in
3134 2801 3394 2873 patriam
3439 2798 3739 2871 pergendi

2072 2899 2391 2969 impetrare
2425 2893 2678 2950 valebat.
2727 2893 3148 2964 Episcopatum
3183 2890 3235 2944 ei
3278 2889 3503 2962 quippe
3535 2889 3737 2961 quod-

2073 2987 2238 3055 dam,
2267 2986 2439 3056 cujus
2490 2981 2851 3038 vocabulum
2917 2985 3005 3035 est
3050 2979 3430 3048 Cenomanis,
3480 2979 3739 3049 eligente

2021 3106 2037 3162 ι
2073 3093 2210 3131 eum
2243 3075 2514 3145 ejusdem
2533 3071 2853 3144 provinciae
2872 3069 3327 3142 archiepiscopo
3350 3068 3737 3124 Landramno

2075 3170 2254 3236 atque
2302 3163 2517 3218 comite
2573 3160 2849 3232 ejusdem
2882 3158 3182 3231 parochire
3242 3157 3558 3226 Rorigone,
3607 3157 3734 3213 sive

2075 3253 2359 3308 omnibus
2391 3250 2652 3323 praefixa).
2685 3248 2984 3320 parochias
3018 3246 3320 3302 nobilibus
3359 3246 3734 3317 hominibus,

2077 3348 2255 3413 atque
2289 3340 2516 3396 cunctis
2541 3338 2841 3411 palatinis,
2874 3342 2930 3392 et
2960 3337 3116 3392 clero
3136 3341 3189 3392 et
3219 3335 3467 3408 populo,
3502 3352 3610 3408 per
3631 3335 3738 3391 ba-

2077 3431 2278 3486 culum
2332 3427 3022 3484 Landramni'l‘uronicae
3054 3426 3304 3482 civitatis
3352 3430 3409 3481 et
3436 3425 3737 3498 praedictae

2076 3519 2376 3593 parochize
2402 3516 2846 3588 metropolitani
2871 3516 2999 3586 jam
3033 3515 3259 3570 dictum
3314 3514 3740 3587 episcopatum

2076 3608 2134 3663 in
2161 3624 2272 3662 sua
2310 3605 2626 3679 prtesentia
2657 3610 2712 3660 et
2741 3622 2811 3660 eo
2841 3605 3160 3672 instigante
3211 3621 3248 3660 a
3277 3604 3579 3660 Ludovico
3611 3604 3740 3675 glo-

2077 3695 2406 3750 riosissimo
2474 3693 2852 3764 imperatore.
2915 3692 3225 3748 orantibus
3280 3692 3530 3757 cunctis,
3591 3708 3741 3748 cura

2077 3783 2362 3858 pastorali
2388 3787 2476 3837 est
2503 3783 2896 3837 commissum
2923 3802 2936 3844 ;
2965 3781 3069 3854 qui
3092 3787 3148 3837 et
3182 3781 3296 3836 hoc
3325 3780 3646 3851 refugiens,
3682 3786 3744 3837 et

2078 3873 2288 3928 nolens
2341 3871 2689 3944 praedictum
2718 3872 3133 3943 episcopatum
3180 3871 3508 3943 suscipere,
3541 3871 3739 3926 omni-

2078 3962 2191 4017 bus
2219 3967 2443 4030 tamen,
2476 3961 2609 4016 licet
2639 3965 2900 4026 coactus,
2965 3959 3366 4028 hortantibus,
3407 3959 3607 4032 ipsum
3639 3977 3738 4015 sa-

2078 4066 2246 4106 crum
2267 4049 2526 4121 suscepit
2551 4047 3292 4103 ministerium.0rdinatus
3307 4063 3551 4120 quoque
3569 4064 3605 4103 a
3626 4065 3743 4104 suo

2079 4137 2362 4212 praedicto
2386 4137 2848 4210 metropolitano
2879 4141 2935 4192 et
2974 4136 3200 4192 caeteris
3233 4136 3540 4192 nobilibus
3561 4142 3736 4192 etsa-

2080 4227 2382 4300 pientibus
2413 4226 2709 4298 episcopis
2735 4227 2796 4281 in
2814 4225 3079 4298 idipsum
3107 4225 3620 4294 convenientibus,
3639 4227 3745 4282 eli-

2083 4321 2254 4385 gente
2285 4331 2424 4370 eum
2456 4315 2612 4370 clero
2642 4319 2697 4370 et
2720 4315 3022 4388 populoin
3041 4315 3325 4387 przedicta
3351 4316 3583 4372 civitate
3609 4316 3744 4372 etin

2083 4404 2215 4476 ipsa
2246 4409 2435 4459 matre
2468 4403 2726 4458 Ecclesia
2763 4403 2858 4458 die
2895 4402 2951 4457 ll
2983 4403 3102 4460 Cal.
3138 4405 3402 4460 Januarii
3433 4409 3540 4472 est,
3573 4420 3745 4460 anno

2084 4492 2261 4560 igitur
2289 4491 2718 4546 incarnationis
2737 4491 2971 4547 Domini
3001 4493 3186 4547 nostri
3213 4494 3355 4548 Jesu
3398 4493 3610 4547 Christi
3641 4510 3746 4548 oc-

2085 4579 2508 4651 tingentesimo
2549 4579 2853 4649 trigesimo
2885 4585 2940 4636 et
2969 4580 3258 4648 secundo,
3303 4581 3622 4653 episcopus
3653 4588 3750 4638 est

2085 4674 2526 4727 consecratus!
2543 4670 2738 4725 Tertio
2770 4674 2972 4725 autem
3002 4669 3097 4726 die
3127 4675 3266 4744 post
3295 4671 3745 4727 ordinationem

2088 4775 2264 4815 suam
2291 4761 2419 4830 jam
2433 4757 2627 4814 dictus
2641 4759 2904 4814 domnus
2931 4759 3256 4831 imperator
3275 4759 3335 4815 in
3359 4776 3532 4816 suam
3560 4760 3752 4817 adve-

2084 4849 2256 4905 niens
2284 4849 2604 4911 civitatem,
2635 4848 2856 4917 gratias
2899 4865 3084 4919 agens
3117 4849 3437 4904 Dominum
3468 4849 3752 4908 laudavit

2087 4939 2249 5011 quod
2276 4940 2406 5009 jam
2437 4938 2750 4994 ordinatus
2778 4944 2904 4994 erat
2933 4939 3273 5012 episcopus.
3297 4940 3618 4996 Prmdictus
3651 4957 3749 4997 er-

2086 5045 2162 5099 go
2182 5027 2753 5100 pontifexdomnum
2779 5028 3576 5102 Ludovicumimperatorem
3599 5047 3753 5088 cum

2086 5118 2398 5190 psallentio
2431 5122 2487 5172 et
2515 5118 2758 5190 hymnis
2807 5123 2863 5173 et
2891 5118 3136 5174 canticis
3186 5121 3303 5175 sive
3357 5119 3636 5175 crucibus
3690 5128 3755 5178 et

2085 5207 2312 5262 caeteris
2342 5205 2559 5262 divinis
2585 5207 2842 5262 oraculis
2894 5207 3155 5278 benigne
3187 5214 3242 5263 et
3273 5208 3574 5281 sapienter
3615 5227 3755 5266 sus-

2083 5297 2330 5368 cipiens,
2365 5312 2623 5368 eumque
2648 5296 2724 5352 ad
2757 5297 3068 5352 ecclesiam
3099 5315 3286 5354 manu
3321 5304 3526 5354 tenens
3559 5303 3615 5354 et
3635 5299 3754 5356 de-

2080 5385 2307 5440 ducens
2339 5401 2445 5456 per
2475 5385 2685 5441 altaria
2711 5387 2965 5456 orando,
2986 5387 3111 5442 suis
3140 5388 3442 5460 precibus,
3472 5404 3613 5443 eum
3636 5390 3760 5446 Do-

2079 5475 2244 5530 mino
2284 5476 2746 5531 commendavit.
2805 5478 3222 5550 Suprascripto
3273 5477 3753 5550 igiturimpera-

2078 5563 2189 5619 tori
2221 5564 2625 5636 omnibusque
2650 5565 2774 5620 suis
2800 5565 3078 5622 nobiliter
3101 5572 3158 5622 et
3176 5567 3427 5622 dulciter
3460 5566 3756 5629 famulari

2081 5651 2326 5724 studuit,
2394 5653 2597 5725 ibique
2673 5655 2936 5710 domnus
3002 5657 3330 5728 imperator
3401 5657 3755 5716 Ludovicus
