3944 6414
178 314 237 369 sa
1788 306 1972 365 VI'l‘A.
3529 329 3599 386 ,4

176 416 515 491 nativ1tatem
564 427 799 484 Domini
851 429 1037 486 nostri
1087 432 1225 487 Jesu
1272 431 1501 496 Christi,
1558 430 1809 503 praefato
1847 433 1896 488 Α
1928 433 2121 491 clesiae
2151 440 2272 493 tam
2307 437 2464 495 infra
2493 455 2670 496 suam
2699 443 3051 513 parochiam
3098 460 3286 517 quam
3330 451 3388 504 et
3430 454 3597 508 extra

163 522 382 581 'Aldrico
413 519 699 592 episcopo
730 524 787 576 et
816 536 926 576 suo
947 521 1106 578 clero
1133 523 1571 595 sapientissime
1623 526 1680 577 et
1708 522 1812 578 ho-

172 610 387 670 noriﬁce
413 608 680 664 ofﬁcium
720 615 1063 681 peragente,
1098 611 1443 668 solemniter
1469 610 1807 668 celebravit.

170 707 295 762 Octo
319 715 555 774 quoque
584 699 712 754 dies
743 699 803 754 in
831 701 1045 756 eadem
1072 703 1306 758 civitate
1333 702 1596 758 domnus
1623 701 1812 774 impe-

169 797 313 850 rator
334 789 618 852 residens,
650 788 860 845 villam
886 791 1222 863 quamdam
1255 808 1390 865 quae
1441 791 1709 862 Brogilus
1755 795 1814 847 et

166 879 444 940 Novavilla
475 884 864 953 nuncupatur
884 897 1026 937 cum
1065 882 1350 938 omnibus
1405 881 1484 938 ad
1523 897 1584 937 se
1637 881 1812 953 perti-

163 971 440 1037 nentibus,
473 987 609 1042 quae
649 970 885 1028 dudum
906 971 1044 1027 inde
1069 971 1371 1028 abstracta
1391 976 1449 1028 et
1493 971 1552 1026 iu
1583 971 1811 1026 benefi-

165 1063 306 1118 cium
327 1060 465 1116 data
487 1058 698 1125 fuerat,
749 1075 858 1131 per
907 1077 1087 1116 suum
1128 1065 1498 1133 praeceptum
1548 1059 1600 1115 ei
1631 1065 1811 1132 atque

162 1149 411 1207 Ecclesiae
443 1165 569 1204 suae
596 1148 754 1204 sedis
805 1149 928 1205 sive
979 1149 1204 1205 clericis
1250 1155 1305 1206 et
1352 1149 1580 1205 domini
1621 1149 1808 1205 servis

159 1240 292 1294 inibi
320 1237 569 1294 Domino
600 1237 1032 1294 famulantibus
1054 1239 1187 1310 jure
1219 1237 1570 1294 ﬁrmissimo
1592 1254 1808 1312 perpe-

159 1328 261 1384 tuis
289 1327 656 1400 temporibus
682 1328 1122 1401 possidendam
1150 1327 1429 1384 reddidit.

940 1422 1008 1474 ll.

217 1505 525 1564 Prmdictus
555 1521 801 1580 quoque
833 1506 1122 1580 pontifex,
1152 1507 1214 1563 in
1241 1508 1440 1581 primo
1492 1507 1809 1582 pontiﬁca-

155 1602 238 1653 tus
268 1597 357 1652 sui
385 1612 568 1664 anno,
602 1613 828 1669 aquam
860 1613 968 1670 per
998 1598 1428 1670 aquteductum
1464 1599 1525 1654 in
1558 1597 1806 1671 prmdic-

149 1691 263 1743 tam
291 1685 587 1743 civitatem
619 1687 1108 1757 Cenomanicam,
1141 1705 1328 1761 quam
1361 1688 1565 1744 nullus
1615 1687 1804 1743 homi-

1921 539 2120 595 facere
2156 528 2390 593 meruit,
2423 533 2480 584 et
2517 529 2741 586 multos
2792 533 3046 588 Domino
3092 533 3311 592 lucrari
3354 540 3590 596 meruit.

1924 615 2081 670 Fecit
2126 615 2306 686 igitur
2341 618 2665 690 prtedictus
2712 621 2986 678 Aldricus
3034 625 3300 696 pontifex
3339 626 3401 683 in
3447 644 3596 700 prae-

1925 705 2146 778 scripto
2176 706 2436 763 claustro
2462 714 2625 766 recta
2653 726 2815 768 nova
2845 715 2900 768 et
2929 712 3136 785 dupla,
3176 718 3238 770 in
3268 717 3489 788 quibus
3539 724 3596 776 et

1923 794 2191 852 diversas
2223 798 2574 854 mansiones
2595 800 2673 856 ad
2705 817 2858 873 opus
2897 801 3150 859 fratrum
3176 809 3233 860 et
3258 806 3338 861 ad
3381 823 3592 865 eorum

1923 885 2304 941 necessitates
2353 887 2769 958 procurandas
2816 890 3164 947 mirabiliter
3210 898 3264 949 et
3318 896 3594 953 nobiliter

1923 977 2270 1034 construxit.
2297 978 2548 1051 Insuper
2570 983 2625 1035 et
2663 979 2722 1034 in
2768 981 2897 1052 jam
2947 983 3105 1039 dicto
3153 984 3413 1043 claustro
3456 987 3594 1045 fecit

1922 1065 2236 1122 ecclesiam
2294 1067 2354 1122 in
2425 1068 2654 1125 honore
2722 1072 2907 1126 sancti
2962 1073 3244 1146 Stephani
3311 1091 3347 1132 a
3409 1093 3588 1149 novo,

1920 1171 2108 1227 quam
2122 1160 2178 1212 et
2190 1156 2249 1212 in
2270 1156 2498 1212 honore
2515 1157 2742 1230 praeﬁxi
2755 1160 2943 1215 sancti
2954 1161 3234 1233 Stephani
3249 1168 3304 1219 et
3315 1166 3590 1222 omnium

1920 1249 2270 1301 sanctorum
2317 1247 2529 1318 quinta
2573 1247 2788 1303 Iduum
2846 1250 3192 1306 Novembris
3248 1253 3591 1311 solemniter

1920 1335 2316 1401 consecravit;
2336 1335 2398 1390 in
2414 1351 2538 1408 qua
2560 1340 2617 1391 et
2635 1337 2695 1391 in
2717 1336 2851 1408 ipsa
2871 1338 2965 1393 die
2979 1341 3440 1398 consecrationis
3458 1344 3588 1415 ejus

1919 1422 2160 1493 signum
2191 1425 2472 1497 apparuit
2496 1425 2788 1482 mirabile.
2829 1427 3083 1492 Quidam
3117 1429 3276 1485 enim
3305 1433 3587 1488 sacerdos

1916 1513 2064 1568 inibi
2095 1530 2239 1570 suos
2270 1519 2504 1570 wantos
2545 1515 2804 1587 perdidit
2824 1516 2971 1572 dum
3011 1519 3364 1590 praedictum
3394 1538 3589 1578 sacra-

1916 1610 2078 1659 retur
2113 1603 2400 1676 templum
2428 1623 2440 1673 ;
2474 1620 2628 1676 quos
2659 1605 2910 1677 quidam
2961 1607 3208 1664 clericus
3255 1610 3584 1682 inveniens,

1917 1689 2119 1744 furtim
2147 1688 2221 1744 de
2252 1690 2385 1761 ipsa
2415 1690 2666 1745 ecclesia
2691 1706 2848 1747 nova
2871 1697 3185 1764 exportare
3213 1695 3481 1767 cupiens,
3510 1696 3585 1751 de

148 1792 283 1832 num
307 1776 388 1832 ibi
413 1781 593 1832 antea
632 1777 834 1833 venire
891 1777 1144 1848 viderat,
1206 1794 1317 1834 suo
1349 1793 1529 1851 opere
1552 1784 1606 1834 et
1636 1777 1799 1833 bono
1842 1792 1884 1844 B
1914 1779 2201 1852 praedicta
2248 1780 2444 1834 Sancti
2502 1780 2784 1852 Stephani
2834 1786 2890 1836 et
2919 1782 3190 1839 omnium
3238 1790 3585 1841 sanctorum

143 1866 370 1938 ingenio
401 1865 704 1921 adducere
734 1867 971 1934 meruit,
1017 1867 1428 1940 omnibusque
1480 1868 1584 1940 qui
1624 1873 1799 1923 antea

145 1957 306 2013 valde
335 1973 495 2029 aqua
522 1956 897 2027 indigebant,
929 1972 1041 2013 nec
1071 1973 1206 2014 eam
1235 1957 1349 2014 nisi
1371 1973 1476 2030 per
1503 1973 1799 2028 magnum

141 2046 394 2103 laborem
453 2052 705 2103 eatenus
761 2047 985 2104 habere
1051 2052 1346 2120 poterant,
1380 2047 1793 2113 sufﬁcientem,

142 2136 449 2192 auxiliante
477 2137 752 2202 Domino,
784 2137 1008 2194 habere
1040 2137 1194 2193 fecit.
1241 2140 1437 2193 Unum
1496 2137 1797 2210 siquidem

140 2225 222 2280 vel
251 2226 371 2281 duo
400 2227 609 2282 media
635 2242 808 2299 aquae
838 2226 993 2282 infra
1038 2226 1336 2283 civitatem
1375 2231 1551 2283 antea
1600 2243 1796 2282 emere

138 2332 305 2372 nemo
331 2316 575 2372 valebat
623 2315 741 2371 nisi
796 2332 986 2372 unum
1044 2317 1362 2373 denarium
1411 2317 1796 2372 efferentibus

136 2419 257 2459 eam
276 2405 349 2459 dc
375 2406 592 2461 Sartha
613 2405 707 2460 vel
719 2405 793 2460 de
812 2405 1014 2478 aliquo
1033 2407 1193 2462 fonte
1206 2405 1489 2474 dedisset,
1504 2406 1796 2478 quoniam

134 2508 233 2548 nec
252 2499 505 2565 puteum
538 2493 685 2549 inibi
707 2493 970 2566 aliquem
988 2494 1315 2551 habebant.
1346 2493 1484 2550 Ideo
1508 2499 1630 2551 tam
1658 2495 1796 2551 cha-

130 2599 190 2639 ra
209 2587 350 2639 erat.
382 2589 444 2639 tn
467 2585 606 2656 ipso
636 2600 882 2656 quoque
913 2599 1074 2640 anno
1097 2584 1424 2640 claustrum
1455 2585 1560 2640 ubi
1577 2585 1670 2640 sui
1696 2601 1794 2641 ca-

129 2673 319 2728 nonici
345 2673 696 2730 conversari
723 2673 1072 2743 regulariter
1099 2679 1156 2730 et
1204 2677 1492 2731 canonice
1548 2681 1797 2748 possent

128 2762 416 2820 aediﬁcare
444 2763 649 2836 coepit,
696 2764 801 2835 qui
841 2769 1020 2819 antea
1070 2780 1412 2836 nunquam,
1477 2770 1540 2821 ut
1587 2766 1792 2836 fertur,

126 2850 443 2908 claustrum
472 2851 702 2908 habere
728 2857 1096 2918 meruerunt,
1117 2852 1222 2909 sed
1240 2868 1346 2924 per
1367 2852 1662 2910 civitatem
1676 2855 1794 2910 huc

126 2946 175 2996 et
201 2941 339 2998 illuc
392 2946 694 3013 vagantes
745 2947 803 2998 et
853 2942 1220 2998 dormientes
1267 2948 1322 2999 et
1365 2943 1788 3008 discurrentes,

125 3036 235 3087 tam
261 3033 322 3088 in
353 3038 538 3089 nocte
569 3048 757 3104 quam
785 3032 847 3088 in
873 3032 992 3103 die,
1045 3048 1154 3105 per
1207 3032 1445 3088 diversa
1489 3032 1793 3088 domicilia

122 3136 355 3214 manere
386 3122 695 3193 solebant,
713 3126 770 3178 et
790 3127 1035 3195 propter
1054 3123 1168 3178 hoc
1185 3122 1686 3194 impedimentum
1712 3121 1790 3177 ad
1833 3157 1874 3214 ϐ

119 3210 374 3268 ofﬁcium
400 3212 689 3268 divinum
717 3227 1052 3279 occurrere,
1108 3216 1174 3268 ut
1224 3211 1499 3282 decebat,
1545 3211 1789 3268 minime

119 3301 424 3372 valebant;
462 3301 680 3374 eisque
707 3317 884 3357 suam
906 3297 1180 3370 domum,
1213 3301 1274 3357 in
1305 3318 1429 3374 qua
1454 3307 1787 3371 manerent,

116 3396 167 3446 et
192 3391 445 3448 solarios
496 3391 628 3448 sive
670 3390 912 3447 cellaria
941 3395 997 3447 et
1058 3390 1177 3447 alia
1229 3390 1504 3459 aediﬁcia,
1537 3407 1672 3465 quae
1712 3391 1789 3447 ad

117 3497 281 3538 suum
312 3498 475 3556 opus
506 3481 802 3548 habebat,
835 3481 1098 3537 tradidit.
1136 3483 1200 3536 Et
1231 3497 1352 3536 non
1375 3481 1435 3536 in
1466 3481 1581 3537 hoc
1627 3480 1790 3536 sufﬁ-

113 3571 263 3627 ciens
291 3578 443 3641 erat,
473 3571 590 3628 sed
621 3571 801 3628 etiam
857 3570 1006 3626 alias
1058 3569 1276 3626 domos
1320 3587 1428 3643 per
1475 3569 1789 3627 circuitum

112 3661 399 3730 nobiliter,
432 3662 599 3718 sicut
647 3661 722 3716 ad
772 3661 887 3717 hoc
943 3676 1098 3733 opus
1150 3660 1405 3716 decebat
1437 3666 1786 3716 construere

113 3752 366 3808 certavit.
428 3753 734 3808 Praefatur;
779 3766 922 3821 ergo
954 3749 1222 3823 pontifex
1268 3749 1378 3806 fuit
1433 3750 1523 3806 vir
1554 3749 1790 3805 mitissi-

116 3857 239 3897 mus
265 3849 323 3898 et
354 3841 615 3915 sapiens
676 3840 874 3905 valde,
926 3839 1135 3910 lingua
1191 3839 1480 3908 eruditus,
1519 3839 1790 3912 psalmos

114 3947 311 3988 omnes
342 3948 458 4005 per
488 3929 775 3987 ordinem
805 3929 1152 3984 memoriter
1181 3928 1459 3997 retinens,
1517 3934 1574 3984 et
1600 3929 1661 3984 in
1689 3945 1789 3984 eo-

112 4035 233 4077 rum
255 4022 554 4078 sensibus
589 4019 982 4097 subtilissima
1038 4018 1461 4074 exercitatione
1517 4019 1785 4074 limatus.

108 4110 301 4183 lingua
327 4127 596 4185 quoque
627 4108 956 4165 inlectione
972 4109 1187 4181 posita,
1213 4114 1268 4164 et
1289 4109 1634 4165 exhortator
1662 4124 1789 4164 om-

110 4201 265 4257 nium
317 4203 643 4257 bonorum
683 4215 960 4272 operum,
1015 4197 1298 4271 plebique
1350 4197 1788 4255 ﬂorentissimae

107 4289 382 4348 salutaria
414 4289 771 4364 praedicans
797 4288 938 4345 ﬁdei
978 4287 1286 4344 catholicae
1319 4293 1376 4344 et
1417 4288 1785 4360 apostolicae,

106 4379 492 4437 immaculate
523 4394 888 4436 conservare
912 4378 1252 4451 perenniter
1280 4394 1391 4434 sua
1418 4378 1649 4434 monita
1689 4394 1786 4434 sa-

103 4469 304 4529 lutaria
324 4470 710 4545 praedicans,
733 4467 920 4524 corda
943 4467 1210 4522 ﬁdelium
1233 4466 1652 4531 corroborans,
1688 4484 1784 4523 or-

105 4561 373 4618 thodoxae
399 4561 553 4616 fidei
586 4559 903 4615 aemulator
951 4575 1021 4613 ac
1073 4557 1354 4614 defensor
1397 4557 1782 4622 fortissimus,

103 4653 472 4725 paupertatis
491 4649 1130 4721 amator,ergainopes
1143 4665 1263 4703 non
1279 4648 1473 4703 solum
1491 4648 1786 4715 mitis,sed

100 4740 262 4795 etiam
287 4741 622 4802 sollicitus,
661 4739 1041 4811 captivorum
1077 4738 1258 4794 etiam
1297 4737 1663 4809 redemptor,
1688 4755 1784 4793 or-

101 4829 440 4900 phanorum
461 4846 722 4905 quoque
741 4835 797 4886 et
815 4829 1134 4884 viduarum
1154 4829 1423 4899 largitor,
1442 4830 1786 4885 necessaria

99 4920 378 4990 tribuens,
395 4925 655 4977 amator
668 4919 1070 4988 religiositatis
1087 4918 1453 4985 Christianae,
1471 4924 1784 4978 normm.et

96 5009 357 5081 religiose
373 5009 740 5068 volentibus
759 5009 956 5064 vivere
979 5012 1034 5063 et
1050 5007 1149 5063 Dei
1181 5008 1456 5063 timorem
1483 5008 1704 5063 habere
1721 5009 1780 5064 in

96 5101 203 5155 suis
225 5099 609 5174 praecordiis
633 5098 874 5154 dilectio
903 5097 1204 5166 residens;
1241 5098 1332 5152 vir
1351 5113 1494 5152 vero
1520 5103 1646 5153 erat
1677 5100 1780 5152 mi-

95 5190 351 5248 tissimus
391 5195 598 5263 atque
640 5188 844 5244 suavis
876 5187 1164 5260 omnique
1209 5187 1477 5243 bonitate
1508 5192 1775 5254 ornatus,

93 5287 312 5338 amator
332 5280 490 5338 cleri
519 5277 849 5350 omnisque
871 5277 1082 5352 populi
1108 5276 1442 5343 Christiani,
1463 5276 1669 5332 tardus
1699 5277 1778 5333 ad

90 5366 503 5436 irascendum,
531 5370 597 5423 et
611 5365 784 5422 velox
800 5365 880 5422 ad
900 5364 1337 5430 miserandum,
1363 5363 1510 5419 nulli
1526 5380 1637 5437 pro
1651 5381 1777 5421 ma-

87 5455 136 5513 lo
172 5461 414 5517 malum
479 5455 778 5526 reddens,
831 5470 1028 5529 neque
1058 5454 1386 5511 vindictam
1437 5454 1776 5511 secundum

88 5553 354 5611 meritum
377 5550 677 5609 tribuens
699 5566 710 5616 ;
736 5547 842 5604 sed
858 5548 994 5620 pius
1009 5551 1066 5604 et
1082 5546 1424 5602 misericors
1441 5549 1569 5602 erat
1587 5546 1777 5603 omni-

87 5635 205 5708 bus,
218 5647 490 5698 cunctos
518 5638 858 5707 attrahens,
872 5638 1301 5709 neminemque
1317 5635 1645 5708 dissipans.
1661 5639 1775 5693 Ma-

89 5741 256 5798 gnum
279 5746 557 5806 gregem
580 5726 855 5784 adunare
878 5727 939 5783 in
961 5743 1153 5784 unum
1179 5731 1236 5783 et
1261 5725 1475 5795 ingens
1512 5724 1771 5794 lucrum,

86 5818 576 5881 adminiculante
608 5817 866 5875 Domino
894 5817 1052 5876 infra
1079 5817 1279 5874 sinum
1302 5818 1524 5873 sanctae
1545 5814 1648 5872 Dei
1667 5816 1776 5872 Ec-

1913 1869 2162 1924 ecclesia
2193 1869 2351 1925 exire
2378 1886 2500 1925 non
2529 1870 2737 1942 potuit,
2771 1886 2880 1926 nec
2924 1871 3088 1943 ipsos
3113 1879 3346 1930 wantos
3378 1891 3582 1930 secum

1910 1959 2140 2014 deferre
2166 1959 2366 2024 valuit,
2403 1964 2539 2015 ante
2566 1976 2732 2031 luam
2772 1976 2873 2015 eos
2917 1960 2976 2015 in
3027 1961 3161 2033 ipsa
3201 1964 3453 2019 ecclesia
3498 1965 3582 2019 vi-

1907 2048 2189 2104 dentibus
2222 2048 2421 2104 multis
2462 2049 2636 2120 ejicit,
2667 2053 2722 2104 et
2746 2049 2891 2115 fuga
2929 2050 3134 2122 lapsus
3167 2054 3372 2108 evasit.
3426 2054 3584 2109 Fecit

1907 2151 2175 2208 namque
2207 2136 2266 2192 in
2298 2137 2583 2209 prtedicta
2628 2138 2878 2193 ecclesia
2908 2138 3117 2195 altaria
3148 2156 3250 2195 sex
3277 2159 3288 2208 ;
3317 2157 3579 2213 quorum

1907 2242 2098 2282 unum
2121 2243 2361 2282 sursum
2385 2228 2648 2299 positum
2679 2229 2738 2282 in
2762 2229 2964 2284 media
2985 2229 3199 2286 absida
3222 2232 3579 2288 collocatum

1906 2316 1966 2372 in
1999 2316 2227 2372 honore
2251 2321 2470 2372 sancta:
2505 2317 2738 2389 Sophiae
2770 2319 3043 2385 sacravit,
3079 2323 3136 2375 et
3160 2320 3441 2392 reliquias
3471 2325 3583 2377 Do-

1907 2406 2054 2461 mini
2085 2407 2270 2462 nostri
2298 2409 2433 2460 .tesu
2466 2407 2699 2471 Christi,
2733 2412 2856 2462 tam
2889 2407 2962 2462 de
2996 2409 3252 2480 spongia
3305 2427 3492 2482 quam
3523 2417 3579 2467 et

1906 2494 1980 2550 de
2003 2495 2289 2551 sandaliis
2309 2495 2440 2565 ejus
2460 2495 2740 2567 prOpriis,
2763 2495 2824 2550 in
2855 2497 3227 2552 confessione
3249 2498 3310 2554 in
3331 2515 3402 2555 eo
3422 2499 3577 2556 facta

1906 2584 2233 2640 collocavit.
2266 2585 2417 2639 Fecit
2441 2601 2687 2656 quoque
2716 2590 2894 2657 atque
2926 2587 3182 2641 sacravit
3219 2588 3349 2658 jam
3377 2588 3573 2643 dictus

1904 2673 2172 2747 pontifex
2201 2673 2261 2728 in
2289 2673 2581 2745 superiori
2608 2679 2664 2729 et
2687 2673 2749 2729 in
2775 2673 3019 2730 dextera
3061 2681 3226 2747 parte
3271 2677 3460 2748 ipsius
3487 2693 3578 2733 ec-

1905 2762 2100 2819 clesiae
2132 2762 2295 2818 aliud
2323 2763 2508 2818 altare
2538 2764 2597 2818 in
2649 2765 2877 2819 honore
2927 2765 3115 2820 sancti
3165 2767 3470 2838 Stephani,
3521 2772 3577 2823 et

1906 2852 2098 2908 sancti
2122 2852 2432 2918 Vincentii,
2469 2868 2538 2908 ac
2572 2854 2763 2909 sancti
2795 2855 3077 2924 Gervasii,
3121 2857 3430 2928 sanctique
3462 2857 3576 2912 Pri-

1903 2942 2044 3010 vati,
2081 2943 2204 2999 sive
2235 2943 2424 2998 sancti
2456 2943 2701 3009 Quirini,
2727 2948 2907 3016 atque
2935 2945 3122 3000 sancti
3145 2945 3413 3015 Naboris,
3443 2963 3576 3002 nec-

1904 3047 2026 3087 non
2057 3036 2114 3087 et
2147 3030 2335 3087 sancti
2387 3032 2613 3087 Nazarii
2652 3042 2992 3105 martyrum
3044 3034 3275 3094 Christi.
3326 3039 3383 3090 et
3412 3036 3470 3090 in
3502 3051 3572 3092 eo

1903 3122 2184 3186 decenter
2209 3137 2421 3177 eorum
2450 3121 2732 3193 reliquias
2764 3122 3093 3178 collocavit.
3128 3124 3286 3179 Fecit
3305 3140 3573 3197 namque

1901 3212 1963 3267 in
1988 3210 2282 3282 superiori
2313 3210 2457 3266 etin
2488 3210 2726 3266 sinistra
2753 3216 2920 3283 parte
2951 3211 3142 3283 ipsius
3172 3212 3437 3268 ecclesiae
3467 3218 3574 3269 ter-

1901 3301 2051 3358 tium
2092 3299 2298 3370 altare,
2335 3303 2516 3372 atque
2548 3299 2808 3355 sacravit
2835 3300 2894 3355 in
2941 3300 3171 3356 honore
3215 3306 3438 3358 sanctae
3471 3303 3572 3359 Dei

1901 3389 2201 3462 genitricis
2249 3389 2463 3459 Mariae,
2512 3389 2638 3444 sive
2677 3389 2867 3445 sancti
2921 3390 3237 3446 Clementis
3285 3394 3570 3449 Romana:

1900 3479 2172 3536 Ecclesiae
2227 3477 2494 3551 episcopi
2542 3483 2600 3535 et
2653 3479 2955 3552 martyris,
3006 3484 3061 3536 et
3110 3481 3298 3537 sancti
3350 3481 3567 3550 Albini,

1899 3569 2088 3626 sancti
2136 3569 2394 3625 Amantii
2444 3584 2515 3625 ac
2581 3569 2771 3625 sancti
2830 3569 3142 3642 Arnulphi,
3208 3587 3314 3627 seu
3377 3572 3570 3629 sancti

1898 3659 2146 3728 Martini,
2209 3664 2388 3731 atque
2447 3658 2636 3715 sancti
2697 3658 3014 3715 Clementis
3067 3659 3245 3731 primi
3294 3662 3567 3718 Metensis

1899 3749 2066 3805 urbis
2095 3749 2380 3822 episcopi,
2431 3753 2610 3822 atque
2643 3748 2832 3804 sancti
2881 3748 3173 3817 Audoeni,
3220 3765 3457 3808 necnon
3513 3755 3570 3808 et

1901 3839 2094 3895 sancti
2123 3838 2421 3910 Martialis,
2450 3854 2520 3894 ac
2552 3838 2742 3894 sancti
2773 3837 3094 3908 Benedicti,
3141 3843 3198 3895 et
3246 3840 3438 3896 sancti
3469 3843 3569 3897 Pa-

1899 3929 2070 4000 terni,
2101 3933 2157 3984 et
2197 3928 2384 3984 sancti
2415 3927 2696 3992 Silvestri,
2749 3927 3160 3983 confessorum
3208 3929 3460 3996 Domini,
3513 3935 3568 3986 et

1899 4018 1961 4074 in
2027 4035 2097 4074 eo
2155 4017 2412 4090 propriis
2468 4016 2752 4072 manibus
2805 4017 3083 4072 decenter
3141 4018 3562 4090 praedictorum

1901 4114 2247 4165 sanctorum
2273 4107 2555 4180 reliquias
2585 4107 2648 4162 in
2697 4107 3072 4163 confessione
3117 4107 3308 4182 ipsius
3364 4108 3566 4165 altaris

1901 4198 2230 4256 collocavit.
2265 4197 2331 4253 In
2380 4196 2696 4252 subteriori
2745 4212 2888 4266 ergo
2934 4202 3101 4269 parte
3141 4203 3199 4254 et
3243 4197 3304 4253 in
3355 4197 3567 4255 absida

1899 4287 2088 4361 ipsius
2117 4285 2400 4352 ecclesiae,
2430 4285 2564 4341 fecit
2589 4289 2645 4341 et
2673 4286 3046 4342 consecravit
3069 4292 3354 4359 quartum
3383 4286 3566 4344 altare

1899 4378 1961 4433 in
1986 4378 2215 4433 honore
2251 4375 2441 4432 sancti
2475 4374 2761 4446 Stephani
2790 4380 2848 4431 et
2875 4375 3149 4432 omnium
3197 4381 3564 4447 sanctorum,

1901 4473 1956 4522 et
1981 4467 2041 4522 in
2072 4482 2144 4522 eo
2165 4465 2353 4522 sancti
2381 4464 2665 4538 Stephani
2709 4469 2890 4538 atque
2932 4465 3188 4522 aliorum
3239 4465 3566 4523 multorum

1901 4563 2244 4614 sanctorum
2300 4555 2584 4628 reliquias
2631 4555 2890 4628 propriis
2947 4556 3231 4612 manibus
3289 4557 3567 4614 decenter

1898 4647 2212 4703 collocavit
2240 4650 2421 4718 atque
2448 4645 2758 4702 conclusit.
2793 4649 2854 4701 lu
2885 4645 3129 4702 dextera
3162 4646 3341 4716 igitur
3370 4646 3567 4701 subte-

1896 4737 2034 4792 riori
2081 4740 2249 4808 parte
2295 4735 2484 4808 ipsius
2541 4734 2802 4791 ecclesia;
2847 4736 3126 4807 quintum
3177 4735 3313 4790 fecit
3357 4733 3561 4797 altare.

1895 4827 2061 4901 quod
2078 4831 2135 4883 et
2165 4825 2533 4883 consecravit
2560 4825 2619 4880 in
2647 4825 2875 4880 honore
2898 4824 3087 4880 sancti
3109 4822 3272 4878 Pauli
3295 4827 3350 4879 et
3373 4824 3563 4880 sancti

1893 4916 2102 4972 Jacobi
2125 4914 2382 4988 apostoli
2411 4919 2468 4970 et
2493 4914 2679 4970 sancti
2712 4911 2964 4970 Matthaei
3010 4911 3266 4983 apostoli
3297 4915 3351 4968 et
3380 4927 3561 4970 evan-

1895 5005 2138 5076 gelistae,
2171 5006 2315 5060 etin
2350 4989 2727 5060 confessione
2769 5001 2957 5072 ipsius
3004 5000 3206 5057 altaris
3245 5001 3561 5075 praedicto-

1891 5112 2024 5151 rum
2085 5099 2431 5150 sanctorum
2485 5089 2900 5163 apostolorum
2965 5089 3251 5164 reliquias
3303 5093 3562 5166 propriis

1891 5183 2176 5240 manibus
2196 5182 2476 5236 decenter
2496 5179 2836 5252 composuit
2860 5184 3039 5253 atque
3062 5181 3369 5237 conclusit.
3400 5181 3465 5236 In
3488 5181 3564 5236 si-

1889 5275 2075 5330 nistra
2105 5277 2163 5328 et
2190 5272 2250 5326 in
2274 5269 2588 5326 subteriori
2612 5274 2778 5343 parte
2819 5270 3006 5344 ipsius
3033 5271 3297 5326 ecclesiae
3323 5274 3559 5327 sextum

1889 5363 2024 5419 fecit
2053 5361 2238 5418 altare
2267 5359 2435 5432 quod
2484 5365 2541 5418 et
2589 5360 2962 5417 consecravit
3002 5359 3064 5414 in
3113 5359 3340 5416 honore
3369 5366 3564 5435 sancti

1889 5450 2186 5508 Theodori
2217 5454 2275 5506 et
2300 5450 2493 5506 sancti
2521 5450 2742 5507 Juliani
2773 5454 2953 5522 atque
2999 5449 3189 5506 sancti
3235 5450 3555 5520 Lamberti,

1887 5547 2225 5614 martyrum
2246 5539 2475 5609 Christi,
2508 5546 2564 5598 et
2601 5541 2663 5596 in
2693 5538 3066 5596 confessione
3113 5539 3307 5614 ipsius
3353 5541 3558 5599 altaris

1887 5647 2098 5688 eorum
2128 5630 2385 5703 pignora
2416 5628 2673 5703 propriis
2703 5627 3016 5684 collocavit
3045 5629 3349 5687 manibus.

2690 5721 2761 5774 ιιι
3532 5778 3543 5788 ,

1958 5814 2132 5869 Anno
2161 5809 2463 5884 siquidem
2489 5806 2918 5868 incarnationis
2947 5807 3186 5866 Domini
3213 5808 3402 5866 nostri
3417 5810 3556 5865 Jesu
