  <div class='ocr_page' id='page_1' title='image "/cluster/home/n/w/nwhite01/storage/ocr_20150623/115-116/uc1.31175006916467/025.png"; bbox 0 0 3944 6410; ppageno 0'>
   <div class='ocr_carea' id='block_1_1' title="bbox 340 290 3771 381">
    <p class='ocr_par' dir='ltr' id='par_1_1' title="bbox 340 290 3771 381">
     <span class='ocr_line' id='line_1_1' title="bbox 340 290 3771 381; baseline -0.008 -12"><span class='ocrx_word' id='word_1_1' title='bbox 340 321 416 381; x_wconf 65' lang='lat'>35</span> <span class='ocrx_word' id='word_1_2' title='bbox 1454 301 1737 360; x_wconf 81' lang='lat' dir='ltr'>ALDRICI</span> <span class='ocrx_word' id='word_1_3' title='bbox 1775 293 2313 359; x_wconf 70' lang='grc' dir='ltr'>οΕΝοωΕΝειε</span> <span class='ocrx_word' id='word_1_4' title='bbox 2350 291 2658 350; x_wconf 81' lang='lat' dir='ltr'>EPISCOPI</span> <span class='ocrx_word' id='word_1_5' title='bbox 3693 290 3771 349; x_wconf 70' lang='grc' dir='ltr'><strong>2ο</strong></span> 
     </span>
    </p>
   </div>
   <div class='ocr_carea' id='block_1_2' title="bbox 348 409 3774 506">
    <p class='ocr_par' dir='ltr' id='par_1_2' title="bbox 348 409 3774 506">
     <span class='ocr_line' id='line_1_2' title="bbox 348 409 3774 506; baseline -0.01 -6"><span class='ocrx_word' id='word_1_6' title='bbox 348 438 562 499; x_wconf 63' lang='lat' dir='ltr'>amisti</span> <span class='ocrx_word' id='word_1_7' title='bbox 589 432 1079 506; x_wconf 66' lang='lat' dir='ltr'>octingentesimo</span> <span class='ocrx_word' id='word_1_8' title='bbox 1115 428 1421 501; x_wconf 60' lang='lat' dir='ltr'>higesimo</span> <span class='ocrx_word' id='word_1_9' title='bbox 1468 431 1528 483; x_wconf 84' lang='lat' dir='ltr'>et</span> <span class='ocrx_word' id='word_1_10' title='bbox 1562 426 1802 499; x_wconf 82' lang='lat' dir='ltr'>quarto,</span> <span class='ocrx_word' id='word_1_11' title='bbox 1856 418 2004 477; x_wconf 88' lang='lat' dir='ltr'>indi-</span> <span class='ocrx_word' id='word_1_12' title='bbox 2027 423 2083 476; x_wconf 73' lang='grc' dir='ltr'>Α</span> <span class='ocrx_word' id='word_1_13' title='bbox 2116 416 2217 475; x_wconf 82' lang='lat' dir='ltr'>tali</span> <span class='ocrx_word' id='word_1_14' title='bbox 2242 416 2469 490; x_wconf 83' lang='lat' dir='ltr'>quippe</span> <span class='ocrx_word' id='word_1_15' title='bbox 2491 419 2658 506; x_wconf 85' lang='lat' dir='ltr'>parte</span> <span class='ocrx_word' id='word_1_16' title='bbox 2685 413 2876 506; x_wconf 79' lang='lat' dir='ltr'>ipsius</span> <span class='ocrx_word' id='word_1_17' title='bbox 2900 412 3189 506; x_wconf 54' lang='lat' dir='ltr'>ecclesia,</span> <span class='ocrx_word' id='word_1_18' title='bbox 3205 412 3266 469; x_wconf 90' lang='lat' dir='ltr'>in</span> <span class='ocrx_word' id='word_1_19' title='bbox 3289 411 3427 506; x_wconf 78' lang='lat' dir='ltr'>ipso</span> <span class='ocrx_word' id='word_1_20' title='bbox 3450 410 3672 468; x_wconf 79' lang='lat' dir='ltr'>solario</span> <span class='ocrx_word' id='word_1_21' title='bbox 3688 409 3774 469; x_wconf 74' lang='lat' dir='ltr'>fe-</span> 
     </span>
    </p>
   </div>
   <div class='ocr_carea' id='block_1_3' title="bbox 350 512 2006 588">
    <p class='ocr_par' dir='ltr' id='par_1_3' title="bbox 350 512 2006 588">
     <span class='ocr_line' id='line_1_3' title="bbox 350 512 2006 588; baseline -0.013 0"><span class='ocrx_word' id='word_1_22' title='bbox 350 531 547 587; x_wconf 85' lang='lat' dir='ltr'>ctione</span> <span class='ocrx_word' id='word_1_23' title='bbox 578 543 718 584; x_wconf 89' lang='lat' dir='ltr'>vero</span> <span class='ocrx_word' id='word_1_24' title='bbox 744 523 1086 587; x_wconf 83' lang='lat' dir='ltr'>tredecima,</span> <span class='ocrx_word' id='word_1_25' title='bbox 1127 525 1185 575; x_wconf 89' lang='lat' dir='ltr'>et</span> <span class='ocrx_word' id='word_1_26' title='bbox 1204 534 1373 575; x_wconf 86' lang='lat' dir='ltr'>anno</span> <span class='ocrx_word' id='word_1_27' title='bbox 1403 514 1636 588; x_wconf 86' lang='lat' dir='ltr'>imperii</span> <span class='ocrx_word' id='word_1_28' title='bbox 1658 512 1871 569; x_wconf 80' lang='lat' dir='ltr'>domui</span> <span class='ocrx_word' id='word_1_29' title='bbox 1904 512 2006 567; x_wconf 81' lang='lat' dir='ltr'>Lu-</span> 
     </span>
    </p>
   </div>
   <div class='ocr_carea' id='block_1_4' title="bbox 348 597 2002 689">
    <p class='ocr_par' dir='ltr' id='par_1_4' title="bbox 348 597 2002 689">
     <span class='ocr_line' id='line_1_4' title="bbox 348 597 2002 689; baseline -0.015 -13"><span class='ocrx_word' id='word_1_30' title='bbox 348 618 550 675; x_wconf 83' lang='lat' dir='ltr'>dovici</span> <span class='ocrx_word' id='word_1_31' title='bbox 592 613 844 689; x_wconf 77' lang='lat' dir='ltr'>piissimi</span> <span class='ocrx_word' id='word_1_32' title='bbox 888 607 1259 683; x_wconf 73' lang='lat' dir='ltr'>imperatoris</span> <span class='ocrx_word' id='word_1_33' title='bbox 1296 605 1588 676; x_wconf 83' lang='lat' dir='ltr'>vigesimo</span> <span class='ocrx_word' id='word_1_34' title='bbox 1626 607 1687 658; x_wconf 86' lang='lat' dir='ltr'>et</span> <span class='ocrx_word' id='word_1_35' title='bbox 1714 597 2002 663; x_wconf 87' lang='lat' dir='ltr'>secundo,</span> 
     </span>
    </p>
   </div>
   <div class='ocr_carea' id='block_1_5' title="bbox 348 689 2004 771">
    <p class='ocr_par' dir='ltr' id='par_1_5' title="bbox 348 689 2004 771">
     <span class='ocr_line' id='line_1_5' title="bbox 348 689 2004 771; baseline -0.016 -5"><span class='ocrx_word' id='word_1_36' title='bbox 348 723 515 764; x_wconf 82' lang='lat' dir='ltr'>anno</span> <span class='ocrx_word' id='word_1_37' title='bbox 546 701 936 762; x_wconf 69' lang='lat' dir='ltr'>ordinationis</span> <span class='ocrx_word' id='word_1_38' title='bbox 966 696 1295 771; x_wconf 69' lang='lat' dir='ltr'>praascripti</span> <span class='ocrx_word' id='word_1_39' title='bbox 1332 693 1554 750; x_wconf 75' lang='lat' dir='ltr'>Aldrici</span> <span class='ocrx_word' id='word_1_40' title='bbox 1595 689 1863 764; x_wconf 75' lang='lat' dir='ltr'>episcopi</span> <span class='ocrx_word' id='word_1_41' title='bbox 1892 691 2004 743; x_wconf 89' lang='lat' dir='ltr'>ter-</span> 
     </span>
    </p>
   </div>
   <div class='ocr_carea' id='block_1_6' title="bbox 349 778 2004 868">
    <p class='ocr_par' dir='ltr' id='par_1_6' title="bbox 349 778 2004 868">
     <span class='ocr_line' id='line_1_6' title="bbox 349 778 2004 868; baseline -0.014 -15"><span class='ocrx_word' id='word_1_42' title='bbox 349 796 454 864; x_wconf 73' lang='lat' dir='ltr'>ﬁo,</span> <span class='ocrx_word' id='word_1_43' title='bbox 484 794 831 868; x_wconf 67' lang='lat' dir='ltr'>prmdietam</span> <span class='ocrx_word' id='word_1_44' title='bbox 855 787 1178 845; x_wconf 80' lang='lat' dir='ltr'>ecclesiam</span> <span class='ocrx_word' id='word_1_45' title='bbox 1200 786 1334 857; x_wconf 89' lang='lat' dir='ltr'>jam</span> <span class='ocrx_word' id='word_1_46' title='bbox 1354 783 1554 839; x_wconf 88' lang='lat' dir='ltr'>dictus</span> <span class='ocrx_word' id='word_1_47' title='bbox 1591 778 1861 854; x_wconf 78' lang='lat' dir='ltr'>pontifex</span> <span class='ocrx_word' id='word_1_48' title='bbox 1907 792 2004 831; x_wconf 92' lang='lat' dir='ltr'>so-</span> 
     </span>
    </p>
   </div>
   <div class='ocr_carea' id='block_1_7' title="bbox 348 870 2006 945">
    <p class='ocr_par' dir='ltr' id='par_1_7' title="bbox 348 870 2006 945">
     <span class='ocr_line' id='line_1_7' title="bbox 348 870 2006 945; baseline -0.013 -3"><span class='ocrx_word' id='word_1_49' title='bbox 348 885 623 942; x_wconf 79' lang='lat' dir='ltr'>lemniter</span> <span class='ocrx_word' id='word_1_50' title='bbox 650 886 707 937; x_wconf 86' lang='lat' dir='ltr'>et</span> <span class='ocrx_word' id='word_1_51' title='bbox 737 879 1011 935; x_wconf 72' lang='lat' dir='ltr'>decenter</span> <span class='ocrx_word' id='word_1_52' title='bbox 1038 875 1354 933; x_wconf 77' lang='lat' dir='ltr'>dedicavit.</span> <span class='ocrx_word' id='word_1_53' title='bbox 1388 877 1451 929; x_wconf 85' lang='lat' dir='ltr'>In</span> <span class='ocrx_word' id='word_1_54' title='bbox 1479 870 1826 945; x_wconf 72' lang='lat' dir='ltr'>praescripto</span> <span class='ocrx_word' id='word_1_55' title='bbox 1839 882 2006 922; x_wconf 88' lang='lat' dir='ltr'>nam-</span> 
     </span>
    </p>
   </div>
   <div class='ocr_carea' id='block_1_8' title="bbox 351 955 2008 1047">
    <p class='ocr_par' dir='ltr' id='par_1_8' title="bbox 351 955 2008 1047">
     <span class='ocr_line' id='line_1_8' title="bbox 351 955 2008 1047; baseline -0.011 -20"><span class='ocrx_word' id='word_1_56' title='bbox 351 988 467 1047; x_wconf 80' lang='lat' dir='ltr'>que</span> <span class='ocrx_word' id='word_1_57' title='bbox 498 969 894 1027; x_wconf 69' lang='lat' dir='ltr'>Calendarum</span> <span class='ocrx_word' id='word_1_58' title='bbox 936 966 1054 1033; x_wconf 87' lang='lat' dir='ltr'>die,</span> <span class='ocrx_word' id='word_1_59' title='bbox 1086 964 1336 1021; x_wconf 83' lang='lat' dir='ltr'>Turonis</span> <span class='ocrx_word' id='word_1_60' title='bbox 1382 958 1731 1032; x_wconf 81' lang='lat' dir='ltr'>metropolis</span> <span class='ocrx_word' id='word_1_61' title='bbox 1772 955 2008 1047; x_wconf 80' lang='lat' dir='ltr'>civitate</span> 
     </span>
    </p>
   </div>
   <div class='ocr_carea' id='block_1_9' title="bbox 349 1042 2006 1136">
    <p class='ocr_par' dir='ltr' id='par_1_9' title="bbox 349 1042 2006 1136">
     <span class='ocr_line' id='line_1_9' title="bbox 349 1042 2006 1136; baseline -0.011 -19"><span class='ocrx_word' id='word_1_62' title='bbox 349 1042 457 1136; x_wconf 72' lang='lat' dir='ltr'>per</span> <span class='ocrx_word' id='word_1_63' title='bbox 480 1072 845 1116; x_wconf 73' lang='lat' dir='ltr'>consensum</span> <span class='ocrx_word' id='word_1_64' title='bbox 872 1059 932 1111; x_wconf 92' lang='lat' dir='ltr'>et</span> <span class='ocrx_word' id='word_1_65' title='bbox 977 1052 1333 1110; x_wconf 72' lang='lat' dir='ltr'>electionem</span> <span class='ocrx_word' id='word_1_66' title='bbox 1380 1047 1744 1107; x_wconf 87' lang='lat' dir='ltr'>Landramni</span> <span class='ocrx_word' id='word_1_67' title='bbox 1789 1042 2006 1136; x_wconf 73' lang='lat' dir='ltr'>praedi-</span> 
     </span>
    </p>
   </div>
   <div class='ocr_carea' id='block_1_10' title="bbox 344 1134 2006 1213">
    <p class='ocr_par' dir='ltr' id='par_1_10' title="bbox 344 1134 2006 1213">
     <span class='ocr_line' id='line_1_10' title="bbox 344 1134 2006 1213; baseline -0.012 -6"><span class='ocrx_word' id='word_1_68' title='bbox 344 1134 457 1206; x_wconf 61' lang='lat' dir='ltr'>cta</span> <span class='ocrx_word' id='word_1_69' title='bbox 510 1146 816 1205; x_wconf 68' lang='lat' dir='ltr'>Turonicai</span> <span class='ocrx_word' id='word_1_70' title='bbox 860 1143 1027 1199; x_wconf 85' lang='lat' dir='ltr'>urbis</span> <span class='ocrx_word' id='word_1_71' title='bbox 1062 1138 1527 1213; x_wconf 74' lang='lat' dir='ltr'>archiepiscopi,</span> <span class='ocrx_word' id='word_1_72' title='bbox 1573 1137 1699 1193; x_wconf 84' lang='lat' dir='ltr'>sive</span> <span class='ocrx_word' id='word_1_73' title='bbox 1750 1134 2006 1191; x_wconf 85' lang='lat' dir='ltr'>aliorum</span> 
     </span>
    </p>
   </div>
   <div class='ocr_carea' id='block_1_11' title="bbox 341 1227 2006 1311">
    <p class='ocr_par' dir='ltr' id='par_1_11' title="bbox 341 1227 2006 1311">
     <span class='ocr_line' id='line_1_11' title="bbox 341 1227 2006 1311; baseline -0.011 -17"><span class='ocrx_word' id='word_1_74' title='bbox 341 1237 777 1311; x_wconf 79' lang='lat' dir='ltr'>episcoporum</span> <span class='ocrx_word' id='word_1_75' title='bbox 806 1237 986 1304; x_wconf 78' lang='lat' dir='ltr'>atque</span> <span class='ocrx_word' id='word_1_76' title='bbox 1008 1229 1342 1288; x_wconf 80' lang='lat' dir='ltr'>multorum</span> <span class='ocrx_word' id='word_1_77' title='bbox 1372 1227 1666 1285; x_wconf 83' lang='lat' dir='ltr'>abbatum</span> <span class='ocrx_word' id='word_1_78' title='bbox 1695 1230 1876 1296; x_wconf 88' lang='lat' dir='ltr'>atque</span> <span class='ocrx_word' id='word_1_79' title='bbox 1902 1237 2006 1276; x_wconf 86' lang='lat' dir='ltr'>co-</span> 
     </span>
    </p>
   </div>
   <div class='ocr_carea' id='block_1_12' title="bbox 344 1311 2011 1385">
    <p class='ocr_par' dir='ltr' id='par_1_12' title="bbox 344 1311 2011 1385">
     <span class='ocr_line' id='line_1_12' title="bbox 344 1311 2011 1385; baseline -0.012 -1"><span class='ocrx_word' id='word_1_80' title='bbox 344 1327 565 1383; x_wconf 79' lang='lat' dir='ltr'>mitum</span> <span class='ocrx_word' id='word_1_81' title='bbox 595 1338 833 1382; x_wconf 77' lang='lat' dir='ltr'>necnon</span> <span class='ocrx_word' id='word_1_82' title='bbox 852 1319 1188 1377; x_wconf 81' lang='lat' dir='ltr'>etaliorum</span> <span class='ocrx_word' id='word_1_83' title='bbox 1210 1314 1736 1374; x_wconf 72' lang='lat' dir='ltr'>innumerabilium</span> <span class='ocrx_word' id='word_1_84' title='bbox 1754 1311 2011 1385; x_wconf 88' lang='lat' dir='ltr'>pruden-</span> 
     </span>
    </p>
   </div>
   <div class='ocr_carea' id='block_1_13' title="bbox 344 1403 2009 1479">
    <p class='ocr_par' dir='ltr' id='par_1_13' title="bbox 344 1403 2009 1479">
     <span class='ocr_line' id='line_1_13' title="bbox 344 1403 2009 1479; baseline -0.011 -8"><span class='ocrx_word' id='word_1_85' title='bbox 344 1415 502 1471; x_wconf 75' lang='lat' dir='ltr'>tium</span> <span class='ocrx_word' id='word_1_86' title='bbox 540 1413 806 1469; x_wconf 78' lang='lat' dir='ltr'>virorum</span> <span class='ocrx_word' id='word_1_87' title='bbox 837 1425 873 1465; x_wconf 87' lang='lat' dir='ltr'>a</span> <span class='ocrx_word' id='word_1_88' title='bbox 900 1407 1202 1465; x_wconf 65' lang='lat' dir='ltr'>Ludovico</span> <span class='ocrx_word' id='word_1_89' title='bbox 1248 1404 1600 1479; x_wconf 60' lang='lat' dir='ltr'>praescripto</span> <span class='ocrx_word' id='word_1_90' title='bbox 1622 1403 2009 1474; x_wconf 84' lang='lat' dir='ltr'>imperatore,</span> 
     </span>
    </p>
   </div>
   <div class='ocr_carea' id='block_1_14' title="bbox 2115 500 3780 577">
    <p class='ocr_par' dir='ltr' id='par_1_14' title="bbox 2115 500 3780 577">
     <span class='ocr_line' id='line_1_14' title="bbox 2115 500 3780 577; baseline -0.002 -16"><span class='ocrx_word' id='word_1_91' title='bbox 2115 506 2191 561; x_wconf 91' lang='lat' dir='ltr'>cit</span> <span class='ocrx_word' id='word_1_92' title='bbox 2229 510 2407 577; x_wconf 85' lang='lat' dir='ltr'>atque</span> <span class='ocrx_word' id='word_1_93' title='bbox 2429 504 2686 561; x_wconf 80' lang='lat' dir='ltr'>sacravit</span> <span class='ocrx_word' id='word_1_94' title='bbox 2706 502 2888 560; x_wconf 88' lang='lat' dir='ltr'>altare</span> <span class='ocrx_word' id='word_1_95' title='bbox 2907 502 2972 559; x_wconf 88' lang='lat' dir='ltr'>iu</span> <span class='ocrx_word' id='word_1_96' title='bbox 2994 500 3513 561; x_wconf 85' lang='lat' dir='ltr'>honoreomnium</span> <span class='ocrx_word' id='word_1_97' title='bbox 3533 504 3780 559; x_wconf 80' lang='lat' dir='ltr'>sancto-</span> 
     </span>
    </p>
   </div>
   <div class='ocr_carea' id='block_1_15' title="bbox 2113 590 3777 667">
    <p class='ocr_par' dir='ltr' id='par_1_15' title="bbox 2113 590 3777 667">
     <span class='ocr_line' id='line_1_15' title="bbox 2113 590 3777 667; baseline -0.002 -17"><span class='ocrx_word' id='word_1_98' title='bbox 2113 611 2271 663; x_wconf 87' lang='lat' dir='ltr'>rum,</span> <span class='ocrx_word' id='word_1_99' title='bbox 2291 594 2351 649; x_wconf 89' lang='lat' dir='ltr'>in</span> <span class='ocrx_word' id='word_1_100' title='bbox 2370 611 2493 667; x_wconf 83' lang='lat' dir='ltr'>quo</span> <span class='ocrx_word' id='word_1_101' title='bbox 2510 601 2566 650; x_wconf 90' lang='lat' dir='ltr'>et</span> <span class='ocrx_word' id='word_1_102' title='bbox 2594 592 2923 650; x_wconf 85' lang='lat' dir='ltr'>multorum</span> <span class='ocrx_word' id='word_1_103' title='bbox 2963 596 3310 649; x_wconf 83' lang='lat' dir='ltr'>sanctorum</span> <span class='ocrx_word' id='word_1_104' title='bbox 3334 590 3593 662; x_wconf 77' lang='lat' dir='ltr'>pignora</span> <span class='ocrx_word' id='word_1_105' title='bbox 3630 604 3777 662; x_wconf 85' lang='lat' dir='ltr'>pro—</span> 
     </span>
    </p>
   </div>
   <div class='ocr_carea' id='block_1_16' title="bbox 2113 680 3778 756">
    <p class='ocr_par' dir='ltr' id='par_1_16' title="bbox 2113 680 3778 756">
     <span class='ocr_line' id='line_1_16' title="bbox 2113 680 3778 756; baseline 0.001 -18"><span class='ocrx_word' id='word_1_106' title='bbox 2113 684 2257 756; x_wconf 84' lang='lat' dir='ltr'>priis</span> <span class='ocrx_word' id='word_1_107' title='bbox 2291 683 2603 740; x_wconf 82' lang='lat' dir='ltr'>collocavit</span> <span class='ocrx_word' id='word_1_108' title='bbox 2634 680 2941 738; x_wconf 86' lang='lat' dir='ltr'>manibus.</span> <span class='ocrx_word' id='word_1_109' title='bbox 2985 685 3048 736; x_wconf 90' lang='lat' dir='ltr'>ln</span> <span class='ocrx_word' id='word_1_110' title='bbox 3079 680 3318 736; x_wconf 84' lang='lat' dir='ltr'>sinistra</span> <span class='ocrx_word' id='word_1_111' title='bbox 3355 684 3561 735; x_wconf 89' lang='lat' dir='ltr'>autem</span> <span class='ocrx_word' id='word_1_112' title='bbox 3606 683 3778 750; x_wconf 57' lang='lat' dir='ltr'>parte</span> 
     </span>
    </p>
   </div>
   <div class='ocr_carea' id='block_1_17' title="bbox 2112 767 3780 845">
    <p class='ocr_par' dir='ltr' id='par_1_17' title="bbox 2112 767 3780 845">
     <span class='ocr_line' id='line_1_17' title="bbox 2112 767 3780 845; baseline -0.002 -18"><span class='ocrx_word' id='word_1_113' title='bbox 2112 772 2302 845; x_wconf 79' lang='lat' dir='ltr'>ipsius</span> <span class='ocrx_word' id='word_1_114' title='bbox 2349 772 2612 829; x_wconf 67' lang='lat' dir='ltr'>ecclesiae</span> <span class='ocrx_word' id='word_1_115' title='bbox 2660 776 2718 827; x_wconf 90' lang='lat' dir='ltr'>et</span> <span class='ocrx_word' id='word_1_116' title='bbox 2772 771 2834 826; x_wconf 90' lang='lat' dir='ltr'>in</span> <span class='ocrx_word' id='word_1_117' title='bbox 2888 770 3123 826; x_wconf 82' lang='lat' dir='ltr'>sinistro</span> <span class='ocrx_word' id='word_1_118' title='bbox 3181 767 3667 827; x_wconf 79' lang='lat' dir='ltr'>deambulatorio</span> <span class='ocrx_word' id='word_1_119' title='bbox 3711 767 3780 829; x_wconf 74' lang='lat' dir='ltr'>in</span> 
     </span>
    </p>
   </div>
   <div class='ocr_carea' id='block_1_18' title="bbox 2115 857 3780 934">
    <p class='ocr_par' dir='ltr' id='par_1_18' title="bbox 2115 857 3780 934">
     <span class='ocr_line' id='line_1_18' title="bbox 2115 857 3780 934; baseline -0.004 -16"><span class='ocrx_word' id='word_1_120' title='bbox 2115 862 2385 919; x_wconf 83' lang='lat' dir='ltr'>orientali</span> <span class='ocrx_word' id='word_1_121' title='bbox 2407 867 2570 934; x_wconf 84' lang='lat' dir='ltr'>parte</span> <span class='ocrx_word' id='word_1_122' title='bbox 2597 860 2735 916; x_wconf 86' lang='lat' dir='ltr'>fecit</span> <span class='ocrx_word' id='word_1_123' title='bbox 2756 866 2812 916; x_wconf 90' lang='lat' dir='ltr'>et</span> <span class='ocrx_word' id='word_1_124' title='bbox 2841 858 3213 915; x_wconf 83' lang='lat' dir='ltr'>consecravit</span> <span class='ocrx_word' id='word_1_125' title='bbox 3253 858 3438 915; x_wconf 83' lang='lat' dir='ltr'>altare</span> <span class='ocrx_word' id='word_1_126' title='bbox 3460 857 3525 915; x_wconf 85' lang='lat' dir='ltr'>in</span> <span class='ocrx_word' id='word_1_127' title='bbox 3544 858 3780 917; x_wconf 78' lang='lat' dir='ltr'>honore</span> 
     </span>
    </p>
   </div>
   <div class='ocr_carea' id='block_1_19' title="bbox 2119 947 3785 1023">
    <p class='ocr_par' dir='ltr' id='par_1_19' title="bbox 2119 947 3785 1023">
     <span class='ocr_line' id='line_1_19' title="bbox 2119 947 3785 1023; baseline -0.001 -16"><span class='ocrx_word' id='word_1_128' title='bbox 2119 951 2309 1009; x_wconf 78' lang='lat' dir='ltr'>sancti</span> <span class='ocrx_word' id='word_1_129' title='bbox 2331 950 2665 1023; x_wconf 86' lang='lat' dir='ltr'>Dionysiiet</span> <span class='ocrx_word' id='word_1_130' title='bbox 2700 948 2887 1005; x_wconf 78' lang='lat' dir='ltr'>sancti</span> <span class='ocrx_word' id='word_1_131' title='bbox 2912 947 3226 1016; x_wconf 78' lang='lat' dir='ltr'>Laurentii,</span> <span class='ocrx_word' id='word_1_132' title='bbox 3260 963 3330 1003; x_wconf 90' lang='lat' dir='ltr'>ac</span> <span class='ocrx_word' id='word_1_133' title='bbox 3361 947 3555 1003; x_wconf 82' lang='lat' dir='ltr'>sancti</span> <span class='ocrx_word' id='word_1_134' title='bbox 3582 948 3785 1005; x_wconf 66' lang='lat' dir='ltr'>Remi-</span> 
     </span>
    </p>
   </div>
   <div class='ocr_carea' id='block_1_20' title="bbox 2113 1034 3783 1113">
    <p class='ocr_par' dir='ltr' id='par_1_20' title="bbox 2113 1034 3783 1113">
     <span class='ocr_line' id='line_1_20' title="bbox 2113 1034 3783 1113; baseline -0.001 -18"><span class='ocrx_word' id='word_1_135' title='bbox 2113 1040 2195 1111; x_wconf 87' lang='lat' dir='ltr'>gii</span> <span class='ocrx_word' id='word_1_136' title='bbox 2222 1040 2533 1113; x_wconf 80' lang='lat' dir='ltr'>sanctique</span> <span class='ocrx_word' id='word_1_137' title='bbox 2555 1039 2835 1105; x_wconf 73' lang='lat' dir='ltr'>Medardi,</span> <span class='ocrx_word' id='word_1_138' title='bbox 2860 1055 2966 1094; x_wconf 88' lang='lat' dir='ltr'>seu</span> <span class='ocrx_word' id='word_1_139' title='bbox 2985 1036 3176 1093; x_wconf 78' lang='lat' dir='ltr'>sancti</span> <span class='ocrx_word' id='word_1_140' title='bbox 3200 1036 3484 1092; x_wconf 84' lang='lat' dir='ltr'>Bonifacii</span> <span class='ocrx_word' id='word_1_141' title='bbox 3505 1041 3563 1092; x_wconf 79' lang='lat' dir='ltr'>et</span> <span class='ocrx_word' id='word_1_142' title='bbox 3589 1034 3783 1093; x_wconf 78' lang='lat' dir='ltr'>sancti</span> 
     </span>
    </p>
   </div>
   <div class='ocr_carea' id='block_1_21' title="bbox 2114 1126 3786 1198">
    <p class='ocr_par' dir='ltr' id='par_1_21' title="bbox 2114 1126 3786 1198">
     <span class='ocr_line' id='line_1_21' title="bbox 2114 1126 3786 1198; baseline -0.003 -13"><span class='ocrx_word' id='word_1_143' title='bbox 2114 1129 2359 1197; x_wconf 60' lang='lat' dir='ltr'>Rustici,</span> <span class='ocrx_word' id='word_1_144' title='bbox 2409 1145 2645 1187; x_wconf 88' lang='lat' dir='ltr'>necnon</span> <span class='ocrx_word' id='word_1_145' title='bbox 2693 1133 2751 1183; x_wconf 90' lang='lat' dir='ltr'>et</span> <span class='ocrx_word' id='word_1_146' title='bbox 2785 1128 2976 1184; x_wconf 85' lang='lat' dir='ltr'>sancti</span> <span class='ocrx_word' id='word_1_147' title='bbox 3009 1126 3325 1182; x_wconf 77' lang='lat' dir='ltr'>Eleuther-ii</span> <span class='ocrx_word' id='word_1_148' title='bbox 3358 1131 3702 1198; x_wconf 73' lang='lat' dir='ltr'>martyrum</span> <span class='ocrx_word' id='word_1_149' title='bbox 3722 1128 3786 1180; x_wconf 82' lang='lat' dir='ltr'>et</span> 
     </span>
    </p>
   </div>
   <div class='ocr_carea' id='block_1_22' title="bbox 2119 1214 3784 1288">
    <p class='ocr_par' dir='ltr' id='par_1_22' title="bbox 2119 1214 3784 1288">
     <span class='ocr_line' id='line_1_22' title="bbox 2119 1214 3784 1288; baseline -0.002 -13"><span class='ocrx_word' id='word_1_150' title='bbox 2119 1219 2533 1275; x_wconf 76' lang='lat' dir='ltr'>confessorem</span> <span class='ocrx_word' id='word_1_151' title='bbox 2551 1217 2781 1288; x_wconf 79' lang='lat' dir='ltr'>Christi,</span> <span class='ocrx_word' id='word_1_152' title='bbox 2806 1223 2862 1273; x_wconf 88' lang='lat' dir='ltr'>et</span> <span class='ocrx_word' id='word_1_153' title='bbox 2883 1233 3093 1272; x_wconf 91' lang='lat' dir='ltr'>eorum</span> <span class='ocrx_word' id='word_1_154' title='bbox 3119 1214 3627 1287; x_wconf 81' lang='lat' dir='ltr'>reliquiasinipso</span> <span class='ocrx_word' id='word_1_155' title='bbox 3642 1230 3784 1287; x_wconf 83' lang='lat' dir='ltr'>pro-</span> 
     </span>
    </p>
   </div>
   <div class='ocr_carea' id='block_1_23' title="bbox 2118 1304 3787 1383">
    <p class='ocr_par' dir='ltr' id='par_1_23' title="bbox 2118 1304 3787 1383">
     <span class='ocr_line' id='line_1_23' title="bbox 2118 1304 3787 1383; baseline -0.003 -20"><span class='ocrx_word' id='word_1_156' title='bbox 2118 1309 2260 1381; x_wconf 88' lang='lat' dir='ltr'>priis</span> <span class='ocrx_word' id='word_1_157' title='bbox 2276 1309 2558 1364; x_wconf 86' lang='lat' dir='ltr'>manibus</span> <span class='ocrx_word' id='word_1_158' title='bbox 2581 1307 2895 1363; x_wconf 82' lang='lat' dir='ltr'>collocavit</span> <span class='ocrx_word' id='word_1_159' title='bbox 2909 1307 3081 1363; x_wconf 85' lang='lat' dir='ltr'>altari</span> <span class='ocrx_word' id='word_1_160' title='bbox 3118 1311 3185 1362; x_wconf 91' lang='lat' dir='ltr'>ln</span> <span class='ocrx_word' id='word_1_161' title='bbox 3199 1305 3490 1383; x_wconf 80' lang='lat' dir='ltr'>praedicto</span> <span class='ocrx_word' id='word_1_162' title='bbox 3508 1304 3787 1361; x_wconf 79' lang='lat' dir='ltr'>videlicet</span> 
     </span>
    </p>
   </div>
   <div class='ocr_carea' id='block_1_24' title="bbox 2121 1393 3787 1453">
    <p class='ocr_par' dir='ltr' id='par_1_24' title="bbox 2121 1393 3787 1453">
     <span class='ocr_line' id='line_1_24' title="bbox 2121 1393 3787 1453; baseline -0.002 -1"><span class='ocrx_word' id='word_1_163' title='bbox 2121 1398 2357 1453; x_wconf 85' lang='lat' dir='ltr'>sinistro</span> <span class='ocrx_word' id='word_1_164' title='bbox 2400 1398 2579 1452; x_wconf 87' lang='lat' dir='ltr'>solari</span> <span class='ocrx_word' id='word_1_165' title='bbox 2624 1402 2682 1452; x_wconf 89' lang='lat' dir='ltr'>et</span> <span class='ocrx_word' id='word_1_166' title='bbox 2724 1395 3203 1452; x_wconf 83' lang='lat' dir='ltr'>deambulatorio</span> <span class='ocrx_word' id='word_1_167' title='bbox 3250 1395 3313 1450; x_wconf 91' lang='lat' dir='ltr'>in</span> <span class='ocrx_word' id='word_1_168' title='bbox 3356 1393 3558 1450; x_wconf 89' lang='lat' dir='ltr'>medio</span> <span class='ocrx_word' id='word_1_169' title='bbox 3617 1393 3787 1449; x_wconf 88' lang='lat' dir='ltr'>aliud</span> 
     </span>
    </p>
   </div>
   <div class='ocr_carea' id='block_1_25' title="bbox 354 1483 3784 1561">
    <p class='ocr_par' dir='ltr' id='par_1_25' title="bbox 354 1483 3784 1561">
     <span class='ocr_line' id='line_1_25' title="bbox 354 1483 3784 1561; baseline -0.006 -2"><span class='ocrx_word' id='word_1_170' title='bbox 354 1518 500 1560; x_wconf 83' lang='lat' dir='ltr'>cura</span> <span class='ocrx_word' id='word_1_171' title='bbox 529 1498 943 1556; x_wconf 67' lang='lat' dir='ltr'>Cenomanicaa</span> <span class='ocrx_word' id='word_1_172' title='bbox 974 1496 1138 1552; x_wconf 85' lang='lat' dir='ltr'>urbis</span> <span class='ocrx_word' id='word_1_173' title='bbox 1160 1501 1225 1551; x_wconf 85' lang='lat' dir='ltr'>et</span> <span class='ocrx_word' id='word_1_174' title='bbox 1244 1492 1577 1551; x_wconf 86' lang='lat' dir='ltr'>sollicitudo</span> <span class='ocrx_word' id='word_1_175' title='bbox 1599 1491 1778 1547; x_wconf 84' lang='lat' dir='ltr'>totius</span> <span class='ocrx_word' id='word_1_176' title='bbox 1804 1485 2011 1561; x_wconf 87' lang='lat' dir='ltr'>populi</span> <span class='ocrx_word' id='word_1_177' title='bbox 2112 1488 2255 1544; x_wconf 67' lang='lat' dir='ltr'>fecit</span> <span class='ocrx_word' id='word_1_178' title='bbox 2279 1492 2337 1542; x_wconf 89' lang='lat' dir='ltr'>et</span> <span class='ocrx_word' id='word_1_179' title='bbox 2361 1487 2611 1543; x_wconf 77' lang='lat' dir='ltr'>sacravit</span> <span class='ocrx_word' id='word_1_180' title='bbox 2640 1486 2825 1542; x_wconf 88' lang='lat' dir='ltr'>altare</span> <span class='ocrx_word' id='word_1_181' title='bbox 2852 1486 2914 1542; x_wconf 90' lang='lat' dir='ltr'>in</span> <span class='ocrx_word' id='word_1_182' title='bbox 2944 1487 3172 1541; x_wconf 87' lang='lat' dir='ltr'>honore</span> <span class='ocrx_word' id='word_1_183' title='bbox 3220 1489 3447 1543; x_wconf 73' lang='lat' dir='ltr'>sanctae</span> <span class='ocrx_word' id='word_1_184' title='bbox 3476 1483 3579 1539; x_wconf 88' lang='lat' dir='ltr'>Dei</span> <span class='ocrx_word' id='word_1_185' title='bbox 3608 1483 3784 1554; x_wconf 82' lang='lat' dir='ltr'>geni-</span> 
     </span>
    </p>
   </div>
   <div class='ocr_carea' id='block_1_26' title="bbox 353 1573 3784 1665">
    <p class='ocr_par' dir='ltr' id='par_1_26' title="bbox 353 1573 3784 1665">
     <span class='ocr_line' id='line_1_26' title="bbox 353 1573 3784 1665; baseline -0.01 -18"><span class='ocrx_word' id='word_1_186' title='bbox 353 1591 543 1665; x_wconf 85' lang='lat' dir='ltr'>ipsins</span> <span class='ocrx_word' id='word_1_187' title='bbox 600 1588 766 1645; x_wconf 86' lang='lat' dir='ltr'>urbis</span> <span class='ocrx_word' id='word_1_188' title='bbox 812 1585 1114 1661; x_wconf 72' lang='lat' dir='ltr'>parochize</span> <span class='ocrx_word' id='word_1_189' title='bbox 1156 1583 1394 1640; x_wconf 78' lang='lat' dir='ltr'>Aldrico</span> <span class='ocrx_word' id='word_1_190' title='bbox 1438 1581 1685 1655; x_wconf 57' lang='lat' dir='ltr'>praefato</span> <span class='ocrx_word' id='word_1_191' title='bbox 1726 1578 2010 1651; x_wconf 86' lang='lat' dir='ltr'>episcopo</span> <span class='ocrx_word' id='word_1_192' title='bbox 2122 1578 2279 1636; x_wconf 78' lang='lat' dir='ltr'>tricis</span> <span class='ocrx_word' id='word_1_193' title='bbox 2301 1578 2491 1634; x_wconf 69' lang='lat' dir='ltr'>Mariae</span> <span class='ocrx_word' id='word_1_194' title='bbox 2514 1593 2585 1633; x_wconf 85' lang='lat' dir='ltr'>ac</span> <span class='ocrx_word' id='word_1_195' title='bbox 2621 1581 2841 1634; x_wconf 75' lang='lat' dir='ltr'>sanctaa</span> <span class='ocrx_word' id='word_1_196' title='bbox 2871 1575 3199 1632; x_wconf 77' lang='lat' dir='ltr'>Anastasiee</span> <span class='ocrx_word' id='word_1_197' title='bbox 3222 1578 3572 1646; x_wconf 64' lang='lat' dir='ltr'>sanctasque</span> <span class='ocrx_word' id='word_1_198' title='bbox 3599 1573 3784 1629; x_wconf 63' lang='lat' dir='ltr'>Caeci-</span> 
     </span>
    </p>
   </div>
   <div class='ocr_carea' id='block_1_27' title="bbox 350 1663 3788 1746">
    <p class='ocr_par' dir='ltr' id='par_1_27' title="bbox 350 1663 3788 1746">
     <span class='ocr_line' id='line_1_27' title="bbox 350 1663 3788 1746; baseline -0.006 -9"><span class='ocrx_word' id='word_1_199' title='bbox 350 1663 683 1737; x_wconf 70' lang='lat' dir='ltr'>commissa</span> <span class='ocrx_word' id='word_1_200' title='bbox 712 1681 840 1745; x_wconf 80' lang='lat' dir='ltr'>est;</span> <span class='ocrx_word' id='word_1_201' title='bbox 885 1676 982 1732; x_wconf 83' lang='lat' dir='ltr'>cui</span> <span class='ocrx_word' id='word_1_202' title='bbox 1020 1673 1403 1746; x_wconf 79' lang='lat' dir='ltr'>omnipotens</span> <span class='ocrx_word' id='word_1_203' title='bbox 1447 1674 1621 1739; x_wconf 84' lang='lat' dir='ltr'>Deus,</span> <span class='ocrx_word' id='word_1_204' title='bbox 1669 1666 2012 1739; x_wconf 83' lang='lat' dir='ltr'>suppliciter</span> <span class='ocrx_word' id='word_1_205' title='bbox 2112 1666 2235 1737; x_wconf 63' lang='grc' dir='ltr'>Μξε,</span> <span class='ocrx_word' id='word_1_206' title='bbox 2274 1682 2511 1724; x_wconf 79' lang='lat' dir='ltr'>necnon</span> <span class='ocrx_word' id='word_1_207' title='bbox 2563 1671 2619 1722; x_wconf 88' lang='lat' dir='ltr'>et</span> <span class='ocrx_word' id='word_1_208' title='bbox 2662 1666 2940 1722; x_wconf 89' lang='lat' dir='ltr'>omnium</span> <span class='ocrx_word' id='word_1_209' title='bbox 2990 1669 3337 1721; x_wconf 84' lang='lat' dir='ltr'>sanctarum</span> <span class='ocrx_word' id='word_1_210' title='bbox 3365 1663 3692 1733; x_wconf 77' lang='lat' dir='ltr'>virginum,</span> <span class='ocrx_word' id='word_1_211' title='bbox 3717 1666 3788 1719; x_wconf 74' lang='lat' dir='ltr'>et</span> 
     </span>
    </p>
   </div>
   <div class='ocr_carea' id='block_1_28' title="bbox 348 1752 3785 1835">
    <p class='ocr_par' dir='ltr' id='par_1_28' title="bbox 348 1752 3785 1835">
     <span class='ocr_line' id='line_1_28' title="bbox 348 1752 3785 1835; baseline -0.006 -10"><span class='ocrx_word' id='word_1_212' title='bbox 348 1784 627 1835; x_wconf 77' lang='lat' dir='ltr'>oramus,</span> <span class='ocrx_word' id='word_1_213' title='bbox 650 1781 770 1822; x_wconf 89' lang='lat' dir='ltr'>una</span> <span class='ocrx_word' id='word_1_214' title='bbox 798 1764 1114 1821; x_wconf 86' lang='lat' dir='ltr'>nobiscum</span> <span class='ocrx_word' id='word_1_215' title='bbox 1154 1762 1377 1818; x_wconf 85' lang='lat' dir='ltr'>tribuat</span> <span class='ocrx_word' id='word_1_216' title='bbox 1394 1759 1662 1832; x_wconf 87' lang='lat' dir='ltr'>requiem</span> <span class='ocrx_word' id='word_1_217' title='bbox 1703 1755 2009 1827; x_wconf 88' lang='lat' dir='ltr'>sempiter-</span> <span class='ocrx_word' id='word_1_218' title='bbox 2050 1780 2093 1834; x_wconf 70' lang='grc' dir='ltr'><strong>Β</strong></span> <span class='ocrx_word' id='word_1_219' title='bbox 2113 1757 2376 1830; x_wconf 78' lang='lat' dir='ltr'>pignora</span> <span class='ocrx_word' id='word_1_220' title='bbox 2392 1761 2740 1815; x_wconf 79' lang='lat' dir='ltr'>sanctarum</span> <span class='ocrx_word' id='word_1_221' title='bbox 2768 1754 3065 1824; x_wconf 83' lang='lat' dir='ltr'>virginum</span> <span class='ocrx_word' id='word_1_222' title='bbox 3089 1754 3149 1810; x_wconf 88' lang='lat' dir='ltr'>in</span> <span class='ocrx_word' id='word_1_223' title='bbox 3178 1770 3250 1809; x_wconf 90' lang='lat' dir='ltr'>eo</span> <span class='ocrx_word' id='word_1_224' title='bbox 3282 1753 3469 1809; x_wconf 79' lang='lat' dir='ltr'>multa</span> <span class='ocrx_word' id='word_1_225' title='bbox 3512 1752 3785 1825; x_wconf 78' lang='lat' dir='ltr'>propriis</span> 
     </span>
    </p>
   </div>
   <div class='ocr_carea' id='block_1_29' title="bbox 356 1844 3787 1922">
    <p class='ocr_par' dir='ltr' id='par_1_29' title="bbox 356 1844 3787 1922">
     <span class='ocr_line' id='line_1_29' title="bbox 356 1844 3787 1922; baseline -0.003 -8"><span class='ocrx_word' id='word_1_226' title='bbox 356 1873 504 1914; x_wconf 84' lang='lat' dir='ltr'>nam</span> <span class='ocrx_word' id='word_1_227' title='bbox 520 1861 581 1912; x_wconf 89' lang='lat' dir='ltr'>et</span> <span class='ocrx_word' id='word_1_228' title='bbox 617 1855 802 1911; x_wconf 81' lang='lat' dir='ltr'>vitam</span> <span class='ocrx_word' id='word_1_229' title='bbox 824 1858 1131 1909; x_wconf 66' lang='lat' dir='ltr'>aeternam.</span> <span class='ocrx_word' id='word_1_230' title='bbox 1156 1850 1507 1922; x_wconf 84' lang='lat' dir='ltr'>Praescripto</span> <span class='ocrx_word' id='word_1_231' title='bbox 1550 1845 1821 1903; x_wconf 89' lang='lat' dir='ltr'>videlicet</span> <span class='ocrx_word' id='word_1_232' title='bbox 1849 1859 2012 1900; x_wconf 89' lang='lat' dir='ltr'>anno</span> <span class='ocrx_word' id='word_1_233' title='bbox 2118 1848 2433 1905; x_wconf 84' lang='lat' dir='ltr'>collocavit</span> <span class='ocrx_word' id='word_1_234' title='bbox 2464 1847 2763 1905; x_wconf 82' lang='lat' dir='ltr'>manibus.</span> <span class='ocrx_word' id='word_1_235' title='bbox 2790 1848 3081 1902; x_wconf 75' lang='lat' dir='ltr'>Deci-sum</span> <span class='ocrx_word' id='word_1_236' title='bbox 3110 1860 3355 1917; x_wconf 81' lang='lat' dir='ltr'>quoque</span> <span class='ocrx_word' id='word_1_237' title='bbox 3382 1848 3442 1900; x_wconf 87' lang='lat' dir='ltr'>et</span> <span class='ocrx_word' id='word_1_238' title='bbox 3484 1844 3545 1901; x_wconf 89' lang='lat' dir='ltr'>in</span> <span class='ocrx_word' id='word_1_239' title='bbox 3575 1844 3787 1903; x_wconf 63' lang='lat' dir='ltr'>dexte-</span> 
     </span>
    </p>
   </div>
   <div class='ocr_carea' id='block_1_30' title="bbox 348 1931 3789 2007">
    <p class='ocr_par' dir='ltr' id='par_1_30' title="bbox 348 1931 3789 2007">
     <span class='ocr_line' id='line_1_30' title="bbox 348 1931 3789 2007; baseline -0.004 -5"><span class='ocrx_word' id='word_1_240' title='bbox 348 1941 1033 2002; x_wconf 80' lang='lat' dir='ltr'>incarnationisDomini</span> <span class='ocrx_word' id='word_1_241' title='bbox 1052 1940 1241 1996; x_wconf 86' lang='lat' dir='ltr'>nostri</span> <span class='ocrx_word' id='word_1_242' title='bbox 1264 1942 1401 1995; x_wconf 82' lang='lat' dir='ltr'>Jesu</span> <span class='ocrx_word' id='word_1_243' title='bbox 1431 1936 1661 2003; x_wconf 84' lang='lat' dir='ltr'>Christi,</span> <span class='ocrx_word' id='word_1_244' title='bbox 1691 1933 2012 1990; x_wconf 84' lang='lat' dir='ltr'>undecimo</span> <span class='ocrx_word' id='word_1_245' title='bbox 2114 1952 2207 2007; x_wconf 81' lang='lat' dir='ltr'>ra,</span> <span class='ocrx_word' id='word_1_246' title='bbox 2255 1938 2377 1992; x_wconf 71' lang='lat' dir='ltr'>sive</span> <span class='ocrx_word' id='word_1_247' title='bbox 2408 1936 2677 1993; x_wconf 77' lang='lat' dir='ltr'>orientali</span> <span class='ocrx_word' id='word_1_248' title='bbox 2714 1942 2886 2007; x_wconf 81' lang='lat' dir='ltr'>parte</span> <span class='ocrx_word' id='word_1_249' title='bbox 2938 1934 3206 2007; x_wconf 67' lang='lat' dir='ltr'>pro:wa</span> <span class='ocrx_word' id='word_1_250' title='bbox 3232 1931 3499 1989; x_wconf 65' lang='lat' dir='ltr'>ecclesiis</span> <span class='ocrx_word' id='word_1_251' title='bbox 3562 1932 3701 1987; x_wconf 82' lang='lat' dir='ltr'>fecit</span> <span class='ocrx_word' id='word_1_252' title='bbox 3729 1937 3789 1987; x_wconf 84' lang='lat' dir='ltr'>et</span> 
     </span>
    </p>
   </div>
   <div class='ocr_carea' id='block_1_31' title="bbox 344 2024 2012 2108">
    <p class='ocr_par' dir='ltr' id='par_1_31' title="bbox 344 2024 2012 2108">
     <span class='ocr_line' id='line_1_31' title="bbox 344 2024 2012 2108; baseline -0.008 -17"><span class='ocrx_word' id='word_1_253' title='bbox 344 2049 600 2108; x_wconf 63' lang='lat' dir='ltr'>quoque</span> <span class='ocrx_word' id='word_1_254' title='bbox 620 2030 1017 2089; x_wconf 78' lang='lat' dir='ltr'>Calendarum</span> <span class='ocrx_word' id='word_1_255' title='bbox 1036 2027 1379 2085; x_wconf 78' lang='lat' dir='ltr'>Decembris</span> <span class='ocrx_word' id='word_1_256' title='bbox 1399 2027 1495 2083; x_wconf 90' lang='lat' dir='ltr'>die</span> <span class='ocrx_word' id='word_1_257' title='bbox 1516 2024 2012 2108; x_wconf 79' lang='lat' dir='ltr'>solemnitercon-</span> 
     </span>
    </p>
   </div>
   <div class='ocr_carea' id='block_1_32' title="bbox 352 2101 2013 2194">
    <p class='ocr_par' dir='ltr' id='par_1_32' title="bbox 352 2101 2013 2194">
     <span class='ocr_line' id='line_1_32' title="bbox 352 2101 2013 2194; baseline -0.007 -15"><span class='ocrx_word' id='word_1_258' title='bbox 352 2101 603 2180; x_wconf 61' lang='lat' dir='ltr'>secrevit</span> <span class='ocrx_word' id='word_1_259' title='bbox 616 2122 747 2194; x_wconf 81' lang='lat' dir='ltr'>jam</span> <span class='ocrx_word' id='word_1_260' title='bbox 776 2120 968 2176; x_wconf 73' lang='lat' dir='ltr'>dictus</span> <span class='ocrx_word' id='word_1_261' title='bbox 991 2118 1264 2174; x_wconf 84' lang='lat' dir='ltr'>Aldricus</span> <span class='ocrx_word' id='word_1_262' title='bbox 1286 2116 1550 2190; x_wconf 83' lang='lat' dir='ltr'>pontifex</span> <span class='ocrx_word' id='word_1_263' title='bbox 1576 2114 1853 2171; x_wconf 82' lang='lat' dir='ltr'>absidem</span> <span class='ocrx_word' id='word_1_264' title='bbox 1881 2101 2013 2169; x_wconf 62' lang='lat' dir='ltr'>nia-</span> 
     </span>
    </p>
   </div>
   <div class='ocr_carea' id='block_1_33' title="bbox 354 2200 2009 2277">
    <p class='ocr_par' dir='ltr' id='par_1_33' title="bbox 354 2200 2009 2277">
     <span class='ocr_line' id='line_1_33' title="bbox 354 2200 2009 2277; baseline -0.007 -8"><span class='ocrx_word' id='word_1_265' title='bbox 354 2212 458 2269; x_wconf 89' lang='lat' dir='ltr'>tris</span> <span class='ocrx_word' id='word_1_266' title='bbox 476 2216 536 2268; x_wconf 89' lang='lat' dir='ltr'>et</span> <span class='ocrx_word' id='word_1_267' title='bbox 555 2209 803 2267; x_wconf 86' lang='lat' dir='ltr'>senioris</span> <span class='ocrx_word' id='word_1_268' title='bbox 831 2207 1082 2265; x_wconf 88' lang='lat' dir='ltr'>civitatis</span> <span class='ocrx_word' id='word_1_269' title='bbox 1111 2206 1394 2274; x_wconf 65' lang='lat' dir='ltr'>ecclesiae,</span> <span class='ocrx_word' id='word_1_270' title='bbox 1425 2220 1613 2277; x_wconf 88' lang='lat' dir='ltr'>quam</span> <span class='ocrx_word' id='word_1_271' title='bbox 1634 2219 1672 2259; x_wconf 90' lang='lat' dir='ltr'>a</span> <span class='ocrx_word' id='word_1_272' title='bbox 1701 2218 1853 2259; x_wconf 80' lang='lat' dir='ltr'>novo</span> <span class='ocrx_word' id='word_1_273' title='bbox 1875 2200 2009 2257; x_wconf 86' lang='lat' dir='ltr'>fun—</span> 
     </span>
    </p>
   </div>
   <div class='ocr_carea' id='block_1_34' title="bbox 354 2291 2013 2368">
    <p class='ocr_par' dir='ltr' id='par_1_34' title="bbox 354 2291 2013 2368">
     <span class='ocr_line' id='line_1_34' title="bbox 354 2291 2013 2368; baseline -0.005 -11"><span class='ocrx_word' id='word_1_274' title='bbox 354 2301 519 2358; x_wconf 86' lang='lat' dir='ltr'>davit</span> <span class='ocrx_word' id='word_1_275' title='bbox 543 2304 602 2356; x_wconf 89' lang='lat' dir='ltr'>et</span> <span class='ocrx_word' id='word_1_276' title='bbox 618 2298 964 2356; x_wconf 81' lang='lat' dir='ltr'>mirabiliter</span> <span class='ocrx_word' id='word_1_277' title='bbox 984 2296 1224 2353; x_wconf 83' lang='lat' dir='ltr'>ornavit</span> <span class='ocrx_word' id='word_1_278' title='bbox 1250 2300 1431 2368; x_wconf 84' lang='lat' dir='ltr'>atque</span> <span class='ocrx_word' id='word_1_279' title='bbox 1461 2291 1793 2358; x_wconf 80' lang='lat' dir='ltr'>fabricavit,</span> <span class='ocrx_word' id='word_1_280' title='bbox 1813 2295 1871 2346; x_wconf 89' lang='lat' dir='ltr'>et</span> <span class='ocrx_word' id='word_1_281' title='bbox 1887 2306 2013 2362; x_wconf 70' lang='lat' dir='ltr'>qua</span> 
     </span>
    </p>
   </div>
   <div class='ocr_carea' id='block_1_35' title="bbox 346 2381 2010 2453">
    <p class='ocr_par' dir='ltr' id='par_1_35' title="bbox 346 2381 2010 2453">
     <span class='ocr_line' id='line_1_35' title="bbox 346 2381 2010 2453; baseline -0.007 -7"><span class='ocrx_word' id='word_1_282' title='bbox 346 2394 412 2446; x_wconf 81' lang='lat' dir='ltr'>et</span> <span class='ocrx_word' id='word_1_283' title='bbox 430 2389 613 2446; x_wconf 86' lang='lat' dir='ltr'>altare</span> <span class='ocrx_word' id='word_1_284' title='bbox 634 2386 981 2444; x_wconf 81' lang='lat' dir='ltr'>mirabiliter</span> <span class='ocrx_word' id='word_1_285' title='bbox 992 2385 1430 2441; x_wconf 81' lang='lat' dir='ltr'>-fabricatnmet</span> <span class='ocrx_word' id='word_1_286' title='bbox 1452 2381 2010 2453; x_wconf 84' lang='lat' dir='ltr'>compositumcon-</span> 
     </span>
    </p>
   </div>
   <div class='ocr_carea' id='block_1_36' title="bbox 348 2471 2009 2547">
    <p class='ocr_par' dir='ltr' id='par_1_36' title="bbox 348 2471 2009 2547">
     <span class='ocr_line' id='line_1_36' title="bbox 348 2471 2009 2547; baseline -0.007 -12"><span class='ocrx_word' id='word_1_287' title='bbox 348 2478 582 2535; x_wconf 58' lang='lat' dir='ltr'>sanxit.</span> <span class='ocrx_word' id='word_1_288' title='bbox 604 2478 737 2533; x_wconf 72' lang='lat' dir='ltr'>iam</span> <span class='ocrx_word' id='word_1_289' title='bbox 746 2475 980 2537; x_wconf 74' lang='lat' dir='ltr'>dictam</span> <span class='ocrx_word' id='word_1_290' title='bbox 1003 2474 1229 2547; x_wconf 86' lang='lat' dir='ltr'>quippe</span> <span class='ocrx_word' id='word_1_291' title='bbox 1249 2471 1534 2529; x_wconf 81' lang='lat' dir='ltr'>absidem</span> <span class='ocrx_word' id='word_1_292' title='bbox 1556 2486 1681 2527; x_wconf 79' lang='lat' dir='ltr'>una</span> <span class='ocrx_word' id='word_1_293' title='bbox 1700 2485 1840 2527; x_wconf 88' lang='lat' dir='ltr'>cum</span> <span class='ocrx_word' id='word_1_294' title='bbox 1848 2484 2009 2541; x_wconf 65' lang='lat' dir='ltr'>pras-</span> 
     </span>
    </p>
   </div>
   <div class='ocr_carea' id='block_1_37' title="bbox 352 2557 2014 2624">
    <p class='ocr_par' dir='ltr' id='par_1_37' title="bbox 352 2557 2014 2624">
     <span class='ocr_line' id='line_1_37' title="bbox 352 2557 2014 2624; baseline -0.007 0"><span class='ocrx_word' id='word_1_295' title='bbox 352 2567 479 2624; x_wconf 75' lang='lat' dir='ltr'>iato</span> <span class='ocrx_word' id='word_1_296' title='bbox 499 2566 672 2624; x_wconf 78' lang='lat' dir='ltr'>altari</span> <span class='ocrx_word' id='word_1_297' title='bbox 690 2562 1061 2621; x_wconf 84' lang='lat' dir='ltr'>consecravit</span> <span class='ocrx_word' id='word_1_298' title='bbox 1079 2562 1143 2617; x_wconf 93' lang='lat' dir='ltr'>in</span> <span class='ocrx_word' id='word_1_299' title='bbox 1163 2562 1391 2617; x_wconf 86' lang='lat' dir='ltr'>honore</span> <span class='ocrx_word' id='word_1_300' title='bbox 1409 2559 1597 2616; x_wconf 87' lang='lat' dir='ltr'>sancti</span> <span class='ocrx_word' id='word_1_301' title='bbox 1616 2557 1934 2614; x_wconf 87' lang='lat' dir='ltr'>Salvatoris</span> <span class='ocrx_word' id='word_1_302' title='bbox 1956 2561 2014 2612; x_wconf 90' lang='lat' dir='ltr'>et</span> 
     </span>
    </p>
   </div>
   <div class='ocr_carea' id='block_1_38' title="bbox 354 2650 2011 2723">
    <p class='ocr_par' dir='ltr' id='par_1_38' title="bbox 354 2650 2011 2723">
     <span class='ocr_line' id='line_1_38' title="bbox 354 2650 2011 2723; baseline -0.007 -12"><span class='ocrx_word' id='word_1_303' title='bbox 354 2658 578 2712; x_wconf 78' lang='lat' dir='ltr'>sanctae</span> <span class='ocrx_word' id='word_1_304' title='bbox 616 2652 721 2709; x_wconf 85' lang='lat' dir='ltr'>Dei</span> <span class='ocrx_word' id='word_1_305' title='bbox 757 2650 1057 2723; x_wconf 82' lang='lat' dir='ltr'>genitricis</span> <span class='ocrx_word' id='word_1_306' title='bbox 1090 2650 1302 2715; x_wconf 80' lang='lat' dir='ltr'>Mariae,</span> <span class='ocrx_word' id='word_1_307' title='bbox 1332 2653 1390 2704; x_wconf 91' lang='lat' dir='ltr'>et</span> <span class='ocrx_word' id='word_1_308' title='bbox 1406 2651 1752 2704; x_wconf 81' lang='lat' dir='ltr'>sanctorum</span> <span class='ocrx_word' id='word_1_309' title='bbox 1786 2650 2011 2717; x_wconf 80' lang='lat' dir='ltr'>marty—</span> 
     </span>
    </p>
   </div>
   <div class='ocr_carea' id='block_1_39' title="bbox 347 2734 2008 2806">
    <p class='ocr_par' dir='ltr' id='par_1_39' title="bbox 347 2734 2008 2806">
     <span class='ocr_line' id='line_1_39' title="bbox 347 2734 2008 2806; baseline -0.005 -7"><span class='ocrx_word' id='word_1_310' title='bbox 347 2759 494 2799; x_wconf 73' lang='lat' dir='ltr'>rum</span> <span class='ocrx_word' id='word_1_311' title='bbox 515 2740 775 2799; x_wconf 82' lang='lat' dir='ltr'>Gervasii</span> <span class='ocrx_word' id='word_1_312' title='bbox 806 2744 863 2795; x_wconf 90' lang='lat' dir='ltr'>et</span> <span class='ocrx_word' id='word_1_313' title='bbox 894 2738 1164 2805; x_wconf 86' lang='lat' dir='ltr'>Protasii,</span> <span class='ocrx_word' id='word_1_314' title='bbox 1213 2736 1319 2793; x_wconf 87' lang='lat' dir='ltr'>sed</span> <span class='ocrx_word' id='word_1_315' title='bbox 1360 2740 1417 2792; x_wconf 88' lang='lat' dir='ltr'>et</span> <span class='ocrx_word' id='word_1_316' title='bbox 1454 2735 1645 2793; x_wconf 82' lang='lat' dir='ltr'>sancti</span> <span class='ocrx_word' id='word_1_317' title='bbox 1690 2734 2008 2806; x_wconf 83' lang='lat' dir='ltr'>Stephani;</span> 
     </span>
    </p>
   </div>
   <div class='ocr_carea' id='block_1_40' title="bbox 352 2824 2010 2904">
    <p class='ocr_par' dir='ltr' id='par_1_40' title="bbox 352 2824 2010 2904">
     <span class='ocr_line' id='line_1_40' title="bbox 352 2824 2010 2904; baseline -0.005 -16"><span class='ocrx_word' id='word_1_318' title='bbox 352 2832 419 2888; x_wconf 80' lang='lat' dir='ltr'>&#39;m</span> <span class='ocrx_word' id='word_1_319' title='bbox 448 2846 572 2904; x_wconf 86' lang='lat' dir='ltr'>quo</span> <span class='ocrx_word' id='word_1_320' title='bbox 590 2835 648 2886; x_wconf 90' lang='lat' dir='ltr'>et</span> <span class='ocrx_word' id='word_1_321' title='bbox 662 2828 950 2901; x_wconf 88' lang='lat' dir='ltr'>reliquias</span> <span class='ocrx_word' id='word_1_322' title='bbox 988 2826 1176 2883; x_wconf 86' lang='lat' dir='ltr'>sancti</span> <span class='ocrx_word' id='word_1_323' title='bbox 1196 2825 1516 2883; x_wconf 86' lang='lat' dir='ltr'>Salvatoris</span> <span class='ocrx_word' id='word_1_324' title='bbox 1548 2830 1613 2880; x_wconf 92' lang='lat' dir='ltr'>.et</span> <span class='ocrx_word' id='word_1_325' title='bbox 1636 2829 1852 2880; x_wconf 80' lang='lat' dir='ltr'>sanctae</span> <span class='ocrx_word' id='word_1_326' title='bbox 1882 2824 2010 2895; x_wconf 87' lang='lat' dir='ltr'>eju-</span> 
     </span>
    </p>
   </div>
   <div class='ocr_carea' id='block_1_41' title="bbox 356 2913 2011 2989">
    <p class='ocr_par' dir='ltr' id='par_1_41' title="bbox 356 2913 2011 2989">
     <span class='ocr_line' id='line_1_41' title="bbox 356 2913 2011 2989; baseline -0.005 -13"><span class='ocrx_word' id='word_1_327' title='bbox 356 2920 530 2976; x_wconf 84' lang='lat' dir='ltr'>sdem</span> <span class='ocrx_word' id='word_1_328' title='bbox 560 2919 665 2975; x_wconf 87' lang='lat' dir='ltr'>Dei</span> <span class='ocrx_word' id='word_1_329' title='bbox 703 2916 997 2989; x_wconf 85' lang='lat' dir='ltr'>genitricis</span> <span class='ocrx_word' id='word_1_330' title='bbox 1026 2918 1239 2986; x_wconf 78' lang='lat' dir='ltr'>Mariae,</span> <span class='ocrx_word' id='word_1_331' title='bbox 1262 2919 1446 2986; x_wconf 83' lang='lat' dir='ltr'>atque</span> <span class='ocrx_word' id='word_1_332' title='bbox 1476 2914 1549 2970; x_wconf 88' lang='lat' dir='ltr'>de</span> <span class='ocrx_word' id='word_1_333' title='bbox 1593 2913 1836 2986; x_wconf 89' lang='lat' dir='ltr'>proprio</span> <span class='ocrx_word' id='word_1_334' title='bbox 1881 2928 2011 2968; x_wconf 89' lang='lat' dir='ltr'>cor-</span> 
     </span>
    </p>
   </div>
   <div class='ocr_carea' id='block_1_42' title="bbox 348 3001 2010 3083">
    <p class='ocr_par' dir='ltr' id='par_1_42' title="bbox 348 3001 2010 3083">
     <span class='ocr_line' id='line_1_42' title="bbox 348 3001 2010 3083; baseline -0.006 -17"><span class='ocrx_word' id='word_1_335' title='bbox 348 3025 503 3083; x_wconf 75' lang='lat' dir='ltr'>pore</span> <span class='ocrx_word' id='word_1_336' title='bbox 523 3012 868 3065; x_wconf 85' lang='lat' dir='ltr'>sanctorum</span> <span class='ocrx_word' id='word_1_337' title='bbox 886 3010 1217 3077; x_wconf 86' lang='lat' dir='ltr'>martyrum</span> <span class='ocrx_word' id='word_1_338' title='bbox 1241 3003 1508 3060; x_wconf 75' lang='lat' dir='ltr'>Gerwasii</span> <span class='ocrx_word' id='word_1_339' title='bbox 1529 3001 1866 3067; x_wconf 85' lang='lat' dir='ltr'>etProtasii,</span> <span class='ocrx_word' id='word_1_340' title='bbox 1888 3002 2010 3057; x_wconf 86' lang='lat' dir='ltr'>sive</span> 
     </span>
    </p>
   </div>
   <div class='ocr_carea' id='block_1_43' title="bbox 2123 2020 3790 2083">
    <p class='ocr_par' dir='ltr' id='par_1_43' title="bbox 2123 2020 3790 2083">
     <span class='ocr_line' id='line_1_43' title="bbox 2123 2020 3790 2083; baseline -0.003 -1"><span class='ocrx_word' id='word_1_341' title='bbox 2123 2026 2494 2083; x_wconf 77' lang='lat' dir='ltr'>consecravit</span> <span class='ocrx_word' id='word_1_342' title='bbox 2535 2024 2720 2081; x_wconf 86' lang='lat' dir='ltr'>altare</span> <span class='ocrx_word' id='word_1_343' title='bbox 2770 2024 2832 2080; x_wconf 89' lang='lat' dir='ltr'>in</span> <span class='ocrx_word' id='word_1_344' title='bbox 2884 2023 3111 2079; x_wconf 85' lang='lat' dir='ltr'>honore</span> <span class='ocrx_word' id='word_1_345' title='bbox 3153 2021 3341 2083; x_wconf 83' lang='lat' dir='ltr'>sancti</span> <span class='ocrx_word' id='word_1_346' title='bbox 3391 2020 3695 2079; x_wconf 68' lang='lat' dir='ltr'>Ambrosii</span> <span class='ocrx_word' id='word_1_347' title='bbox 3722 2026 3790 2077; x_wconf 74' lang='lat' dir='ltr'>et</span> 
     </span>
    </p>
   </div>
   <div class='ocr_carea' id='block_1_44' title="bbox 2120 2111 3787 2184">
    <p class='ocr_par' dir='ltr' id='par_1_44' title="bbox 2120 2111 3787 2184">
     <span class='ocr_line' id='line_1_44' title="bbox 2120 2111 3787 2184; baseline -0.004 -13"><span class='ocrx_word' id='word_1_348' title='bbox 2120 2116 2312 2171; x_wconf 87' lang='lat' dir='ltr'>sancti</span> <span class='ocrx_word' id='word_1_349' title='bbox 2342 2114 2659 2183; x_wconf 73' lang='lat' dir='ltr'>Benedicti,</span> <span class='ocrx_word' id='word_1_350' title='bbox 2694 2113 3003 2184; x_wconf 87' lang='lat' dir='ltr'>sanctique</span> <span class='ocrx_word' id='word_1_351' title='bbox 3033 2111 3316 2182; x_wconf 84' lang='lat' dir='ltr'>Gregorii,</span> <span class='ocrx_word' id='word_1_352' title='bbox 3339 2127 3409 2168; x_wconf 89' lang='lat' dir='ltr'>ac</span> <span class='ocrx_word' id='word_1_353' title='bbox 3442 2111 3631 2169; x_wconf 81' lang='lat' dir='ltr'>sancti</span> <span class='ocrx_word' id='word_1_354' title='bbox 3660 2117 3787 2166; x_wconf 78' lang='lat' dir='ltr'>Au-</span> 
     </span>
    </p>
   </div>
   <div class='ocr_carea' id='block_1_45' title="bbox 2114 2201 3785 2275">
    <p class='ocr_par' dir='ltr' id='par_1_45' title="bbox 2114 2201 3785 2275">
     <span class='ocr_line' id='line_1_45' title="bbox 2114 2201 3785 2275; baseline -0.002 -14"><span class='ocrx_word' id='word_1_355' title='bbox 2114 2206 2342 2275; x_wconf 73' lang='lat' dir='ltr'>gustini</span> <span class='ocrx_word' id='word_1_356' title='bbox 2372 2205 2495 2260; x_wconf 89' lang='lat' dir='ltr'>sive</span> <span class='ocrx_word' id='word_1_357' title='bbox 2526 2204 2712 2259; x_wconf 86' lang='lat' dir='ltr'>sancti</span> <span class='ocrx_word' id='word_1_358' title='bbox 2740 2202 2957 2258; x_wconf 80' lang='lat' dir='ltr'>Juliani</span> <span class='ocrx_word' id='word_1_359' title='bbox 2987 2207 3167 2274; x_wconf 88' lang='lat' dir='ltr'>atque</span> <span class='ocrx_word' id='word_1_360' title='bbox 3190 2201 3379 2259; x_wconf 86' lang='lat' dir='ltr'>sancti</span> <span class='ocrx_word' id='word_1_361' title='bbox 3410 2201 3785 2274; x_wconf 77' lang='lat' dir='ltr'>Hieronymi,</span> 
     </span>
    </p>
   </div>
   <div class='ocr_carea' id='block_1_46' title="bbox 2114 2291 3790 2362">
    <p class='ocr_par' dir='ltr' id='par_1_46' title="bbox 2114 2291 3790 2362">
     <span class='ocr_line' id='line_1_46' title="bbox 2114 2291 3790 2362; baseline -0.002 -11"><span class='ocrx_word' id='word_1_362' title='bbox 2114 2311 2356 2351; x_wconf 80' lang='lat' dir='ltr'>necnon</span> <span class='ocrx_word' id='word_1_363' title='bbox 2398 2299 2457 2349; x_wconf 87' lang='lat' dir='ltr'>et</span> <span class='ocrx_word' id='word_1_364' title='bbox 2484 2294 2671 2351; x_wconf 88' lang='lat' dir='ltr'>sancti</span> <span class='ocrx_word' id='word_1_365' title='bbox 2717 2292 2942 2362; x_wconf 87' lang='lat' dir='ltr'>Vigoris</span> <span class='ocrx_word' id='word_1_366' title='bbox 2981 2292 3191 2349; x_wconf 87' lang='lat' dir='ltr'>Christi</span> <span class='ocrx_word' id='word_1_367' title='bbox 3244 2291 3691 2358; x_wconf 75' lang='lat' dir='ltr'>confessorem,</span> <span class='ocrx_word' id='word_1_368' title='bbox 3718 2297 3790 2347; x_wconf 83' lang='lat' dir='ltr'>et</span> 
     </span>
    </p>
   </div>
   <div class='ocr_carea' id='block_1_47' title="bbox 2116 2380 3785 2441">
    <p class='ocr_par' dir='ltr' id='par_1_47' title="bbox 2116 2380 3785 2441">
     <span class='ocr_line' id='line_1_47' title="bbox 2116 2380 3785 2441; baseline -0.001 -1"><span class='ocrx_word' id='word_1_369' title='bbox 2116 2400 2329 2441; x_wconf 87' lang='lat' dir='ltr'>eorum</span> <span class='ocrx_word' id='word_1_370' title='bbox 2358 2383 2420 2440; x_wconf 91' lang='lat' dir='ltr'>in</span> <span class='ocrx_word' id='word_1_371' title='bbox 2444 2399 2519 2439; x_wconf 90' lang='lat' dir='ltr'>eo</span> <span class='ocrx_word' id='word_1_372' title='bbox 2548 2383 2826 2439; x_wconf 81' lang='lat' dir='ltr'>decenter</span> <span class='ocrx_word' id='word_1_373' title='bbox 2853 2386 2911 2437; x_wconf 91' lang='lat' dir='ltr'>et</span> <span class='ocrx_word' id='word_1_374' title='bbox 2937 2380 3341 2437; x_wconf 87' lang='lat' dir='ltr'>ecclesiastico</span> <span class='ocrx_word' id='word_1_375' title='bbox 3393 2396 3564 2438; x_wconf 87' lang='lat' dir='ltr'>more</span> <span class='ocrx_word' id='word_1_376' title='bbox 3597 2380 3785 2439; x_wconf 61' lang='lat' dir='ltr'>collov</span> 
     </span>
    </p>
   </div>
   <div class='ocr_carea' id='block_1_48' title="bbox 2116 2468 3785 2545">
    <p class='ocr_par' dir='ltr' id='par_1_48' title="bbox 2116 2468 3785 2545">
     <span class='ocr_line' id='line_1_48' title="bbox 2116 2468 3785 2545; baseline -0.004 -14"><span class='ocrx_word' id='word_1_377' title='bbox 2116 2474 2276 2531; x_wconf 82' lang='lat' dir='ltr'>cavit</span> <span class='ocrx_word' id='word_1_378' title='bbox 2308 2472 2617 2545; x_wconf 74' lang='lat' dir='ltr'>reliquias.</span> <span class='ocrx_word' id='word_1_379' title='bbox 2636 2474 2817 2528; x_wconf 76' lang='lat' dir='ltr'>Extra</span> <span class='ocrx_word' id='word_1_380' title='bbox 2844 2470 3098 2527; x_wconf 86' lang='lat' dir='ltr'>chorum</span> <span class='ocrx_word' id='word_1_381' title='bbox 3126 2468 3349 2526; x_wconf 81' lang='lat' dir='ltr'>scilicet</span> <span class='ocrx_word' id='word_1_382' title='bbox 3369 2474 3427 2525; x_wconf 90' lang='lat' dir='ltr'>et</span> <span class='ocrx_word' id='word_1_383' title='bbox 3444 2470 3785 2531; x_wconf 16' lang='lat' dir='ltr'>inidextera</span> 
     </span>
    </p>
   </div>
   <div class='ocr_carea' id='block_1_49' title="bbox 2114 2559 3786 2637">
    <p class='ocr_par' dir='ltr' id='par_1_49' title="bbox 2114 2559 3786 2637">
     <span class='ocr_line' id='line_1_49' title="bbox 2114 2559 3786 2637; baseline -0.001 -17"><span class='ocrx_word' id='word_1_384' title='bbox 2114 2568 2286 2637; x_wconf 83' lang='lat' dir='ltr'>parte</span> <span class='ocrx_word' id='word_1_385' title='bbox 2308 2564 2503 2635; x_wconf 80' lang='lat' dir='ltr'>ipsius</span> <span class='ocrx_word' id='word_1_386' title='bbox 2532 2561 2799 2617; x_wconf 72' lang='lat' dir='ltr'>(30018le</span> <span class='ocrx_word' id='word_1_387' title='bbox 2848 2560 2985 2617; x_wconf 76' lang='lat' dir='ltr'>fecit</span> <span class='ocrx_word' id='word_1_388' title='bbox 3019 2559 3474 2619; x_wconf 78' lang='lat' dir='ltr'>etconsecravit</span> <span class='ocrx_word' id='word_1_389' title='bbox 3502 2560 3689 2619; x_wconf 84' lang='lat' dir='ltr'>altare</span> <span class='ocrx_word' id='word_1_390' title='bbox 3710 2560 3786 2619; x_wconf 69' lang='lat' dir='ltr'>in</span> 
     </span>
    </p>
   </div>
   <div class='ocr_carea' id='block_1_50' title="bbox 2116 2648 3785 2721">
    <p class='ocr_par' dir='ltr' id='par_1_50' title="bbox 2116 2648 3785 2721">
     <span class='ocr_line' id='line_1_50' title="bbox 2116 2648 3785 2721; baseline -0.001 -12"><span class='ocrx_word' id='word_1_391' title='bbox 2116 2654 2347 2709; x_wconf 84' lang='lat' dir='ltr'>honore</span> <span class='ocrx_word' id='word_1_392' title='bbox 2369 2654 2558 2707; x_wconf 83' lang='lat' dir='ltr'>sancti</span> <span class='ocrx_word' id='word_1_393' title='bbox 2586 2650 2816 2721; x_wconf 88' lang='lat' dir='ltr'>Georgii</span> <span class='ocrx_word' id='word_1_394' title='bbox 2859 2654 2917 2705; x_wconf 87' lang='lat' dir='ltr'>et</span> <span class='ocrx_word' id='word_1_395' title='bbox 2969 2649 3159 2709; x_wconf 81' lang='lat' dir='ltr'>sancti</span> <span class='ocrx_word' id='word_1_396' title='bbox 3223 2648 3449 2719; x_wconf 81' lang='lat' dir='ltr'>Felicis,</span> <span class='ocrx_word' id='word_1_397' title='bbox 3476 2650 3785 2711; x_wconf 49' lang='grc' dir='ltr'><strong>αθηωῆ</strong></span> 
     </span>
    </p>
   </div>
   <div class='ocr_carea' id='block_1_51' title="bbox 2122 2739 3782 2814">
    <p class='ocr_par' dir='ltr' id='par_1_51' title="bbox 2122 2739 3782 2814">
     <span class='ocr_line' id='line_1_51' title="bbox 2122 2739 3782 2814; baseline -0.002 -15"><span class='ocrx_word' id='word_1_398' title='bbox 2122 2741 2543 2814; x_wconf 88' lang='lat' dir='ltr'>Symphoriani</span> <span class='ocrx_word' id='word_1_399' title='bbox 2566 2741 2688 2796; x_wconf 88' lang='lat' dir='ltr'>sive</span> <span class='ocrx_word' id='word_1_400' title='bbox 2713 2740 2901 2796; x_wconf 87' lang='lat' dir='ltr'>sancti</span> <span class='ocrx_word' id='word_1_401' title='bbox 2919 2739 3059 2798; x_wconf 79' lang='lat' dir='ltr'>Sixti</span> <span class='ocrx_word' id='word_1_402' title='bbox 3091 2744 3270 2811; x_wconf 80' lang='lat' dir='ltr'>atque</span> <span class='ocrx_word' id='word_1_403' title='bbox 3298 2740 3491 2798; x_wconf 72' lang='lat' dir='ltr'>sancti</span> <span class='ocrx_word' id='word_1_404' title='bbox 3511 2739 3782 2809; x_wconf 64' lang='lat' dir='ltr'>Tiburni,</span> 
     </span>
    </p>
   </div>
   <div class='ocr_carea' id='block_1_52' title="bbox 2116 2830 3782 2905">
    <p class='ocr_par' dir='ltr' id='par_1_52' title="bbox 2116 2830 3782 2905">
     <span class='ocr_line' id='line_1_52' title="bbox 2116 2830 3782 2905; baseline -0.001 -16"><span class='ocrx_word' id='word_1_405' title='bbox 2116 2839 2462 2890; x_wconf 86' lang='lat' dir='ltr'>sanctorum</span> <span class='ocrx_word' id='word_1_406' title='bbox 2493 2832 2717 2905; x_wconf 77' lang='lat' dir='ltr'>quippe</span> <span class='ocrx_word' id='word_1_407' title='bbox 2746 2830 3060 2888; x_wconf 74' lang='lat' dir='ltr'>Marcellini</span> <span class='ocrx_word' id='word_1_408' title='bbox 3088 2834 3147 2887; x_wconf 87' lang='lat' dir='ltr'>et</span> <span class='ocrx_word' id='word_1_409' title='bbox 3174 2830 3342 2895; x_wconf 81' lang='lat' dir='ltr'>Petri,</span> <span class='ocrx_word' id='word_1_410' title='bbox 3374 2835 3674 2890; x_wconf 73' lang='lat' dir='ltr'>eteorum</span> <span class='ocrx_word' id='word_1_411' title='bbox 3710 2830 3782 2887; x_wconf 77' lang='lat' dir='ltr'>in</span> 
     </span>
    </p>
   </div>
   <div class='ocr_carea' id='block_1_53' title="bbox 2117 2918 3783 2991">
    <p class='ocr_par' dir='ltr' id='par_1_53' title="bbox 2117 2918 3783 2991">
     <span class='ocr_line' id='line_1_53' title="bbox 2117 2918 3783 2991; baseline -0.002 -13"><span class='ocrx_word' id='word_1_412' title='bbox 2117 2938 2188 2979; x_wconf 89' lang='lat' dir='ltr'>eo</span> <span class='ocrx_word' id='word_1_413' title='bbox 2215 2922 2492 2978; x_wconf 88' lang='lat' dir='ltr'>decenter</span> <span class='ocrx_word' id='word_1_414' title='bbox 2522 2920 2837 2977; x_wconf 85' lang='lat' dir='ltr'>collocavit</span> <span class='ocrx_word' id='word_1_415' title='bbox 2858 2918 3166 2991; x_wconf 81' lang='lat' dir='ltr'>reliquias.</span> <span class='ocrx_word' id='word_1_416' title='bbox 3214 2923 3288 2975; x_wconf 76' lang='lat' dir='ltr'>tn</span> <span class='ocrx_word' id='word_1_417' title='bbox 3345 2919 3581 2977; x_wconf 82' lang='lat' dir='ltr'>sinistra</span> <span class='ocrx_word' id='word_1_418' title='bbox 3605 2935 3783 2977; x_wconf 58' lang='lat' dir='ltr'>nam</span> 
     </span>
    </p>
   </div>
   <div class='ocr_carea' id='block_1_54' title="bbox 2117 3009 3779 3086">
    <p class='ocr_par' dir='ltr' id='par_1_54' title="bbox 2117 3009 3779 3086">
     <span class='ocr_line' id='line_1_54' title="bbox 2117 3009 3779 3086; baseline 0 -17"><span class='ocrx_word' id='word_1_419' title='bbox 2117 3030 2235 3086; x_wconf 81' lang='lat' dir='ltr'>que</span> <span class='ocrx_word' id='word_1_420' title='bbox 2265 3018 2321 3068; x_wconf 90' lang='lat' dir='ltr'>et</span> <span class='ocrx_word' id='word_1_421' title='bbox 2342 3013 2411 3068; x_wconf 84' lang='lat' dir='ltr'>in</span> <span class='ocrx_word' id='word_1_422' title='bbox 2439 3010 2708 3069; x_wconf 83' lang='lat' dir='ltr'>orientali</span> <span class='ocrx_word' id='word_1_423' title='bbox 2731 3017 2897 3082; x_wconf 83' lang='lat' dir='ltr'>parte</span> <span class='ocrx_word' id='word_1_424' title='bbox 2927 3010 3115 3081; x_wconf 82' lang='lat' dir='ltr'>ipsius</span> <span class='ocrx_word' id='word_1_425' title='bbox 3146 3009 3408 3067; x_wconf 70' lang='lat' dir='ltr'>ecclesiae</span> <span class='ocrx_word' id='word_1_426' title='bbox 3436 3009 3573 3067; x_wconf 70' lang='lat' dir='ltr'>iecit</span> <span class='ocrx_word' id='word_1_427' title='bbox 3594 3017 3653 3065; x_wconf 90' lang='lat' dir='ltr'>et</span> <span class='ocrx_word' id='word_1_428' title='bbox 3681 3026 3779 3070; x_wconf 75' lang='lat' dir='ltr'>sa-</span> 
     </span>
    </p>
   </div>
   <div class='ocr_carea' id='block_1_55' title="bbox 352 3091 3789 3184">
    <p class='ocr_par' dir='ltr' id='par_1_55' title="bbox 352 3091 3789 3184">
     <span class='ocr_line' id='line_1_55' title="bbox 352 3091 3789 3184; baseline 0.003 -36"><span class='ocrx_word' id='word_1_429' title='bbox 352 3099 545 3155; x_wconf 76' lang='lat' dir='ltr'>sancti</span> <span class='ocrx_word' id='word_1_430' title='bbox 569 3095 853 3168; x_wconf 76' lang='lat' dir='ltr'>Stephani</span> <span class='ocrx_word' id='word_1_431' title='bbox 967 3094 1287 3184; x_wconf 80' lang='lat' dir='ltr'>saepedicto</span> <span class='ocrx_word' id='word_1_432' title='bbox 1316 3092 1510 3184; x_wconf 77' lang='lat' dir='ltr'>altari,</span> <span class='ocrx_word' id='word_1_433' title='bbox 1536 3091 1795 3165; x_wconf 79' lang='lat' dir='ltr'>propriis</span> <span class='ocrx_word' id='word_1_434' title='bbox 1824 3091 2013 3184; x_wconf 56' lang='lat' dir='ltr'>malii-</span> <span class='ocrx_word' id='word_1_435' title='bbox 2040 3131 2092 3184; x_wconf 73' lang='grc' dir='ltr'>,ο</span> <span class='ocrx_word' id='word_1_436' title='bbox 2119 3104 2309 3158; x_wconf 80' lang='lat' dir='ltr'>crevit</span> <span class='ocrx_word' id='word_1_437' title='bbox 2328 3101 2509 3158; x_wconf 85' lang='lat' dir='ltr'>altare</span> <span class='ocrx_word' id='word_1_438' title='bbox 2522 3100 2591 3156; x_wconf 82' lang='lat' dir='ltr'>in</span> <span class='ocrx_word' id='word_1_439' title='bbox 2611 3100 2841 3157; x_wconf 78' lang='lat' dir='ltr'>honore</span> <span class='ocrx_word' id='word_1_440' title='bbox 2873 3104 3093 3156; x_wconf 63' lang='lat' dir='ltr'>sanctis</span> <span class='ocrx_word' id='word_1_441' title='bbox 3121 3098 3498 3157; x_wconf 63' lang='lat' dir='ltr'>Scholasticis</span> <span class='ocrx_word' id='word_1_442' title='bbox 3528 3104 3586 3157; x_wconf 89' lang='lat' dir='ltr'>et</span> <span class='ocrx_word' id='word_1_443' title='bbox 3610 3116 3789 3157; x_wconf 54' lang='lat' dir='ltr'>sane-</span> 
     </span>
    </p>
   </div>
   <div class='ocr_carea' id='block_1_56' title="bbox 354 3181 2008 3252">
    <p class='ocr_par' dir='ltr' id='par_1_56' title="bbox 354 3181 2008 3252">
     <span class='ocr_line' id='line_1_56' title="bbox 354 3181 2008 3252; baseline -0.004 -9"><span class='ocrx_word' id='word_1_444' title='bbox 354 3186 470 3243; x_wconf 87' lang='lat' dir='ltr'>bus</span> <span class='ocrx_word' id='word_1_445' title='bbox 499 3187 778 3243; x_wconf 79' lang='lat' dir='ltr'>decenter</span> <span class='ocrx_word' id='word_1_446' title='bbox 814 3182 1127 3240; x_wconf 88' lang='lat' dir='ltr'>collocavit</span> <span class='ocrx_word' id='word_1_447' title='bbox 1156 3187 1213 3238; x_wconf 86' lang='lat' dir='ltr'>et</span> <span class='ocrx_word' id='word_1_448' title='bbox 1258 3181 1604 3239; x_wconf 85' lang='lat' dir='ltr'>mirabiliter</span> <span class='ocrx_word' id='word_1_449' title='bbox 1646 3181 2008 3252; x_wconf 86' lang='lat' dir='ltr'>composuit.</span> 
     </span>
    </p>
   </div>
   <div class='ocr_carea' id='block_1_57' title="bbox 350 3270 2011 3349">
    <p class='ocr_par' dir='ltr' id='par_1_57' title="bbox 350 3270 2011 3349">
     <span class='ocr_line' id='line_1_57' title="bbox 350 3270 2011 3349; baseline -0.005 -15"><span class='ocrx_word' id='word_1_450' title='bbox 350 3277 545 3334; x_wconf 69' lang='lat' dir='ltr'>Aliam</span> <span class='ocrx_word' id='word_1_451' title='bbox 568 3290 812 3349; x_wconf 88' lang='lat' dir='ltr'>quoque</span> <span class='ocrx_word' id='word_1_452' title='bbox 836 3278 1075 3346; x_wconf 85' lang='lat' dir='ltr'>partem</span> <span class='ocrx_word' id='word_1_453' title='bbox 1095 3272 1455 3345; x_wconf 66' lang='lat' dir='ltr'>praescriptas</span> <span class='ocrx_word' id='word_1_454' title='bbox 1480 3270 1690 3328; x_wconf 83' lang='lat' dir='ltr'>matris</span> <span class='ocrx_word' id='word_1_455' title='bbox 1709 3275 1779 3327; x_wconf 87' lang='lat' dir='ltr'>et</span> <span class='ocrx_word' id='word_1_456' title='bbox 1805 3270 2011 3325; x_wconf 83' lang='lat' dir='ltr'>civita-</span> 
     </span>
    </p>
   </div>
   <div class='ocr_carea' id='block_1_58' title="bbox 350 3357 2012 3433">
    <p class='ocr_par' dir='ltr' id='par_1_58' title="bbox 350 3357 2012 3433">
     <span class='ocr_line' id='line_1_58' title="bbox 350 3357 2012 3433; baseline -0.004 -11"><span class='ocrx_word' id='word_1_457' title='bbox 350 3367 429 3423; x_wconf 77' lang='lat' dir='ltr'>tis</span> <span class='ocrx_word' id='word_1_458' title='bbox 448 3365 731 3433; x_wconf 78' lang='lat' dir='ltr'>ecclesiae,</span> <span class='ocrx_word' id='word_1_459' title='bbox 763 3363 935 3433; x_wconf 87' lang='lat' dir='ltr'>cujus</span> <span class='ocrx_word' id='word_1_460' title='bbox 979 3360 1442 3418; x_wconf 83' lang='lat' dir='ltr'>consecrationis</span> <span class='ocrx_word' id='word_1_461' title='bbox 1472 3359 1611 3416; x_wconf 82' lang='lat' dir='ltr'>dies</span> <span class='ocrx_word' id='word_1_462' title='bbox 1644 3360 1888 3432; x_wconf 84' lang='lat' dir='ltr'>penitus</span> <span class='ocrx_word' id='word_1_463' title='bbox 1920 3357 2012 3416; x_wconf 70' lang='lat' dir='ltr'>ab</span> 
     </span>
    </p>
   </div>
   <div class='ocr_carea' id='block_1_59' title="bbox 355 3446 2011 3522">
    <p class='ocr_par' dir='ltr' id='par_1_59' title="bbox 355 3446 2011 3522">
     <span class='ocr_line' id='line_1_59' title="bbox 355 3446 2011 3522; baseline -0.004 -11"><span class='ocrx_word' id='word_1_464' title='bbox 355 3453 639 3511; x_wconf 82' lang='lat' dir='ltr'>omnibus</span> <span class='ocrx_word' id='word_1_465' title='bbox 679 3450 1091 3522; x_wconf 84' lang='lat' dir='ltr'>ignorabatur.</span> <span class='ocrx_word' id='word_1_466' title='bbox 1134 3449 1195 3505; x_wconf 86' lang='lat' dir='ltr'>in</span> <span class='ocrx_word' id='word_1_467' title='bbox 1224 3448 1509 3521; x_wconf 66' lang='lat' dir='ltr'>praedicto</span> <span class='ocrx_word' id='word_1_468' title='bbox 1541 3448 1775 3505; x_wconf 89' lang='lat' dir='ltr'>Domini</span> <span class='ocrx_word' id='word_1_469' title='bbox 1806 3446 2011 3504; x_wconf 80' lang='lat' dir='ltr'>Salva-</span> 
     </span>
    </p>
   </div>
   <div class='ocr_carea' id='block_1_60' title="bbox 354 3536 2010 3606">
    <p class='ocr_par' dir='ltr' id='par_1_60' title="bbox 354 3536 2010 3606">
     <span class='ocr_line' id='line_1_60' title="bbox 354 3536 2010 3606; baseline -0.006 -6"><span class='ocrx_word' id='word_1_470' title='bbox 354 3543 498 3599; x_wconf 82' lang='lat' dir='ltr'>toris</span> <span class='ocrx_word' id='word_1_471' title='bbox 524 3540 711 3597; x_wconf 82' lang='lat' dir='ltr'>nostri</span> <span class='ocrx_word' id='word_1_472' title='bbox 742 3542 878 3595; x_wconf 87' lang='lat' dir='ltr'>Jesu</span> <span class='ocrx_word' id='word_1_473' title='bbox 907 3536 1120 3593; x_wconf 84' lang='lat' dir='ltr'>Christi</span> <span class='ocrx_word' id='word_1_474' title='bbox 1147 3537 1389 3593; x_wconf 89' lang='lat' dir='ltr'>nomine</span> <span class='ocrx_word' id='word_1_475' title='bbox 1427 3541 1484 3592; x_wconf 85' lang='lat' dir='ltr'>et</span> <span class='ocrx_word' id='word_1_476' title='bbox 1516 3541 1737 3593; x_wconf 67' lang='lat' dir='ltr'>sanctae</span> <span class='ocrx_word' id='word_1_477' title='bbox 1785 3537 1883 3591; x_wconf 88' lang='lat' dir='ltr'>Dei</span> <span class='ocrx_word' id='word_1_478' title='bbox 1912 3551 2010 3606; x_wconf 87' lang='lat' dir='ltr'>ge-</span> 
     </span>
    </p>
   </div>
   <div class='ocr_carea' id='block_1_61' title="bbox 354 3624 2012 3699">
    <p class='ocr_par' dir='ltr' id='par_1_61' title="bbox 354 3624 2012 3699">
     <span class='ocr_line' id='line_1_61' title="bbox 354 3624 2012 3699; baseline -0.005 -10"><span class='ocrx_word' id='word_1_479' title='bbox 354 3630 578 3690; x_wconf 88' lang='lat' dir='ltr'>nitricis</span> <span class='ocrx_word' id='word_1_480' title='bbox 607 3628 820 3692; x_wconf 70' lang='lat' dir='ltr'>Marim,</span> <span class='ocrx_word' id='word_1_481' title='bbox 873 3631 1338 3699; x_wconf 78' lang='lat' dir='ltr'>sanctorumque</span> <span class='ocrx_word' id='word_1_482' title='bbox 1384 3628 1720 3698; x_wconf 86' lang='lat' dir='ltr'>martyrum</span> <span class='ocrx_word' id='word_1_483' title='bbox 1755 3624 2012 3681; x_wconf 68' lang='lat' dir='ltr'>Gel-vasii</span> 
     </span>
    </p>
   </div>
   <div class='ocr_carea' id='block_1_62' title="bbox 354 3714 2012 3789">
    <p class='ocr_par' dir='ltr' id='par_1_62' title="bbox 354 3714 2012 3789">
     <span class='ocr_line' id='line_1_62' title="bbox 354 3714 2012 3789; baseline -0.005 -12"><span class='ocrx_word' id='word_1_484' title='bbox 354 3725 413 3778; x_wconf 90' lang='lat' dir='ltr'>et</span> <span class='ocrx_word' id='word_1_485' title='bbox 455 3719 718 3786; x_wconf 84' lang='lat' dir='ltr'>Protasii,</span> <span class='ocrx_word' id='word_1_486' title='bbox 765 3722 945 3789; x_wconf 88' lang='lat' dir='ltr'>atque</span> <span class='ocrx_word' id='word_1_487' title='bbox 1003 3716 1194 3771; x_wconf 89' lang='lat' dir='ltr'>sancti</span> <span class='ocrx_word' id='word_1_488' title='bbox 1248 3714 1551 3787; x_wconf 88' lang='lat' dir='ltr'>Stephani,</span> <span class='ocrx_word' id='word_1_489' title='bbox 1611 3714 2012 3771; x_wconf 83' lang='lat' dir='ltr'>reconciliavit</span> 
     </span>
    </p>
   </div>
   <div class='ocr_carea' id='block_1_63' title="bbox 356 3802 2009 3882">
    <p class='ocr_par' dir='ltr' id='par_1_63' title="bbox 356 3802 2009 3882">
     <span class='ocr_line' id='line_1_63' title="bbox 356 3802 2009 3882; baseline -0.005 -16"><span class='ocrx_word' id='word_1_490' title='bbox 356 3814 535 3882; x_wconf 89' lang='lat' dir='ltr'>atque</span> <span class='ocrx_word' id='word_1_491' title='bbox 580 3806 922 3863; x_wconf 87' lang='lat' dir='ltr'>solemnitcr</span> <span class='ocrx_word' id='word_1_492' title='bbox 967 3804 1284 3860; x_wconf 79' lang='lat' dir='ltr'>dedicavit.</span> <span class='ocrx_word' id='word_1_493' title='bbox 1335 3805 1401 3858; x_wconf 91' lang='lat' dir='ltr'>In</span> <span class='ocrx_word' id='word_1_494' title='bbox 1438 3802 1696 3875; x_wconf 73' lang='lat' dir='ltr'>praefata</span> <span class='ocrx_word' id='word_1_495' title='bbox 1744 3819 2009 3875; x_wconf 70' lang='lat' dir='ltr'>namque</span> 
     </span>
    </p>
   </div>
   <div class='ocr_carea' id='block_1_64' title="bbox 354 3893 2009 3955">
    <p class='ocr_par' dir='ltr' id='par_1_64' title="bbox 354 3893 2009 3955">
     <span class='ocr_line' id='line_1_64' title="bbox 354 3893 2009 3955; baseline -0.004 0"><span class='ocrx_word' id='word_1_496' title='bbox 354 3898 607 3955; x_wconf 89' lang='lat' dir='ltr'>ecclesia</span> <span class='ocrx_word' id='word_1_497' title='bbox 637 3895 856 3953; x_wconf 89' lang='lat' dir='ltr'>seniori</span> <span class='ocrx_word' id='word_1_498' title='bbox 899 3894 1111 3952; x_wconf 88' lang='lat' dir='ltr'>altaria</span> <span class='ocrx_word' id='word_1_499' title='bbox 1155 3893 1485 3950; x_wconf 81' lang='lat' dir='ltr'>construxit</span> <span class='ocrx_word' id='word_1_500' title='bbox 1512 3898 1569 3949; x_wconf 92' lang='lat' dir='ltr'>et</span> <span class='ocrx_word' id='word_1_501' title='bbox 1595 3909 1631 3949; x_wconf 91' lang='lat' dir='ltr'>a</span> <span class='ocrx_word' id='word_1_502' title='bbox 1676 3908 1836 3949; x_wconf 89' lang='lat' dir='ltr'>novo</span> <span class='ocrx_word' id='word_1_503' title='bbox 1872 3893 2009 3948; x_wconf 89' lang='lat' dir='ltr'>fun-</span> 
     </span>
    </p>
   </div>
   <div class='ocr_carea' id='block_1_65' title="bbox 354 3982 2008 4059">
    <p class='ocr_par' dir='ltr' id='par_1_65' title="bbox 354 3982 2008 4059">
     <span class='ocr_line' id='line_1_65' title="bbox 354 3982 2008 4059; baseline -0.005 -14"><span class='ocrx_word' id='word_1_504' title='bbox 354 3987 538 4059; x_wconf 90' lang='lat' dir='ltr'>davit,</span> <span class='ocrx_word' id='word_1_505' title='bbox 560 3991 744 4059; x_wconf 82' lang='lat' dir='ltr'>atque</span> <span class='ocrx_word' id='word_1_506' title='bbox 764 3986 827 4041; x_wconf 90' lang='lat' dir='ltr'>in</span> <span class='ocrx_word' id='word_1_507' title='bbox 840 3983 1191 4057; x_wconf 86' lang='lat' dir='ltr'>supradicta</span> <span class='ocrx_word' id='word_1_508' title='bbox 1211 3982 1307 4039; x_wconf 87' lang='lat' dir='ltr'>die</span> <span class='ocrx_word' id='word_1_509' title='bbox 1328 3982 1588 4038; x_wconf 88' lang='lat' dir='ltr'>sacravit</span> <span class='ocrx_word' id='word_1_510' title='bbox 1625 3998 1876 4038; x_wconf 87' lang='lat' dir='ltr'>numero</span> <span class='ocrx_word' id='word_1_511' title='bbox 1904 3983 2008 4038; x_wconf 87' lang='lat' dir='ltr'>de-</span> 
     </span>
    </p>
   </div>
   <div class='ocr_carea' id='block_1_66' title="bbox 355 4072 2008 4146">
    <p class='ocr_par' dir='ltr' id='par_1_66' title="bbox 355 4072 2008 4146">
     <span class='ocr_line' id='line_1_66' title="bbox 355 4072 2008 4146; baseline -0.004 -13"><span class='ocrx_word' id='word_1_512' title='bbox 355 4092 485 4133; x_wconf 89' lang='lat' dir='ltr'>cem</span> <span class='ocrx_word' id='word_1_513' title='bbox 509 4093 523 4131; x_wconf 89' lang='lat'><strong>:</strong></span> <span class='ocrx_word' id='word_1_514' title='bbox 548 4080 605 4131; x_wconf 90' lang='lat' dir='ltr'>et</span> <span class='ocrx_word' id='word_1_515' title='bbox 620 4074 873 4131; x_wconf 90' lang='lat' dir='ltr'>nomina</span> <span class='ocrx_word' id='word_1_516' title='bbox 887 4088 1068 4146; x_wconf 88' lang='lat' dir='ltr'>super</span> <span class='ocrx_word' id='word_1_517' title='bbox 1077 4088 1153 4129; x_wconf 88' lang='lat' dir='ltr'>ea</span> <span class='ocrx_word' id='word_1_518' title='bbox 1163 4088 1374 4129; x_wconf 90' lang='lat' dir='ltr'>eorum</span> <span class='ocrx_word' id='word_1_519' title='bbox 1396 4075 1762 4138; x_wconf 86' lang='lat' dir='ltr'>sanctorum,</span> <span class='ocrx_word' id='word_1_520' title='bbox 1786 4072 1844 4127; x_wconf 90' lang='lat' dir='ltr'>in</span> <span class='ocrx_word' id='word_1_521' title='bbox 1860 4089 2008 4145; x_wconf 88' lang='lat' dir='ltr'>quo-</span> 
     </span>
    </p>
   </div>
   <div class='ocr_carea' id='block_1_67' title="bbox 353 4161 2008 4234">
    <p class='ocr_par' dir='ltr' id='par_1_67' title="bbox 353 4161 2008 4234">
     <span class='ocr_line' id='line_1_67' title="bbox 353 4161 2008 4234; baseline -0.003 -11"><span class='ocrx_word' id='word_1_522' title='bbox 353 4182 492 4223; x_wconf 86' lang='lat' dir='ltr'>rum</span> <span class='ocrx_word' id='word_1_523' title='bbox 532 4163 837 4220; x_wconf 89' lang='lat' dir='ltr'>memoriis</span> <span class='ocrx_word' id='word_1_524' title='bbox 879 4179 951 4219; x_wconf 89' lang='lat' dir='ltr'>ea</span> <span class='ocrx_word' id='word_1_525' title='bbox 993 4162 1381 4229; x_wconf 86' lang='lat' dir='ltr'>consecravit,</span> <span class='ocrx_word' id='word_1_526' title='bbox 1426 4161 1685 4234; x_wconf 87' lang='lat' dir='ltr'>desuper</span> <span class='ocrx_word' id='word_1_527' title='bbox 1712 4162 2008 4219; x_wconf 81' lang='lat' dir='ltr'>ascribere</span> 
     </span>
    </p>
   </div>
   <div class='ocr_carea' id='block_1_68' title="bbox 349 4250 2010 4328">
    <p class='ocr_par' dir='ltr' id='par_1_68' title="bbox 349 4250 2010 4328">
     <span class='ocr_line' id='line_1_68' title="bbox 349 4250 2010 4328; baseline -0.002 -17"><span class='ocrx_word' id='word_1_528' title='bbox 349 4254 528 4328; x_wconf 80' lang='lat' dir='ltr'>jussit</span> <span class='ocrx_word' id='word_1_529' title='bbox 550 4273 563 4322; x_wconf 92' lang='lat'><strong>;</strong></span> <span class='ocrx_word' id='word_1_530' title='bbox 593 4257 808 4326; x_wconf 72' lang='lat' dir='ltr'>quaeet</span> <span class='ocrx_word' id='word_1_531' title='bbox 820 4252 1020 4308; x_wconf 89' lang='lat' dir='ltr'>adhuc</span> <span class='ocrx_word' id='word_1_532' title='bbox 1040 4267 1146 4324; x_wconf 90' lang='lat' dir='ltr'>per</span> <span class='ocrx_word' id='word_1_533' title='bbox 1164 4250 1405 4321; x_wconf 86' lang='lat' dir='ltr'>singula</span> <span class='ocrx_word' id='word_1_534' title='bbox 1431 4251 1874 4309; x_wconf 88' lang='lat' dir='ltr'>altariainserta</span> <span class='ocrx_word' id='word_1_535' title='bbox 1894 4252 2010 4308; x_wconf 89' lang='lat' dir='ltr'>sin-</span> 
     </span>
    </p>
   </div>
   <div class='ocr_carea' id='block_1_69' title="bbox 356 4340 2009 4415">
    <p class='ocr_par' dir='ltr' id='par_1_69' title="bbox 356 4340 2009 4415">
     <span class='ocr_line' id='line_1_69' title="bbox 356 4340 2009 4415; baseline -0.001 -16"><span class='ocrx_word' id='word_1_536' title='bbox 356 4343 604 4415; x_wconf 83' lang='lat' dir='ltr'>gillatim</span> <span class='ocrx_word' id='word_1_537' title='bbox 626 4347 684 4398; x_wconf 91' lang='lat' dir='ltr'>et</span> <span class='ocrx_word' id='word_1_538' title='bbox 700 4341 973 4398; x_wconf 89' lang='lat' dir='ltr'>distincte</span> <span class='ocrx_word' id='word_1_539' title='bbox 989 4357 1059 4397; x_wconf 88' lang='lat' dir='ltr'>ac</span> <span class='ocrx_word' id='word_1_540' title='bbox 1081 4340 1394 4412; x_wconf 88' lang='lat' dir='ltr'>diligenter</span> <span class='ocrx_word' id='word_1_541' title='bbox 1406 4340 1901 4411; x_wconf 89' lang='lat' dir='ltr'>investigantibus</span> <span class='ocrx_word' id='word_1_542' title='bbox 1920 4358 2009 4397; x_wconf 90' lang='lat' dir='ltr'>re-</span> 
     </span>
    </p>
   </div>
   <div class='ocr_carea' id='block_1_70' title="bbox 353 4429 2006 4506">
    <p class='ocr_par' dir='ltr' id='par_1_70' title="bbox 353 4429 2006 4506">
     <span class='ocr_line' id='line_1_70' title="bbox 353 4429 2006 4506; baseline -0.001 -19"><span class='ocrx_word' id='word_1_543' title='bbox 353 4432 533 4506; x_wconf 85' lang='lat' dir='ltr'>periri</span> <span class='ocrx_word' id='word_1_544' title='bbox 559 4431 850 4487; x_wconf 86' lang='lat' dir='ltr'>hodierna</span> <span class='ocrx_word' id='word_1_545' title='bbox 892 4430 988 4486; x_wconf 90' lang='lat' dir='ltr'>die</span> <span class='ocrx_word' id='word_1_546' title='bbox 1029 4434 1279 4503; x_wconf 87' lang='lat' dir='ltr'>queunt.</span> <span class='ocrx_word' id='word_1_547' title='bbox 1315 4429 1799 4487; x_wconf 88' lang='lat' dir='ltr'>Deambulatoria</span> <span class='ocrx_word' id='word_1_548' title='bbox 1822 4430 2006 4503; x_wconf 90' lang='lat' dir='ltr'>siqui-</span> 
     </span>
    </p>
   </div>
   <div class='ocr_carea' id='block_1_71' title="bbox 246 4518 2007 4593">
    <p class='ocr_par' dir='ltr' id='par_1_71' title="bbox 246 4518 2007 4593">
     <span class='ocr_line' id='line_1_71' title="bbox 246 4518 2007 4593; baseline -0.002 -15"><span class='ocrx_word' id='word_1_549' title='bbox 246 4554 253 4561; x_wconf 77' lang='grc' dir='ltr'><strong>ο</strong></span> <span class='ocrx_word' id='word_1_550' title='bbox 353 4521 495 4578; x_wconf 89' lang='lat' dir='ltr'>dem</span> <span class='ocrx_word' id='word_1_551' title='bbox 519 4537 757 4577; x_wconf 87' lang='lat' dir='ltr'>sursum</span> <span class='ocrx_word' id='word_1_552' title='bbox 777 4535 885 4593; x_wconf 85' lang='lat' dir='ltr'>per</span> <span class='ocrx_word' id='word_1_553' title='bbox 911 4522 1102 4576; x_wconf 88' lang='lat' dir='ltr'>totum</span> <span class='ocrx_word' id='word_1_554' title='bbox 1128 4519 1191 4576; x_wconf 91' lang='lat' dir='ltr'>in</span> <span class='ocrx_word' id='word_1_555' title='bbox 1220 4518 1467 4575; x_wconf 88' lang='lat' dir='ltr'>circuitu</span> <span class='ocrx_word' id='word_1_556' title='bbox 1514 4518 1705 4591; x_wconf 87' lang='lat' dir='ltr'>ipsius</span> <span class='ocrx_word' id='word_1_557' title='bbox 1742 4520 2007 4575; x_wconf 67' lang='lat' dir='ltr'>ecclesiae</span> 
     </span>
    </p>
   </div>
   <div class='ocr_carea' id='block_1_72' title="bbox 354 4608 2007 4684">
    <p class='ocr_par' dir='ltr' id='par_1_72' title="bbox 354 4608 2007 4684">
     <span class='ocr_line' id='line_1_72' title="bbox 354 4608 2007 4684; baseline -0.002 -16"><span class='ocrx_word' id='word_1_558' title='bbox 354 4611 507 4679; x_wconf 83' lang='lat' dir='ltr'>fecit,</span> <span class='ocrx_word' id='word_1_559' title='bbox 529 4611 593 4667; x_wconf 91' lang='lat' dir='ltr'>in</span> <span class='ocrx_word' id='word_1_560' title='bbox 612 4610 834 4684; x_wconf 89' lang='lat' dir='ltr'>quibus</span> <span class='ocrx_word' id='word_1_561' title='bbox 851 4615 905 4665; x_wconf 91' lang='lat' dir='ltr'>et</span> <span class='ocrx_word' id='word_1_562' title='bbox 930 4608 1135 4666; x_wconf 77' lang='lat' dir='ltr'>altaria</span> <span class='ocrx_word' id='word_1_563' title='bbox 1156 4608 1425 4681; x_wconf 88' lang='lat' dir='ltr'>quinque</span> <span class='ocrx_word' id='word_1_564' title='bbox 1444 4608 1719 4665; x_wconf 89' lang='lat' dir='ltr'>nobiliter</span> <span class='ocrx_word' id='word_1_565' title='bbox 1740 4615 2007 4665; x_wconf 88' lang='lat' dir='ltr'>constru-</span> 
     </span>
    </p>
   </div>
   <div class='ocr_carea' id='block_1_73' title="bbox 351 4697 2007 4774">
    <p class='ocr_par' dir='ltr' id='par_1_73' title="bbox 351 4697 2007 4774">
     <span class='ocr_line' id='line_1_73' title="bbox 351 4697 2007 4774; baseline -0.001 -16"><span class='ocrx_word' id='word_1_566' title='bbox 351 4701 437 4758; x_wconf 84' lang='lat' dir='ltr'>xit</span> <span class='ocrx_word' id='word_1_567' title='bbox 461 4706 641 4774; x_wconf 87' lang='lat' dir='ltr'>atque</span> <span class='ocrx_word' id='word_1_568' title='bbox 679 4700 959 4757; x_wconf 87' lang='lat' dir='ltr'>sacravit.</span> <span class='ocrx_word' id='word_1_569' title='bbox 1003 4698 1268 4754; x_wconf 84' lang='lat' dir='ltr'>Primum</span> <span class='ocrx_word' id='word_1_570' title='bbox 1315 4697 1474 4753; x_wconf 88' lang='lat' dir='ltr'>enim</span> <span class='ocrx_word' id='word_1_571' title='bbox 1501 4698 1565 4755; x_wconf 91' lang='lat' dir='ltr'>in</span> <span class='ocrx_word' id='word_1_572' title='bbox 1589 4698 1834 4756; x_wconf 80' lang='lat' dir='ltr'>dextera</span> <span class='ocrx_word' id='word_1_573' title='bbox 1859 4705 1917 4755; x_wconf 89' lang='lat' dir='ltr'>et</span> <span class='ocrx_word' id='word_1_574' title='bbox 1947 4702 2007 4757; x_wconf 85' lang='lat' dir='ltr'>in</span> 
     </span>
    </p>
   </div>
   <div class='ocr_carea' id='block_1_74' title="bbox 352 4786 2005 4864">
    <p class='ocr_par' dir='ltr' id='par_1_74' title="bbox 352 4786 2005 4864">
     <span class='ocr_line' id='line_1_74' title="bbox 352 4786 2005 4864; baseline -0.002 -16"><span class='ocrx_word' id='word_1_575' title='bbox 352 4790 620 4848; x_wconf 86' lang='lat' dir='ltr'>orientali</span> <span class='ocrx_word' id='word_1_576' title='bbox 644 4795 813 4864; x_wconf 85' lang='lat' dir='ltr'>parte</span> <span class='ocrx_word' id='word_1_577' title='bbox 863 4788 1049 4845; x_wconf 89' lang='lat' dir='ltr'>altare</span> <span class='ocrx_word' id='word_1_578' title='bbox 1076 4788 1140 4843; x_wconf 90' lang='lat' dir='ltr'>in</span> <span class='ocrx_word' id='word_1_579' title='bbox 1167 4786 1466 4860; x_wconf 77' lang='lat' dir='ltr'>praedictis</span> <span class='ocrx_word' id='word_1_580' title='bbox 1512 4788 2005 4846; x_wconf 87' lang='lat' dir='ltr'>deambulatoriis</span> 
     </span>
    </p>
   </div>
   <div class='ocr_carea' id='block_1_75' title="bbox 351 4876 2008 4954">
    <p class='ocr_par' dir='ltr' id='par_1_75' title="bbox 351 4876 2008 4954">
     <span class='ocr_line' id='line_1_75' title="bbox 351 4876 2008 4954; baseline 0.001 -19"><span class='ocrx_word' id='word_1_581' title='bbox 351 4881 617 4954; x_wconf 87' lang='lat' dir='ltr'>positum</span> <span class='ocrx_word' id='word_1_582' title='bbox 631 4880 887 4937; x_wconf 86' lang='lat' dir='ltr'>sacravit</span> <span class='ocrx_word' id='word_1_583' title='bbox 913 4878 975 4934; x_wconf 92' lang='lat' dir='ltr'>in</span> <span class='ocrx_word' id='word_1_584' title='bbox 1004 4877 1235 4934; x_wconf 82' lang='lat' dir='ltr'>honore</span> <span class='ocrx_word' id='word_1_585' title='bbox 1265 4876 1459 4933; x_wconf 88' lang='lat' dir='ltr'>sancti</span> <span class='ocrx_word' id='word_1_586' title='bbox 1488 4878 1711 4935; x_wconf 81' lang='lat' dir='ltr'>Martini</span> <span class='ocrx_word' id='word_1_587' title='bbox 1732 4883 1789 4935; x_wconf 89' lang='lat' dir='ltr'>et</span> <span class='ocrx_word' id='word_1_588' title='bbox 1816 4879 2008 4937; x_wconf 84' lang='lat' dir='ltr'>sancti</span> 
     </span>
    </p>
   </div>
   <div class='ocr_carea' id='block_1_76' title="bbox 352 4967 2006 5041">
    <p class='ocr_par' dir='ltr' id='par_1_76' title="bbox 352 4967 2006 5041">
     <span class='ocr_line' id='line_1_76' title="bbox 352 4967 2006 5041; baseline 0 -15"><span class='ocrx_word' id='word_1_589' title='bbox 352 4969 571 5037; x_wconf 82' lang='lat' dir='ltr'>Hilarii,</span> <span class='ocrx_word' id='word_1_590' title='bbox 594 4986 666 5026; x_wconf 89' lang='lat' dir='ltr'>ac</span> <span class='ocrx_word' id='word_1_591' title='bbox 697 4969 887 5026; x_wconf 88' lang='lat' dir='ltr'>sancti</span> <span class='ocrx_word' id='word_1_592' title='bbox 916 4967 1194 5026; x_wconf 86' lang='lat' dir='ltr'>Germani</span> <span class='ocrx_word' id='word_1_593' title='bbox 1229 4967 1540 5041; x_wconf 86' lang='lat' dir='ltr'>sanctique</span> <span class='ocrx_word' id='word_1_594' title='bbox 1580 4967 1836 5038; x_wconf 87' lang='lat' dir='ltr'>Vedasti,</span> <span class='ocrx_word' id='word_1_595' title='bbox 1883 4970 2006 5026; x_wconf 80' lang='lat' dir='ltr'>sive</span> 
     </span>
    </p>
   </div>
   <div class='ocr_carea' id='block_1_77' title="bbox 352 5057 2005 5131">
    <p class='ocr_par' dir='ltr' id='par_1_77' title="bbox 352 5057 2005 5131">
     <span class='ocr_line' id='line_1_77' title="bbox 352 5057 2005 5131; baseline 0.001 -16"><span class='ocrx_word' id='word_1_596' title='bbox 352 5058 542 5116; x_wconf 87' lang='lat' dir='ltr'>sancti</span> <span class='ocrx_word' id='word_1_597' title='bbox 568 5059 840 5114; x_wconf 88' lang='lat' dir='ltr'>Domnoli</span> <span class='ocrx_word' id='word_1_598' title='bbox 866 5063 1044 5131; x_wconf 81' lang='lat' dir='ltr'>atque</span> <span class='ocrx_word' id='word_1_599' title='bbox 1095 5058 1285 5116; x_wconf 86' lang='lat' dir='ltr'>sancti</span> <span class='ocrx_word' id='word_1_600' title='bbox 1323 5057 1555 5115; x_wconf 84' lang='lat' dir='ltr'>Carileﬁ</span> <span class='ocrx_word' id='word_1_601' title='bbox 1584 5062 1642 5113; x_wconf 90' lang='lat' dir='ltr'>et</span> <span class='ocrx_word' id='word_1_602' title='bbox 1687 5059 1879 5116; x_wconf 89' lang='lat' dir='ltr'>sancti</span> <span class='ocrx_word' id='word_1_603' title='bbox 1907 5060 2005 5116; x_wconf 85' lang='lat' dir='ltr'>Ri-</span> 
     </span>
    </p>
   </div>
   <div class='ocr_carea' id='block_1_78' title="bbox 353 5145 2010 5221">
    <p class='ocr_par' dir='ltr' id='par_1_78' title="bbox 353 5145 2010 5221">
     <span class='ocr_line' id='line_1_78' title="bbox 353 5145 2010 5221; baseline 0.001 -16"><span class='ocrx_word' id='word_1_604' title='bbox 353 5146 584 5219; x_wconf 89' lang='lat' dir='ltr'>gomeri</span> <span class='ocrx_word' id='word_1_605' title='bbox 602 5145 1014 5203; x_wconf 81' lang='lat' dir='ltr'>confessorum</span> <span class='ocrx_word' id='word_1_606' title='bbox 1030 5147 1272 5215; x_wconf 83' lang='lat' dir='ltr'>Christi,</span> <span class='ocrx_word' id='word_1_607' title='bbox 1304 5152 1365 5204; x_wconf 90' lang='lat' dir='ltr'>et</span> <span class='ocrx_word' id='word_1_608' title='bbox 1394 5148 1657 5221; x_wconf 86' lang='lat' dir='ltr'>pignora</span> <span class='ocrx_word' id='word_1_609' title='bbox 1700 5149 2010 5221; x_wconf 69' lang='lat' dir='ltr'>praedicto-</span> 
     </span>
    </p>
   </div>
   <div class='ocr_carea' id='block_1_79' title="bbox 351 5234 2008 5308">
    <p class='ocr_par' dir='ltr' id='par_1_79' title="bbox 351 5234 2008 5308">
     <span class='ocr_line' id='line_1_79' title="bbox 351 5234 2008 5308; baseline 0.002 -14"><span class='ocrx_word' id='word_1_610' title='bbox 351 5254 488 5294; x_wconf 84' lang='lat' dir='ltr'>rum</span> <span class='ocrx_word' id='word_1_611' title='bbox 516 5241 867 5294; x_wconf 87' lang='lat' dir='ltr'>sanctorum</span> <span class='ocrx_word' id='word_1_612' title='bbox 880 5234 943 5291; x_wconf 93' lang='lat' dir='ltr'>in</span> <span class='ocrx_word' id='word_1_613' title='bbox 963 5251 1034 5291; x_wconf 89' lang='lat' dir='ltr'>eo</span> <span class='ocrx_word' id='word_1_614' title='bbox 1064 5237 1319 5308; x_wconf 79' lang='lat' dir='ltr'>propriis</span> <span class='ocrx_word' id='word_1_615' title='bbox 1334 5239 1626 5295; x_wconf 83' lang='lat' dir='ltr'>manibus</span> <span class='ocrx_word' id='word_1_616' title='bbox 1645 5239 1830 5296; x_wconf 91' lang='lat' dir='ltr'>decen</span> <span class='ocrx_word' id='word_1_617' title='bbox 1839 5245 1922 5298; x_wconf 90' lang='lat' dir='ltr'>ter</span> <span class='ocrx_word' id='word_1_618' title='bbox 1938 5246 2008 5298; x_wconf 85' lang='lat' dir='ltr'>et</span> 
     </span>
    </p>
   </div>
   <div class='ocr_carea' id='block_1_80' title="bbox 352 5323 2006 5387">
    <p class='ocr_par' dir='ltr' id='par_1_80' title="bbox 352 5323 2006 5387">
     <span class='ocr_line' id='line_1_80' title="bbox 352 5323 2006 5387; baseline 0.001 -2"><span class='ocrx_word' id='word_1_619' title='bbox 352 5326 753 5385; x_wconf 81' lang='lat' dir='ltr'>ecclesiastico</span> <span class='ocrx_word' id='word_1_620' title='bbox 782 5340 950 5382; x_wconf 90' lang='lat' dir='ltr'>more</span> <span class='ocrx_word' id='word_1_621' title='bbox 979 5323 1309 5381; x_wconf 87' lang='lat' dir='ltr'>collocavit.</span> <span class='ocrx_word' id='word_1_622' title='bbox 1351 5327 1525 5384; x_wconf 83' lang='lat' dir='ltr'>Aliud</span> <span class='ocrx_word' id='word_1_623' title='bbox 1549 5346 1686 5385; x_wconf 86' lang='lat' dir='ltr'>vero</span> <span class='ocrx_word' id='word_1_624' title='bbox 1729 5330 1913 5387; x_wconf 87' lang='lat' dir='ltr'>altare</span> <span class='ocrx_word' id='word_1_625' title='bbox 1944 5331 2006 5387; x_wconf 90' lang='lat' dir='ltr'>in</span> 
     </span>
    </p>
   </div>
   <div class='ocr_carea' id='block_1_81' title="bbox 352 5413 2005 5487">
    <p class='ocr_par' dir='ltr' id='par_1_81' title="bbox 352 5413 2005 5487">
     <span class='ocr_line' id='line_1_81' title="bbox 352 5413 2005 5487; baseline 0.003 -15"><span class='ocrx_word' id='word_1_626' title='bbox 352 5414 697 5487; x_wconf 86' lang='lat' dir='ltr'>supradicta</span> <span class='ocrx_word' id='word_1_627' title='bbox 723 5414 969 5471; x_wconf 81' lang='lat' dir='ltr'>dextera</span> <span class='ocrx_word' id='word_1_628' title='bbox 988 5417 1154 5485; x_wconf 87' lang='lat' dir='ltr'>parte</span> <span class='ocrx_word' id='word_1_629' title='bbox 1175 5418 1233 5471; x_wconf 90' lang='lat' dir='ltr'>et</span> <span class='ocrx_word' id='word_1_630' title='bbox 1250 5413 1317 5469; x_wconf 91' lang='lat' dir='ltr'>in</span> <span class='ocrx_word' id='word_1_631' title='bbox 1346 5416 1557 5474; x_wconf 88' lang='lat' dir='ltr'>eodem</span> <span class='ocrx_word' id='word_1_632' title='bbox 1586 5419 2005 5477; x_wconf 86' lang='lat' dir='ltr'>deambulato-</span> 
     </span>
    </p>
   </div>
   <div class='ocr_carea' id='block_1_82' title="bbox 350 5502 2009 5576">
    <p class='ocr_par' dir='ltr' id='par_1_82' title="bbox 350 5502 2009 5576">
     <span class='ocr_line' id='line_1_82' title="bbox 350 5502 2009 5576; baseline 0.001 -14"><span class='ocrx_word' id='word_1_633' title='bbox 350 5504 441 5562; x_wconf 84' lang='lat' dir='ltr'>rio</span> <span class='ocrx_word' id='word_1_634' title='bbox 453 5502 732 5561; x_wconf 83' lang='lat' dir='ltr'>inmedio</span> <span class='ocrx_word' id='word_1_635' title='bbox 757 5503 1022 5576; x_wconf 89' lang='lat' dir='ltr'>positum</span> <span class='ocrx_word' id='word_1_636' title='bbox 1050 5507 1351 5560; x_wconf 88' lang='lat' dir='ltr'>sacratum</span> <span class='ocrx_word' id='word_1_637' title='bbox 1366 5503 1437 5560; x_wconf 86' lang='lat' dir='ltr'>in</span> <span class='ocrx_word' id='word_1_638' title='bbox 1457 5505 1685 5564; x_wconf 86' lang='lat' dir='ltr'>honore</span> <span class='ocrx_word' id='word_1_639' title='bbox 1700 5509 1895 5565; x_wconf 85' lang='lat' dir='ltr'>sancti</span> <span class='ocrx_word' id='word_1_640' title='bbox 1907 5512 2009 5566; x_wconf 90' lang='lat' dir='ltr'>Pe-</span> 
     </span>
    </p>
   </div>
   <div class='ocr_carea' id='block_1_83' title="bbox 351 5592 2005 5670">
    <p class='ocr_par' dir='ltr' id='par_1_83' title="bbox 351 5592 2005 5670">
     <span class='ocr_line' id='line_1_83' title="bbox 351 5592 2005 5670; baseline 0.002 -19"><span class='ocrx_word' id='word_1_641' title='bbox 351 5593 421 5651; x_wconf 88' lang='lat' dir='ltr'>tri</span> <span class='ocrx_word' id='word_1_642' title='bbox 449 5597 506 5649; x_wconf 90' lang='lat' dir='ltr'>et</span> <span class='ocrx_word' id='word_1_643' title='bbox 543 5592 730 5650; x_wconf 88' lang='lat' dir='ltr'>sancti</span> <span class='ocrx_word' id='word_1_644' title='bbox 775 5592 1018 5650; x_wconf 83' lang='lat' dir='ltr'>Joannis</span> <span class='ocrx_word' id='word_1_645' title='bbox 1054 5592 1310 5666; x_wconf 88' lang='lat' dir='ltr'>apostoli</span> <span class='ocrx_word' id='word_1_646' title='bbox 1339 5598 1396 5650; x_wconf 87' lang='lat' dir='ltr'>et</span> <span class='ocrx_word' id='word_1_647' title='bbox 1419 5597 1798 5665; x_wconf 64' lang='lat' dir='ltr'>evangelista:</span> <span class='ocrx_word' id='word_1_648' title='bbox 1824 5602 2005 5670; x_wconf 87' lang='lat' dir='ltr'>atque</span> 
     </span>
    </p>
   </div>
   <div class='ocr_carea' id='block_1_84' title="bbox 351 5681 2006 5758">
    <p class='ocr_par' dir='ltr' id='par_1_84' title="bbox 351 5681 2006 5758">
     <span class='ocr_line' id='line_1_84' title="bbox 351 5681 2006 5758; baseline 0.004 -20"><span class='ocrx_word' id='word_1_649' title='bbox 351 5681 541 5739; x_wconf 90' lang='lat' dir='ltr'>sancti</span> <span class='ocrx_word' id='word_1_650' title='bbox 559 5681 829 5754; x_wconf 70' lang='lat' dir='ltr'>Andreae,</span> <span class='ocrx_word' id='word_1_651' title='bbox 855 5698 1091 5740; x_wconf 90' lang='lat' dir='ltr'>necnon</span> <span class='ocrx_word' id='word_1_652' title='bbox 1121 5687 1178 5740; x_wconf 91' lang='lat' dir='ltr'>et</span> <span class='ocrx_word' id='word_1_653' title='bbox 1192 5683 1465 5740; x_wconf 90' lang='lat' dir='ltr'>omnium</span> <span class='ocrx_word' id='word_1_654' title='bbox 1493 5685 1925 5758; x_wconf 87' lang='lat' dir='ltr'>apostolorum,</span> <span class='ocrx_word' id='word_1_655' title='bbox 1950 5692 2006 5744; x_wconf 89' lang='lat' dir='ltr'>et</span> 
     </span>
    </p>
   </div>
   <div class='ocr_carea' id='block_1_85' title="bbox 348 5771 2002 5850">
    <p class='ocr_par' dir='ltr' id='par_1_85' title="bbox 348 5771 2002 5850">
     <span class='ocr_line' id='line_1_85' title="bbox 348 5771 2002 5850; baseline 0.003 -19"><span class='ocrx_word' id='word_1_656' title='bbox 348 5771 1094 5849; x_wconf 59' lang='lat' dir='ltr'>reliquiaseeorumdnipso</span> <span class='ocrx_word' id='word_1_657' title='bbox 1106 5772 1427 5834; x_wconf 77' lang='lat' dir='ltr'>collocavit</span> <span class='ocrx_word' id='word_1_658' title='bbox 1440 5773 2002 5850; x_wconf 72' lang='lat' dir='ltr'>altari.lnocca&#39;.den-</span> 
     </span>
    </p>
   </div>
   <div class='ocr_carea' id='block_1_86' title="bbox 2121 3188 3789 3259">
    <p class='ocr_par' dir='ltr' id='par_1_86' title="bbox 2121 3188 3789 3259">
     <span class='ocr_line' id='line_1_86' title="bbox 2121 3188 3789 3259; baseline 0.002 -16"><span class='ocrx_word' id='word_1_659' title='bbox 2121 3191 2194 3243; x_wconf 71' lang='lat' dir='ltr'>tae</span> <span class='ocrx_word' id='word_1_660' title='bbox 2222 3188 2463 3258; x_wconf 74' lang='lat' dir='ltr'>Agnetis</span> <span class='ocrx_word' id='word_1_661' title='bbox 2494 3205 2567 3244; x_wconf 85' lang='lat' dir='ltr'>ac</span> <span class='ocrx_word' id='word_1_662' title='bbox 2594 3193 2814 3244; x_wconf 73' lang='lat' dir='ltr'>sancte:</span> <span class='ocrx_word' id='word_1_663' title='bbox 2848 3188 3060 3256; x_wconf 66' lang='lat' dir='ltr'>Lucite,</span> <span class='ocrx_word' id='word_1_664' title='bbox 3092 3193 3272 3259; x_wconf 83' lang='lat' dir='ltr'>atque</span> <span class='ocrx_word' id='word_1_665' title='bbox 3324 3194 3546 3247; x_wconf 66' lang='lat' dir='ltr'>sanctis</span> <span class='ocrx_word' id='word_1_666' title='bbox 3598 3188 3789 3247; x_wconf 79' lang='lat' dir='ltr'>Lede-</span> 
     </span>
    </p>
   </div>
   <div class='ocr_carea' id='block_1_87' title="bbox 2122 3277 3787 3348">
    <p class='ocr_par' dir='ltr' id='par_1_87' title="bbox 2122 3277 3787 3348">
     <span class='ocr_line' id='line_1_87' title="bbox 2122 3277 3787 3348; baseline 0.002 -16"><span class='ocrx_word' id='word_1_667' title='bbox 2122 3277 2471 3343; x_wconf 64' lang='lat' dir='ltr'>sindte,sive</span> <span class='ocrx_word' id='word_1_668' title='bbox 2500 3282 2722 3333; x_wconf 69' lang='lat' dir='ltr'>sanctm</span> <span class='ocrx_word' id='word_1_669' title='bbox 2752 3277 2931 3343; x_wconf 61' lang='lat' dir='ltr'>Afrae,</span> <span class='ocrx_word' id='word_1_670' title='bbox 2966 3281 3320 3348; x_wconf 60' lang='lat' dir='ltr'>sanctasque</span> <span class='ocrx_word' id='word_1_671' title='bbox 3346 3277 3693 3335; x_wconf 19' lang='lat' dir='ltr'>,Geretrudis</span> <span class='ocrx_word' id='word_1_672' title='bbox 3712 3283 3787 3335; x_wconf 77' lang='lat' dir='ltr'>et</span> 
     </span>
    </p>
   </div>
   <div class='ocr_carea' id='block_1_88' title="bbox 2121 3366 3784 3437">
    <p class='ocr_par' dir='ltr' id='par_1_88' title="bbox 2121 3366 3784 3437">
     <span class='ocr_line' id='line_1_88' title="bbox 2121 3366 3784 3437; baseline 0.001 -15"><span class='ocrx_word' id='word_1_673' title='bbox 2121 3372 2341 3423; x_wconf 62' lang='lat' dir='ltr'>sancta;</span> <span class='ocrx_word' id='word_1_674' title='bbox 2372 3366 2763 3437; x_wconf 73' lang='lat' dir='ltr'>Aldegundis,</span> <span class='ocrx_word' id='word_1_675' title='bbox 2792 3366 3093 3435; x_wconf 83' lang='lat' dir='ltr'>virginum</span> <span class='ocrx_word' id='word_1_676' title='bbox 3120 3366 3356 3436; x_wconf 82' lang='lat' dir='ltr'>Christi,</span> <span class='ocrx_word' id='word_1_677' title='bbox 3386 3372 3443 3422; x_wconf 91' lang='lat' dir='ltr'>et</span> <span class='ocrx_word' id='word_1_678' title='bbox 3466 3367 3533 3423; x_wconf 83' lang='lat' dir='ltr'>in</span> <span class='ocrx_word' id='word_1_679' title='bbox 3554 3382 3627 3423; x_wconf 90' lang='lat' dir='ltr'>eo</span> <span class='ocrx_word' id='word_1_680' title='bbox 3670 3384 3784 3424; x_wconf 80' lang='lat' dir='ltr'>ea-</span> 
     </span>
    </p>
   </div>
   <div class='ocr_carea' id='block_1_89' title="bbox 2120 3454 3788 3528">
    <p class='ocr_par' dir='ltr' id='par_1_89' title="bbox 2120 3454 3788 3528">
     <span class='ocr_line' id='line_1_89' title="bbox 2120 3454 3788 3528; baseline -0.001 -17"><span class='ocrx_word' id='word_1_681' title='bbox 2120 3472 2256 3512; x_wconf 85' lang='lat' dir='ltr'>rum</span> <span class='ocrx_word' id='word_1_682' title='bbox 2300 3455 2580 3527; x_wconf 87' lang='lat' dir='ltr'>reliquias</span> <span class='ocrx_word' id='word_1_683' title='bbox 2622 3455 2887 3528; x_wconf 83' lang='lat' dir='ltr'>propriis</span> <span class='ocrx_word' id='word_1_684' title='bbox 2939 3454 3218 3515; x_wconf 80' lang='lat' dir='ltr'>decenter</span> <span class='ocrx_word' id='word_1_685' title='bbox 3246 3455 3558 3519; x_wconf 72' lang='lat' dir='ltr'>collocavit</span> <span class='ocrx_word' id='word_1_686' title='bbox 3590 3456 3788 3516; x_wconf 80' lang='lat' dir='ltr'>mani-</span> 
     </span>
    </p>
   </div>
   <div class='ocr_carea' id='block_1_90' title="bbox 2118 3543 3785 3617">
    <p class='ocr_par' dir='ltr' id='par_1_90' title="bbox 2118 3543 3785 3617">
     <span class='ocr_line' id='line_1_90' title="bbox 2118 3543 3785 3617; baseline 0.002 -16"><span class='ocrx_word' id='word_1_687' title='bbox 2118 3543 2253 3601; x_wconf 88' lang='lat' dir='ltr'>bus.</span> <span class='ocrx_word' id='word_1_688' title='bbox 2282 3548 2463 3602; x_wconf 74' lang='lat' dir='ltr'>Extra</span> <span class='ocrx_word' id='word_1_689' title='bbox 2492 3545 2741 3600; x_wconf 89' lang='lat' dir='ltr'>chorum</span> <span class='ocrx_word' id='word_1_690' title='bbox 2774 3549 2977 3600; x_wconf 85' lang='lat' dir='ltr'>autem</span> <span class='ocrx_word' id='word_1_691' title='bbox 3008 3546 3069 3602; x_wconf 88' lang='lat' dir='ltr'>in</span> <span class='ocrx_word' id='word_1_692' title='bbox 3118 3544 3356 3603; x_wconf 78' lang='lat' dir='ltr'>sinistra</span> <span class='ocrx_word' id='word_1_693' title='bbox 3376 3549 3555 3616; x_wconf 69' lang='lat' dir='ltr'>parte</span> <span class='ocrx_word' id='word_1_694' title='bbox 3575 3544 3785 3617; x_wconf 69' lang='lat' dir='ltr'>ipsius</span> 
     </span>
    </p>
   </div>
   <div class='ocr_carea' id='block_1_91' title="bbox 2116 3632 3782 3693">
    <p class='ocr_par' dir='ltr' id='par_1_91' title="bbox 2116 3632 3782 3693">
     <span class='ocr_line' id='line_1_91' title="bbox 2116 3632 3782 3693; baseline 0.002 -4"><span class='ocrx_word' id='word_1_695' title='bbox 2116 3633 2382 3689; x_wconf 66' lang='lat' dir='ltr'>ecclesiae</span> <span class='ocrx_word' id='word_1_696' title='bbox 2398 3633 2533 3688; x_wconf 86' lang='lat' dir='ltr'>fecit</span> <span class='ocrx_word' id='word_1_697' title='bbox 2546 3636 2603 3689; x_wconf 86' lang='lat' dir='ltr'>et</span> <span class='ocrx_word' id='word_1_698' title='bbox 2626 3632 2993 3689; x_wconf 85' lang='lat' dir='ltr'>consecravit</span> <span class='ocrx_word' id='word_1_699' title='bbox 3017 3632 3275 3691; x_wconf 84' lang='lat' dir='ltr'>altarein</span> <span class='ocrx_word' id='word_1_700' title='bbox 3296 3632 3526 3691; x_wconf 83' lang='lat' dir='ltr'>honore</span> <span class='ocrx_word' id='word_1_701' title='bbox 3550 3639 3782 3693; x_wconf 67' lang='lat' dir='ltr'>sanctis</span> 
     </span>
    </p>
   </div>
   <div class='ocr_carea' id='block_1_92' title="bbox 2118 3723 3782 3792">
    <p class='ocr_par' dir='ltr' id='par_1_92' title="bbox 2118 3723 3782 3792">
     <span class='ocr_line' id='line_1_92' title="bbox 2118 3723 3782 3792; baseline 0.002 -13"><span class='ocrx_word' id='word_1_702' title='bbox 2118 3724 2364 3792; x_wconf 64' lang='lat' dir='ltr'>Agathre</span> <span class='ocrx_word' id='word_1_703' title='bbox 2417 3728 2473 3778; x_wconf 90' lang='lat' dir='ltr'>et</span> <span class='ocrx_word' id='word_1_704' title='bbox 2521 3728 2740 3779; x_wconf 71' lang='lat' dir='ltr'>sanctae</span> <span class='ocrx_word' id='word_1_705' title='bbox 2788 3723 3096 3781; x_wconf 82' lang='lat' dir='ltr'>Felicitatis</span> <span class='ocrx_word' id='word_1_706' title='bbox 3149 3739 3219 3779; x_wconf 87' lang='lat' dir='ltr'>ac</span> <span class='ocrx_word' id='word_1_707' title='bbox 3258 3728 3481 3781; x_wconf 67' lang='lat' dir='ltr'>sanctae</span> <span class='ocrx_word' id='word_1_708' title='bbox 3539 3725 3782 3782; x_wconf 66' lang='lat' dir='ltr'>Sabinae</span> 
     </span>
    </p>
   </div>
   <div class='ocr_carea' id='block_1_93' title="bbox 2121 3812 3783 3887">
    <p class='ocr_par' dir='ltr' id='par_1_93' title="bbox 2121 3812 3783 3887">
     <span class='ocr_line' id='line_1_93' title="bbox 2121 3812 3783 3887; baseline 0.002 -19"><span class='ocrx_word' id='word_1_709' title='bbox 2121 3818 2464 3884; x_wconf 66' lang='lat' dir='ltr'>sanetwque</span> <span class='ocrx_word' id='word_1_710' title='bbox 2496 3813 2839 3883; x_wconf 69' lang='lat' dir='ltr'>Euphemus</span> <span class='ocrx_word' id='word_1_711' title='bbox 2872 3812 2995 3868; x_wconf 86' lang='lat' dir='ltr'>sive</span> <span class='ocrx_word' id='word_1_712' title='bbox 3022 3817 3241 3869; x_wconf 71' lang='lat' dir='ltr'>sancta:</span> <span class='ocrx_word' id='word_1_713' title='bbox 3266 3814 3572 3885; x_wconf 62' lang='lat' dir='ltr'>Perpetua:</span> <span class='ocrx_word' id='word_1_714' title='bbox 3595 3822 3783 3887; x_wconf 84' lang='lat' dir='ltr'>atque</span> 
     </span>
    </p>
   </div>
   <div class='ocr_carea' id='block_1_94' title="bbox 2120 3900 3783 3970">
    <p class='ocr_par' dir='ltr' id='par_1_94' title="bbox 2120 3900 3783 3970">
     <span class='ocr_line' id='line_1_94' title="bbox 2120 3900 3783 3970; baseline 0.001 -13"><span class='ocrx_word' id='word_1_715' title='bbox 2120 3906 2341 3957; x_wconf 67' lang='lat' dir='ltr'>sancte:</span> <span class='ocrx_word' id='word_1_716' title='bbox 2374 3900 2643 3970; x_wconf 81' lang='lat' dir='ltr'>Brigidae,</span> <span class='ocrx_word' id='word_1_717' title='bbox 2668 3916 2913 3956; x_wconf 87' lang='lat' dir='ltr'>necnon</span> <span class='ocrx_word' id='word_1_718' title='bbox 2946 3906 3003 3956; x_wconf 90' lang='lat' dir='ltr'>et</span> <span class='ocrx_word' id='word_1_719' title='bbox 3027 3906 3247 3957; x_wconf 69' lang='lat' dir='ltr'>sanctae</span> <span class='ocrx_word' id='word_1_720' title='bbox 3279 3902 3616 3967; x_wconf 68' lang='lat' dir='ltr'>Geuovefae,</span> <span class='ocrx_word' id='word_1_721' title='bbox 3659 3904 3783 3959; x_wconf 87' lang='lat' dir='ltr'>vir-</span> 
     </span>
    </p>
   </div>
   <div class='ocr_carea' id='block_1_95' title="bbox 2119 3990 3784 4066">
    <p class='ocr_par' dir='ltr' id='par_1_95' title="bbox 2119 3990 3784 4066">
     <span class='ocr_line' id='line_1_95' title="bbox 2119 3990 3784 4066; baseline 0.002 -20"><span class='ocrx_word' id='word_1_722' title='bbox 2119 3992 2326 4062; x_wconf 85' lang='lat' dir='ltr'>ginum</span> <span class='ocrx_word' id='word_1_723' title='bbox 2359 3990 2589 4057; x_wconf 87' lang='lat' dir='ltr'>Christi,</span> <span class='ocrx_word' id='word_1_724' title='bbox 2624 3997 2679 4046; x_wconf 87' lang='lat' dir='ltr'>et</span> <span class='ocrx_word' id='word_1_725' title='bbox 2708 4006 2915 4046; x_wconf 87' lang='lat' dir='ltr'>earum</span> <span class='ocrx_word' id='word_1_726' title='bbox 2952 3990 3013 4047; x_wconf 89' lang='lat' dir='ltr'>in</span> <span class='ocrx_word' id='word_1_727' title='bbox 3053 4007 3124 4046; x_wconf 92' lang='lat' dir='ltr'>eo</span> <span class='ocrx_word' id='word_1_728' title='bbox 3175 3991 3454 4048; x_wconf 85' lang='lat' dir='ltr'>decenter</span> <span class='ocrx_word' id='word_1_729' title='bbox 3517 3994 3784 4066; x_wconf 88' lang='lat' dir='ltr'>propriis</span> 
     </span>
    </p>
   </div>
   <div class='ocr_carea' id='block_1_96' title="bbox 2117 4080 3783 4156">
    <p class='ocr_par' dir='ltr' id='par_1_96' title="bbox 2117 4080 3783 4156">
     <span class='ocr_line' id='line_1_96' title="bbox 2117 4080 3783 4156; baseline 0.001 -18"><span class='ocrx_word' id='word_1_730' title='bbox 2117 4081 2402 4138; x_wconf 86' lang='lat' dir='ltr'>manibus</span> <span class='ocrx_word' id='word_1_731' title='bbox 2461 4080 2770 4136; x_wconf 88' lang='lat' dir='ltr'>collocavit</span> <span class='ocrx_word' id='word_1_732' title='bbox 2804 4080 3116 4153; x_wconf 83' lang='lat' dir='ltr'>reliquias.</span> <span class='ocrx_word' id='word_1_733' title='bbox 3166 4085 3236 4139; x_wconf 39' lang='lat' dir='ltr'>.ln</span> <span class='ocrx_word' id='word_1_734' title='bbox 3294 4082 3494 4139; x_wconf 87' lang='lat' dir='ltr'>media</span> <span class='ocrx_word' id='word_1_735' title='bbox 3528 4098 3783 4156; x_wconf 86' lang='lat' dir='ltr'>quoque</span> 
     </span>
    </p>
   </div>
   <div class='ocr_carea' id='block_1_97' title="bbox 2117 4169 3785 4243">
    <p class='ocr_par' dir='ltr' id='par_1_97' title="bbox 2117 4169 3785 4243">
     <span class='ocr_line' id='line_1_97' title="bbox 2117 4169 3785 4243; baseline 0.003 -17"><span class='ocrx_word' id='word_1_736' title='bbox 2117 4170 2377 4227; x_wconf 84' lang='lat' dir='ltr'>Ecclesia</span> <span class='ocrx_word' id='word_1_737' title='bbox 2408 4170 2542 4226; x_wconf 88' lang='lat' dir='ltr'>fecit</span> <span class='ocrx_word' id='word_1_738' title='bbox 2566 4169 2749 4227; x_wconf 89' lang='lat' dir='ltr'>altare</span> <span class='ocrx_word' id='word_1_739' title='bbox 2775 4170 2988 4243; x_wconf 89' lang='lat' dir='ltr'>in-quo</span> <span class='ocrx_word' id='word_1_740' title='bbox 3032 4176 3088 4226; x_wconf 90' lang='lat' dir='ltr'>et</span> <span class='ocrx_word' id='word_1_741' title='bbox 3137 4172 3491 4229; x_wconf 82' lang='lat' dir='ltr'>cruciﬁxum</span> <span class='ocrx_word' id='word_1_742' title='bbox 3540 4173 3785 4231; x_wconf 87' lang='lat' dir='ltr'>Domini</span> 
     </span>
    </p>
   </div>
   <div class='ocr_carea' id='block_1_98' title="bbox 2115 4258 3803 4328">
    <p class='ocr_par' dir='ltr' id='par_1_98' title="bbox 2115 4258 3803 4328">
     <span class='ocr_line' id='line_1_98' title="bbox 2115 4258 3803 4328; baseline 0.002 -12"><span class='ocrx_word' id='word_1_743' title='bbox 2115 4259 2303 4316; x_wconf 88' lang='lat' dir='ltr'>nostri</span> <span class='ocrx_word' id='word_1_744' title='bbox 2317 4262 2344 4315; x_wconf 90' lang='lat' dir='ltr'><strong>J</strong></span> <span class='ocrx_word' id='word_1_745' title='bbox 2349 4276 2456 4314; x_wconf 89' lang='lat' dir='ltr'>esu</span> <span class='ocrx_word' id='word_1_746' title='bbox 2481 4258 2690 4314; x_wconf 89' lang='lat' dir='ltr'>Christi</span> <span class='ocrx_word' id='word_1_747' title='bbox 2715 4275 2864 4315; x_wconf 88' lang='lat' dir='ltr'>auro</span> <span class='ocrx_word' id='word_1_748' title='bbox 2880 4264 2938 4315; x_wconf 90' lang='lat' dir='ltr'>et</span> <span class='ocrx_word' id='word_1_749' title='bbox 2958 4264 3205 4328; x_wconf 79' lang='lat' dir='ltr'>argento</span> <span class='ocrx_word' id='word_1_750' title='bbox 3216 4259 3575 4317; x_wconf 73' lang='lat' dir='ltr'>mirabiliter</span> <span class='ocrx_word' id='word_1_751' title='bbox 3596 4261 3803 4319; x_wconf 80' lang='lat' dir='ltr'>fabri-</span> 
     </span>
    </p>
   </div>
   <div class='ocr_carea' id='block_1_99' title="bbox 2116 4347 3783 4420">
    <p class='ocr_par' dir='ltr' id='par_1_99' title="bbox 2116 4347 3783 4420">
     <span class='ocr_line' id='line_1_99' title="bbox 2116 4347 3783 4420; baseline 0.001 -14"><span class='ocrx_word' id='word_1_752' title='bbox 2116 4354 2319 4406; x_wconf 87' lang='lat' dir='ltr'>catum</span> <span class='ocrx_word' id='word_1_753' title='bbox 2344 4348 2547 4417; x_wconf 83' lang='lat' dir='ltr'>erexit,</span> <span class='ocrx_word' id='word_1_754' title='bbox 2580 4352 2637 4404; x_wconf 92' lang='lat' dir='ltr'>et</span> <span class='ocrx_word' id='word_1_755' title='bbox 2665 4347 2868 4420; x_wconf 89' lang='lat' dir='ltr'>ipsum</span> <span class='ocrx_word' id='word_1_756' title='bbox 2921 4348 3105 4404; x_wconf 85' lang='lat' dir='ltr'>altare</span> <span class='ocrx_word' id='word_1_757' title='bbox 3157 4348 3219 4404; x_wconf 93' lang='lat' dir='ltr'>in</span> <span class='ocrx_word' id='word_1_758' title='bbox 3265 4349 3468 4406; x_wconf 85' lang='lat' dir='ltr'>media</span> <span class='ocrx_word' id='word_1_759' title='bbox 3523 4350 3783 4408; x_wconf 87' lang='lat' dir='ltr'>ecclesia</span> 
     </span>
    </p>
   </div>
   <div class='ocr_carea' id='block_1_100' title="bbox 2114 4436 3777 4509">
    <p class='ocr_par' dir='ltr' id='par_1_100' title="bbox 2114 4436 3777 4509">
     <span class='ocr_line' id='line_1_100' title="bbox 2114 4436 3777 4509; baseline 0.002 -18"><span class='ocrx_word' id='word_1_760' title='bbox 2114 4437 2375 4509; x_wconf 84' lang='lat' dir='ltr'>positum</span> <span class='ocrx_word' id='word_1_761' title='bbox 2407 4436 2469 4493; x_wconf 88' lang='lat' dir='ltr'>in</span> <span class='ocrx_word' id='word_1_762' title='bbox 2489 4436 2717 4492; x_wconf 90' lang='lat' dir='ltr'>honore</span> <span class='ocrx_word' id='word_1_763' title='bbox 2740 4436 3131 4492; x_wconf 63' lang='lat' dir='ltr'>sanctissimae</span> <span class='ocrx_word' id='word_1_764' title='bbox 3147 4437 3446 4494; x_wconf 87' lang='lat' dir='ltr'>Trinitatis</span> <span class='ocrx_word' id='word_1_765' title='bbox 3470 4438 3539 4494; x_wconf 84' lang='lat' dir='ltr'>in</span> <span class='ocrx_word' id='word_1_766' title='bbox 3561 4454 3634 4494; x_wconf 88' lang='lat' dir='ltr'>eo</span> <span class='ocrx_word' id='word_1_767' title='bbox 3666 4440 3777 4495; x_wconf 88' lang='lat' dir='ltr'>de-</span> 
     </span>
    </p>
   </div>
   <div class='ocr_carea' id='block_1_101' title="bbox 2117 4524 3781 4598">
    <p class='ocr_par' dir='ltr' id='par_1_101' title="bbox 2117 4524 3781 4598">
     <span class='ocr_line' id='line_1_101' title="bbox 2117 4524 3781 4598; baseline 0.001 -17"><span class='ocrx_word' id='word_1_768' title='bbox 2117 4530 2315 4582; x_wconf 90' lang='lat' dir='ltr'>center</span> <span class='ocrx_word' id='word_1_769' title='bbox 2342 4525 2597 4598; x_wconf 90' lang='lat' dir='ltr'>propriis</span> <span class='ocrx_word' id='word_1_770' title='bbox 2628 4524 2942 4582; x_wconf 89' lang='lat' dir='ltr'>collocavit</span> <span class='ocrx_word' id='word_1_771' title='bbox 2967 4524 3268 4582; x_wconf 87' lang='lat' dir='ltr'>manibus.</span> <span class='ocrx_word' id='word_1_772' title='bbox 3298 4526 3644 4583; x_wconf 84' lang='lat' dir='ltr'>Antedictus</span> <span class='ocrx_word' id='word_1_773' title='bbox 3668 4528 3781 4597; x_wconf 86' lang='lat' dir='ltr'>igi-</span> 
     </span>
    </p>
   </div>
   <div class='ocr_carea' id='block_1_102' title="bbox 2114 4612 3783 4690">
    <p class='ocr_par' dir='ltr' id='par_1_102' title="bbox 2114 4612 3783 4690">
     <span class='ocr_line' id='line_1_102' title="bbox 2114 4612 3783 4690; baseline 0.001 -18"><span class='ocrx_word' id='word_1_774' title='bbox 2114 4621 2210 4672; x_wconf 87' lang='lat' dir='ltr'>tur</span> <span class='ocrx_word' id='word_1_775' title='bbox 2230 4615 2502 4671; x_wconf 80' lang='lat' dir='ltr'>Aldricus</span> <span class='ocrx_word' id='word_1_776' title='bbox 2524 4612 2938 4673; x_wconf 67' lang='lat' dir='ltr'>Cenomaniéas</span> <span class='ocrx_word' id='word_1_777' title='bbox 2964 4615 3230 4688; x_wconf 61' lang='lat' dir='ltr'>praefata)</span> <span class='ocrx_word' id='word_1_778' title='bbox 3262 4615 3425 4672; x_wconf 85' lang='lat' dir='ltr'>urbis</span> <span class='ocrx_word' id='word_1_779' title='bbox 3452 4616 3783 4690; x_wconf 88' lang='lat' dir='ltr'>episcopus</span> 
     </span>
    </p>
   </div>
   <div class='ocr_carea' id='block_1_103' title="bbox 2115 4704 3782 4765">
    <p class='ocr_par' dir='ltr' id='par_1_103' title="bbox 2115 4704 3782 4765">
     <span class='ocr_line' id='line_1_103' title="bbox 2115 4704 3782 4765; baseline 0.002 -4"><span class='ocrx_word' id='word_1_780' title='bbox 2115 4721 2276 4761; x_wconf 90' lang='lat' dir='ltr'>anno</span> <span class='ocrx_word' id='word_1_781' title='bbox 2298 4704 2733 4762; x_wconf 83' lang='lat' dir='ltr'>incarnationis</span> <span class='ocrx_word' id='word_1_782' title='bbox 2765 4704 3000 4760; x_wconf 89' lang='lat' dir='ltr'>Domini</span> <span class='ocrx_word' id='word_1_783' title='bbox 3028 4704 3213 4762; x_wconf 87' lang='lat' dir='ltr'>nostri</span> <span class='ocrx_word' id='word_1_784' title='bbox 3241 4706 3386 4763; x_wconf 86' lang='lat' dir='ltr'>Jesu</span> <span class='ocrx_word' id='word_1_785' title='bbox 3422 4706 3652 4763; x_wconf 72' lang='lat' dir='ltr'>Christi</span> <span class='ocrx_word' id='word_1_786' title='bbox 3677 4723 3782 4765; x_wconf 52' lang='lat' dir='ltr'>oc-</span> 
     </span>
    </p>
   </div>
   <div class='ocr_carea' id='block_1_104' title="bbox 2113 4794 3784 4868">
    <p class='ocr_par' dir='ltr' id='par_1_104' title="bbox 2113 4794 3784 4868">
     <span class='ocr_line' id='line_1_104' title="bbox 2113 4794 3784 4868; baseline 0.002 -17"><span class='ocrx_word' id='word_1_787' title='bbox 2113 4794 2531 4865; x_wconf 85' lang='lat' dir='ltr'>tingentesimo</span> <span class='ocrx_word' id='word_1_788' title='bbox 2568 4794 2871 4864; x_wconf 89' lang='lat' dir='ltr'>trigesimo</span> <span class='ocrx_word' id='word_1_789' title='bbox 2901 4800 2959 4851; x_wconf 88' lang='lat' dir='ltr'>et</span> <span class='ocrx_word' id='word_1_790' title='bbox 2985 4794 3218 4867; x_wconf 86' lang='lat' dir='ltr'>quinto,</span> <span class='ocrx_word' id='word_1_791' title='bbox 3246 4798 3307 4851; x_wconf 89' lang='lat' dir='ltr'>et</span> <span class='ocrx_word' id='word_1_792' title='bbox 3334 4810 3498 4853; x_wconf 89' lang='lat' dir='ltr'>anno</span> <span class='ocrx_word' id='word_1_793' title='bbox 3536 4795 3784 4868; x_wconf 85' lang='lat' dir='ltr'>imperii</span> 
     </span>
    </p>
   </div>
   <div class='ocr_carea' id='block_1_105' title="bbox 2112 4882 3778 4956">
    <p class='ocr_par' dir='ltr' id='par_1_105' title="bbox 2112 4882 3778 4956">
     <span class='ocr_line' id='line_1_105' title="bbox 2112 4882 3778 4956; baseline 0.002 -17"><span class='ocrx_word' id='word_1_794' title='bbox 2112 4883 2365 4956; x_wconf 88' lang='lat' dir='ltr'>piissimi</span> <span class='ocrx_word' id='word_1_795' title='bbox 2395 4882 2674 4939; x_wconf 86' lang='lat' dir='ltr'>Ludovici</span> <span class='ocrx_word' id='word_1_796' title='bbox 2717 4882 3094 4955; x_wconf 87' lang='lat' dir='ltr'>imperatoris</span> <span class='ocrx_word' id='word_1_797' title='bbox 3141 4882 3434 4953; x_wconf 88' lang='lat' dir='ltr'>vigesimo</span> <span class='ocrx_word' id='word_1_798' title='bbox 3471 4888 3530 4943; x_wconf 86' lang='lat' dir='ltr'>et</span> <span class='ocrx_word' id='word_1_799' title='bbox 3581 4886 3778 4956; x_wconf 88' lang='lat' dir='ltr'>tertio,</span> 
     </span>
    </p>
   </div>
   <div class='ocr_carea' id='block_1_106' title="bbox 2113 4972 3783 5046">
    <p class='ocr_par' dir='ltr' id='par_1_106' title="bbox 2113 4972 3783 5046">
     <span class='ocr_line' id='line_1_106' title="bbox 2113 4972 3783 5046; baseline 0.004 -15"><span class='ocrx_word' id='word_1_800' title='bbox 2113 4990 2275 5032; x_wconf 89' lang='lat' dir='ltr'>anno</span> <span class='ocrx_word' id='word_1_801' title='bbox 2304 4973 2601 5046; x_wconf 86' lang='lat' dir='ltr'>siquidem</span> <span class='ocrx_word' id='word_1_802' title='bbox 2642 4972 3034 5030; x_wconf 85' lang='lat' dir='ltr'>ordinationis</span> <span class='ocrx_word' id='word_1_803' title='bbox 3075 4989 3199 5028; x_wconf 66' lang='lat' dir='ltr'>sum</span> <span class='ocrx_word' id='word_1_804' title='bbox 3228 4973 3416 5045; x_wconf 89' lang='lat' dir='ltr'>tertio,</span> <span class='ocrx_word' id='word_1_805' title='bbox 3447 4973 3783 5037; x_wconf 76' lang='lat' dir='ltr'>indictione</span> 
     </span>
    </p>
   </div>
   <div class='ocr_carea' id='block_1_107' title="bbox 2113 5060 3787 5136">
    <p class='ocr_par' dir='ltr' id='par_1_107' title="bbox 2113 5060 3787 5136">
     <span class='ocr_line' id='line_1_107' title="bbox 2113 5060 3787 5136; baseline 0.002 -16"><span class='ocrx_word' id='word_1_806' title='bbox 2113 5061 2629 5136; x_wconf 87' lang='lat' dir='ltr'>quatuordecima,</span> <span class='ocrx_word' id='word_1_807' title='bbox 2688 5060 3005 5118; x_wconf 89' lang='lat' dir='ltr'>undecimo</span> <span class='ocrx_word' id='word_1_808' title='bbox 3056 5077 3195 5118; x_wconf 91' lang='lat' dir='ltr'>vero</span> <span class='ocrx_word' id='word_1_809' title='bbox 3234 5062 3645 5122; x_wconf 68' lang='lat' dir='ltr'>Calendarum</span> <span class='ocrx_word' id='word_1_810' title='bbox 3674 5066 3787 5123; x_wconf 77' lang='lat' dir='ltr'>Ju-</span> 
     </span>
    </p>
   </div>
   <div class='ocr_carea' id='block_1_108' title="bbox 2112 5150 3785 5213">
    <p class='ocr_par' dir='ltr' id='par_1_108' title="bbox 2112 5150 3785 5213">
     <span class='ocr_line' id='line_1_108' title="bbox 2112 5150 3785 5213; baseline 0.003 -5"><span class='ocrx_word' id='word_1_811' title='bbox 2112 5151 2330 5209; x_wconf 89' lang='lat' dir='ltr'>liarum</span> <span class='ocrx_word' id='word_1_812' title='bbox 2383 5150 2478 5207; x_wconf 88' lang='lat' dir='ltr'>die</span> <span class='ocrx_word' id='word_1_813' title='bbox 2531 5150 2874 5208; x_wconf 87' lang='lat' dir='ltr'>solemniter</span> <span class='ocrx_word' id='word_1_814' title='bbox 2920 5151 3293 5209; x_wconf 84' lang='lat' dir='ltr'>consecravit</span> <span class='ocrx_word' id='word_1_815' title='bbox 3340 5151 3785 5213; x_wconf 80' lang='lat' dir='ltr'>occidentalem</span> 
     </span>
    </p>
   </div>
   <div class='ocr_carea' id='block_1_109' title="bbox 2113 5240 3786 5315">
    <p class='ocr_par' dir='ltr' id='par_1_109' title="bbox 2113 5240 3786 5315">
     <span class='ocr_line' id='line_1_109' title="bbox 2113 5240 3786 5315; baseline 0.002 -17"><span class='ocrx_word' id='word_1_816' title='bbox 2113 5246 2348 5315; x_wconf 88' lang='lat' dir='ltr'>partem</span> <span class='ocrx_word' id='word_1_817' title='bbox 2388 5240 2724 5312; x_wconf 63' lang='lat' dir='ltr'>saepedicto:</span> <span class='ocrx_word' id='word_1_818' title='bbox 2744 5240 2959 5299; x_wconf 77' lang='lat' dir='ltr'>matris</span> <span class='ocrx_word' id='word_1_819' title='bbox 2984 5245 3042 5297; x_wconf 89' lang='lat' dir='ltr'>et</span> <span class='ocrx_word' id='word_1_820' title='bbox 3060 5241 3486 5301; x_wconf 73' lang='lat' dir='ltr'>Cenomanicaa</span> <span class='ocrx_word' id='word_1_821' title='bbox 3508 5242 3786 5302; x_wconf 75' lang='lat' dir='ltr'>civitatis</span> 
     </span>
    </p>
   </div>
   <div class='ocr_carea' id='block_1_110' title="bbox 2115 5329 3784 5402">
    <p class='ocr_par' dir='ltr' id='par_1_110' title="bbox 2115 5329 3784 5402">
     <span class='ocr_line' id='line_1_110' title="bbox 2115 5329 3784 5402; baseline 0.004 -15"><span class='ocrx_word' id='word_1_822' title='bbox 2115 5330 2367 5387; x_wconf 89' lang='lat' dir='ltr'>senioris</span> <span class='ocrx_word' id='word_1_823' title='bbox 2397 5329 2681 5400; x_wconf 71' lang='lat' dir='ltr'>ecclesiae,</span> <span class='ocrx_word' id='word_1_824' title='bbox 2712 5346 2899 5402; x_wconf 82' lang='lat' dir='ltr'>quam</span> <span class='ocrx_word' id='word_1_825' title='bbox 2927 5334 2985 5386; x_wconf 89' lang='lat' dir='ltr'>et</span> <span class='ocrx_word' id='word_1_826' title='bbox 3005 5347 3041 5387; x_wconf 85' lang='lat' dir='ltr'>a</span> <span class='ocrx_word' id='word_1_827' title='bbox 3058 5347 3219 5387; x_wconf 87' lang='lat' dir='ltr'>novo</span> <span class='ocrx_word' id='word_1_828' title='bbox 3232 5331 3520 5390; x_wconf 62' lang='lat' dir='ltr'>fundavit</span> <span class='ocrx_word' id='word_1_829' title='bbox 3572 5337 3636 5390; x_wconf 85' lang='lat' dir='ltr'>et</span> <span class='ocrx_word' id='word_1_830' title='bbox 3656 5336 3784 5393; x_wconf 81' lang='lat' dir='ltr'>mi-</span> 
     </span>
    </p>
   </div>
   <div class='ocr_carea' id='block_1_111' title="bbox 2111 5418 3787 5495">
    <p class='ocr_par' dir='ltr' id='par_1_111' title="bbox 2111 5418 3787 5495">
     <span class='ocr_line' id='line_1_111' title="bbox 2111 5418 3787 5495; baseline 0.004 -20"><span class='ocrx_word' id='word_1_831' title='bbox 2111 5419 2375 5476; x_wconf 85' lang='lat' dir='ltr'>rabiliter</span> <span class='ocrx_word' id='word_1_832' title='bbox 2402 5419 2657 5487; x_wconf 84' lang='lat' dir='ltr'>ornavit,</span> <span class='ocrx_word' id='word_1_833' title='bbox 2674 5420 2756 5475; x_wconf 85' lang='lat' dir='ltr'>ad</span> <span class='ocrx_word' id='word_1_834' title='bbox 2780 5418 3057 5477; x_wconf 78' lang='lat' dir='ltr'>eﬂ‘ectum</span> <span class='ocrx_word' id='word_1_835' title='bbox 3082 5436 3327 5494; x_wconf 82' lang='lat' dir='ltr'>quoque</span> <span class='ocrx_word' id='word_1_836' title='bbox 3346 5438 3539 5494; x_wconf 87' lang='lat' dir='ltr'>usque</span> <span class='ocrx_word' id='word_1_837' title='bbox 3560 5424 3787 5495; x_wconf 83' lang='lat' dir='ltr'>perdu-</span> 
     </span>
    </p>
   </div>
   <div class='ocr_carea' id='block_1_112' title="bbox 2113 5508 3785 5580">
    <p class='ocr_par' dir='ltr' id='par_1_112' title="bbox 2113 5508 3785 5580">
     <span class='ocr_line' id='line_1_112' title="bbox 2113 5508 3785 5580; baseline 0.007 -17"><span class='ocrx_word' id='word_1_838' title='bbox 2113 5508 2310 5565; x_wconf 79' lang='lat' dir='ltr'>xitzin</span> <span class='ocrx_word' id='word_1_839' title='bbox 2342 5524 2465 5580; x_wconf 79' lang='lat' dir='ltr'>qua</span> <span class='ocrx_word' id='word_1_840' title='bbox 2482 5512 2539 5563; x_wconf 88' lang='lat' dir='ltr'>et</span> <span class='ocrx_word' id='word_1_841' title='bbox 2567 5508 2752 5566; x_wconf 85' lang='lat' dir='ltr'>altare</span> <span class='ocrx_word' id='word_1_842' title='bbox 2790 5509 2928 5566; x_wconf 83' lang='lat' dir='ltr'>fecit</span> <span class='ocrx_word' id='word_1_843' title='bbox 2946 5509 3008 5566; x_wconf 90' lang='lat' dir='ltr'>in</span> <span class='ocrx_word' id='word_1_844' title='bbox 3035 5510 3265 5568; x_wconf 90' lang='lat' dir='ltr'>honore</span> <span class='ocrx_word' id='word_1_845' title='bbox 3306 5511 3499 5568; x_wconf 86' lang='lat' dir='ltr'>sancti</span> <span class='ocrx_word' id='word_1_846' title='bbox 3518 5514 3785 5573; x_wconf 69' lang='lat' dir='ltr'>Joannis</span> 
     </span>
    </p>
   </div>
   <div class='ocr_carea' id='block_1_113' title="bbox 2113 5596 3782 5672">
    <p class='ocr_par' dir='ltr' id='par_1_113' title="bbox 2113 5596 3782 5672">
     <span class='ocr_line' id='line_1_113' title="bbox 2113 5596 3782 5672; baseline 0.005 -18"><span class='ocrx_word' id='word_1_847' title='bbox 2113 5596 2412 5669; x_wconf 80' lang='lat' dir='ltr'>Baptistae,</span> <span class='ocrx_word' id='word_1_848' title='bbox 2436 5597 2601 5670; x_wconf 88' lang='lat' dir='ltr'>quod</span> <span class='ocrx_word' id='word_1_849' title='bbox 2624 5598 2953 5672; x_wconf 38' lang='lat' dir='ltr'>ettinsuper</span> <span class='ocrx_word' id='word_1_850' title='bbox 2982 5598 3143 5656; x_wconf 91' lang='lat' dir='ltr'>dicto</span> <span class='ocrx_word' id='word_1_851' title='bbox 3154 5600 3561 5659; x_wconf 82' lang='lat' dir='ltr'>Calendarum</span> <span class='ocrx_word' id='word_1_852' title='bbox 3577 5603 3782 5662; x_wconf 81' lang='lat' dir='ltr'>die-in</span> 
     </span>
    </p>
   </div>
   <div class='ocr_carea' id='block_1_114' title="bbox 2111 5686 3785 5761">
    <p class='ocr_par' dir='ltr' id='par_1_114' title="bbox 2111 5686 3785 5761">
     <span class='ocr_line' id='line_1_114' title="bbox 2111 5686 3785 5761; baseline 0.005 -19"><span class='ocrx_word' id='word_1_853' title='bbox 2111 5686 2341 5743; x_wconf 90' lang='lat' dir='ltr'>honore</span> <span class='ocrx_word' id='word_1_854' title='bbox 2369 5687 2559 5744; x_wconf 89' lang='lat' dir='ltr'>sancti</span> <span class='ocrx_word' id='word_1_855' title='bbox 2580 5688 2829 5745; x_wconf 83' lang='lat' dir='ltr'>Joannis</span> <span class='ocrx_word' id='word_1_856' title='bbox 2848 5689 3123 5761; x_wconf 65' lang='lat' dir='ltr'>Baptista:</span> <span class='ocrx_word' id='word_1_857' title='bbox 3166 5689 3519 5749; x_wconf 80' lang='lat' dir='ltr'>solemniter</span> <span class='ocrx_word' id='word_1_858' title='bbox 3554 5709 3785 5751; x_wconf 75' lang='lat' dir='ltr'>conse-</span> 
     </span>
    </p>
   </div>
   <div class='ocr_carea' id='block_1_115' title="bbox 2114 5776 3772 5854">
    <p class='ocr_par' dir='ltr' id='par_1_115' title="bbox 2114 5776 3772 5854">
     <span class='ocr_line' id='line_1_115' title="bbox 2114 5776 3772 5854; baseline 0.005 -16"><span class='ocrx_word' id='word_1_859' title='bbox 2114 5776 2682 5851; x_wconf 37' lang='lat' dir='ltr'>cravitpetpradicti</span> <span class='ocrx_word' id='word_1_860' title='bbox 2698 5779 2899 5841; x_wconf 77' lang='lat' dir='ltr'>sancti</span> <span class='ocrx_word' id='word_1_861' title='bbox 2909 5780 3772 5854; x_wconf 67' lang='lat' dir='ltr'>JoanniszBaptistmsimalio-</span> 
     </span>
    </p>
   </div>
  </div>
