3944 6442
152 352 210 404 37
1647 291 1654 297 ἢ
1751 333 1932 395 ΜΛ.
3485 348 3557 408 3‘8

152 487 265 528 rum
290 465 607 523 multorum
637 469 988 522 sanctorum
1011 465 1303 538 reliquias
1353 465 1619 538 propriis
1647 478 1777 520 ma-
1799 467 1853 518 al
1893 462 2021 531 iuit,
2053 466 2228 536 cujus
2261 467 2732 524 consecrationis
2763 467 2892 523 dies
2925 467 3002 524 ab
3053 465 3338 526 omnibus
3386 474 3557 546 peni-

152 562 304 618 nibus
356 557 414 612 in
468 571 543 611 eo
589 555 875 612 decenter
927 556 1260 612 collocavit.
1293 555 1471 611 Aliud
1519 570 1664 624 ergo
1717 555 1781 610 in

151 648 361 703 dextera
403 649 572 718 parte
604 645 794 718 ipsius
841 645 1233 702 occidentalis
1286 646 1474 718 partis
1518 645 1781 701 ecclesiae

151 737 264 792 fecit
289 736 460 791 altare
488 740 544 790 et
573 734 634 790 in
667 735 1012 808 praescripto
1043 736 1140 792 die
1170 736 1545 792 consecravit
1576 735 1641 790 in
1671 735 1782 789 ho-

151 842 273 882 nore
301 824 475 880 sancti
505 825 915 898 Christophori
949 831 1008 880 et
1055 826 1244 881 sancti
1277 825 1576 898 Hippolyti
1604 829 1782 896 atque

151 913 313 970 sancti
343 913 660 980 Saturnini,
694 918 1030 986 martyre
1067 914 1299 982 Christi,
1330 919 1386 969 et
1417 930 1622 969 eorum
1656 912 1784 968 reli-

147 1004 299 1077 quias
321 1002 770 1059 iri-confessione
787 1003 976 1077 ipsius
995 1004 1197 1060 altaris
1218 1003 1478 1078 propriis
1501 1004 1784 1060 decenter

149 1093 429 1150 collocavit
475 1091 784 1150 manibus.
847 1098 905 1149 In
958 1094 1197 1151 sinistra
1270 1111 1536 1168 namque
1615 1099 1783 1167 parte

145 1183 310 1256 ipsius
351 1182 735 1238 occidentalis
768 1184 954 1256 partis
1003 1183 1258 1240 senioris
1287 1183 1555 1240 ecclesiae
1597 1184 1660 1242 in
1693 1201 1787 1238 su-

146 1273 451 1346 prascripto
485 1272 886 1329 Calendarum
907 1273 1003 1329 die
1035 1274 1276 1330 tertium
1299 1274 1678 1330 consecravit
1704 1273 1784 1329 al-

144 1367 252 1418 tare
279 1361 333 1416 in
363 1361 589 1418 honore
619 1364 810 1418 sancti
843 1363 1081 1419 Vict-urii
1115 1369 1172 1419 et
1201 1363 1388 1419 sancti
1445 1363 1681 1433 Victuri,
1716 1357 1792 1418 ac.

146 1451 313 1506 sancti
345 1451 534 1519 ilrisii,
553 1453 865 1524 sanctique
896 1453 1088 1519 Arvei,
1109 1459 1288 1525 atque
1322 1453 1512 1508 sancti
1538 1457 1786 1508 Heuma-

142 1539 214 1605 di,
245 1557 340 1596 seu
371 1542 562 1597 sancti
593 1541 819 1608 Almiri,
855 1559 960 1598 seu
1013 1544 1204 1598 sancti
1249 1543 1456 1598 Ulfacii
1502 1549 1558 1599 et
1595 1543 1787 1598 sancti

142 1629 333 1685 Juliani
379 1629 559 1702 primi
601 1630 798 1702 ipsius
845 1632 1009 1688 urbis
1049 1633 1343 1705 episcopi,
1373 1637 1554 1704 atque
1597 1633 1788 1688 sancti

143 1716 344 1773 Turibii
369 1723 424 1774 et
449 1719 644 1774 sancti
674 1720 929 1787 Pavacii,
975 1736 1213 1776 necnon
1269 1726 1325 1776 et
1373 1721 1566 1777 sancti
1620 1721 1788 1776 Libo-

144 1807 219 1868 rii,
247 1808 656 1864 confessorem
707 1809 942 1873 Christi,
975 1815 1031 1866 et
1081 1826 1291 1865 eorum
1335 1811 1623 1883 reliquias
1651 1826 1788 1883 pro-
1811 1829 1858 1883 -Β

141 1898 267 1970 priis
315 1899 599 1955 manibus
651 1899 940 1957 decenter
988 1901 1050 1956 in
1099 1901 1446 1974 supradicto
1476 1903 1790 1958 collocavit

141 1987 311 2044 altari.
338 1989 692 2063 Prrescri-pto
723 2005 990 2062 namque
1018 1990 1340 2046 undecimo
1385 1991 1786 2048 Calendarum

135 2076 403 2133 Iuliarum
445 2078 566 2147 die,
598 2080 938 2136 antedictos
981 2080 1256 2136 Aldricus
1300 2081 1567 2153 pontifex
1595 2082 1788 2138 estde

139 2171 288 2222 utero
309 2169 512 2224 matris
545 2184 670 2224 sum
697 2176 896 2235 natus,
916 2171 1011 2226 cui
1042 2171 1428 2243 omnipotens
1457 2174 1610 2227 Deus
1641 2172 1787 2227 assi-

137 2256 244 2312 dua
271 2257 697 2316 intercessione
728 2260 1155 2332 prtedictorum
1189 2261 1309 2316 sive
1338 2261 1614 2316 omnium
1646 2275 1784 2317 san-

137 2349 349 2402 ctorum
397 2347 624 2404 tribuat
676 2349 793 2405 vita
821 2349 1178 2406 eeternaliter
1207 2364 1331 2406 una
1370 2367 1510 2406 cum
1540 2350 1623 2406 eis
1671 2351 1785 2406 frui

137 2437 503 2508 sempiterna.
536 2441 754 2494 Amen.

895 2530 969 2584 -lV'
982 2571 996 2583 .

195 2615 354 2671 Dedit
381 2616 612 2690 quippe
643 2617 928 2689 praefatus
955 2618 1226 2674 Aldricus
1269 2619 1535 2692 pontifex
1583 2620 1784 2676 villam

135 2705 449 2774 quamdam
471 2708 785 2762 canonicis
814 2708 957 2775 suis,
977 2709 1149 2779 cujus
1168 2709 1530 2764 vocabulum
1560 2715 1648 2766 est
1682 2715 1786 2765 Bu-

133 2795 333 2864 161168,
354 2813 493 2852 cum
518 2796 808 2852 omnibus
829 2797 907 2853 ad
939 2814 1001 2852 se
1028 2797 1485 2870 pertinentibus,
1503 2814 1786 2854 una-cum

133 2882 266 2939 silva
285 2886 455 2955 cujus
489 2885 862 2942 vocabulum
887 2890 975 2942 est
994 2887 1320 2955 Felicionis,
1337 2887 1412 2941 de
1432 2903 1566 2959 qua
1583 2888 1784 2959 etple—

132 2972 251 3027 nius
281 2975 550 3046 praedicti
579 2975 858 3031 canonici
906 2993 1116 3031 eorum
1149 2981 1518 3032 mererentur
1565 2978 1787 3033 habere

132 3062 430 3134 stipendia,
463 3069 524 3120 et
563 3064 978 3120 delectabilirs
1028 3065 1283 3120 Domino
1331 3065 1630 3134 famulari,
1663 3067 1787 3121 sive

1886 557 1986 609 tus
2015 553 2430 626 ignorabatur,
2445 558 2554 612 sed
2575 556 2762 613 modo
2777 564 3068 614 renovata
3091 565 3148 615 et
3171 563 3558 620 reconciliata

1887 643 2016 698 sive
2047 651 2398 702 consecrata
2425 647 2601 703 estin
2632 647 2862 702 honore
2882 647 3184 720 praedictae
3213 657 3433 708 sanctae
3454 652 3558 708 Dei

1892 732 2191 801 genitricis
2218 734 2415 790 Maria
2444 749 2552 790 seu
2576 740 2922 791 sanctorum
2939 738 3209 794 Cervasii
3233 743 3288 795 et
3311 740 3558 797 Protasii

1894 822 2020 877 sive
2067 824 2266 879 sancti
2327 825 2612 898 Stephani
2667 826 3012 882 solemniter
3058 831 3114 884 et
3162 831 3449 887 canonice
3493 831 3560 887 in

1892 913 2245 984 praescripto
2278 913 2680 970 Calendarum
2708 915 2803 970 die
2833 931 2869 971 a
2899 916 3150 987 praefixo
3181 919 3418 976 Aldrico
3439 921 3562 994 epi-

1894 1016 2100 1073 scopo,
2133 1003 2444 1058 constituit
2469 1003 2599 1058 ﬁeri
2632 1008 2688 1059 et
2729 1004 2976 1076 plenam
3017 1006 3405 1065 refectionem
3430 1010 3560 1081 jam

1893 1089 2067 1146 dictis
2093 1091 2187 1146 Dei
2218 1093 2404 1148 servis
2425 1093 2772 1148 ministrari.
2798 1097 2858 1148 In
2880 1094 2972 1148 his
2994 1112 3238 1168 quoque
3263 1100 3560 1170 praedictis

1883 1180 2165 1253 quinque
2191 1181 2614 1238 festivitatibus
2646 1184 2877 1238 censuit
2902 1189 2970 1239 ut
2988 1186 3255 1257 praedicti
3286 1191 3559 1246 canonici

1893 1273 1950 1325 et
1979 1269 2084 1325 Dei
2118 1272 2273 1326 servi
2299 1272 2647 1344 acciperent
2694 1273 2769 1327 de
2816 1272 3066 1345 praefata
3093 1275 3236 1331 villa
3284 1277 3358 1333 de
3402 1295 3559 1351 pane

1884 1358 2124 1431 optimo
2151 1375 2261 1432 per
2281 1361 2551 1431 singulos
2575 1361 3003 1433 praedictarum
3026 1362 3405 1422 festivitatem
3432 1369 3562 1425 dies

1894 1449 2134 1505 modios
2160 1454 2444 1521 quatuor,
2478 1451 2689 1507 arietes
2735 1452 2998 1524 optimos
3032 1468 3167 1526 sex,
3200 1459 3257 1510 et
3302 1455 3375 1510 de
3423 1458 3561 1513 vino

1895 1538 2127 1610 optimo
2154 1538 2392 1594 modios
2417 1538 2573 1594 duos
2613 1545 2668 1595 et
2683 1541 2757 1595 de
2773 1541 3019 1612 potione
3041 1543 3269 1613 optima
3287 1544 3559 1601 modium

1895 1643 2110 1698 unum,
2143 1633 2202 1684 et
2227 1634 2460 1697 caetera,
2483 1630 2636 1686 sicut
2665 1630 2722 1685 in
2751 1631 2881 1702 ejus
2909 1636 3267 1688 testamento
3293 1635 3461 1707 quod
3486 1636 3562 1692 de

1889 1718 2112 1774 eadem
2142 1734 2204 1774 re
2228 1719 2385 1782 fecit,
2413 1720 2792 1776 continentur
2813 1720 3056 1778 inserta.

2685 1809 2756 1867 'V.

1972 1901 2031 1952 In
2081 1897 2216 1969 ipso
2265 1913 2408 1968 ergo
2461 1899 2856 1957 ordinationis
2887 1905 3066 1973 atque
3093 1905 3562 1962 consecrationis

1895 1987 2262 2059 praescripta
2307 1989 2516 2044 matris
2542 1994 2604 2044 et
2629 1991 3048 2047 Cenomanicae
3078 1992 3330 2050 civitatis
3373 1996 3560 2052 eccle-

1889 2075 1999 2129 siae
2051 2089 2213 2131 anno
2269 2077 2468 2148 primo
2519 2078 2764 2134 virtutes
2807 2080 2869 2134 in
2922 2081 3268 2152 supradicta
3311 2083 3564 2138 ecclesia

1893 2171 2311 2235 apparuerunt
2359 2166 2590 2237 multis,
2621 2167 2966 2223 videntibus
3011 2170 3270 2225 Domino
3312 2171 3562 2241 insigni-

1887 2256 1985 2309 ter
2039 2254 2332 2310 tribuente
2381 2256 2607 2311 multis.
2670 2258 2927 2323 Quidam
2981 2261 3142 2315 enim
3201 2261 3454 2317 claudus
3507 2268 3565 2318 et

1891 2335 2169 2414 utrisque
2217 2343 2478 2416 pedibus
2527 2345 2745 2402 debilis
2799 2348 2858 2402 in
2907 2347 3158 2420 prtefata
3205 2347 3454 2408 ecclesia
3483 2351 3564 2408 ad

1898 2433 2363 2504 vespertinalem
2433 2435 2691 2506 synaxin
2748 2436 3096 2504 adveniens,
3157 2438 3305 2494 dum
3353 2440 3564 2496 fratres

1893 2523 2154 2577 Domino
2211 2528 2353 2580 vota
2409 2525 2818 2596 persolverent
2865 2532 2919 2582 et
2974 2526 3172 2583 ofﬁcia
3225 2530 3563 2601 vespertina

1897 2618 2273 2685 peragerent,
2303 2615 2576 2687 utrisque
2607 2617 2864 2689 pedibus
2891 2622 3261 2675 restauratus
3291 2636 3362 2676 ac
3383 2637 3563 2677 sana-

1891 2706 1994 2757 tus
2024 2702 2226 2758 multis
2255 2703 2601 2760 viden-tibus
2625 2706 2760 2775 fuit,
2786 2705 2864 2762 ita
2891 2721 3037 2762 vero
3068 2707 3390 2779 pristinum
3418 2710 3562 2766 reei-

1889 2805 2037 2863 pere
2067 2793 2282 2848 meruit
2314 2807 2586 2862 gressum
2628 2796 2806 2868 quasi
2848 2812 3172 2869 nunquam
3211 2799 3464 2855 claudus
3494 2817 3563 2856 ac

1886 2882 2110 2938 debilis
2159 2883 2386 2940 fuisset.
2444 2885 2607 2940 Alius
2654 2886 2965 2958 siquidem
3020 2888 3098 2943 ad
3141 2890 3556 2946 ‘matutinalem

1891 2972 2156 3043 synaxin
2206 2974 2475 3040 veniens,
2527 2975 2632 3046 qui
2681 2981 2894 3031 mutus
2946 2976 3024 3032 ab
3069 2982 3204 3032 ortu
3239 2978 3558 3035 nativitatis

1897 3077 2022 3116 sua:
2057 3068 2114 3117 et
2142 3063 2363 3118 surdus
2395 3067 2541 3133 erat,
2571 3065 2719 3120 dum
2752 3066 3027 3122 canonici
3057 3083 3126 3122 ac
3174 3069 3273 3123 Dei
3319 3070 3472 3124 servi
3501 3070 3562 3125 in

130 3166 227 3222 pro
251 3153 616 3226 imperatore
647 3155 949 3211 antedicto
985 3156 1283 3210 Ludovico
1313 3161 1370 3210 et
1400 3157 1657 3227 conjuge
1678 3173 1789 3213 sua
1817 3193 1860 3247 C
2053 3152 2212 3207 dicta
2242 3153 2430 3247 Sancti
2463 3152 2786 3209 Safvatm‘is
2811 3159 2867 3209 (εἰ
2890 3155 3242 3247 sanctua‘Dei
3265 3159 3562 3247 genitricis

127 3241 329 3308 Judith,
347 3244 452 3298 sed
480 3249 542 3300 et
566 3259 676 3316 pro
697 3243 900 3300 liber-is
931 3244 1392 3314 regalibus,sive
1422 3261 1532 3317 pro
1557 3247 1789 3301 univer-

132 3345 188 3384 so
214 3334 469 3388 exercitu
521 3349 762 3404 eorum,
809 3339 988 3406 atque
1028 3351 1138 3406 pro
1185 3333 1509 3406 saepedicto
1553 3334 1790 3390 Aldrico

129 3417 298 3490 ipsius
324 3422 496 3478 urbis
527 3423 820 3495 episcopo
850 3440 1023 3480 orare
1049 3424 1319 3480 certatim
1371 3425 1702 3492 studerent,
1724 3429 1793 3481 et

130 3507 525 3568 delectabiiius
547 3513 673 3568 sive
698 3512 1024 3568 studiosius
1044 3514 1127 3570 eis
1143 3514 1399 3569 Domino
1417 3516 1672 3569 militare
1695 3514 1793 3570 de-

126 3594 366 3657 lectaret.
399 3605 482 3658 De
530 3603 788 3674 praeﬁxa
826 3603 1100 3658 videlicet
1143 3603 1285 3659 villa
1327 3605 1577 3673 censuit,
1610 3608 1792 3675 atque

130 3690 237 3744 suis
266 3693 727 3750 successoribus
775 3695 1174 3750 contestando
1227 3695 1288 3749 in
1336 3711 1446 3750 suo
1477 3695 1791 3767 privilegio

126 3781 275 3850 quod
303 3781 377 3838 de
409 3784 638 3838 eadem
660 3783 800 3838 vilia
827 3784 1126 3855 prtedictis
1159 3785 1466 3840 canonicis
1491 3785 1615 3840 suis
1657 3785 1794 3840 fecit

129 3869 414 3939 adjuravit
439 3881 507 3929 ut
531 3873 749 3928 fratres
769 3879 825 3928 et
843 3874 1120 3929 canonici
1137 3875 1541 3930 Cenomanica
1559 3875 1620 3930 in
1643 3875 1793 3930 urbe

125 3956 394 4028 degentes
424 3963 734 4019 haberent
762 3961 1004 4034 plenam
1037 3963 1421 4019 refectionem
1451 3965 1513 4019 in
1535 3965 1792 4020 undeci-

127 4063 214 4104 mo
233 4051 645 4108 Calendarum
674 4052 1100 4109 Januariarum
1123 4053 1241 4117 die,
1256 4054 1505 4125 quando
1527 4059 1796 4110 materet

123 4138 356 4197 civitatis
375 4143 640 4212 ecclesia
673 4143 872 4198 senior
889 4143 1292 4200 Cenomanica
1321 4144 1378 4199 in
1405 4144 1636 4200 honore
1658 4161 1794 4200 san-

127 4227 190 4282 cti
215 4230 540 4288 Salvatoris
568 4236 628 4288 et
657 4236 880 4288 sanctae
911 4232 1187 4303 ejusdem
1220 4233 1321 4289 Dei
1342 4233 1642 4303 genitricis
1674 4237 1792 4291 Ma-

125 4316 209 4372 riae
258 4325 315 4376 et
357 4321 560 4378 sancti
593 4320 860 4376 Gervasii
901 4325 958 4377 et
996 4321 1247 4377 Protasii
1277 4322 1400 4377 sive
1439 4323 1638 4378 sancti
1670 4325 1792 4380 Ste-

124 4407 288 4476 phani
315 4415 407 4466 est
433 4427 472 4467 a
498 4412 636 4482 jam
667 4410 828 4466 dicto
871 4411 1106 4467 Aldrico
1135 4412 1420 4484 episcopo
1452 4412 1797 4469 solemniter

123 4495 400 4558 dedicata.
427 4501 722 4559 Similiter
742 4501 972 4556 censuit
1000 4506 1060 4557 ut
1081 4502 1154 4558 de
1178 4503 1427 4574 praefata
1450 4502 1593 4559 villa
1614 4503 1792 4575 plena

126 4591 404 4657 pradictis
437 4591 740 4648 fratribus
755 4596 812 4647 et
832 4591 1139 4648 canonicis
1162 4592 1486 4649 undecimo
1509 4593 1795 4650 Calenda-

123 4690 241 4735 rum
263 4682 710 4738 Januariarum
746 4681 841 4737 die
868 4683 1036 4737 ﬁeret
1065 4682 1246 4754 plena
1275 4681 1550 4751 refectio;
1582 4684 1643 4738 in
1670 4699 1794 4757 quo

125 4765 205 4822 die
232 4776 286 4827 et
315 4772 694 4844 smpedictus
712 4771 992 4828 Aldricus
1018 4772 1080 4828 in
1106 4772 1455 4844 praescripta
1486 4773 1718 4830 civitate
1740 4779 1798 4832 et

123 4853 174 4912 in
197 4860 444 4931 praefata
468 4860 734 4917 ecclesia
760 4865 849 4916 est
869 4860 1158 4917 canonice
1189 4866 1244 4917 et
1261 4860 1606 4918 solemniter
1635 4878 1672 4918 a
1692 4879 1796 4919 no-

123 4943 417 5005 bilissimis
459 4955 521 5006 et
553 4949 926 5006 doctissimis
982 4954 1162 5022 atque
1211 4951 1602 5007 sanctissimis
1635 4952 1795 5025 epis-

123 5037 267 5110 copis
299 5040 586 5114 pontifex
611 5039 947 5096 ordinatus.
967 5040 1246 5097 Similiter
1271 5041 1500 5097 censuit
1521 5045 1588 5098 ut
1604 5041 1667 5098 in
1689 5058 1796 5098 un-

122 5122 337 5186 decimo
369 5130 796 5188 Calendarum
825 5130 1122 5188 Juliarum
1149 5131 1462 5188 antedictis
1489 5133 1795 5189 canonicis

123 5218 168 5269 et
187 5217 280 5274 Dei
307 5221 508 5278 servis
539 5220 625 5276 de
645 5220 898 5293 praefata
925 5221 1072 5278 villa
1098 5221 1266 5278 ﬁeret
1282 5221 1462 5294 plena
1491 5227 1548 5279 et
1567 5223 1796 5296 optima

122 5306 359 5378 refectio,
388 5311 453 5367 in
487 5327 628 5384 quo
657 5310 756 5366 die
781 5311 1150 5384 etprmﬁxus
1171 5311 1443 5368 Aldricu‘s
1473 5313 1795 5386 episcopus

123 5400 195 5452 est
227 5398 298 5456 de
329 5407 513 5458 utero
545 5400 767 5457 matris
799 5417 924 5457 sua:
956 5406 1160 5473 natus,
1194 5407 1374 5476 atque
1409 5402 1796 5459 occidentalis

123 5498 243 5554 pars
285 5491 676 5564 praescriptio
733 5490 942 5548 matris
967 5495 1026 5547 et
1084 5492 1338 5548 civitatis
1397 5492 1661 5548 ecclesiae
1717 5491 1796 5549 ab

125 5575 308 5637 wdem
335 5581 647 5654 pontiﬁce
677 5584 769 5637 est
797 5579 1144 5638 solemniter
1186 5581 1484 5639 dedicata.
1520 5580 1798 5639 Similiter

123 5662 172 5720 in
197 5672 632 5744 assumptione
658 5674 882 5727 sanctae
928 5670 1030 5726 Dei
1059 5671 1360 5743 genitricis
1413 5671 1628 5741 Mariae,
1657 5685 1795 5745 quae

126 5760 196 5813 est
243 5760 487 5820 decimo
549 5764 778 5818 octavo
829 5759 1142 5818 Calendar.
1203 5761 1508 5835 Septemb.
1559 5762 1674 5830 die,
1733 5762 1798 5818 in

127 5849 276 5920 aluus
315 5853 590 5926 [arietata
637 5850 893 5910 ecclesia
935 5865 979 5910 a
1019 5855 1232 5912 sancto
1259 5852 1510 5911 Juliano
1558 5855 1799 5912 sacrata

1899 3240 2114 3309 Mariae,
2139 3245 2195 3295 et
2219 3245 2570 3296 sanctorum
2600 3247 2943 3313 martyrum
2975 3244 3233 3299 Gcrvasii
3266 3251 3323 3300 et
3366 3246 3565 3303 Prota«

1895 3330 1988 3397 sii,
2016 3335 2196 3402 atque
2220 3331 2408 3386 sancti
2433 3325 2993 3403 Stephani'ecclesia
3023 3333 3406 3391 devotissime
3438 3351 3562 3392 ma-

1899 3419 2211 3475 tutinalem
2233 3425 2597 3492 peragerent
2623 3423 2901 3493 synuxin,
2931 3427 3053 3478 tam
3075 3421 3347 3480 auditum
3377 3441 3564 3498 quam

1886 3514 1956 3564 et
2004 3509 2369 3564 locutionem
2399 3510 2556 3565 'iuibi
2588 3511 2839 3582 pleniter
2893 3513 3134 3584 recepit,
3170 3518 3223 3568 et
3261 3514 3352 3569 ita
3397 3516 3566 3588 loqui

1900 3616 1970 3656 ac
2020 3599 2229 3655 audire
2250 3603 2476 3656 meruit
2503 3615 2613 3656 ceu
2657 3615 2972 3675 nunquam
3017 3603 3236 3660 surdus
3263 3617 3330 3661 ac
3362 3611 3565 3661 mutus

1891 3689 2126 3745 fuisset.
2161 3691 2441 3758 Sequenti
2476 3698 3037 3764 namque‘tempore
3087 3693 3337 3766 quidam
3369 3711 3564 3751 caecus

1893 3779 2240 3833 veniensiin
2282 3780 2412 3849 jam
2443 3780 2666 3834 dictum
2707 3781 3054 3850 ecclesiam,
3088 3783 3235 3838 dum
3283 3783 3472 3839 missa
3529 3800 3566 3839 a

1895 3869 2224 3940 saepedicto
2269 3869 2505 3925 Aldrico
2535 3871 2820 3942 episcopo
2865 3877 2921 3927 et
2951 3887 2985 3927 a
3018 3873 3140 3927 suis
3167 3874 3566 3929 consacerdo-

1901 3959 2061 4013 tibus
2097 3959 2218 4014 sive
2250 3959 2495 4031 reliquis
2551 3960 2835 4015 ministris
2879 3961 3264 4017 devotissime
3311 3979 3565 4034 perage-

1900 4048 2099 4116 batur,
2132 4049 2331 4104 visum
2356 4051 2620 4106 Domino
2641 4050 2939 4120 largiente
2970 4051 3231 4124 recipere
3263 4053 3325 4108 in
3355 4068 3567 4127 supra-

1899 4137 2061 4193 dicta
2112 4138 2366 4194 ecclesia
2415 4140 2632 4195 meruit
2661 4139 2906 4212 plenum
2955 4147 3011 4196 et
3049 4142 3128 4197 ita
3153 4141 3356 4199 videre
3389 4143 3568 4199 veluti

1899 4239 2219 4300 nunquam
2247 4244 2441 4284 caecus
2471 4229 2695 4286 fuisset.
2727 4231 2891 4285 Alius
2919 4247 3062 4301 ergo
3094 4231 3307 4305 plenus
3339 4234 3566 4290 (Immo-

1901 4317 2024 4387 nio,
2076 4318 2181 4390 qui
2225 4319 2482 4388 graviter
2533 4333 2569 4375 a
2621 4319 2866 4376 diabolo
2916 4320 3266 4394 vexabatur,
3300 4329 3357 4380 et
3409 4341 3568 4398 saepe
3632 4363 3648 4376 κ

1905 4411 2030 4464 tam
2060 4407 2121 4462 in
2151 4407 2353 4477 ignem
2399 4423 2586 4481 quam
2636 4414 2693 4464 et
2720 4409 2781 4464 in
2814 4425 3037 4483 aquam
3072 4413 3196 4468 sive
3227 4413 3289 4468 in
3337 4413 3570 4486 reliqua

1897 4498 2173 4571 pericula
2204 4515 2264 4553 se
2295 4499 2643 4570 demergere
2672 4500 2934 4570 volebat,
2967 4502 3071 4575 qui
3101 4507 3157 4558 et
3184 4501 3385 4559 multis
3415 4504 3569 4560 funi-

1905 4586 2021 4642 bus
2047 4587 2405 4642 constrictus
2449 4594 2629 4661 atque
2661 4588 2976 4658 colligatus
3009 4595 3136 4646 erat
3177 4605 3262 4648 ne
3303 4591 3568 4664 aliquem

1904 4677 2120 4734 lmdere
2150 4683 2372 4750 posset,
2403 4679 2463 4733 in
2515 4679 2925 4750 supradictam
2980 4679 3298 4736 ecclesiam
3331 4681 3410 4736 ad
3435 4695 3568 4736 ma-

1907 4767 2215 4824 tutinalem
2245 4767 2505 4841 synaxin
2557 4769 2900 4836 adveniens,
2935 4769 3081 4824 dum
3131 4769 3213 4824 ibi
3243 4785 3279 4824 a
3311 4768 3411 4824 Dei
3441 4784 3567 4824 ser-

1903 4857 1994 4913 vis
2016 4857 2251 4912 ibidem
2281 4858 2615 4914 constitutis
2646 4863 2701 4914 et
2751 4875 2786 4913 a
2808 4859 2936 4929 jam
2978 4857 3137 4912 dicto
3163 4857 3451 4930 episcopo
3477 4858 3567 4914 di-

1902 4947 2045 5002 vina
2076 4947 2522 5020 peragebantur
2546 4947 2949 5003 intensissime
2971 4945 3188 5014 ofﬁcia,
3209 4963 3244 5002 a
3264 4945 3568 5005 daemonio

1903 5040 2148 5093 curatus
2191 5042 2249 5093 et
2299 5037 2553 5109 pleniter
2601 5043 2848 5092 sanatus
2895 5041 2984 5092 est
3020 5052 3130 5093 ceu
3178 5053 3497 5111 nunquam
3532 5057 3569 5098 a

1903 5127 2210 5184 daamonio
2240 5131 2489 5182 vexatus
2519 5130 2694 5181 esset.
2727 5125 2856 5182 Alia
2883 5139 3128 5201 quoqhe
3153 5128 3568 5186 innumerabi-

1902 5216 1984 5274 lia
2030 5218 2204 5288 signa
2242 5217 2304 5271 in
2351 5215 2765 5288 suprascripta
2794 5217 3043 5275 ecclesia
3091 5223 3147 5275 et
3173 5219 3235 5275 in
3266 5218 3568 5275 antedicto

1904 5307 2102 5382 primo
2133 5305 2547 5376 ordinationis,
2572 5307 3057 5376 conseCrationis,
3079 5308 3201 5364 sive
3228 5303 3571 5366 reconcilia-

1906 5397 2084 5454 tionis
2113 5411 2239 5450 suee
2266 5409 2448 5466 anno,
2466 5397 2892 5453 necnon-etin
2915 5394 3428 5469 subsequentibus
3458 5415 3567 5456 an-

1903 5487 2022 5554 nis,
2055 5485 2519 5542 innumerabilia
2539 5485 2757 5543 multis
2786 5493 3199 5559 apparuerunt
3226 5489 3568 5547 videntibus

1907 5579 2101 5648 signa,
2129 5592 2264 5650 quae
2295 5579 2541 5651 propter
2557 5574 2971 5651 prolixitatem
3019 5577 3143 5635 sive
3191 5587 3436 5656 propter
3465 5586 3567 5638 tee-

1905 5669 2076 5726 dium
2103 5667 2339 5724 lectoris
2370 5673 2550 5742 atque
2582 5667 2870 5725 auditoris
2896 5669 2990 5726 hic
3015 5685 3143 5728 non
3171 5671 3566 5739 inseruimus;

1905 5775 2040 5834 quae
2089 5765 2291 5817 tamen
2341 5763 2508 5818 tanta
2559 5765 2700 5818 sunt
2756 5760 2818 5816 in
2870 5757 3176 5832 ejiciendis
3230 5761 3568 5828 daemoniis,

1904 5851 1968 5908 in
2013 5849 2394 5925 recipiendis
2447 5848 2782 5926 gressibus,
2801 5850 2880 5910 ‘in
2893 5846 3242 5912 reddendis
3267 5849 3573 5910 auditibus
