3944 6412
387 324 458 381 39
1473 315 1753 373 ALDBICI
1791 313 2333 373 CENOIANENSIS
2366 314 2705 373 EPISCOPI.
3734 318 3812 371 40

391 449 451 502 et
477 443 831 519 reparandis
858 441 1103 511 visibus,
1135 440 1255 497 sive
1284 440 1347 497 in
1393 439 1638 513 reliquis
1671 438 1771 495 Dei
1817 437 2042 495 beneﬁ-
2067 442 2117 497 Α
2153 442 2210 495 et
2237 439 2315 496 ad
2336 456 2491 512 opus
2531 438 2782 495 fratrum
2814 437 2896 494 ibi
2942 437 3291 508 degentium
3321 453 3462 495 cum
3506 454 3816 495 consensu

394 535 500 591 ciis
543 538 792 608 quanta,
825 537 888 588 ut
931 547 1084 597 reor,
1135 531 1257 586 duo
1307 529 1403 586 vel
1458 534 1575 586 tres
1616 528 2042 603 quaterniones
2153 544 2399 585 suorum
2432 528 2863 585 canonicorum
2891 531 3074 601 atque
3103 527 3362 584 aliorum
3408 534 3535 585 tam
3580 529 3817 601 episco-

394 624 644 680 minime
665 637 877 695 capere
906 619 1185 676 valerent.
1210 619 1317 673 Alii
1349 623 1551 674 autem
1576 616 1799 674 inﬁrmi
1823 622 1947 673 tam
1966 617 2043 673 de
2151 632 2370 690 porum
2401 634 2589 692 quam
2638 622 2696 673 et
2726 617 2981 674 aliorum
3025 617 3322 674 nobilium
3363 617 3637 675 virorum
3678 617 3820 673 fecit

394 713 663 770 febribus
707 726 893 784 quam
947 707 1021 764 de
1078 707 1207 763 aliis
1253 707 1701 764 inﬁrmitatibus
1743 706 1806 762 in
1837 722 2044 779 supra-

395 802 615 875 scripta
680 797 924 855 ecclesia
973 795 1488 852 innumerabiliter
1542 794 1733 852 multi.
1794 794 2045 851 Domino

2152 704 2249 761 hic
2277 706 2535 763 inserere
2562 705 2808 779 placuit.

2922 797 3033 850 VII.

394 890 700 961 largiente,
731 890 869 942 sunt
897 885 1112 951 sanati,
1148 889 1331 958 atque
1361 886 1675 958 pristinam
1729 885 2043 942 sanitatem
2155 886 2491 961 Exemplar
2517 886 2906 961 privilegii‘et
2936 885 3280 961 traditionis
3327 900 3509 961 quam
3556 886 3817 961 domnus

394 980 655 1052 recipere
686 981 741 1032 et
770 975 1016 1048 plenam
1046 980 1397 1032 meruerunt
1419 974 1671 1048 adipisci
1700 975 1975 1031 salutem.

1176 1065 1263 1119 VI.

462 1154 807 1212 Antedietus
827 1152 991 1210 enim
1013 1152 1278 1209 domnus
1299 1153 1590 1221 Aldricus,
1606 1151 1864 1225 praefata
1885 1150 2049 1207 urbis

391 1244 737 1317 episcopus,
754 1241 1005 1314 quando
1026 1242 1086 1297 in
1112 1242 1397 1313 pradicto
1417 1242 1629 1314 quinto
1657 1240 1873 1296 Iduum
1901 1243 2046 1296 Nov.

391 1333 485 1389 die
519 1350 555 1389 a
583 1331 959 1402 largitatione
1003 1330 1211 1386 domni
1270 1330 1551 1387 Ludovici
1582 1329 1836 1403 piissimi
1865 1328 2053 1400 impe-

391 1420 629 1490 ratoris,
672 1436 781 1494 per
832 1435 1201 1476 consensum
1227 1424 1285 1476 et
1313 1420 1663 1476 electionem
1722 1418 2051 1474 multorum

394 1510 693 1567 nobilium
723 1509 1013 1578 virorum,
1037 1510 1189 1565 sicut
1218 1526 1402 1583 supra
1429 1510 1658 1565 dictum
1687 1513 1793 1575 est,
1824 1507 2053 1580 accepit

390 1599 519 1671 jam
549 1598 776 1654 dictum
820 1598 1261 1671 episcopatum,
1292 1597 1545 1670 quidam
1601 1596 1801 1653 amuli
1831 1601 2051 1653 sancta

396 1687 501 1744 Dei
558 1687 829 1743 Ecclesia
884 1690 942 1743 et
970 1687 1062 1742 sui
1110 1687 1534 1743 intimaverunt
1580 1691 1760 1758 atque
1806 1684 2052 1741 ﬁrmiter

395 1778 707 1851 protestati
736 1781 875 1832 sunt
903 1776 1150 1849 praﬁxo
1191 1776 1419 1835 domno
1464 1775 1761 1831 Ludovico
1792 1774 2049 1846 impera-
2082 1796 2121 1850 Β

397 1867 510 1923 tori
540 1866 709 1939 quod
756 1866 1001 1922 abbatia
1050 1867 1246 1922 Sancti
1300 1866 1583 1922 Vincentii
1627 1882 1747 1920 non
1795 1868 1949 1920 esset
1976 1863 2051 1917 de

392 1956 527 2028 jure
557 1955 837 2012 antedicti
858 1955 1146 2028 episcopi,
1167 1955 1272 2011 sed
1301 1955 1486 2010 ﬁscus
1512 1954 1813 2027 sapedicti
1843 1952 2054 2008 domni

399 2044 679 2100 Ludovici
714 2044 1090 2117 imperatoris
1124 2061 1251 2099 esse
1281 2044 1558 2099 debebat.
1588 2047 1854 2100 Domnus
1877 2042 2055 2111 igitur

398 2133 735 2189 Ludovicus
765 2133 1089 2206 imperator
1139 2133 1219 2188 ad
1268 2134 1382 2188 hoc
1412 2133 1843 2205 inquirendum
1873 2137 2054 2203 atque

396 2223 686 2279 veraciter
714 2222 1201 2293 investigandum
1251 2239 1392 2277 suos
1421 2228 1695 2277 strenuos
1744 2226 1801 2277 et
1847 2220 2054 2275 ﬁdeles

396 2312 557 2368 misit
586 2312 823 2379 missos,
857 2312 963 2384 qui
1012 2312 1129 2367 hoc
1177 2311 1547 2384 inquirerent
1595 2312 1643 2366 si
1694 2312 1876 2366 ﬁscus
1921 2326 2054 2366 esse

397 2401 677 2471 debebat,
707 2418 784 2456 an
815 2402 887 2456 de
912 2402 1045 2471 jure
1078 2406 1134 2455 et
1163 2401 1573 2456 dominatione
1605 2399 1886 2455 antedicti
1929 2400 2055 2470 epi-

396 2492 561 2563 scopi
582 2507 711 2546 esse
743 2491 1004 2546 deberet.
1038 2490 1307 2545 Aldricus
1340 2506 1482 2545 vero
1513 2490 1573 2544 iu
1599 2490 1713 2545 hoc
1746 2488 1921 2544 valde
1947 2505 2056 2543 an-

398 2579 672 2649 gebatur,
694 2579 1187 2651 tristabaturque,
1204 2580 1366 2651 quod
1394 2579 1494 2634 tali
1517 2579 1830 2634 occasione
1863 2594 1892 2633 a
1922 2579 2056 2649 jure

400 2673 456 2724 et
476 2667 888 2724 dominatione
915 2667 1216 2740 sapedicti
1243 2667 1527 2739 episcopii
1542 2668 1672 2738 jam
1688 2668 1846 2723 dicta
1873 2666 2059 2723 abba-

402 2756 485 2811 tia
508 2756 697 2811 sancti
726 2756 1011 2812 Vincentii
1040 2756 1273 2829 perdita
1307 2761 1363 2811 et
1389 2756 1609 2826 injuste
1639 2754 1840 2812 ablata
1870 2756 2055 2811 fieret.

405 2848 537 2902 Non
560 2846 720 2902 enim
736 2846 1003 2903 habebat
1024 2846 1106 2901 ibi
1123 2845 1393 2915 cognitos
1413 2845 1709 2912 homines,
1726 2862 1837 2901 nec
1861 2845 2059 2918 ipsam

400 2951 530 2991 rem
554 2935 964 3005 cognoscebat
989 2953 1002 3003 ;
1033 2934 1139 2991 sed
1162 2934 1483 2990 Dominum
1514 2933 1733 2990 obnixe
1777 2934 2059 3006 depreca—

400 3022 580 3079 batur
606 3028 669 3079 ut
696 3040 807 3079 sua
839 3022 1201 3093 negligentia
1225 3022 1363 3096 ipsa
1400 3022 1649 3078 abbatia
1680 3023 1876 3079 Sancti
1925 3023 2058 3077 Vin-

401 3110 681 3204 centii‘de
707 3112 841 3182 jure
872 3111 1172 3184 pradicta
1203 3111 1480 3204 Ecclesia
1512 3110 1746 3204 perdita
1774 3126 1884 3166 nec
1917 3110 2058 3204 alie-
2091 3148 2130 3204 Ο

399 3203 542 3255 nata
561 3197 747 3255 ﬁeret.
779 3202 968 3265 Quem
994 3214 1213 3273 nempe
1244 3199 1533 3256 Dominus
1559 3199 1622 3255 in
1650 3200 1764 3255 hoc
1810 3198 2057 3255 exaudi-

398 3288 503 3358 vit,
552 3293 609 3345 et
635 3289 862 3362 oppido
889 3289 1060 3345 illum
1111 3288 1457 3346 consolatus
1502 3292 1625 3357 est;
1652 3293 1710 3345 et
1754 3288 1918 3361 ipsas
1965 3304 2060 3343 res

403 3376 871 3434 adminiculante
895 3377 1150 3433 Domino
1170 3378 1512 3434 evindicare
1531 3377 1770 3445 meruit,
1789 3382 1845 3433 et
1864 3378 1943 3433 ad
1961 3377 2061 3447 jus

404 3482 531 3521 sua
577 3465 735 3521 sedis
782 3465 1045 3521 ecclesia
1070 3465 1205 3536 jure
1231 3465 1578 3521 ﬁrmissimo
1625 3466 1898 3536 retinere,
1929 3465 2065 3521 licet

402 3555 465 3611 in
495 3555 628 3627 ipso
654 3554 750 3610 die
780 3553 1055 3611 introitus
1087 3552 1202 3621 sui,
1232 3554 1481 3626 quando
1529 3554 1727 3626 primo
1753 3555 1814 3609 in
1844 3552 2061 3610 festivi-

405 3648 521 3700 tate
552 3644 743 3700 sancti
771 3642 994 3701 Martini
1024 3643 1087 3699 in
1115 3642 1317 3715 ipsam
1361 3642 1660 3699 civitatem
1706 3643 2062 3700 Cenomani-

404 3750 541 3791 cam
569 3739 658 3790 est
675 3734 1009 3804 ingressus,
1034 3732 1168 3806 ipsa
1196 3732 1504 3805 inquisitio
1526 3732 1683 3789 facta
1704 3733 1932 3801 fuisset,
1959 3733 2064 3790 ubi

404 3828 463 3880 et
496 3826 671 3880 testes
723 3822 936 3880 habuit
970 3821 1076 3895 qui
1114 3820 1192 3878 ad
1216 3821 1318 3893 jus
1350 3821 1444 3876 sui
1474 3820 1701 3893 praeﬁxi
1748 3822 2062 3894 episcopa-

407 3916 499 3969 tus
527 3913 727 3987 ipsam
766 3912 1076 3970 abbatiam
1124 3909 1588 3967 testiﬁcaverunt
1634 3915 1815 3983 atque
1844 3912 2063 3967 conﬁr-

405 4007 641 4058 mantes
672 4002 953 4057 dixerunt
993 4000 1162 4073 quod
1209 4000 1325 4056 sub
1379 3999 1789 4056 dominatione
1832 4004 1890 4055 et
1929 4000 2064 4071 jure

403 4090 637 4165 prafati
658 4091 1041 4164 episcopatus
1062 4106 1192 4146 esse
1225 4089 1487 4145 deberet.
1520 4089 1894 4159 Privilegium
1920 4104 2064 4160 ergo

404 4178 574 4253 quod
601 4178 865 4235 domnus
912 4178 1244 4234 Domnulus
1275 4179 1349 4234 de
1379 4177 1628 4250 prafata
1655 4178 1902 4235 abbatia
1930 4178 2067 4237 fecit

406 4269 655 4342 quando
712 4267 1033 4342 prafatum
1083 4268 1520 4325 monasterium
1573 4270 1631 4323 et
1671 4267 1797 4338 jam
1839 4268 2064 4325 dictam

321 4338 339 4359 ’
406 4338 736 4417 Ecclesiani
784 4359 860 4415 de
907 4359 1089 4415 rebus
1143 4375 1265 4414 sua
1321 4358 1480 4413 sedis
1529 4356 1804 4413 Ecclesia
1833 4358 2061 4426 ditavit,

404 4448 538 4522 ipso
574 4454 841 4521 tempore
864 4447 1109 4504 minime
1130 4447 1397 4504 invenire
1421 4446 1631 4520 quivit,
1653 4446 1819 4519 quod
1841 4447 1894 4502 ei
1925 4452 2064 4503 tunc

407 4538 833 4595 absconditum
862 4536 990 4593 fuit.
1023 4538 1135 4594 Sed
1164 4542 1566 4610 posteaquam
1587 4534 1733 4591 illud
1752 4536 1883 4607 jam
1903 4536 2065 4592 evin-

405 4627 673 4684 dicatum
702 4632 761 4684 et
788 4642 897 4700 per
923 4632 1294 4700 praceptum
1336 4626 1764 4683 conﬁrmatum
1817 4643 2063 4683 monas-

404 4717 679 4775 teriolum
729 4716 961 4783 habuit,
987 4719 1192 4789 ipsum
1247 4715 1624 4789 privilegium
1666 4716 1919 4773 Domino
1962 4715 2065 4773 ad-

404 4806 793 4863 miniculante
815 4805 1080 4862 invenire
1111 4808 1169 4861 et
1201 4803 1454 4877 adipisci
1482 4804 1719 4860 meruit.
1750 4803 1976 4861 idcirco
2003 4805 2064 4861 in

405 4894 521 4951 hoc
549 4894 845 4968 opusculo
888 4894 1249 4968 pradictum
1297 4892 1674 4966 privilegium
1697 4893 1874 4949 nobis
1905 4894 2063 4950 inse-

405 4998 534 5037 rere
562 4982 819 5054 placuit;
850 4988 918 5039 ut
947 4984 1017 5050 si,
1048 4983 1214 5056 quod
1238 4982 1415 5049 absit,
1447 4981 1662 5037 futuris
1691 4983 2063 5055 temporibus

406 5071 482 5128 de
528 5086 686 5144 sape
722 5072 853 5142 jam
906 5072 1066 5129 dicta
1102 5072 1349 5129 abbatia
1390 5070 1595 5145 aliqua
1642 5074 1895 5144 quastio
1934 5076 2065 5128 orta

405 5160 581 5217 fuerit
610 5165 668 5217 et
709 5159 1029 5233 praefatum
1075 5161 1453 5234 privilegium
1502 5160 1707 5233 aliqua
1754 5161 2064 5218 machina-

405 5249 565 5307 tione
591 5254 697 5307 aut
724 5248 887 5307 malo
916 5248 1158 5320 ingenio
1191 5248 1408 5322 aliquis
1440 5249 1740 5307 occultare
1783 5248 1973 5317 vellet,
2000 5249 2062 5306 in

405 5337 523 5393 hoc
545 5337 838 5412 opusculo
869 5335 1179 5410 exemplar
1206 5336 1336 5408 ejus
1361 5337 1741 5403 inveniretur,
1772 5354 1911 5393 cum
1938 5354 2061 5410 quo

408 5429 467 5482 et
495 5425 773 5482 solatium
810 5426 1018 5483 ﬁdeles
1070 5425 1346 5497 ejusdem
1396 5431 1617 5483 sancta
1668 5426 1769 5481 Dei
1800 5425 2062 5482 ecclesia

405 5513 717 5581 haberent,
739 5516 993 5587 qualiter
1021 5515 1157 5588 ipsa
1184 5513 1432 5572 abbatia
1458 5531 1777 5587 nunquam
1797 5530 1834 5570 a
1849 5516 1985 5586 jure
2006 5518 2065 5571 et

408 5602 821 5659 dominatione
846 5603 1109 5675 prafata
1129 5605 1392 5663 ecclesia
1420 5604 1656 5679 perdita
1677 5604 1864 5660 ﬁeret.
1888 5605 2060 5662 Simi-

406 5691 538 5748 liter
565 5696 621 5749 et
638 5690 1019 5766 privilegium
1037 5695 1205 5766 quod
1226 5695 1357 5767 jam
1381 5695 1579 5751 dictus
1604 5692 1866 5748 domnus
1888 5694 2063 5750 Dom-

406 5780 583 5840 nolus
611 5780 689 5839 de
734 5779 1008 5863 colonica
1042 5782 1124 5843 ad
1168 5783 1488 5844 ecclesiam
1529 5781 1728 5841 Sancti
1775 5782 2061 5840 Vincentii

2226 958 2560 1012 Domnulus
2610 956 2684 1012 de
2726 957 2875 1013 villa
2929 958 3200 1012 Tricione
3245 961 3301 1012 et
3345 956 3421 1013 de
3445 956 3817 1023 Fraxinido,

2227 1029 2350 1083 sive
2366 1028 2587 1084 villula
2617 1028 2856 1083 nomine
2875 1028 3096 1094 Debuc,
3118 1033 3299 1099 atque
3315 1028 3390 1084 de
3417 1029 3557 1085 aliis
3578 1028 3820 1084 villulis

2227 1100 2349 1154 sive
2390 1099 2564 1154 rebus
2595 1113 2667 1154 ac
2720 1100 3041 1154 territoriis
3088 1114 3209 1154 sua
3237 1099 3389 1155 sedis
3442 1100 3705 1156 ecclesia
3752 1099 3822 1153 in

2229 1170 2323 1225 die
2354 1170 2745 1225 dedicationis
2774 1170 3103 1239 sapedicta
3132 1170 3344 1226 Sancti
3384 1171 3684 1229 Vincentii
3721 1185 3822 1226 ec-

2230 1242 2419 1297 clesia
2449 1241 2532 1297 ad
2556 1242 2747 1310 ipsam
2777 1241 3087 1297 ecclesiam
3112 1242 3280 1311 fecit.

2231 1329 2485 1385 Domino
2513 1328 2838 1386 venerabili
2872 1329 3145 1385 Ecclesia
3185 1330 3602 1387 Cenomanica
3656 1329 3824 1387 clero

2161 1418 2490 1475 Domnolus
2515 1419 2856 1492 episcopus.
2950 1438 2954 1443 ’

2232 1511 2581 1578 Congruum
2612 1507 2788 1564 nobis
2838 1508 2949 1564 fuit
2976 1512 3041 1564 ut
3065 1511 3272 1564 votum
3317 1507 3719 1566 desiderabile
3760 1508 3827 1565 in

2165 1597 2471 1653 charitatis
2528 1602 2737 1655 vestra
2789 1597 3062 1654 notitiam
3111 1613 3519 1671 poneremus;
3568 1599 3718 1671 quia
3775 1598 3829 1654 si

2166 1702 2498 1741 consensus
2529 1692 2723 1741 vester
2742 1686 3111 1743 desiderium
3134 1687 3333 1742 cordis
3360 1686 3550 1743 nostri
3577 1688 3830 1743 decreta

2164 1775 2500 1842 adverterit,
2534 1776 2834 1831 credimus
2864 1775 3085 1831 nullius
3136 1774 3303 1831 nullo
3347 1791 3623 1849 unquam
3668 1782 3828 1832 tem-

2163 1881 2308 1937 pore
2340 1864 2753 1920 contrarietate
2799 1881 2835 1921 a
2881 1865 3057 1921 nobis
3099 1864 3321 1937 pariter
3366 1865 3609 1921 ﬁrmata
3636 1882 3829 1938 posse

2163 1954 2434 2020 convelli,
2467 1970 2604 2009 cum
2630 1970 2740 2026 pro
2780 1954 2970 2010 salute
2999 1954 3227 2027 populi,
3260 1954 3423 2011 velut
3475 1955 3829 2011 custodiam

2163 2044 2433 2110 civitatis,
2495 2044 2776 2116 reliquias
2827 2045 3035 2099 domni
3086 2060 3157 2100 ac
3214 2044 3570 2100 venerabilis
3630 2046 3828 2101 sancti

2163 2134 2450 2190 Vincentii
2477 2135 2756 2206 martyris
2781 2134 3181 2190 intercedente
3202 2135 3671 2207 praesumptione
3692 2135 3833 2191 ausi

2164 2222 2455 2279 fuerimus
2503 2222 2753 2292 deferre,
2804 2240 2943 2279 cum
2996 2224 3097 2278 Dei
3140 2223 3439 2294 adjutorio
3487 2228 3545 2279 et
3596 2228 3828 2279 vestro.

2165 2312 2360 2367 eidem
2403 2312 2536 2367 loco
2593 2312 2896 2381 dignitatis
2947 2311 3245 2367 ereximus
3294 2312 3356 2367 in
3403 2312 3689 2381 culmine,
3746 2313 3834 2368 ita

2164 2402 2423 2474 petimus
2451 2406 2515 2456 ut
2540 2407 2743 2457 nostro
2772 2402 2993 2475 pariter
3018 2401 3236 2457 ditetur
3264 2406 3338 2481 et.
3366 2418 3617 2458 munere
3641 2421 3656 2469 ;
3684 2408 3744 2458 et
3778 2403 3833 2458 si

2166 2506 2384 2545 sensus
2431 2496 2624 2546 vester
2660 2491 2721 2546 in
2768 2507 2878 2546 nos
2924 2490 3236 2547 contulerit
3283 2491 3633 2553 claritatem.
3663 2492 3834 2549 hanc

2165 2580 2514 2652 paginolam
2545 2580 2886 2636 donationis
2914 2585 3113 2636 vestro
3151 2596 3507 2653 quasumus
3537 2586 3605 2636 ut
3626 2582 3836 2637 ﬁrme-

2167 2674 2261 2724 tur
2302 2669 2542 2725 robore.
2590 2669 2758 2724 Dono
2801 2685 2943 2739 ergo
2976 2669 3034 2724 in
3081 2670 3269 2743 ipsius
3298 2670 3505 2725 domui
3536 2669 3837 2726 Vincentii

2165 2757 2395 2814 honore
2439 2758 2854 2828 donatumque
2904 2774 3033 2814 esse
3087 2759 3365 2814 volumus
3408 2758 3548 2815 villa
3604 2775 3838 2829 cogno-

2168 2846 2433 2902 minante
2480 2847 2767 2915 Tricione,
2816 2862 3006 2919 quam
3060 2847 3478 2903 Abundantius
3522 2847 3690 2903 visus
3737 2854 3838 2904 est

2166 2935 2479 3009 quondam
2523 2936 2804 3005 tenuisse,
2852 2952 2961 3008 per
3011 2936 3146 2992 loca
3192 2936 3505 3006 designata
3535 2936 3617 2992 ad
3673 2939 3829 2993 Con-

2167 3024 2420 3080 ﬂuentes
2452 3041 2648 3097 usque
2677 3024 2886 3081 Bucias
2918 3026 3126 3081 deﬂuit
3159 3026 3219 3081 in
3250 3026 3438 3082 lndua
3468 3042 3664 3098 usque
3719 3031 3841 3082 ter-

2169 3114 2335 3169 mino
2386 3114 2779 3180 Proliacense,
2814 3114 3216 3185 subjungente
3265 3114 3344 3171 ad
3383 3131 3443 3170 se
3486 3115 3841 3186 adjacentia

2168 3203 2630 3270 Saturniacinse,
2661 3203 2801 3259 inde
2829 3204 3036 3276 pervia
3069 3204 3510 3260 Saturniacinse
3558 3206 3846 3276 pervenit

2169 3292 2247 3348 ad
2275 3296 2491 3349 vuacta
2520 3308 2715 3365 usque
2745 3309 2963 3365 campo
3019 3293 3250 3360 Daulfo,
3278 3293 3496 3349 deinde
3527 3309 3564 3349 a
3594 3292 3842 3351 broialo

2169 3381 2453 3437 Censurio
2486 3397 2680 3455 usque
2712 3382 2790 3437 ad
2820 3384 3075 3438 domum
3124 3386 3311 3448 Mera,
3344 3382 3483 3438 inde
3528 3382 3608 3439 ad
3661 3399 3841 3439 cam-

2170 3487 2318 3544 pum
2351 3471 2771 3541 Locogiacinse
2792 3471 3063 3544 pervenit
3089 3471 3169 3527 ab
3198 3472 3331 3545 ipso
3389 3472 3655 3528 Tricione
3689 3489 3841 3528 cum

2170 3559 2233 3615 id
2272 3559 2571 3633 quidquid
2615 3558 2949 3617 Mallaricus
3000 3560 3300 3616 Diaconus
3325 3565 3528 3616 noster
3558 3564 3843 3633 tempore

2170 3649 2305 3705 vita
2365 3667 2488 3705 sua
2540 3649 2985 3706 usufructuario
3034 3649 3345 3723 possidere
3389 3649 3642 3716 videtur,
3689 3666 3843 3706 cum

2172 3739 2332 3809 agris
2357 3740 2566 3812 pratis,
2599 3739 2861 3813 pascuis,
2890 3740 3076 3808 silvis,
3107 3740 3282 3812 aquis
3308 3755 3686 3812 aquarumve
3731 3740 3846 3796 de-

2172 3828 2468 3898 cursibus,
2523 3845 2664 3885 cum
2710 3829 3030 3902 mancipiis
3068 3830 3160 3885 his
3198 3828 3570 3901 nominibus,
3604 3830 3849 3886 Leudo-

2172 3918 2357 3975 mado
2388 3934 2530 3974 cum
2558 3933 2744 3975 uxore
2776 3917 3165 3974 Leudomalla
3192 3922 3250 3973 et
3276 3917 3642 3974 infantulum
3681 3919 3848 3976 Lito-

2172 4008 2346 4077 meri,
2374 4006 2680 4075 Leudolfo,
2698 4007 2841 4063 item
2872 4006 3179 4074 Leudolt‘o,
3202 4006 3630 4073 Chariobandi,
3660 4007 3850 4065 Vino-

2174 4096 2349 4165 ﬂede,
2379 4101 2436 4153 et
2489 4095 2788 4166 Mogiane,
2834 4095 2997 4166 gregi
3027 4094 3250 4169 equino
3279 4111 3465 4169 quem
3520 4095 3851 4154 Allomeris

2174 4186 2330 4243 intra
2357 4186 2676 4242 terminum
2697 4185 2901 4259 ipsum
2934 4200 3331 4242 commanens
3351 4185 3652 4242 custodire
3677 4186 3855 4244 vide-

2174 4280 2355 4333 retur.
2380 4276 2665 4349 ldemque
2686 4279 2743 4331 et
2771 4274 2913 4332 villa
2939 4277 3285 4343 Fraxeneto,
3303 4291 3491 4348 quam
3512 4274 3691 4331 bona
3715 4292 3854 4334 me-

2175 4365 2382 4422 moria
2411 4368 2520 4439 Ap.
2553 4366 2871 4437 Presbyter
2896 4365 3105 4432 tenuit,
3154 4380 3295 4421 cum
3323 4364 3569 4421 broialis
3597 4367 3857 4423 Marcel.

2175 4454 2474 4522 liacensis,
2500 4471 2639 4510 cum
2665 4454 2876 4523 vineis,
2909 4453 3091 4521 silvis,
3116 4455 3326 4527 pratis,
3357 4453 3620 4526 pascuis,
3655 4457 3852 4527 aquis

2177 4559 2597 4616 aquarumque
2625 4542 3003 4607 decursibus,
3025 4558 3166 4599 cum
3187 4541 3408 4599 accolis
3428 4541 3641 4599 decem
3670 4558 3855 4600 com-

2175 4631 2561 4689 manentibus
2603 4631 2666 4687 in
2709 4647 2838 4687 rem
2870 4631 3162 4687 Ecclesia.
3213 4631 3567 4704 Quicunque
3613 4646 3855 4704 oppor-

2174 4721 2304 4778 tuni
2331 4721 2409 4777 ad
2438 4720 2690 4776 domum
2712 4720 2909 4794 ipsam
2939 4720 3178 4791 fuerint,
3209 4736 3367 4793 quos
3395 4736 3504 4794 per
3531 4719 3611 4777 ad
3637 4719 3858 4791 signa-

2173 4811 2399 4867 tionem
2427 4809 2758 4865 Deudorico
2806 4809 3119 4866 defensore
3144 4808 3475 4882 perceperit
3521 4808 3855 4881 possiden-

2173 4899 2305 4965 dos,
2321 4915 2462 4955 cum
2486 4897 2806 4970 mancipiis
2826 4898 2920 4954 his
2942 4897 3292 4955 nominibus
3313 4901 3679 4965 Lanvoneto,
3704 4901 3855 4958 Fre-

2172 4987 2314 5043 dulo
2337 5002 2477 5043 cum
2494 5002 2680 5043 uxore
2702 4986 2945 5057 Taligia,
2965 4986 3217 5058 Sesulfo,
3232 4986 3469 5044 Castino
3487 5003 3628 5043 cum
3646 5003 3856 5046 uxore

2174 5074 2563 5131 Leudomalla
2592 5079 2647 5131 et
2676 5074 2799 5131 ﬁlio
2827 5074 3268 5145 Leudoghisilo,
3288 5091 3427 5130 cum
3449 5074 3575 5131 ﬁlia
3602 5075 3855 5135 Childe-

2172 5163 2395 5234 gunde,
2426 5164 2641 5236 Puppa
2669 5179 2809 5219 cum
2836 5162 2959 5219 ﬁlio
2990 5179 3101 5219 suo
3135 5162 3486 5236 Populonia,
3510 5179 3652 5219 cum
3681 5165 3852 5223 Leu-

2171 5251 2489 5308 domundo
2529 5256 2587 5307 et
2635 5251 3069 5309 Leudomanda
3097 5268 3238 5308 cum
3288 5250 3514 5308 libertis
3542 5252 3850 5312 omnibus

2170 5340 2435 5412 pradicti
2457 5339 2811 5412 presbyteri.
2829 5340 2962 5397 Pari
2975 5340 3163 5396 modo
3189 5343 3246 5396 et
3259 5338 3470 5396 locello
3491 5339 3575 5396 ad
3596 5341 3848 5411 Buccis,

2170 5443 2355 5500 quem
2384 5428 2459 5485 de
2481 5427 2704 5484 Eutelio
2724 5428 3077 5502 presbytero
3108 5428 3474 5501 accepimus,
3498 5444 3641 5485 cum
3660 5445 3855 5489 man-

2170 5514 2328 5587 cipia
2350 5516 2455 5590 qui
2481 5515 2706 5573 ibidem
2750 5516 3021 5583 excolere
3067 5516 3368 5585 videntur,
3399 5520 3645 5590 pratum
3672 5517 3853 5579 intra

2167 5604 2448 5662 vinarum
2463 5620 2649 5678 supra
2668 5604 2802 5678 ripa
2820 5606 3048 5663 Sartha
3071 5621 3280 5662 secum
3299 5620 3484 5678 quem
3504 5604 3858 5667 Abundan-

2169 5693 2287 5749 tius
2315 5694 2408 5750 vel
2437 5698 2666 5755 actores
2697 5693 2969 5752 Ecclesia
2996 5694 3111 5752 visi
3129 5698 3272 5751 sunt
3295 5694 3563 5751 tenuisse
3593 5694 3855 5767 Chyldi-

2171 5780 2343 5853 gisilo
2380 5797 2590 5855 puero,
2621 5797 2764 5841 cum
2810 5787 3084 5843 armento
3130 5798 3423 5856 pecorum
3462 5798 3651 5856 quem
3697 5784 3855 5858 ipse
