3944 6412
134 267 191 327 41
1729 287 1737 298 '

3495 303 3569 380 is

135 393 416 450 custodire
441 395 700 464 videtur,
734 401 790 454 et
818 411 1036 473 campo
1067 402 1382 474 adjacente
1433 407 1512 464 ad
1558 424 1789 465 memo-
1818 415 1865 466 Α
1897 414 2002 485 qui
2030 432 2297 488 praesens
2329 423 2504 482 fuerit
2531 428 2843 486 ordinatus
2873 431 2948 488 de
2972 433 3106 490 loco
3132 439 3385 509 praefato
3405 460 3569 502 com-

134 490 252 540 rato
279 491 444 557 prato
465 502 653 558 quem
686 493 892 545 nostro
914 507 1097 563 opere
1114 493 1390 566 fecimus,
1421 497 1788 555 Sescismun-

131 575 202 629 do
227 591 361 630 cum
391 591 576 631 uxore
631 594 742 634 sua
787 579 1038 637 Wiliare.
1102 586 1231 640 Haec
1279 587 1488 644 omnia
1540 589 1789 660 quidem

132 679 228 736 per
252 663 402 718 hanc
432 665 724 736 paginam
757 668 1122 738 donationis,
1147 690 1334 746 quam
1365 677 1628 732 Aunulfo
1659 678 1790 735 dia-

128 769 270 808 cono
296 761 551 826 prterato
584 757 946 814 unanimiter
1001 763 1350 832 rogavimus
1400 767 1786 824 conscriben-

129 842 282 909 dam,
313 849 545 901 constat
597 847 932 919 delegasse,
992 859 1344 925 nuncupata
1383 855 1633 913 basilica
1684 859 1787 914 ha~

125 931 270 1000 beat,
303 937 516 1002 teneat,
553 937 880 1006 possideat,
915 940 1264 1014 quicunque
1291 943 1405 1000 loci
1436 946 1626 1018 ipsius
1655 947 1788 1018 dig-

125 1021 352 1078 nitatem
383 1027 735 1097 perceperit,
762 1029 897 1099 jure
929 1029 1308 1090 hiereditario
1362 1037 1788 1108 perpetualiter

125 1111 345 1168 sibimet
370 1115 642 1172 vendicet
694 1118 1155 1189 possidendum.
1216 1123 1273 1178 Si
1335 1124 1458 1180 ullo
1511 1141 1785 1198 unquam

1898 509 2396 567 memorationem
2432 531 2633 571 meam
2692 518 2866 574 annis
2925 521 3176 592 singulis
3233 528 3565 604 adimplere

1896 600 2193 661 procuret.
2230 598 2368 656 Ideo
2390 601 2515 666 tibi,
2549 604 2824 662 Niviarde
2847 607 3122 683 diacone,
3164 629 3235 669 ac
3284 598 3568 678 defensor

1896 685 2113 769 nostra:
2145 686 2427 758 ecclesiae,
2461 691 2661 748 indico
2720 701 2900 768 atque
2953 699 3140 769 jubeo
3187 707 3253 759 ut
3298 705 3415 764 hoc
3464 713 3570 768 tua

1895 768 2232 839 traditione,
2264 775 2435 833 sicuti
2464 796 2626 837 nunc
2649 798 2684 838 a
2714 783 2874 840 dicta
2901 768 3152 845 ecclesia
3205 795 3563 868 possidetur,

1895 871 2034 911 cum
2061 862 2228 916 omni
2266 864 2560 923 soliditate
2587 870 2679 925 vel
2704 873 3043 942 adjacentia
3075 862 3328 937 Suolevo
3357 862 3566 942 abbati

1893 942 2078 1000 facias
2108 950 2478 1021 consignari.
2523 959 2641 1013 Hoc
2693 975 2835 1016 vero
2893 961 3282 1024 inserendum
3331 973 3563 1044 rogavi,

1893 1036 1958 1086 ut
1983 1035 2086 1105 qui
2107 1036 2396 1096 voluntati
2426 1060 2574 1100 meae
2606 1047 2818 1104 obvius
2867 1067 2996 1107 esse
3049 1054 3321 1126 voluerit,
3375 1035 3565 1117 male;

1891 1121 2211 1182 dictionem
2245 1129 2408 1195 illam
2439 1133 2702 1193 incurrat
2730 1154 2914 1210 quem
2946 1142 3241 1214 Propheta
3292 1121 3354 1203 in
3406 1151 3565 1223 psal-

125 1207 373 1274 tempore
402 1209 506 1260 aut
536 1207 800 1277 pontifex
819 1209 1070 1265 civitatis
1087 1217 1190 1267 aut
1212 1213 1496 1284 quaelibet
1521 1232 1783 1287 persona

119 1307 154 1348 a
177 1293 342 1348 nobis
361 1293 591 1351 donata
611 1296 704 1351 vel
723 1298 938 1355 tradita
967 1300 1042 1354 de
1069 1301 1483 1360 dominatione
1517 1304 1782 1362 basilicae

120 1382 292 1454 ipsius
320 1383 670 1441 abstrahere
701 1387 975 1459 voluerit,
1026 1390 1238 1447 induat
1294 1393 1781 1451 maledictionem

121 1485 219 1542 pro
246 1470 682 1544 benedictione,
715 1481 772 1532 et
807 1479 1037 1534 Domini
1070 1482 1261 1536 nostri
1281 1484 1418 1538 Jesu
1443 1484 1655 1540 Christi
1683 1485 1778 1541 vel

1891 1226 1993 1265 mo
2026 1214 2135 1270 CIX
2162 1215 2518 1288 decantavit,
2553 1229 2606 1278 et
2638 1241 2904 1296 praesens
2935 1231 3159 1300 pagina
3184 1214 3427 1292 maneat
3470 1239 3563 1294 in-

1891 1301 2202 1372 convulsa,
2231 1320 2420 1376 quam
2471 1325 2582 1382 pro
2636 1312 2720 1367 rei
2778 1315 3021 1371 veritate
3070 1334 3259 1376 manu
3317 1325 3564 1397 propria

1891 1386 2223 1462 subscripsi
2246 1397 2302 1448 et
2333 1394 2573 1452 domnis
2592 1404 2648 1455 et
2673 1399 2959 1458 fratribus
2981 1406 3132 1460 meis
3165 1386 3563 1470 muniendam

1887 1477 2096 1545 rogavi
2130 1481 2459 1539 Domnolus
2493 1495 2774 1558 peccator
2831 1491 3184 1567 subscripsi.
3239 1499 3561 1557 Audoveus

121 1561 374 1617 omnium
409 1569 761 1621 sanctorum
791 1574 1130 1641 martyrum
1171 1571 1438 1628 incurrat
1458 1572 1737 1630 offensam

1925 1570 2168 1622 reccator
2200 1569 2526 1644 subscripsi
2562 1582 2812 1646 rogante
2840 1561 3388 1642 domno-Domnolo
3434 1589 3561 1661 epi-

119 1648 462 1706 etvolumas
493 1657 704 1709 nostra
739 1656 1054 1728 perpetim,
1116 1659 1440 1716 auxiliante
1498 1662 1776 1730 Domino,
1889 1669 2095 1726 scopo.
2128 1657 2498 1716 Theodulfus
2520 1672 2802 1735 peccator
2854 1667 3200 1743 subscripsi.
3258 1648 3558 1731 Aimulfus

119 1739 298 1813 capiat
325 1740 696 1815 ﬁrmitatem,
745 1749 866 1800 Ans
914 1746 1131 1804 Iuliani
1193 1748 1344 1821 legis
1398 1750 1847 1825 indetamen-B
1886 1744 2200 1834 Presbyter
2255 1749 2605 1823 SUbSCI'iPSi-
2633 1756 2998 1814 LeUdOI‘iCUS
3056 1739 3372 1834 presbyter
3423 1765 3561 1822 811b-

119 1828 343 1886 tionem.
1885 1832 2117 1905 SCPiPSi-

173 1922 375 1975 Actum
429 1922 795 1980 Cenomanis
842 1924 1098 1994 civitate,
1159 1944 1322 1985 anno
1374 1946 1435 1986 x1
1483 1935 1776 2002 regnante
2671 1931 2756 1988 ῙΧ.

115 2006 325 2065 domini
354 2011 544 2067 nostri
573 2012 893 2085 Chilperici
917 2016 1074 2086 regis
1127 2017 1320 2090 pridie
1375 2023 1574 2076 Nonas
1632 2023 1775 2077 Mar-
1954 2007 2178 2101 ΡῙξιοηίΐ
2205 2012 2384 2069 etiam
2427 2014 2489 2071 in
2519 2017 2635 2074 hoc
2693 2021 2990 2092 οΡυεουῙο
3045 2025 3355 2098 exemplar
3406 2043 3556 2101 ἶ)Υῶ

112 2098 226 2154 tias.
256 2101 296 2168 -ι-
321 2100 655 2158 Domnolus
681 2108 968 2175 peccator
1009 2106 1384 2181 subscripsit.
1440 2113 1772 2167 Germanus
1881 2097 2034 2194 οὲρίί
2063 2101 2232 2197 (ψοᾴ
2257 2102 2614 2197 ,ἱειῐηήάίοίυε
2663 2108 2936 2164 ΑῙάΓίουε
2995 2127 3032 2167 3
3075 2097 3304 2170 (10th
3357 2097 3553 2173 ῙιίΙάο-

114 2193 388 2260 peccator,
439 2196 697 2262 rogante
751 2193 910 2250 clero
959 2196 1342 2269 Cenomanis,
1394 2200 1770 2273 subscripsit.
1877 2188 2011 2277 Ῠξοο
2064 2188 2334 2258 Ρίίεείιυο
2386 2191 2766 2265 imperatore:
2815 2199 3064 2269 quando
3121 2217 3214 2256 res
3267 2203 3342 2259 de
3395 2221 3554 2277 saepe

114 2276 376 2334 Dinamus
406 2287 694 2352 peccator
742 2285 1046 2341 consensit
1073 2291 1131 2342 et
1159 2287 1531 2362 subscripsit.
1580 2291 1766 2346 Dm“-
1877 2273 2036 2331 dicta
2062 2278 2250 2334 sancti
2280 2279 2572 2338 Vincentii
2611 2284 2856 2342 abbatia
2890 2293 2948 2344 et
2993 2289 3191 2361 ipsam
3240 2273 3553 2350 abbatiam

115 2365 220 2422 scio
239 2367 551 2442 presbyter
572 2371 947 2445 subscripsit.
978 2375 1307 2446 Injuriosus
1327 2383 1611 2451 peccator
1631 2381 1771 2438 sub-
1875 2363 2226 2434 “indicare
2253 2372 2312 2425 et
2341 2370 2595 2443 δάίρίεοί
2628 2374 2864 2431 mem“-

113 2455 316 2528 scripsi.
343 2459 715 2531 Populonius
742 2462 1058 2536 presbyter
1079 2468 1357 2523 consensi
1385 2473 1440 2524 et
1467 2467 1771 2543 subscrip-
1873 2471 2006 2528 Hoc
2029 2482 2396 2557 prere-aptum
2437 2479 3013 2557 (V_z'de_Ptit7_'o]ogz}:cp
3046 2489 3202 2540 tomo
3232 2489 3393 2557 CIV,
3425 2491 3539 2547 col.

110 2543 168 2599 si.
199 2545 470 2603 Alloveus
504 2550 824 2623 presbyter
873 2569 1235 2612 consensum
1293 2561 1568 2613 nostrum
1621 2559 1764 2615 sub-
2093 2543 2251 2617 Ωιτ,
2308 2543 2470 2605 inter
2491 2552 2788 2609 Ῑιαάουίσί
2809 2543 3331 2627 Ρίῖὒφὶοθηαίαλ

111 2635 342 2707 scripsit.
379 2639 605 2694 Setrius
655 2646 937 2712 peccator
985 2645 1263 2701 consensi
1294 2649 1352 2702 et
1379 2647 1761 2720 subscripsi.
2679 2644 2740 2697 Χ·

111 2723 433 2782 Leudoveus
449 2729 772 2802 presbyter
801 2730 1571 2812 subscripsinnaunaredus
1593 2753 1760 2810 pres-
1942 2737 2218 2796 Similiter
2247 2741 2309 2798 in
2335 2742 2448 2800 hac
2475 2745 2723 2802 scedula
2753 2747 2849 2803 vel
2878 2747 2940 2803 in
2971 2749 3088 2806 hoc
3145 2750 3346 2808 libello
3404 2753 3557 2812 inse-

109 2811 261 2884 byter
287 2831 659 2874 consensum
691 2825 967 2877 nostrum
1001 2806 1348 2898 subscripsi.
1385 2806 1760 2896 Frigim—odus
1869 2843 1998 2884 rere
2024 2829 2251 2902 placuit
2280 2835 2590 2907 exemplar
2627 2837 2908 2909 praecepti
2939 2837 3108 2911 quod
3167 2843 3554 2913 supradictus

110 2902 411 2976 presbyter,
442 2908 752 2964 Ursicinus
780 2909 1076 2967 diaconus
1097 2929 1460 2971 consensum
1483 2921 1762 2974 nostrum
1873 2916 2141 2973 domnus
2167 2919 2444 2977 Aldricus
2471 2923 2546 2978 de
2571 2923 2708 2980 villa
2737 2942 2874 2997 quae
2909 2927 3181 2997 Brogilus
3210 2930 3306 2986 vel
3357 2935 3552 2988 Nova-

108 2990 582 3067 suhscripsimus.
617 2999 846 3055 Census
884 3000 1177 3058 diaconus
1226 3019 1591 3062 consensum
1649 3023 1760 3063 no-
1870 3006 2016 3063 villa
2048 3009 2393 3066 nominatur
2422 3027 2561 3068 cum
2592 3014 2878 3070 omnibus
2913 3016 2990 3072 ad
3023 3034 3086 3074 se
3110 3020 3551 3090 pertinentibus

107 3085 268 3138 strum
292 3084 646 3159 subscripsi.
702 3089 988 3145 Romolus
1028 3091 1322 3148 diaconus
1375 3096 1650 3150 consensi
1703 3101 1760 3152 et
1797 3133 1837 3188 Ο
1869 3099 1992 3150 tam
2023 3096 2242 3152 villulis
2287 3115 2476 3170 quam
2508 3101 2846 3174 mancipiis,
2902 3106 3026 3160 sive
3079 3107 3316 3163 reiculis
3369 3113 3551 3182 atque

106 3169 420 3247 subscripsi.
457 3175 715 3232 Daddus
746 3178 1041 3235 diaconus
1073 3197 1439 3238 consensum
1480 3189 1758 3241 nostrum
1798 3169 1837 3188 u
1869 3184 2207 3250 forestib'us,
2238 3169 2473 3244 necnon
2507 3194 2562 3245 et
2587 3191 2872 3247 omnibus
2900 3192 2977 3249 ad
3024 3210 3126 3250 eas
3170 3195 3328 3264 juste
3375 3197 3552 3269 perti-

105 3259 419 3334 subscripsi.
457 3269 667 3320 Noxus
693 3266 988 3324 diaconus
1048 3269 1397 3344 subscripsi.
1457 3274 1758 3330 Seuvove-
1871 3274 2156 3330 nentibus
2179 3277 2450 3350 accipere
2482 3280 2744 3348 meruit;
2792 3285 2874 3347 ut,
2936 3281 2984 3336 si
3046 3297 3294 3339 necesse
3350 3284 3547 3354 fuerit,

103 3347 228 3404 chus
254 3351 552 3412 diaconus
583 3358 864 3413 consensi
895 3363 951 3415 et
983 3358 1335 3434 subscripsi.
1864 3362 1980 3419 hoc
2007 3347 2327 3438 exemplar
2343 3364 2557 3422 futuris
2575 3372 2867 3440 appareat
2885 3369 3166 3427 ﬁdelibus
3185 3347 3548 3446 praescriptae

1864 3453 2165 3525 Ecclesiae,
2197 3454 2454 3528 qualiter
2481 3457 2767 3513 omnibus
2799 3463 3010 3516 notum
3064 3460 3140 3517 sit
3192 3462 3544 3536 supradicta

1862 3545 2156 3601 causatio.

2243 3635 2417 3708 (Vide
2443 3637 2549 3693 ubi
2571 3652 2788 3707 supra,
2824 3639 2937 3696 col.
2974 3640 3157 3713 I218.)

849 3500 997 3557 Vlll.

104 3615 228 3694 Itqn
257 3622 573 3690 exmplar
597 3622 760 3694 quod
785 3623 1064 3680 dominus
1096 3626 1427 3684 Domnolus
1478 3628 1552 3685 de
1600 3631 1754 3688 villa

163 3687 354 3747 Canon
372 3687 492 3762 per
519 3687 874 3750 cohsensum
907 3699 1336 3755 canonicorum
1379 3715 1624 3758 suorum
1669 3687 1753 3760 ad
2245 3687 2259 3708 “
2644 3687 2714 3802 Ξῖ

163 3763 441 3802 prnlpn‘nm
473 3766 695 3802 .annh'
727 3767 1025 3802 Vimnmh'.‘
1053 3769 1192 3802 fani:
2723 3789 2736 3802 .

157 3763 444 3820 ecclesiam
468 3766 695 3821 Sancti
727 3767 1025 3824 Vincentii
1042 3769 1214 3838 fecit.

1932 3851 2182 3922 Insuper
2205 3850 2268 3907 in
2295 3851 2411 3908 hoc
2440 3851 2736 3926 opusculo
2765 3853 3089 3910 inscribere
3110 3853 3283 3912 libuit
3342 3871 3544 3914 exem-

1859 3937 1992 4010 plar
2021 3941 2303 4015 praecepti
2333 3943 2501 4014 quod
2533 3943 2890 4015 saepedictus
2917 3943 3190 3999 Aldricus
3243 3943 3318 4000 de
3364 3946 3544 4002 nonis

1860 4032 1918 4084 et
1945 4027 2194 4086 decimis
2226 4031 2318 4087 vel
2365 4032 2905 4088 restaurationibus
2964 4032 3356 4090 ecclesiarum
3412 4035 3537 4092 sive

1859 4117 1934 4173 de
1963 4119 2244 4175 censibus
2277 4123 2400 4176 tam
2430 4121 2935 4177 monasteriorum
2968 4138 3154 4195 quam
3183 4121 3538 4181 cellularum

1861 4210 1918 4262 et
1942 4206 2216 4263 villarum
2249 4225 2385 4281 quas
2411 4208 2724 4280 largitione
2753 4210 2920 4281 regia
2945 4211 3191 4267 vassalli
3247 4211 3537 4270 dominici

1861 4295 2134 4368 adipisci,
2160 4295 2297 4353 licet
2323 4297 2540 4370 injuste
2570 4302 2628 4354 et
2656 4303 2865 4356 contra
2908 4300 3266 4357 canonicam
3326 4306 3536 4359 aucto-

1861 4386 2114 4455 ritatem,
2192 4391 2561 4444 meruerunt.
2634 4392 2785 4446 Nam
2866 4390 3092 4447 oblatio
3141 4390 3412 4448 ﬁdelium
3453 4391 3534 4449 ab

1787 4489 1833 4544 1)
1862 4475 2160 4550 episcopis
2191 4481 2246 4534 et
2303 4478 2590 4534 ministris
2625 4496 2837 4537 eorum
2896 4481 3234 4538 secundum
3291 4483 3536 4539 canoni-

1861 4582 1997 4622 cam
2050 4567 2484 4625 institutionem
2542 4568 2961 4644 dispensanda
3027 4576 3084 4627 et
3133 4571 3536 4641 gubernanda

1856 4661 1963 4724 est,
1987 4673 2110 4715 non
2137 4674 2173 4715 a
2201 4657 2367 4714 laicis
2398 4663 2455 4715 et
2483 4659 2871 4716 saecularibus
2901 4659 2995 4716 vel
3048 4660 3217 4716 laicis
3273 4659 3534 4715 homini-

1851 4744 1968 4802 bus
2007 4748 2521 4821 prtesumpserint,
2588 4749 2702 4805 sub
2753 4749 3154 4805 anathematis
3207 4746 3453 4802 nomine
3495 4763 3535 4804 a

1852 4836 2073 4892 sanctis
2097 4838 2368 4893 Patribus
2430 4837 2690 4894 districte
2737 4838 3048 4894 feriuntur.
3109 4835 3225 4890 Illis
3284 4850 3532 4908 quoque

1847 4923 1964 4980 hoc
1987 4925 2156 4982 valde
2187 4927 2529 4983 cavendum
2557 4931 2667 4992 est,
2701 4942 2776 4982 ne
2807 4941 2916 4998 pro
2951 4923 3390 4996 temporalibus
3419 4923 3532 4981 hu-

1841 5015 1944 5086 jus
1967 5016 2173 5072 saaculi
2206 5033 2242 5072 a
2267 5016 2495 5071 deliciis
2527 5015 2780 5071 caelestis
2821 5012 2991 5083 regni
3042 5017 3336 5086 perpetuo
3393 5014 3532 5074 alie-

1848 5105 1993 5176 nati,
2026 5105 2194 5177 quod
2221 5104 2397 5171 absit,
2421 5105 2594 5160 ﬁant.

1971 5213 2373 5281 (Praeceptum
2404 5211 2478 5266 de
2508 5225 2624 5336 qui)
2890 5210 3022 5267 vide
3046 5211 3152 5266 ubi
3179 5225 3390 5280 supra,

2508 5297 2575 5337 co
2611 5323 2624 5336 .
2806 5327 2817 5338 .

2508 5297 2624 5337 σοι.
2662 5297 2817 5338 1219.

2619 5393 2731 5446 XII.

1918 5498 2146 5554 Placuit
2176 5495 2357 5552 etiam
2384 5496 2444 5552 in
2467 5498 2583 5554 hoc
2616 5498 2840 5569 scripto
2864 5496 3125 5553 inserere
3148 5495 3528 5570 exemplaria

1843 5592 2284 5664 praeceptorum
2306 5603 2443 5659 quae
2476 5587 2760 5658 praefatus
2787 5587 3051 5641 domnus
3080 5586 3381 5657 Aldricus,
3411 5602 3524 5640 sae-

105 5661 305 5728 fratrum
329 5683 703 5750 nuncupataa
759 5678 1022 5737 basilicae
1082 5680 1263 5738 faciat
1319 5661 1625 5755 revocare,
1676 5689 1734 5740 et
1843 5661 2094 5752 pedictae
2126 5675 2292 5734 urbis
2319 5675 2668 5749 episc0pus,
2691 5676 2765 5732 de
2796 5677 3526 5778 monasteriolo“Sanc‘ttp

105 5753 253 5778 ιη---
402 5767 413 5778 ι
493 5764 507 5778 1
541 5765 576 5778 ο.
1173 5769 1188 5778 .
1266 5771 1305 5778 _
1471 5771 1481 5778 .
1667 5772 1697 5778 .,
1842 5771 1888 5778 _-
1968 5767 1977 5777 ρ
2213 5766 2228 5778 «ι
2335 5771 2344 5778 .
2415 5766 2446 5778 ο,
2595 5766 2605 5776 .
2662 5771 2670 5778 .
3171 5771 3180 5778 .
3462 5775 3495 5778 Α

105 5753 262 5817 me“
287 5767 420 5836 Ροεῒ
449 5764 693 5823 οδίίιιω
721 5781 949 5838 meum,
981 5769 1233 5844 quando
1266 5771 1424 5828 Deus
1461 5753 1729 5843 jusserit,
1841 5767 2035 5827 Maria:
2065 5766 2234 5842 quod
2263 5771 2352 5823 est
2379 5766 2562 5850 situm
2591 5766 2748 5824 intra
2773 5781 3020 5822 murum
3048 5765 3305 5911 c2ivitatis
3327 5768 3385 5820 et
3411 5761 3526 5818 ﬂu-

444 5856 689 5911 PATROL
726 5857 879 5911 CXV.
2870 5873 2876 5878 ‘

444 5856 689 5911 PATROL
726 5857 879 5912 CXV.
2870 5873 2876 5878 ’

155 3881 312 3940 Anno
338 3900 421 3942 xx
447 3886 627 3958 regni
655 3887 892 3945 Domini
919 3890 1113 3946 nostri
1171 3890 1483 3964 Chilperici
1537 3894 1753 3965 glorio-

104 3968 288 4028 sissimi
315 3976 496 4047 regis,
532 3976 729 4049 pridie
759 3981 962 4036 Nonas
997 3982 1388 4052 Septembris,
1416 3999 1529 4054 ego
1575 3988 1752 4042 Dom-

102 4058 245 4116 nolus
267 4062 327 4120 in
357 4066 572 4143 Cbristi
628 4068 874 4124 nomine
928 4069 1251 4143 episcopus
1306 4089 1447 4128 cum
1508 4089 1753 4132 evocas-

102 4162 201 4236 sem
229 4137 451 4211 domno
483 4160 542 4212 et
569 4155 738 4212 fratri
768 4174 905 4214 meo
951 4137 1241 4217 Audoveo
1295 4161 1585 4236 episcopo
1638 4170 1754 4220 An-

101 4233 308 4308 degavae
351 4245 609 4302 civitatis
638 4246 879 4304 visitare
907 4251 1129 4306 sanctis
1155 4233 1468 4310 liminibus
1506 4233 1753 4325 patroni

101 4330 380 4396 peculiaris
408 4337 532 4392 mei
555 4335 794 4392 Victorii
817 4337 1085 4412 episcopi
1109 4339 1234 4397 imo
1293 4345 1351 4396 et
1407 4341 1754 4400 solemniter

103 4412 255 4486 ipsius
281 4422 714 4497 celebrassem,
746 4441 887 4482 cum
935 4442 1241 4485 consensu
1294 4429 1572 4487 omnium
1633 4431 1755 4489 fra-

103 4507 228 4564 trum
249 4527 520 4570 meorum
551 4515 1070 4588 presbyterorum,
1103 4518 1250 4591 quia
1301 4524 1440 4576 ante
1499 4525 1747 4594 tempus

102 4597 484 4660 testamentum
515 4621 728 4662 meum
758 4606 1003 4664 condidi
1029 4611 1087 4664 et
1112 4607 1176 4664 in
1219 4609 1419 4681 ipsam
1465 4609 1750 4668 volunta-

103 4688 193 4743 tem
241 4707 435 4750 meam
496 4695 706 4752 adhuc
753 4711 880 4753 non
936 4698 1254 4772 complevi,
1298 4699 1468 4773 quod
1539 4717 1746 4758 meum

104 4780 465 4854 conscriptum
499 4784 740 4841 videtur
768 4785 904 4842 volo
929 4785 992 4842 in
1023 4787 1311 4844 omnibus
1334 4795 1743 4860 conservetur,

102 4868 143 4918 et
163 4864 272 4924 tunc
299 4869 594 4943 paginola
627 4873 877 4946 plenum
909 4877 1110 4950 capiat
1137 4882 1282 4950 opto
1311 4878 1516 4936 robur.
1575 4883 1744 4937 Dono

101 4949 317 5015 basilicae
340 4968 698 5020 sanctorum
732 4949 1020 5022 Vincentii
1064 4970 1122 5022 et
1165 4949 1492 5040 Laurentii,
1551 4985 1742 5042 quam

100 5057 204 5101 meo
229 5064 400 5122 opere
430 5053 743 5109 construxi
784 5058 842 5110 et
897 5055 1191 5113 aediﬁcavi
1241 5073 1353 5130 pro
1408 5058 1739 5116 salvatione

101 5132 304 5194 civitatis
329 5146 384 5196 et
412 5142 631 5216 populi
657 5143 950 5200 collocavi
980 5145 1316 5203 colonicam
1349 5148 1740 5219 cognomina-

100 5224 511 5301 tamCannono,
573 5250 716 5290 cum
774 5234 956 5305 agris,
986 5237 1193 5309 pratis,
1240 5239 1510 5310 pascuis,
1553 5239 1738 5312 silvis,

102 5315 255 5385 a(IlliS,
283 5335 666 5394 aquarumve
695 5322 1072 5394 decursibus,
1106 5330 1165 5382 et
1189 5327 1555 5401 mancipiola
1611 5329 1737 5385 duo

105 5401 376 5466 Waldardo
405 5428 551 5468 cum
589 5429 778 5468 uxore
806 5430 916 5471 sua
973 5415 1069 5471 vel
1125 5417 1460 5474 infantibus
1525 5434 1736 5474 eorum

103 5491 177 5559 qui
197 5493 403 5555 ibidem
434 5517 606 5557 nunc
637 5517 1025 5560 commanere
1049 5505 1352 5578 videntur,
1386 5506 1466 5562 ab
1494 5507 1733 5564 hodier-

104 5591 160 5668 I_10
180 5581 259 5639 die
288 5589 612 5659 praedictus
642 5590 848 5646 Abbas
872 5593 1155 5650 antedicti
1180 5593 1296 5649 loci
1321 5594 1402 5650 ad
1433 5595 1730 5668 stipendia
