3944 6412
415 272 482 328 43
1479 264 1755 321 ALDRICI
1795 264 2327 325 CENOMANENSIS
2370 266 2709 323 EPISCOPI.
3761 264 3837 321 α

411 394 579 449 vium
600 392 823 449 Sarthae
854 391 1098 462 accepit,
1131 390 1298 463 quod
1328 400 1507 447 etiam
1552 388 1814 447 domnus
1875 387 2063 442 Ludo-
2096 392 2145 444 Α
2171 387 2399 450 habere
2450 393 2700 462 queant.
2736 386 3033 445 Nonnulla
3078 386 3300 444 etenim
3359 385 3480 443 alia
3559 400 3850 458 μωρίη

410 481 915 554 νὶοιιε,ρὶίεεὶωυε
940 480 1267 551 imperator
1295 496 1542 561 pupis;
1573 494 1845 533 ammqu
1877 476 1978 533 Dei
2011 479 2069 530 et
2174 477 2462 549 praefatus
2486 478 2753 534 domnus
2780 476 3056 532 Aldricus
3084 475 3215 546 jam
3235 473 3409 531 dictae
3459 473 3630 530 urbis
3682 474 3849 546 epis-

409 570 807 639 reverentiam
835 573 1182 631 sanctorum
1213 568 1335 623 sive
1384 584 1637 645 __Iuptcl‘
1688 565 2065 621 dilectionem
2170 581 2366 638 copiis
2400 567 2668 639 accipere
2695 582 2804 639 pro
2824 564 3121 621 ﬁrmitatis
3149 579 3337 621 causa
3390 563 3653 633 studuit,
3706 578 3850 635 quae

410 665 469 719 et
521 675 791 719 amorem
842 657 1109 732 praedicti
1164 655 1416 712 Aldrici"
1430 662 1847 728 suprascripta:
1904 652 2066 708 urbis
2174 655 2237 716 in
2261 656 2355 712 bis
2376 655 2679 713 schedulis
2708 659 2950 727 propter
2974 652 3375 727 prolixitatem
3399 652 3494 711 vel
3522 650 3845 709 fastidium

410 749 675 826 episcopi
701 747 778 804 ad
802 751 1055 807 matrem
1076 745 1402 801 etcivitaus
1428 761 1723 800 seniorem
1753 742 2064 799 ecclesiam
2177 745 2550 803 audientium
2590 744 2686 800 vel
2708 742 3057 814 legentium,
3109 742 3233 801 sive
3276 742 3522 801 taedium
3572 742 3852 801 scriben-

411 855 491 915 po
520 838 763 896 estative
785 840 841 892 et
868 834 1136 906 legaliter
1182 834 1445 891 tradidit.
1492 838 1686 899 Quam
1736 831 2066 888 antedictus
2174 833 2348 904 tium,
2377 834 2637 893 inserere
2664 832 2912 891 minime
2940 832 3133 889 libuit.

406 928 490 986 do
514 942 671 984 unus
696 923 965 982 Aldricus
984 923 1046 981 in
1078 923 1306 981 honore
1334 923 1570 979 Domini
1625 922 1811 977 nostri
1869 919 2067 975 Salva-
2937 920 3068 980 XV.

408 1021 486 1076 toi
522 1033 550 1072 s
578 1018 715 1077 Jesu
736 1012 959 1069 Christi
989 1016 1046 1068 et
1075 1012 1349 1083 ejusdem
1388 1011 1686 1081 genitricis
1704 1010 1895 1067 Maria:
1943 1010 2065 1064 sive
2251 1013 2567 1070 Praedictus
2620 1027 2867 1085 quoque
2916 1010 3213 1082 Aldricus,
3282 1008 3620 1083 saepedictaa
3677 1011 3850 1070 urbis

409 1108 757 1167 sanctorum
787 1106 1128 1174 martyrum
1160 1100 1423 1157 Gervasii
1469 1105 1526 1155 et
1582 1099 1830 1155 Protasii
1889 1103 2065 1169 atque
2172 1103 2516 1176 episcopus,
2572 1101 2809 1171 collegit
2862 1099 3149 1173 quietiam
3204 1098 3468 1171 capitula
3530 1114 3855 1157 canonum

407 1209 494 1250 sai
522 1192 599 1248 cti
622 1190 908 1264 Stephani
934 1189 1265 1258 renovavit,
1284 1188 1743 1260 solemniterquc
1762 1202 2070 1242 consecra-
2177 1192 2353 1249 valde
2382 1191 2547 1249 utilia
2571 1197 2628 1251 et
2679 1192 3038 1257 necessaria,
3064 1204 3202 1261 quin
3228 1204 3266 1247 a
3290 1188 3415 1244 suis
3442 1189 3854 1263 consacerdo-

405 1283 490 1339 vit
521 1286 699 1354 atque
726 1278 1148 1346 reconciliavit,
1173 1280 1548 1347 congregatis
1582 1277 1801 1333 scilicet
1843 1277 2065 1347 episco-
2177 1280 2337 1338 tibus
2366 1279 2697 1351 saepissime
2722 1278 2982 1348 legenda
3019 1277 3141 1334 sive
3170 1276 3480 1335 memoriae
3524 1293 3853 1337 commen-

404 1371 494 1449 pis
530 1375 711 1445 atque
740 1366 1155 1429 sacerdotibus
1180 1366 1383 1423 multis
1418 1365 1720 1423 nobilibus
1768 1365 1890 1420 sive
1932 1363 2067 1423 reli—
2174 1368 2386 1427 danda
2416 1369 2635 1427 tribuit.
2670 1371 2750 1425 Ex
2774 1367 3001 1440 quibus
3046 1368 3213 1425 enim
3262 1365 3604 1424 canonibus
3665 1372 3855 1439 atque

407 1475 493 1533 qu
521 1475 543 1514 s
573 1456 785 1514 Christi
814 1460 871 1517 et
901 1459 1123 1513 sanctae
1151 1454 1251 1512 Dei
1276 1454 1549 1511 Ecclesiae
1592 1453 1895 1523 ministris,
1930 1469 2065 1508 cum
2174 1458 2383 1517 edictis
2408 1460 2651 1514 Patrum
2681 1456 2933 1528 praefata
2962 1455 3228 1528 capitula
3258 1456 3509 1513 strictim
3559 1455 3855 1525 colligere

410 1562 499 1605 θοι
530 1561 713 1603 sensu
742 1544 1015 1601 videlicet
1039 1542 1378 1601 absentium
1411 1542 1736 1599 multorum
1786 1547 1843 1598 et
1896 1542 2068 1597 innu-
2177 1546 2426 1615 curavit,
2456 1548 2517 1603 in
2550 1562 2661 1601 suo
2687 1545 2984 1619 prooemio
3023 1544 3359 1603 continetur
3382 1545 3701 1605 inseram.
3736 1547 3861 1603 Pri-

407 1632 797 1693 metabilium
845 1630 1139 1689 nobilium
1219 1632 1637 1705 episcoporum
1718 1630 2064 1703 praedictam
2174 1652 2279 1697 mo
2309 1651 2449 1693 vero
2480 1635 2716 1704 collegit
2746 1634 3012 1708 capitula
3044 1633 3340 1695 nonnulla
3393 1650 3467 1692 ex
3519 1633 3856 1692 duodecim

407 1727 668 1781 matrem
719 1720 1038 1777 ecclesiam
1089 1720 1151 1776 in
1208 1718 1692 1793 supradictorum
1759 1718 2063 1774 memoriis
2104 1740 2145 1807 β
2176 1724 2439 1783 conciliis
2472 1726 2596 1781 sive
2626 1741 2701 1780 ex
2729 1725 2982 1781 decretis
3013 1727 3302 1781 Romanis
3325 1723 3486 1783 sedis
3530 1724 3859 1799 episcopo-

410 1826 767 1870 consecrare
820 1809 1161 1865 solemniter
1207 1826 1276 1864 ac
1333 1808 1772 1864 studiosissime
1828 1808 2060 1865 meruit.
2171 1830 2331 1885 rum,
2363 1830 2625 1887 quorum
2657 1813 3071 1887 praefationem
3096 1813 3157 1868 in
3207 1813 3410 1885 prima
3456 1811 3653 1873 fronte
3695 1830 3857 1886 pre-

407 1901 609 1956 Primo
647 1898 945 1972 siquidem
972 1900 1088 1954 hoc
1113 1898 1344 1971 accepit
1363 1902 1750 1970 praeceptum,
1775 1896 2063 1970 quoniam
2170 1903 2313 1965 dicti
2335 1904 2533 1976 operis
2560 1902 2736 1961 valde
2768 1902 2971 1961 utilem
2999 1902 3217 1975 posuit.
3282 1904 3538 1963 Domum
3592 1918 3859 1976 quoque

407 1988 663 2062 putibat
685 1988 852 2062 quod
882 1987 1235 2059 praedictum
1283 1987 1776 2045 monasteriolum
1821 1985 2065 2041 donatio
2171 2010 2310 2067 quia
2334 1998 2665 2065 sequuntur
2690 2009 2763 2049 ex
2820 1993 2951 2049 aliis
2999 1990 3235 2061 collegit
3277 1991 3616 2050 canonibus
3661 1997 3858 2065 atque

402 2094 617 2149 regum
642 2082 700 2135 et
724 2078 906 2134 ﬁscus
936 2078 1563 2149 essetimperatorum.
1590 2077 1702 2133 Sed
1742 2082 2063 2148 postquam
2173 2082 2349 2140 dictis
2404 2084 2651 2139 Patrum
2703 2082 3079 2139 diversarum
3127 2080 3601 2153 provinciarum,
3662 2086 3859 2154 atque

402 2169 629 2229 invenit
659 2167 1006 2225 traditiones
1036 2172 1093 2225 et
1121 2167 1422 2239 precarias
1466 2167 1586 2222 sive
1646 2165 1954 2239 pi'iV‘liegia
2011 2170 2067 2220 ei
2176 2171 2471 2229 nonnulla
2492 2189 2565 2227 ex
2585 2171 2676 2227 his
2704 2188 2846 2233 cum
2875 2169 3007 2228 aliis
3032 2169 3432 2229 sanctissimis
3458 2175 3516 2227 et
3569 2170 3860 2228 doetissi-

406 2262 742 2323 stramenta
768 2257 1098 2315 multarum
1138 2257 1486 2315 chartarum
1515 2256 1898 2326 investigatio
1945 2255 2066 2310 sive
2177 2264 2291 2320 mis
2318 2262 2612 2335 episcopis
2629 2262 2691 2321 in
2718 2260 2966 2333 synodis
3000 2259 3221 2333 pariter
3251 2260 3468 2330 sanxit,
3494 2259 3620 2315 sive
3640 2276 3721 2318 ex
3752 2276 3857 2318 ca-

405 2346 668 2403 armario
725 2344 1024 2419 praedicta:
1077 2345 1361 2416 ecclesiae,
1435 2346 1692 2418 qualiter
1748 2344 2066 2417 praefatum
2175 2351 2379 2425 pitulis
2405 2350 3048 2411 Christianissimorum
3080 2348 3619 2421 imperatorum,in
3663 2366 3858 2421 syno-

404 2434 910 2493 monasteriolum
935 2435 1163 2491 Sanctae
1196 2434 1389 2492 Mariae
1422 2434 1501 2493 ad
1527 2435 1654 2506 jam
1685 2433 1909 2495 dictam
1938 2450 2064 2490 ma—
2176 2439 2270 2497 dis
2317 2438 2743 2512 episcoporum
2810 2437 3065 2495 decretis
3108 2440 3235 2497 tam
3283 2441 3553 2510 tempore
3609 2438 3857 2510 Pippini

403 2528 554 2580 trem
584 2529 641 2583 et
669 2523 921 2585 civitatis
949 2523 1266 2580 ecclesiam
1292 2540 1328 2579 a
1359 2527 1479 2579 Deo
1504 2523 1734 2579 devotis
1770 2528 1826 2578 et
1866 2522 2067 2578 liberis
2175 2544 2361 2601 quam
2390 2532 2448 2584 et
2476 2527 2667 2583 Caroli
2692 2527 2814 2583 sive
2847 2525 3150 2597 Ludovici,
3181 2526 3334 2585 sicut
3358 2526 3419 2582 in
3475 2526 3858 2599 prmfationj-

406 2619 587 2685 atque
613 2612 916 2668 nobilibus
947 2611 1259 2684 utriusque
1314 2628 1492 2666 sexus
1550 2611 1897 2667 hominibus
1958 2616 2069 2667 tra—
2174 2617 2290 2674 bus
2320 2617 2509 2690 ipsius
2539 2616 2722 2673 libelli
2744 2631 2782 2674 a
2803 2614 3119 2686 diligenter
3150 2614 3651 2686 investigantibus
3678 2616 3856 2675 inve-

406 2700 599 2759 ditum
619 2700 833 2770 fuerat,
868 2699 1034 2759 aliud
1056 2699 1197 2756 inde
1225 2700 1455 2773 accepit
1484 2704 1875 2773 praeceptum,
1899 2700 2068 2759 sicuti
2176 2708 2289 2765 niri
2314 2711 2529 2781 potest.
2561 2705 2927 2778 Saepedictus
2952 2721 3197 2778 quoque
3225 2705 3498 2763 Aldricus
3519 2704 3857 2778 episcopus

404 2790 468 2847 in
492 2806 564 2847 eo
590 2790 927 2851 continetur
954 2790 1267 2847 insertum.
1299 2789 1526 2846 Idcirco
1554 2789 1670 2846 hoc
1699 2789 1895 2846 facere
1952 2795 2069 2846 stu-
2174 2796 2310 2853 fecit
2338 2796 2664 2866 tugurium,
2687 2795 2855 2867 quod
2874 2799 2930 2850 et
2951 2794 3242 2853 cibarium
3275 2794 3643 2856 nominatur,
3663 2811 3859 2867 super

405 2877 536 2939 duit
555 2884 620 2935 ut
648 2878 718 2951 si,
746 2878 913 2952 quod
957 2878 1132 2947 absit,
1186 2877 1401 2935 futuris
1450 2878 1819 2951 temporibus
1866 2878 2068 2951 aliqua
2175 2884 2361 2944 altare
2383 2884 2620 2954 seniori,
2652 2884 2821 2956 quod
2847 2888 2935 2941 est
2960 2886 3282 2950 sacratum,
3308 2887 3374 2940 ut
3397 2882 3855 2954 praeﬁxumest,

405 2984 480 3026 ex
501 2970 617 3027 hoc
640 2968 914 3025 causatio
940 2972 1074 3025 orta
1100 2967 1296 3039 fuerit,
1326 2972 1385 3025 et
1432 2968 1719 3041 praedicta
1769 2973 2069 3040 prtecepta
2173 2974 2236 3032 in
2266 2975 2492 3031 honore
2521 2973 2757 3031 Domini
2786 2973 3106 3031 salvatoris
3131 2978 3189 3030 et
3214 2976 3436 3030 sanctae
3464 2972 3570 3030 Dei
3598 2974 3856 3043 genitri-

405 3059 610 3133 aliquo
640 3058 881 3131 ingenio
913 3057 1120 3116 ablata
1161 3058 1255 3115 vel
1284 3057 1516 3132 perdita
1572 3057 1809 3125 fuerint,
1869 3075 2067 3115 exem-
2105 3095 2146 3151 ρ
2175 3065 2259 3120 cis
2285 3065 2475 3121 Mariae
2509 3068 2687 3135 atque
2716 3068 3061 3121 sanctorum
3087 3068 3424 3135 martyrum
3469 3063 3736 3119 Gervasii
3794 3071 3857 3120 et

402 3150 596 3223 plaria
628 3148 950 3211 amborum
972 3148 1034 3205 in
1062 3147 1155 3204 his
1184 3150 1560 3221 reperiantur
1590 3147 1891 3205 schedulis
1920 3165 2065 3220 prae—
2115 3147 2145 3151 ᾖ
2174 3154 2424 3210 Protasii
2455 3154 2577 3211 sive
2605 3153 2791 3210 sancti
2824 3152 3107 3225 Stephani
3149 3167 3387 3209 necnon
3438 3156 3495 3209 et
3542 3152 3731 3213 simul
3787 3154 3857 3209 in

401 3243 734 3312 captorum,
760 3243 819 3295 et
862 3238 923 3294 in
971 3238 1086 3295 hoc
1131 3238 1516 3299 inveniantur
1571 3237 1793 3293 inserta
1841 3237 2063 3306 libello,
2174 3242 2555 3300 veneratione
2584 3242 2887 3299 ethonore
2908 3242 3182 3299 omnium
3211 3246 3581 3298 sanctorum.
3635 3246 3855 3314 Ipsum

399 3332 702 3400 quatenus
734 3342 808 3382 ex
833 3325 949 3385 hoc
978 3331 1398 3398 procuratores
1424 3326 1553 3396 jam
1585 3325 1756 3382 dictae
1784 3326 1944 3381 sedis
1967 3343 2063 3381 ec-
2174 3332 2335 3387 enim
2374 3330 2666 3388 ciborium
2720 3336 2779 3389 et
2828 3335 3078 3401 argento
3126 3329 3398 3400 miriﬁce,
3452 3329 3607 3387 sicut
3659 3330 3856 3387 hodie

402 3414 614 3483 clesiae,
648 3416 699 3471 si
727 3415 1052 3471 necessitas
1082 3413 1274 3485 fuerit,
1328 3414 1695 3486 adjutoriutn
1720 3419 1778 3471 et
1827 3431 2062 3488 recupe-
2173 3425 2442 3493 apparet,
2476 3420 2764 3476 fabricare
2800 3420 3067 3488 studuit;
3096 3419 3155 3475 in
3211 3435 3332 3492 quo
3375 3422 3432 3475 et
3469 3434 3697 3475 cennas
3747 3436 3855 3476 ar-

400 3503 697 3560 rationem
727 3501 953 3558 habere
976 3502 1239 3558 valeant.
2175 3516 2418 3579 genteas
2450 3514 2506 3564 et
2534 3510 2854 3564 deauratas
2882 3509 3145 3582 desuper
3173 3508 3470 3577 conﬁgere
3530 3510 3851 3581 praecepit,

652 3592 827 3665 (Vide
854 3592 959 3649 ubi
984 3607 1193 3663 supra,
1226 3595 1339 3649 col.
1391 3593 1523 3651 1255
1555 3598 1609 3651 et
1642 3595 1817 3665 l256.)
2174 3599 2325 3655 sicut
2356 3600 2646 3655 hactenus
2677 3615 2713 3655 a
2740 3597 3248 3670 conspicientibus
3274 3597 3632 3671 praedictum
3679 3615 3851 3672 opus

1102 3730 1109 3737 .
1165 3683 1302 3738 XIII.
2172 3689 2426 3744 videtur.
2459 3688 2602 3743 Hinc
2628 3703 2894 3760 namque
2925 3688 3059 3743 fecit
3086 3688 3147 3742 in
3168 3686 3302 3743 loco
3331 3688 3392 3742 in
3412 3703 3536 3760 quo
3567 3687 3713 3743 olim
3746 3705 3854 3746 ca-

473 3773 575 3829 His
629 3776 718 3830 est
791 3770 1180 3828 inserendum
1239 3771 1381 3827 item
1429 3771 1741 3844 exemplar
1785 3778 2061 3846 praecepti
2173 3794 2280 3833 nes
2310 3782 2366 3833 et
2393 3778 2730 3833 meretrices
2762 3780 2885 3832 sive
2928 3777 3191 3832 latrones
3242 3776 3514 3833 habitare
3562 3777 3856 3835 solebant

397 3862 567 3938 quod
600 3861 955 3934 saepedictus
988 3861 1251 3917 domnus
1272 3860 1543 3917 Aldricus
1570 3862 1644 3919 de
1673 3861 1853 3917 rebus
1880 3868 1937 3917 et
1988 3862 2063 3918 de
2174 3868 2606 3925 monasterium
2631 3883 2815 3940 supra
2856 3867 3109 3923 ﬂuvium
3169 3868 3393 3924 Sarthas
3448 3866 3731 3924 milliaria
3790 3874 3854 3924 et

394 3950 839 4009 monasteriolis
870 3951 992 4006 sive
1017 3950 1242 4006 cellulis
1275 3955 1454 4023 atque
1501 3951 1667 4020 vicis,
1723 3967 1959 4007 necnon
2008 3956 2063 4007 et
2174 3956 2354 4012 semis
2381 3972 2417 4012 a
2442 3957 2573 4027 jam
2601 3956 2760 4012 dicta
2790 3956 2937 4011 urbe
2966 3957 3221 4011 distante
3250 3955 3313 4010 in
3366 3956 3597 4014 honore
3646 3958 3854 4014 sancti

393 4039 612 4095 villulis
646 4039 948 4111 sigillatim
1005 4038 1333 4094 nominatis
1397 4038 1510 4094 sub
1565 4039 1908 4096 emunitatis
1958 4041 2064 4097 tui-
2177 4044 2495 4101 Salvatoris
2524 4050 2582 4100 et
2611 4049 2831 4101 sanctae
2859 4045 2958 4100 Dei
2986 4044 3283 4115 genitricis
3308 4045 3501 4121 Mariae
3522 4049 3581 4100 et
3600 4052 3855 4105 sancto-

393 4128 554 4209 tione
578 4132 635 4182 et
666 4127 1100 4197 gubernatione
1152 4144 1274 4182 suae
1335 4127 1495 4182 sedis
1546 4128 1827 4199 ecclesiae,
1874 4145 2061 4202 quam
2172 4149 2307 4189 rum
2339 4140 2674 4206 martyrum
2705 4134 3010 4206 Stephani,
3042 4133 3323 4201 Gervasii,
3357 4138 3413 4189 et
3440 4134 3716 4203 Protasii,
3751 4143 3854 4194 at-

389 4215 794 4285 reaediﬁcavit,
828 4220 883 4272 et
909 4216 1085 4291 quasi
1112 4231 1149 4273 a
1198 4231 1358 4272 novo
1413 4217 1691 4275 restruxit
1740 4222 1917 4292 atque
1975 4218 2061 4274 in-
2171 4240 2290 4296 que
2313 4223 2588 4281 omnium
2617 4228 2987 4292 sanctorum,
3020 4223 3081 4279 in
3129 4238 3255 4295 quo
3308 4226 3369 4278 et
3408 4222 3851 4283 dormitorium

391 4304 747 4374 melioravit,
800 4304 1347 4379 immajoravitque,
1389 4310 1445 4362 et
1489 4306 1550 4362 in
1595 4308 1825 4364 honore
1869 4308 2060 4364 sancti
2171 4329 2401 4369 novum
2430 4313 2710 4369 decenter
2727 4313 3132 4386 compositum
3160 4311 3316 4381 fecit,
3349 4315 3406 4367 et
3434 4312 3497 4367 in
3521 4311 3660 4384 ipso
3696 4314 3848 4372 dor-

390 4393 631 4450 Domini
657 4392 982 4451 Salvatoris
1013 4398 1069 4451 et
1086 4394 1281 4451 beatze
1320 4395 1596 4466 ejusdem
1627 4396 1725 4451 Dei
1759 4397 2057 4469 genitricis
2098 4454 2141 4474 ἢ
2171 4403 2409 4460 mitorio
2439 4402 2718 4459 absidem
2748 4402 2810 4457 in
2840 4402 3111 4459 orientali
3133 4406 3303 4474 parte
3354 4400 3603 4457 miriﬁce
3650 4419 3850 4459 cons-

388 4482 585 4540 Mariae
645 4486 826 4557 atque
877 4486 1226 4540 sanctorum
1292 4454 1632 4557 martyrum
1689 4454 1947 4542 δεῖ-νᾶεῙὶ
2000 4490 2057 4542 et
2094 4454 2142 4511 θ
2171 4454 3295 4561 ἷΙιῐιθνξξιῖε-ἆτυὲἰῖέί
3344 4454 3595 4559 -ςν

386 4572 643 4629 Protasii
673 4573 797 4628 sive
826 4572 1020 4630 sancti
1053 4573 1341 4646 Stephani
1372 4572 1716 4631 solemniter
1745 4591 2055 4632 consecra-
2167 4597 2311 4637 vero
2336 4580 2639 4651 absidem,
2673 4596 2796 4636 una
2820 4596 2959 4636 cum
2984 4578 3270 4653 praedicto
3302 4578 3487 4636 altare
3523 4578 3588 4634 in
3634 4579 3739 4636 die
3782 4599 3851 4638 IV

382 4662 486 4731 vit,
520 4666 578 4719 et
598 4667 967 4737 praeceptum
993 4661 1162 4718 istius
1191 4663 1552 4735 exemplaris
1585 4679 1622 4719 a
1665 4663 1892 4720 domno
1950 4668 2054 4720 Lu-
2167 4671 2382 4726 Iduum
2412 4668 2775 4742 Septembris
2800 4684 2924 4727 una
2945 4686 3084 4725 cum
3108 4669 3235 4724 suis
3262 4667 3529 4741 reliquiis
3547 4668 3610 4724 in
3637 4668 3850 4727 hono-

380 4751 597 4808 dovico
628 4751 905 4825 piissimo
930 4754 1290 4825 Imperatore
1320 4751 1625 4825 percipere
1671 4754 1909 4820 meruit,
1971 4754 2049 4809 si-
2164 4775 2227 4816 re
2258 4760 2449 4815 sancti
2478 4758 2773 4815 Benedicti
2798 4758 3155 4815 confessoris
3202 4757 3491 4830 praecipui
3542 4756 3849 4816 solemni-

376 4844 482 4909 cut
509 4840 573 4897 in
602 4856 673 4897 eo
704 4840 1043 4897 continetur
1092 4840 1405 4897 insertum.
1463 4841 1548 4897 Ita
1597 4842 1817 4899 etenim
1852 4841 1914 4898 in
1978 4859 2048 4899 eo
2164 4853 2250 4904 ter
2270 4849 2641 4905 consecravit
2675 4852 2770 4916 ;et
2817 4847 2923 4905 ubi
2970 4852 3148 4904 antea
3196 4847 3448 4905 latratus
3505 4862 3735 4903 canum
3784 4856 3851 4907 et

379 4927 638 4989 habetur
659 4931 970 5004 scriptum.
1168 4953 1177 4963 -
2162 4937 2424 4994 ululatus
2452 4953 2791 5010 pauperum
2838 4937 2943 5009 qui
2971 4953 3009 4994 a
3046 4936 3381 4992 latronibus
3401 4936 3551 4992 inibi
3595 4936 3849 4995 inhabi-

763 5019 942 5088 (Vide
968 5019 1075 5076 ubi
1099 5034 1310 5092 supra,
1340 5020 1453 5077 col.
1490 5024 1675 5090 1257.)
2159 5027 2424 5083 tantibus
2453 5026 2944 5099 exspoliabantur
2990 5025 3381 5093 resonabant,
3422 5025 3507 5081 ibi
3562 5024 3851 5097 hymnos

1149 5109 1279 5165 XIV.
2161 5116 2463 5187 angelicos
2493 5120 2551 5172 et
2570 5115 2952 5189 propheticos
2993 5115 3135 5171 sivm
3183 5120 3534 5172 czeterarum
3590 5114 3847 5174 divina-

448 5195 737 5253 Prtedicta
757 5211 1001 5268 quoque
1029 5202 1331 5270 praecepta
1355 5198 1417 5254 in
1442 5199 1555 5257 hoc
1583 5216 1725 5272 opm
1744 5199 1878 5256 culo
1907 5200 2046 5258 ideo
2155 5220 2294 5261 rum
2327 5206 2767 5278 Scripturarum
2805 5204 3015 5262 laudes
3052 5204 3374 5261 decantare
3430 5208 3490 5261 et
3543 5218 3851 5264 resonare

376 5284 635 5343 inserere
664 5286 895 5360 placuit
922 5290 1006 5353 ut,
1033 5284 1185 5341 sicut
1204 5286 1431 5343 dictum
1454 5293 1560 5359 est,
1596 5290 1647 5344 si
1685 5290 1897 5345 tuturis
1943 5296 2048 5348 aut
2159 5294 2255 5350 die
2283 5299 2588 5367 noctuque
2615 5294 2870 5352 Domino
2900 5294 3225 5351 constituit.
3263 5294 3416 5350 Fecit
3471 5310 3725 5367 quoque
3774 5298 3850 5355 in

377 5375 682 5431 modernis
703 5376 780 5431 de
799 5374 1161 5448 supradictis
1191 5374 1370 5431 rebus
1405 5377 1609 5450 aliqua
1639 5380 1891 5449 quaestio
1913 5384 2043 5435 orta
2157 5383 2289 5456 ipso
2315 5385 2680 5441 monasterio
2728 5383 3107 5440 refectorium
3155 5399 3381 5440 novum
3435 5387 3493 5440 et
3547 5382 3847 5443 nobiliter

371 5461 567 5534 fuerit,
595 5465 967 5538 exemplaria
986 5464 1428 5523 antedictorum
1452 5468 1515 5523 in
1544 5468 1659 5524 hoc
1697 5468 1898 5525 libello
1954 5470 2043 5525 in-
2154 5473 2584 5545 compositum,
2615 5477 2672 5530 et
2692 5477 2907 5530 caetera
2934 5473 3176 5530 oﬂicina
3200 5473 3476 5541 fratrum,
3508 5476 3634 5529 tam
3654 5473 3847 5531 cella-

371 5553 692 5610 veniantur
720 5555 944 5611 inserta
971 5560 1414 5628 praeceptorum
1445 5563 1785 5630 ;quatenus
1816 5576 1923 5631 per
1968 5575 2041 5615 ea
2152 5561 2242 5618 ria
2271 5577 2459 5633 quam
2495 5568 2552 5619 et
2578 5562 2697 5619 alia
2750 5561 2993 5619 ofﬁcina
3038 5562 3390 5618 mirabiliter
3437 5566 3495 5618 et
3548 5562 3848 5621 decenter

368 5643 578 5700 ﬁdeles
606 5644 1032 5716 suprascripta
1058 5646 1328 5703 ecclesiae
1358 5653 1415 5704 et
1442 5653 1703 5704 rectores
1730 5655 1911 5721 atque
1936 5666 2041 5720 gu-
2151 5652 2481 5732 construxit
2506 5658 2563 5708 et
2594 5652 3734 5725 regulariterordinavit,monachisque
3752 5657 3846 5711 ad

365 5732 715 5793 bernatores
732 5733 1009 5807 ejusdem
1029 5749 1104 5791 ex
1127 5734 1220 5794 his
1234 5735 1622 5810 exemplariis
1662 5736 2034 5809 adiutorium
2152 5739 2621 5799 inhabitandam
2654 5742 3040 5811 conbmiidit.
3053 5747 3119 5802 In
3134 5742 3270 5816 ipso
3279 5741 3568 5814 ergoloco
3577 5741 3840 5802 Calend.
