3944 6426
55 310 115 363 48
1662 292 1840 350 νηΑ.

3407 303 3480 360 ιι

60 429 171 487 Maii
200 425 587 483 fundamenta
618 423 973 497 ecclesiis-et
997 422 1242 479 claustri
1267 422 1448 502 cmpit
1469 433 1695 492 ponere
1728 418 1776 473 Α
1810 417 1872 471 in
1901 416 2329 489 praedictorum
2358 418 2588 476 honore
2619 421 2970 476 sanctorum
2999 420 3394 491 consecravit,
3423 423 3483 487 et

55 524 105 577 et
129 522 459 575 constmere
492 533 507 583 ;
538 514 601 570 in
626 530 751 588 quo
782 529 963 588 opere
994 512 1147 569 mira
1169 516 1226 568 et
1252 526 1479 580 magna
1509 508 1695 565 virtue

1808 505 1889 562 ad
1917 505 2283 569 iniciendam
2310 506 2563 564 fratrum
2592 509 3013 566 necessitatem
3032 509 3261 590 ibidem
3287 510 3485 571 Domi~

55 608 143 665 Dei
169 612 252 663 est
277 604 597 671 declarata,
627 603 775 677 quia
797 619 934 676 quae
956 603 1015 658 in
1033 602 1189 657 duos
1219 606 1324 659 aut
1356 606 1471 656 tres
1504 613 1698 655 annos
1806 610 1889 650 no
1918 594 2332 667 servientium,
2360 612 2485 655 una
2514 613 2655 655 cum
2684 597 2809 655 suis
2834 600 3368 661 consacerdotibus
3422 602 3487 665 at

54 696 281 753 minime
309 692 607 767 putabant
632 708 764 748 esse
790 695 1235 748 consummata.
1261 689 1321 745 in
1352 693 1615 762 quatuor
1644 689 1702 742 et

54 786 248 859 quinto
271 782 522 840 dimidio
551 781 888 852 mensibus,
922 780 1178 837 Domino
1204 776 1694 836 adminiculante.

58 875 524 931 consummatum
573 876 687 939 est,
717 870 781 925 id
806 875 911 937 est,
947 886 984 926 a
1033 868 1159 926 Cal.
1189 867 1350 926 Maiis
1379 882 1572 940 usque
1600 880 1700 920 xv:

56 964 165 1023 Cal.
187 960 476 1027 Octobris;
506 960 567 1021 in
586 975 709 1033 quo
724 959 1129 1017 Calendarum
1148 957 1247 1014 die
1280 963 1339 1013 et
1356 956 1489 1030 ipsa
1515 954 1701 1015 eccle-

57 1054 136 1109 sia
161 1057 245 1108 est
270 1055 641 1117 consecrata,
672 1053 732 1105 et
770 1048 884 1120 ipsi
916 1047 1201 1104 monachi
1244 1047 1305 1107 in
1352 1043 1705 1101 dormitorio

55 1142 187 1199 inibi
207 1157 367 1197 novo
394 1142 711 1213 eruperunt
738 1138 1024 1202 dormire,
1059 1143 1111 1193 et
1144 1137 1203 1193 in
1232 1135 1540 1193 reiecto.io
1594 1134 1706 1190 ini-

56 1232 111 1288 bi
134 1247 288 1289 novo
312 1230 708 1292 manducare,
738 1244 875 1301 quis
921 1226 1088 1283 nullo
1118 1226 1305 1282 modo
1324 1224 1455 1282 ﬁeri
1486 1224 1713 1297 potuis-

58 1326 175 1378 sent
198 1320 307 1376 nisi
337 1317 576 1375 Domini
622 1316 1038 1373 misericordia
1076 1320 1135 1372 et
1175 1315 1309 1387 ejus
1334 1329 1562 1384 magna
1594 1313 1709 1368 vir-

53 1416 137 1467 tus
166 1412 275 1466 hoc
303 1412 557 1482 operata
585 1411 764 1464 esset.
800 1406 970 1462 Unde
1011 1411 1069 1462 et
1096 1406 1224 1480 ipse
1261 1404 1565 1475 laudatur,
1608 1420 1717 1479 qui

54 1502 153 1557 hoc
180 1504 459 1573 prmstare
487 1502 544 1553 et
569 1496 902 1554 concedere
933 1501 1118 1570 atque
1159 1494 1451 1551 divinitus
1470 1496 1713 1566 cperari

57 1589 318 1659 dignatus
354 1591 487 1654 est;
519 1585 617 1642 cui
661 1591 750 1641 est
787 1586 986 1641 honor
1030 1589 1091 1640 et
1143 1583 1334 1655 gloria
1388 1582 1449 1638 in
1494 1580 1717 1637 saecula

56 1675 412 1733 saeculorum.
448 1678 662 1731 Amen.

806 1765 916 1819 XVl
928 1804 940 1818 .

116 1855 173 1911 In
200 1853 485 1929 praedicto
516 1853 723 1925 itaque
782 1850 1155 1908 monasterio
1186 1849 1509 1906 ecclesiam
1555 1846 1720 1903 miri-

58 1944 152 2000 ﬁce
177 1950 231 2000 et
255 1942 670 2000 ordinabiliter
708 1941 1114 2015 compositam
1145 1957 1182 1998 a
1236 1956 1399 1996 novo
1453 1942 1722 1995 constru‘

64 2033 152 2103 xit,
180 2033 238 2089 in
265 2048 388 2106 qua
410 2035 472 2088 et
497 2030 967 2104 quaniordecim
995 2029 1209 2087 altaria
1246 2029 1452 2095 erexit,
1474 2033 1533 2084 et
1558 2044 1634 2085 ea
1660 2028 1720 2082 in

66 2122 366 2179 memorias
394 2127 452 2181 et
478 2120 737 2178 nomina
765 2125 948 2193 atque
1004 2119 1269 2175 honores
1309 2134 1519 2174 eorum
1551 2133 1721 2175 sanc-

61 2217 234 2269 torum
261 2210 564 2269 dedicavit
616 2214 677 2267 et
705 2208 1100 2277 consecravit,
1127 2214 1184 2265 et
1217 2223 1429 2264 eorum
1462 2206 1722 2280 pignora

57 2302 109 2357 in
134 2300 211 2359 eis
237 2298 577 2369 collocavit,
606 2313 873 2371 quorum
924 2297 1176 2359 nomine
1218 2312 1399 2370 super
1428 2311 1501 2352 ea
1525 2295 1723 2351 hacte-

58 2405 156 2446 nus
178 2388 477 2463 adscripta
502 2404 642 2445 esse
667 2388 974 2445 videntur.
1003 2388 1203 2460 ipsam
1232 2401 1377 2455 ergo
1404 2384 1723 2442 ecclesiam

59 2484 113 2535 ut
136 2478 441 2553 praeﬁxum
472 2483 583 2545 est,
641 2477 704 2536 in
750 2478 982 2537 honore
1015 2476 1253 2534 Domini
1299 2476 1626 2537 Balvetoris
1668 2487 1731 2539 et

63 2575 253 2626 sancte:
278 2566 561 2640 ejusdem
593 2567 695 2625 Dei
723 2565 1027 2636 genitricis
1064 2564 1279 2640 Merita,
1326 2565 1449 2622 sive
1480 2569 1723 2621 sancto-

62 2674 176 2717 rum
213 2662 556 2730 martyrum
587 2655 855 2716 Gerrasii
896 2660 955 2713 et
1009 2654 1261 2713 Protasii
1307 2658 1490 2727 atque
1534 2652 1726 2710 sancti

67 2746 338 2821 Stephani,
394 2760 647 2807 necnon
708 2750 769 2804 et
815 2744 997 2804 simul
1046 2743 1111 2804 in
1163 2744 1393 2803 honore
1442 2741 1721 2801 omnium

63 2842 378 2897 sanctorum
413 2834 769 2895 solemniter
818 2834 1222 2905 decenterquc
1251 2833 1311 2889 in
1360 2831 1455 2894 die
1481 2848 1579 2891 xw
1612 2833 1720 2888 Ca-

66 2924 202 2982 lend.
244 2924 459 2985 Octob.
499 2923 903 2984 consecravit.
949 2926 1099 2982 Dum
1156 2937 1299 2992 ergo
1350 2919 1720 2981 consecratio

66 3015 330 3086 pmdictm
372 3014 650 3075 ecclesiae
680 3028 720 3072 a
744 3014 875 3085 jam
924 3013 1085 3070 dicto
1113 3012 1404 3084 episcopo
1435 3014 1490 3071 et
1527 3027 1567 3069 a
1594 3010 1721 3068 suis

1809 684 2038 740 clericis
2064 690 2266 742 sancte
2288 685 2646 756 viventibus,
2672 703 2818 746 cum
2848 689 3128 748 consultu
3153 694 3214 749 et
3233 705 3488 751 consen~

1814 791 1881 828 su
1932 773 2205 831 videlicet
2256 776 2521 834 universi
2576 776 2717 835 clari
2765 781 2823 835 et
2857 778 3089 853 populi,
3122 780 3489 847 contradidit

1812 869 2076 935 quatuor
2128 864 2449 934 Evangelia
2494 865 2744 923 miriﬁce
2771 867 3112 942 conscripta
3148 873 3209 928 et
3233 869 3488 933 calicem

1818 968 2072 1008 aureum
2090 969 2212 1009 una
2239 969 2379 1010 cum
2401 960 2624 1027 patena
2648 970 2781 1013 sua.
2812 956 3043 1016 Etenim
3062 957 3266 1030 imum
3294 962 3487 1021 Evan-

1820 1042 2045 1113 gelium
2073 1047 2131 1098 et
2159 1043 2516 1125 prmdictum
2547 1044 2795 1101 calicem
2814 1061 3089 1117 aureum,
3123 1048 3365 1122 Deoque
3397 1065 3492 1111 se,

1819 1138 2075 1197 oratum,
2108 1148 2232 1190 una
2261 1150 2402 1196 cum
2426 1134 2655 1190 caeteris
2682 1135 2983 1210 episcopis
3012 1141 3071 1194 et
3095 1139 3493 1201 consacerdo-

1824 1224 1983 1279 tibus
2037 1239 2260 1280 manus
2313 1238 2525 1283 eorum
2578 1223 2842 1297 desuper
2898 1225 3374 1300 imponentibus,
3433 1232 3493 1293 et

1824 1314 2054 1369 cunctis
2108 1313 2354 1385 reliquis
2402 1314 2917 1371 consentientibus
2954 1331 3026 1373 ac
3080 1317 3488 1389 exorantibus,

1823 1402 2050 1460 ibidem
2078 1402 2154 1459 de
2185 1403 2365 1460 rebus
2396 1403 2521 1460 sitas
2550 1404 2709 1461 sedis
2739 1404 3003 1461 ecclesias
3032 1420 3174 1462 cum
3211 1406 3495 1470 consultu

1827 1492 2105 1548 omnium
2133 1493 2514 1562 contradidit,
2561 1493 2766 1550 multis
2789 1494 3042 1551 testibus
3065 1495 3495 1556 circumsisten-

1828 1582 1989 1637 tibus
2016 1581 2322 1638 nobilibus
2352 1586 2411 1639 et
2429 1582 2632 1639 liberis
2660 1582 3013 1640 hominibus
3032 1583 3399 1655 videntibus;
3432 1585 3498 1649 id

1825 1676 1946 1727 est:
1978 1671 2185 1728 villam
2208 1671 2523 1745 Apiacum,
2563 1673 2629 1729 in
2652 1688 2780 1746 qua
2800 1676 3047 1733 sanctus
3073 1673 3332 1733 Ulfaeius
3354 1690 3498 1739 cono

1830 1762 2019 1818 fossor
2077 1762 2287 1823 Christi
2308 1762 2628 1835 requiescit
2650 1763 2714 1820 in
2736 1778 3012 1836 corpore,
3045 1778 3187 1822 cum
3214 1764 3387 1825 omni
3410 1765 3498 1827 inv

1828 1851 2119 1923 tegritate,
2148 1857 2209 1909 ct
2234 1852 2441 1910 villam
2473 1853 2797 1911 Luciacum
2827 1870 2971 1911 eum
2998 1854 3169 1911 omni
3194 1854 3501 1928 integrita-

1830 1948 1906 2011 te,
1938 1946 1996 1997 ct
2019 1942 2403 2000 medietatem
2442 1942 2519 2000 de
2546 1943 2690 2001 villa
2716 1944 2866 2015 Cen,
2895 1947 2955 2001 et
2995 1943 3382 2003 medietatem
3423 1944 3500 2003 ds

1829 2030 1971 2087 villa
1993 2031 2219 2103 Bernis,
2249 2036 2309 2089 et
2338 2032 2470 2089 illas
2498 2031 2768 2090 culturas
2797 2033 2953 2090 duas
2977 2032 3154 2105 juxta
3174 2032 3501 2107 prmfatum

1830 2122 2264 2177 monasterium
2294 2121 2451 2178 infra
2494 2121 2660 2178 illam
2690 2121 2905 2178 silvam
2931 2122 3335 2193 conjaoentes,
3372 2136 3504 2181 una

1832 2225 1972 2265 cum
2004 2215 2179 2283 prato
2193 2227 2269 2267 ex
2299 2210 2416 2273 alia
2434 2215 2607 2284 parte
2624 2210 2977 2273 monasterii
2995 2210 3378 2280 consistente,
3421 2210 3503 2268 si;-

1834 2302 1935 2356 cnt
1960 2299 2197 2356 termini
2228 2299 2502 2373 ipsorum
2530 2301 2973 2357 monachorum
3000 2299 3298 2368 dividunt,
3325 2305 3384 2358 et
3400 2300 3503 2360 illa

1833 2388 2062 2445 molina
2089 2390 2213 2449 duo
2233 2391 2407 2461 juxta
2427 2390 2865 2447 monasterium
2894 2405 3081 2463 supra
3100 2388 3353 2446 ﬂuvium
3375 2391 3504 2448 Sal»

1835 2478 1952 2534 thm
2012 2483 2446 2543 constructum,
2487 2483 2547 2537 et
2569 2478 2777 2536 villam
2831 2477 3165 2536 Salvariam
3195 2495 3338 2535 cum
3368 2478 3502 2536 aliis

1832 2566 2050 2623 villulis
2076 2568 2249 2638 juxta
2274 2583 2417 2625 eum
2467 2567 2910 2640 adjacentibus,
2938 2583 3083 2625 cum
3111 2567 3502 2629 manentibus

1826 2656 2091 2727 triginta,
2124 2662 2181 2714 et
2202 2657 2370 2714 illam
2394 2657 2640 2714 vineam
2674 2657 3177 2717 indominicatam
3207 2674 3348 2730 qua
3367 2657 3506 2730 jure

1831 2748 1891 2802 ta
1924 2745 2128 2820 ipsum
2159 2747 2593 2803 monasterium
2623 2746 2915 2803 consistit.
2945 2749 3067 2803 Hoc
3093 2749 3287 2803 totum
3311 2742 3506 2821 praelia

1831 2851 1923 2891 xm
1951 2836 2216 2893 ecclesia:
2256 2840 2313 2892 et
2336 2836 2622 2910 praedicto
2648 2836 2819 2893 altari
2846 2836 2909 2893 in
2934 2835 3140 2895 dotem
3186 2836 3505 2895 monachis

1830 2924 2055 2981 ibidem
2086 2927 2341 2983 Domino
2365 2926 2803 2983 famulantibus
2826 2926 3177 2998 regulariter
3200 2943 3342 2984 cum
3364 2942 3508 2985 cor»

1831 3031 2016 3071 sensu
2039 3016 2263 3089 piisimi
2282 3015 2562 3073 Ludovici
2584 3016 2967 3089 imperatoris
2987 3021 3044 3073 et
3070 3015 3505 3090 episcoporum

63 3104 320 3164 ministris
349 3102 843 3177 praeparabatur,
878 3102 1034 3163 mire
1062 3117 1159 3161 res
1179 3105 1239 3159 ct
1260 3099 1509 3161 minime
1524 3098 1723 3159 celan-
1750 3147 1799 3202 ὃ
1828 3104 2179 3176 multorum,
2233 3106 2498 3161 maxime
2541 3104 3146 3177 comprovincialium
3188 3111 3246 3163 et
3292 3121 3506 3163 conss.-

64 3192 130 3253 da
153 3194 372 3255 cecidit.
428 3193 605 3253 Venit
630 3200 879 3264 q'uoquc
926 3191 1180 3263 quidam
1228 3190 1437 3257 homo,
1478 3189 1720 3251 nemine
1758 3189 1799 3202 ν
1831 3193 2144 3250 cerdotum
2175 3206 2446 3265 suorum,
2495 3192 2813 3250 monachis
2866 3192 3094 3249 ibidem
3141 3192 3507 3265 degentibus

66 3290 312 3343 movente
359 3284 694 3345 hominum
751 3286 857 3343 aut
912 3287 1189 3349 vocante,
1226 3280 1331 3339 sed
1361 3279 1568 3340 divina
1600 3278 1717 3336 cle-

69 3374 264 3435 mentia
299 3374 620 3448 aspirantc
675 3377 1099 3444 compunctus,
1133 3371 1381 3432 nomine
1440 3369 1718 3429 Salehar-

1826 3282 2253 3359 perpetualiter
2283 3283 2361 3339 ad
2393 3281 2834 3356 possidendum
2873 3281 3254 3353 contradidit,
3290 3281 3504 3356 depre-

1830 3388 1976 3431 cans
1996 3376 2051 3428 et
2078 3376 2427 3429 contestans
2442 3370 2866 3445 humiliterque
2889 3369 3223 3444 implorans
3243 3374 3309 3427 ut
3321 3386 3506 3428 nemo

68 3463 179 3530 dus,
203 3465 415 3523 nobilis
437 3478 688 3536 genere,
721 3461 802 3521 ad
824 3461 1143 3535 praefatum
1172 3460 1375 3522 locum
1405 3464 1466 3519 et
1489 3458 1565 3516 ad
1590 3460 1719 3530 jam
1825 3479 1901 3520 ea
1930 3462 2070 3519 inde
2102 3461 2353 3531 auferat,
2382 3461 2488 3518 sed
2528 3459 2706 3535 plura
2752 3460 3074 3532 adaugent,
3104 3464 3166 3518 et
3193 3461 3348 3518 sicut
3376 3459 3509 3518 vult

70 3553 263 3613 dictum
300 3554 693 3628 episcopum,
725 3556 781 3611 et
811 3550 887 3610 ad
920 3551 1119 3624 ipsam
1162 3548 1718 3620 congregationem.

73 3645 156 3714 qui
180 3644 321 3701 dixit
348 3662 413 3701 se
445 3644 603 3703 velle
634 3658 815 3701 suum
848 3641 1082 3701 tradere
1112 3641 1423 3713 proprium
1452 3639 1532 3699 ad
1551 3631 1722 3701 eainv

74 3734 191 3795 dem
216 3736 612 3797 devotionem
668 3739 728 3791 et
779 3733 856 3791 ad
906 3732 1225 3806 praeﬁxum
1255 3731 1457 3789 locum
1487 3736 1544 3787 et
1579 3746 1724 3787 suos

75 3824 202 3883 ﬁlios
222 3827 398 3887 binos
426 3827 512 3885 ad
552 3824 967 3898 supradictam
996 3821 1311 3881 ecclesiam
1342 3820 1575 3881 tradere
1603 3836 1724 3877 ser-

75 3913 232 3986 n'luﬁ,
262 3920 327 3974 ut
372 3921 433 3975 et
465 3914 602 3985 ubi,
658 3913 708 3970 si
768 3913 1023 3970 Domino
1073 3910 1381 3985 placuerit,
1441 3908 1727 3968 monachi

77 4004 271 4077 ﬁerent,
292 4013 349 4066 et
382 4006 627 4064 cunctis
659 4004 875 4061 diebus
903 4004 1034 4061 vita;
1063 4002 1302 4061 illorum
1333 4001 1481 4059 inibi
1529 4001 1726 4058 Domi.

77 4109 139 4152 nc
161 4096 545 4155 deservirem.
583 4094 762 4162 Quod
788 4094 869 4152 ita
915 4096 1053 4167 post
1081 4092 1598 4149 consecrationem
1630 4108 1727 4147 su.

79 4187 375 4255 pradietam
426 4190 773 4261 peractam,
821 4184 1078 4241 Domino
1126 4185 1451 4249 annuente,
1498 4181 1725 4239 factum

78 4279 165 4331 est.
187 4274 449 4335 Tradidit
488 4277 702 4348 itaque
731 4272 1016 4347 praeﬁxas
1044 4272 1155 4340 vir,
1186 4270 1393 4328 multis
1420 4269 1728 4328 nobilibus

1828 3553 2252 3626 unusquisque
2285 3556 2347 3608 ut
2377 3568 2487 3608 sua
2506 3551 2609 3625 pia
2630 3550 2789 3608 facta
2817 3550 3056 3607 stabilia
3080 3554 3502 3625 permaneant,

1830 3644 1913 3701 ita
1938 3648 1995 3699 et
2022 3647 2248 3709 nostra,
2276 3642 2412 3699 licet
2440 3657 2659 3716 pauca,
2693 3640 3116 3715 perpetualiter
3146 3657 3393 3698 manere
3421 3640 3510 3697 inr

1832 3732 2127 3790 convulsa
2164 3733 2487 3806 permittat.
2520 3736 2585 3788 In
2616 3748 2744 3805 quo
2772 3730 2868 3787 die
2892 3733 2951 3787 et
2979 3729 3044 3787 in
3070 3745 3195 3804 qua
3224 3728 3511 3786 solemni—-

1832 3826 1951 3880 tate
1973 3821 2279 3878 constituit
2308 3826 2373 3878 ut
2402 3820 2686 3877 monachi
2733 3820 2797 3877 in
2836 3819 2974 3894 ipso
3003 3818 3373 3879 monasterio
3400 3818 3512 3875 de»

1835 3916 2040 3985 gentes
2070 3917 2128 3968 et
2182 3912 2532 3983 regulariter
2559 3911 2828 3974 viventes
2868 3909 3154 3966 fratribus
3204 3907 3513 3967 canonicis

1833 4003 2009 4060 matri
2060 4006 2117 4059 et
2166 4003 2386 4059 seniori
2435 4001 2687 4059 civitatis
2743 4000 3017 4059 societies
3073 3998 3515 4057 inmutantibus

1831 4093 1979 4150 dent
2008 4093 2251 4166 plenam
2277 4091 2684 4161 refectionem,
2735 4107 2874 4165 quae
2903 4096 2963 4154 ct
2990 4091 3053 4147 in
3084 4088 3516 4163 subsequenti-

1834 4181 1953 4238 bus
2012 4180 2611 4238 commemorabitur.
2666 4184 2871 4253 Ipsam
2924 4195 3073 4251 ergo
3126 4179 3518 4239 refectionem

1837 4271 2068 4328 clericis
2098 4270 2277 4330 matri
2303 4274 2363 4328 et
2390 4270 2615 4327 seniori
2642 4269 2895 4327 civitatis
2925 4269 3192 4327 ecclesia:
3214 4268 3519 4327 famulan-

79 4378 250 4423 coram
292 4364 649 4423 astantibus
676 4402 694 4427 .
760 4361 1009 4436 praeﬁxo
1056 4359 1348 4433 cpiscOpo
1405 4374 1531 4419 una
1586 4373 1727 4416 eum

83 4450 182 4508 suis
217 4452 647 4513 sacerdotibus
678 4454 738 4509 et
764 4448 1084 4510 monachis
1116 4463 1303 4521 supra
1340 4446 1729 4521 prmoriptum

1834 4361 1999 4418 tibus
2038 4360 2185 4417 dare
2209 4360 2471 4429 censuit;
2501 4375 2640 4433 quae
2666 4359 2848 4417 etiam
2892 4358 3158 4421 similiter
3198 4359 3259 4417 in
3291 4359 3523 4416 honore

1838 4451 2076 4508 Domini
2102 4449 2431 4511 Salvatoris
2449 4454 2509 4507 et
2538 4454 2761 4511 sancta)
2788 4450 3061 4523 ejusdem
3093 4450 3197 4507 Dei
3225 4447 3525 4520 genitricis

85 4537 237 4600 altera
262 4542 456 4601 sancti
488 4538 824 4600 Salvatoris
860 4541 1074 4597 votum
1103 4536 1234 4608 ejus
1264 4534 1642 4608 suscipientit

1968 4542 2061 4612 ias,
2088 4541 2214 4598 sive
2247 4545 2597 4599 sanctorum
2638 4544 2981 4615 martyrum
3002 4539 3272 4598 Gervasii
3299 4543 3359 4596 et
3381 4541 3524 4595 Pro-

86 4624 147 4683 de
170 4631 401 4705 proprio
429 4646 550 4691 suo
584 4633 910 4703 quantum;
944 4630 1009 4686 ut
1047 4641 1203 4694 reor,
1231 4641 1371 4683 cum
1401 4623 1563 4683 mille
1595 4639 1643 4681 st

1969 4634 1983 4689 i
2021 4636 2204 4706 atque
2225 4632 2414 4689 sancti
2442 4631 2730 4706 Stephani
2760 4647 3003 4691 necnon
3029 4635 3091 4688 et
3119 4630 3302 4687 simul
3330 4629 3392 4684 in
3420 4643 3526 4684 ve-

88 4715 163 4775 άίι
203 4720 430 4791 ⁸1⁵80Πῦ
480 4716 742 4793 Ρΐθῑίηθί
797 4732 981 4777 κιθωο
1010 4729 1213 4775 emere
1261 4717 1514 4788 Ροῐοΐᾶί·
1567 4712 1736 4772 Unde
1847 4722 2157 4780 neratione
2188 4726 2245 4779 et
2272 4722 2519 4779 nomine
2551 4721 2829 4779 omnium
2875 4725 3229 4779 sanctorum
3257 4716 3530 4775 noscitur

95 4808 344 4877 prodicta
364 4808 672 4884 episcopo
698 4809 757 4867 et
774 4805 901 4863 suis
928 4803 1348 4863 sacerdotibus
1374 4807 1559 4876 atque
1602 4817 1739 4863 mov
1851 4828 1889 4869 a
1917 4810 2207 4885 praedicto
2234 4811 2474 4868 Aldrico
2493 4811 2785 4885 episcopo
2816 4808 3206 4867 reconciliata
3234 4810 3293 4863 et
3316 4804 3532 4862 solem.-

95 4898 266 4956 naehis
288 4899 440 4959 inibi
473 4896 743 4957 Domino
789 4893 1227 4953 famulantibus
1267 4893 1541 4971 chartam
1581 4890 1652 4960 let

1977 4917 2027 4969 r,
2057 4906 2124 4957 ut
2177 4900 2497 4974 praeﬁxum
2526 4904 2641 4969 est,
2672 4902 2913 4956 sacrata
2940 4912 3095 4969 esse,
3122 4895 3206 4952 ad
3254 4894 3431 4967 cujus
3457 4893 3534 4952 si-

96 4980 190 5044 leat
215 4985 437 5058 t‘ecit,ct
468 4985 872 5057 ﬁdeiussores
896 4999 970 5045 ex
998 4982 1214 5045 eodem
1236 4980 1482 5055 proprio
1509 4979 1747 5044 nobiles
1853 4990 2256 5048 militudinem
2286 4995 2347 5047 et
2397 4989 2796 5047 imitationem
2836 4990 2896 5043 et
2917 4985 3079 5042 hanc
3114 4984 3433 5043 ecclesiam
3468 4984 3535 5042 in

98 5073 367 5137 etelectos
414 5072 825 5139 condonavit.
878 5074 996 5131 ista
1047 5069 1227 5141 igitur
1283 5068 1577 5134 miracula
1632 5084 1655 5125 ι

1979 5129 1982 5137 ,
2013 5082 2175 5141 dicto
2202 5077 2570 5137 monasterio
2601 5075 2991 5133 consecravit.
3014 5076 3159 5143 Quin
3184 5074 3365 5146 igitur
3382 5090 3536 5148 quo-

100 5158 347 5223 instinctu
373 5165 481 5224 Dei
513 5161 691 5225 nullo
721 5159 909 5225 modo
957 5158 1087 5222 ﬁeri
1126 5162 1394 5233 possem-
1423 5157 1647 5217 Idcirco
1696 5159 1753 5219 ei
1860 5169 2028 5227 niam
2058 5168 2335 5240 subjecta
2352 5171 2444 5223 est
2472 5163 2652 5222 matri
2665 5167 2725 5220 et
2751 5163 2973 5221 seniori
2993 5163 3245 5222 civitatis
3266 5160 3536 5220 ecclesias

102 5264 157 5311 θα
190 5252 277 5313 δίο
302 5253 709 5323 mmini".
750 5254 817 5311 ιιι
841 5248 1047 5311 cuncti
1072 5247 1228 5311 εθννί
1271 5247 1373 5309 Dei
1399 5264 1511 5322 9το
1535 5246 1620 5311 ait;
1648 5245 1756 5320 qui
1863 5258 2087 5315 idcirco
2116 5261 2174 5313 et
2216 5256 2278 5312 in
2315 5256 2587 5328 ipsorum
2616 5252 2915 5310 memoria
2936 5268 3207 5327 quorum
3249 5248 3542 5323 praadicta

106 5336 207 5401 δα
241 5341 495 5413 legerint
534 5344 718 5406 orent
746 5339 855 5413 Qui
886 5338 1013 5404 suis
1046 5336 1205 5401 votis
1241 5337 1480 5403 Domini
1503 5336 1758 5401 famuli»
1865 5349 2059 5405 mater
2083 5342 2340 5403 ecclesia
2359 5346 2421 5401 et
2459 5345 2817 5400 consecrata
2841 5345 2931 5399 est
2971 5340 3132 5401 hanc
3183 5351 3542 5396 consecrare

110 5430 211 5489 tum
254 5434 643 5509 ampliﬁcare
676 5428 1196 5503 magniﬁcaeque
1224 5433 1408 5503 atque
1428 5425 1760 5502 adimplere
1868 5431 2186 5507 disposuit.
2244 5430 2422 5497 Quod
2466 5434 2529 5488 et
2555 5431 2640 5489 ita
2668 5427 3081 5489 ordinabiliter
3108 5429 3167 5485 et
3193 5424 3542 5487 solemniter

111 5522 324 5595 cupiunt
346 5526 477 5589 sire
498 5520 828 5598 cupicrint.
1376 5584 1379 5587 ,
1870 5521 2130 5580 Domino
2152 5518 2483 5593 adjuvante
2512 5518 2743 5577 factum
2767 5520 2876 5574 est.

844 5612 1005 5673 XVII.
2622 5604 2808 5664 XVIII.

164 5702 619 5767 Conseoratione
647 5701 830 5774 igitur
856 5700 1206 5764 solamniter
1229 5703 1288 5763 et
1311 5700 1604 5763 amice
1638 5718 1774 5776 per-
1955 5700 2020 5756 In
2051 5698 2147 5756 die
2172 5713 2442 5771 namque
2491 5693 2959 5754 consecrationis
2989 5692 3335 5768 prescriptaa
3366 5687 3553 5748 eccle-

115 5795 325 5865 ιθιιιιὰ
342 5790 897 5871 ipsamcontectam
920 5790 1046 5855 sive
1066 5790 1149 5854 sd
1167 5790 1372 5865 ipsum
1392 5790 1581 5858 altera
1598 5791 1772 5866 quod
1886 5789 2015 5863 sise,
2040 5794 2109 5850 ut
2148 5787 2428 5865 superius
2471 5789 3023 5846 commemoratum
3052 5787 3168 5855 est,
3194 5779 3428 5844 censuit
3453 5792 3556 5839 su-
