3944 6410
458 304 528 356 47

454 421 744 496 pradictis
767 421 1071 474 canonicis
1105 421 1162 468 et
1210 421 1311 466 Dei
1356 424 1543 465 servns
1595 421 1773 461 matri
1811 421 1870 460 et
1899 421 2120 457 seniori

456 508 713 570 civitatis
735 504 998 562 ecclesia
1038 499 1477 557 famulantibus
1509 496 1642 553 dari
1674 495 1749 550 de
1801 493 1932 565 jam
1963 488 2124 544 dicto

457 597 834 660 monasterio
861 592 1052 650 sancti
1086 588 1409 647 Salvatoris
1430 587 1504 642 de
1548 600 1709 658 pane
1737 582 1967 656 Optimo
1996 592 2126 633 mo-

454 692 589 747 dios
622 691 900 761 quatuor,
935 686 991 737 et
1043 680 1117 735 de
1164 679 1306 734 vino
1337 677 1566 749 optimo
1616 672 1854 730 modios
1883 675 2027 734 tres,
2069 680 2128 736 et

458 794 726 855 quarum
752 776 825 831 de
855 772 1095 846 potione
1125 769 1379 841 optima,
1407 765 1726 835 friscingas
1757 776 1899 817 vero
1921 769 2125 855 verve:

453 846 620 926 cinas
650 866 803 921 duas
854 866 910 917 et
960 859 1241 933 porcinas
1292 855 1559 911 similiter
1588 854 1765 908 duas.
1813 846 2124 905 Constituit

452 960 631 1016 etiam
684 958 749 1010 ut
773 955 905 1025 jam
962 948 1104 1005 dicti
1134 945 1410 1002 canonici
1464 942 1717 1016 pleniter
1745 944 1803 996 et
1840 937 2119 1025 decenter

448 1048 720 1103 venirent
769 1024 911 1097 eum
938 1036 1281 1111 psallentio,
1313 1034 1375 1089 id
1405 1037 1493 1088 est
1544 1046 1684 1087 cum
1738 1026 2015 1084 crucibus
2059 1024 2118 1077 et

447 1134 693 1208 reliquis
723 1128 941 1187 divinis
979 1124 1290 1197 obsequiis
1322 1127 1379 1178 et
1406 1118 1817 1208 ornamentis,
1838 1120 1903 1170 ut
1928 1114 2116 1208 decet,

446 1200 756 1284 nobilibus
790 1218 869 1274 ad
922 1230 1212 1287 vesperas
1244 1216 1301 1267 et
1328 1210 1564 1280 vigilias
1593 1209 1723 1279 jam
1761 1206 1934 1261 dicta
1966 1200 2119 1257 festi-

443 1313 644 1371 vitatis
674 1315 732 1366 et
772 1302 1167 1363 dedicationis
1216 1299 1452 1357 Domini
1494 1295 1817 1353 Salvatoris
1844 1296 1900 1349 et
1927 1290 2117 1363 ipsius

447 1397 803 1462 monasterii
826 1393 1111 1462 ecclesia,
1130 1392 1191 1447 in
1211 1406 1336 1463 qua
1366 1393 1486 1445 tam
1502 1382 1901 1459 vespertinale
1927 1395 2115 1453 quam

451 1498 509 1550 et
538 1485 891 1547 matutinale
946 1500 1056 1539 seu
1105 1480 1353 1537 missale
1404 1478 1669 1535 ofﬁcium
1718 1469 2115 1529 dedicationis

452 1577 744 1643 ecclesia,
775 1575 927 1630 sicut
949 1572 1011 1628 in
1042 1567 1511 1627 sacramentario
1540 1570 1598 1621 et
1626 1560 1971 1620 lectionario
1993 1558 2116 1614 sive

456 1664 880 1742 antiphonario
906 1667 1086 1735 atque
1131 1661 1194 1715 in
1242 1657 1468 1715 cateris
1500 1652 2117 1742 sanctorum_Pat_r_um

1558 279 1837 339 ALDRICI
1877 277 2010 333 CEN
2019 274 2119 331 OM
2128 267 2430 327 ΑΝΕΝὸΙὸ
2467 269 2622 327 ΕΡ18
2632 272 2788 328 COPI
3829 274 3885 331 ω

671 419 744 475 tis
767 414 1071 474 canonicis
1105 415 1162 468 et
1210 410 1311 466 Dei
1356 408 1543 465 servis
1595 404 1773 461 matri
1811 406 1870 460 et
1899 396 2120 457 seniori
2158 398 2205 452 Α
2234 393 2517 464 ecclesia,
2548 410 2737 467 quam
2769 393 2925 451 infra
2953 392 3283 450 claustrum
3313 392 3756 450 canonicorum
3777 395 3885 466 jam

2233 482 2427 539 dictus
2453 481 2724 539 Aldricus
2746 484 3069 556 episcopus
3088 498 3125 539 a
3149 498 3309 538 novo
3331 482 3693 552 construxit,
3712 483 3885 541 decre-

2233 574 2362 627 tum
2383 576 2473 628 est
2500 577 2564 627 ut
2592 572 2858 645 pradicti
2889 571 3162 630 canonici
3191 575 3248 627 et
3276 571 3467 644 ipsius
3510 572 3772 628 civitatis
3805 575 3885 630 Dei

2233 660 2388 716 servi
2417 665 2473 717 et
2499 662 2834 719 suburbani
2873 678 3084 719 omnes
3125 661 3463 734 presbyteri
3489 666 3550 717 et
3580 661 3784 718 clerici
3822 663 3883 718 ad

2230 749 2428 822 ipsam
2478 751 2916 807 solemnitatem
2951 750 3349 806 dedicationis
3399 750 3675 807 ecclesia
3718 754 3886 807 sancti

2234 839 2516 912 Stephani
2542 856 2721 897 mane
2747 840 2945 912 prima
2978 839 3236 896 revestiti
3258 840 3716 911 convenientes,
3730 856 3890 897 unus-

2228 928 2486 1001 quisque
2517 931 2798 986 sacerdos
2827 930 2889 985 in
2918 930 3051 1002 ipsa
3080 928 3332 985 ecclesia
3359 945 3471 1002 pro
3506 929 3723 987 anima
3752 946 3890 1002 pra-

2228 1017 2369 1073 dicti
2397 1018 2613 1075 Aldrici
2661 1019 2958 1091 pontiﬁcis
2984 1022 3180 1075 cantet
3211 1018 3463 1075 missam
3496 1035 3695 1075 unam
3725 1037 3741 1085 ;
3773 1022 3827 1075 et
3853 1028 3892 1083 si

2228 1107 2489 1179 amplius
2520 1108 2790 1175 voluerit,
2818 1109 2879 1164 in
2906 1108 3099 1180 ipsius
3130 1110 3240 1163 erit
3289 1107 3671 1177 benignitate
3718 1112 3778 1165 et
3804 1124 3892 1181 po-

2227 1200 2435 1253 testate
2464 1202 2530 1253 ut
2554 1197 2750 1254 faciat.
2777 1201 2845 1254 Et
2873 1198 3291 1271 unusquisque
3340 1196 3595 1254 clericus
3628 1197 3891 1271 psalmos

2226 1286 2702 1359 quinquaginta;
2733 1293 2791 1344 et
2821 1288 2868 1343 si
2900 1287 3161 1360 amplius
3189 1287 3460 1354 voluerit,
3489 1287 3553 1343 in
3577 1287 3779 1362 ipsius
3797 1288 3870 1344 eri

2225 1375 2591 1445 benignitate
2622 1381 2679 1433 et
2718 1376 3126 1433 misericordia
3174 1376 3300 1433 sine
3329 1377 3823 1434 remuneratione
3848 1381 3895 1433 et

2226 1470 2538 1537 potestate,
2571 1473 2810 1523 orantes
2854 1472 2912 1524 et
2962 1466 3356 1538 deprecantes
3388 1466 3632 1522 Domini
3662 1466 3891 1522 miseri-

2227 1555 2498 1611 cordiam
2528 1555 2748 1612 obnixe
2800 1559 2865 1612 ut
2892 1555 3098 1612 anima
3127 1555 3316 1628 ipsius
3356 1554 3580 1612 Aldrici
3638 1554 3895 1628 episcopi

2227 1643 2425 1716 quiete
2454 1648 2675 1701 aterna
2706 1644 2820 1701 frui
2835 1646 3050 1713 valeat,
3079 1649 3136 1701 et
3164 1645 3435 1717 requiem
3464 1646 3893 1719 sempiternam

455 1735 737 1817 institutis
786 1756 843 1809 et
869 1749 1304 1808 rationabiliter
1332 1744 1624 1803 ordinatis
1655 1758 1691 1798 a
1719 1737 2118 1814 prudentibus
2149 1754 2190 1808 Β
2229 1749 2353 1790 una
2382 1751 2520 1791 cum
2551 1736 2771 1791 sanctis
2800 1740 2857 1793 et
2910 1735 3109 1792 electis
3151 1735 3250 1791 Dei
3294 1736 3518 1792 habere
3573 1741 3893 1793 mereatur.

455 1850 680 1904 sancta
715 1842 817 1899 Dei
848 1840 1120 1897 Ecclesia
1169 1835 1499 1893 cultoribus
1531 1830 1848 1896 invenitur,
1882 1830 2118 1897 agatur,

453 1939 513 1992 et
541 1931 795 2007 pleniter
834 1929 1233 1997 decenterque
1263 1927 1321 1979 et
1346 1918 1775 2007 rationabiliter
1814 1919 1994 2007 atque
2026 1928 2122 2007 so:

448 2001 730 2091 lemniter
758 2032 882 2073 una
906 2031 1047 2070 cum
1077 2009 1392 2068 monachis
1414 2007 1640 2064 ibidem
1679 2001 2035 2091 degentibus
2066 2002 2124 2055 et

450 2088 707 2166 Domino
753 2100 1192 2161 famulantibus
1248 2096 1641 2154 devotissime
1697 2092 1776 2148 ab
1804 2088 2095 2148 omnibus

450 2196 859 2272 perﬁciantur,
880 2195 938 2247 et
965 2193 1107 2263 post
1132 2202 1422 2259 vesperas
1475 2184 1534 2239 in
1577 2180 1768 2272 ipsius
1788 2175 2121 2272 dedicatio-

449 2262 545 2342 nis
574 2281 778 2351 vigan
805 2262 1073 2353 pradicti
1126 2272 1400 2331 canonici
1427 2272 1489 2327 in
1533 2267 1842 2325 refectorio
1868 2280 2008 2320 cum
2038 2262 2124 2334 ip-

455 2375 535 2431 sis
564 2370 881 2429 monachis
913 2367 1096 2424 talem
1127 2363 1515 2421 refectionem
1568 2359 1720 2415 sicut
1766 2355 1880 2429 ipsi
1906 2368 2122 2409 mona-

451 2463 549 2519 chi
578 2476 704 2516 una
729 2473 871 2514 cum
900 2456 984 2512 eis
1013 2453 1300 2510 habeant.
1332 2450 1506 2507 Missa
1557 2462 1699 2503 vero
1748 2442 2013 2500 crastina
2058 2439 2121 2493 in

452 2550 550 2605 die
581 2548 773 2620 ipsius
804 2541 1201 2600 solemnitatis
1228 2538 1517 2595 canonice
1550 2539 1606 2591 et
1648 2531 1991 2589 solemniter
2018 2545 2120 2620 pe:

455 2614 644 2702 racta,
678 2633 902 2689 faciant
929 2629 1045 2702 ipsi
1080 2626 1358 2685 canonici
1406 2629 1608 2679 utrum
1651 2621 1975 2693 episcopus
2024 2614 2120 2671 vel

456 2724 735 2793 magistri
764 2736 973 2777 eorum
1005 2717 1220 2773 melius
1272 2720 1331 2771 et
1358 2710 1774 2770 rationabilius
1816 2707 2123 2779 judicave-

456 2814 599 2880 rint,
631 2818 735 2868 aut
762 2812 822 2867 in
854 2811 986 2883 ipso
1017 2805 1384 2864 monasterio
1415 2802 1685 2859 reﬁciant
1715 2798 1985 2872 pleniter,
2018 2800 2122 2852 aut

457 2902 744 2977 pradicta
776 2898 1077 2971 stipendia
1109 2896 1185 2952 ad
1233 2910 1441 2949 eorum
1480 2888 1875 2977 refectorium,
1909 2884 2119 2940 famuli

456 2976 671 3051 eorum
696 2989 988 3057 deferant,
1018 2987 1081 3044 in
1102 3001 1225 3059 quo
1254 2988 1311 3039 et
1335 2982 1448 3056 ipsi
1477 2978 1727 3054 pleniter
1755 2981 1813 3033 et
1840 2976 2119 3032 decenter

455 3081 745 3150 reﬁciant,
795 3079 1064 3135 latentes
1092 3074 1320 3148 quippe
1370 3074 1428 3128 et
1472 3068 1804 3139 gaudentes
1842 3064 1917 3122 de
1968 3080 2118 3137 pra-
2154 3108 2194 3163 Ο

454 3170 615 3227 dicta
640 3166 1036 3226 solemnitate.
1220 3254 1260 3308 Χ
1290 3253 1329 3307 Χ

1267 3256 1283 3307 1

1267 3256 1349 3308 IX.

529 3348 840 3407 Constituit
867 3346 1050 3402 etiam
1096 3341 1416 3415 praedictus
1444 3337 1743 3405 Aldricus,
1778 3335 1910 3406 jam
1940 3332 2111 3389 dicta

457 3438 714 3496 civitatis
742 3436 1085 3507 episcopus,
1117 3436 1176 3486 et
1200 3429 1503 3485 humiliter
1520 3427 1884 3497 [deprecatus
1914 3426 2023 3492 est,
2051 3425 2116 3477 ut

450 3531 517 3587 in
548 3525 808 3600 praﬁxa
833 3520 1226 3577 solemnitatis
1257 3518 1352 3572 die
1382 3514 1801 3586 unusquisque
1831 3518 1958 3569 tam
1978 3510 2117 3600 civis

456 3598 593 3673 tatis
641 3611 922 3669 sacerdos
945 3624 1135 3682 quam
1164 3611 1222 3663 et
1275 3604 1663 3661 suburbanus
1712 3603 1835 3656 sive
1884 3598 2115 3672 prafati

456 3701 804 3761 monasterii
851 3698 1167 3773 presbyter
1217 3710 1405 3750 unam
1457 3692 1819 3757 decantaret,
1849 3684 1998 3744 dum
2053 3688 2115 3743 in

454 3792 733 3868 prasenti
782 3787 1259 3864 peregrinatione
1304 3783 1533 3852 vixerit,
1585 3798 1696 3855 pro
1743 3797 1815 3836 eo
1878 3779 2114 3834 vivente

453 3884 725 3951 missam,
751 3885 886 3954 post
916 3878 1149 3935 obitum
1188 3889 1433 3948 quoque
1459 3872 1613 3943 ejus,
1641 3870 1890 3943 quando
1918 3868 2115 3924 Domi-

450 3988 567 4029 nus
590 3970 861 4037 voluerit,
895 3966 1163 4023 similiter
1194 3962 1497 4019 constituit
1544 3965 1600 4016 et
1630 3958 1973 4032 suppliciter
2011 3957 2113 4013 de-

451 4064 731 4134 precatus
758 4062 867 4123 est,
900 4061 1079 4128 atque
1112 4069 1233 4109 una
1263 4067 1401 4108 cum
1439 4053 1523 4105 eis
1553 4048 1774 4121 pariter
1803 4046 2001 4103 sanxit
2048 4052 2117 4104 ut

449 4165 561 4221 pro
590 4146 791 4203 anima
839 4146 969 4215 ejus
1018 4140 1284 4215 pradicti
1319 4138 1658 4195 sacerdotes
1697 4136 1760 4193 in
1794 4136 1923 4207 jam
1952 4136 2111 4193 dicta

450 4238 546 4293 die
598 4236 918 4291 decantent
965 4230 1347 4287 devotissime
1387 4226 1805 4299 unusquisque
1858 4224 2109 4281 missam

449 4343 659 4391 unam,
691 4330 746 4381 et
776 4324 1041 4395 reliquus
1070 4320 1282 4386 clerus,
1309 4318 1505 4375 cuncti
1525 4316 1796 4372 videlicet
1823 4315 2108 4371 monachi

448 4421 505 4471 et
550 4414 845 4480 canonici,
890 4409 1305 4483 unusquisque
1354 4407 1623 4480 psalmos
1664 4405 2108 4478 quinquaginta

444 4503 826 4561 devotissime
879 4501 1175 4567 decantet,
1220 4502 1458 4554 orantes
1487 4510 1751 4567 namque
1785 4494 2105 4550 Dominum

442 4594 576 4650 cali
607 4597 671 4649 ut
696 4593 882 4648 vitam
912 4590 1138 4647 habere
1168 4586 1490 4660 praedictus
1512 4584 1781 4640 Aldricus
1807 4588 2108 4640 mereatur

440 4683 895 4756 sempiternam.
928 4683 1108 4735 Porro
1139 4675 1405 4731 similiter
1434 4674 1738 4730 constituit
1787 4678 1853 4728 ut
1903 4673 1967 4728 in
2007 4672 2103 4728 die

436 4790 497 4829 ιι
526 4774 648 4829 Cal.
682 4776 927 4828 Januar.
953 4764 1347 4824 dedicationis
1381 4764 1586 4820 matris
1618 4767 1675 4818 et
1717 4762 1965 4819 senioris
2014 4778 2107 4819 ec-

435 4863 627 4918 clesia
657 4861 911 4919 civitatis
944 4858 1286 4915 sacerdotes
1318 4859 1374 4910 et
1398 4854 1591 4909 clerici
1615 4853 1834 4908 missas
1855 4858 1913 4909 et
1940 4854 2102 4926 psal-

435 4952 641 5006 modia
659 4952 809 5008 sicut
828 4956 886 5006 et
915 4951 976 5005 in
998 4946 1376 5005 dedicatione
1397 4943 1664 5000 ecclesia
1686 4942 1883 4999 Sancti
1903 4942 2105 4999 Salva-

435 5039 577 5093 toris
602 5039 731 5108 jam
794 5038 934 5093 dicti
985 5035 1337 5094 monasterii
1386 5049 1497 5106 pro
1544 5031 1780 5087 Aldrico
1813 5032 2101 5105 episcopo

432 5126 872 5182 studiosissime
921 5126 1257 5190 decantent,
1290 5124 1352 5179 id
1395 5126 1505 5193 est,
1538 5122 1956 5194 unusquisque
2008 5136 2100 5177 sa-

431 5216 644 5272 cerdos
683 5216 939 5271 missam
986 5231 1176 5269 unam
1206 5213 1301 5269 vel
1330 5230 1401 5268 eo
1437 5212 1723 5284 amplius,
1760 5211 1807 5266 si
1857 5210 2099 5267 libuerit

427 5308 486 5359 et
512 5306 929 5379 unusquisque
961 5303 1209 5359 clericus
1238 5302 1508 5374 psalmos
1540 5301 1986 5374 quinquaginta
2036 5303 2094 5357 et

430 5406 505 5446 eo
538 5395 822 5464 amplius,
857 5394 906 5449 si
937 5392 1250 5466 placuerit,
1307 5395 1548 5447 orantes
1605 5395 1663 5446 et
1698 5390 2093 5463 deprecantes

428 5481 752 5540 Dominum
782 5483 910 5537 cali
956 5488 1022 5538 ut
1070 5482 1278 5538 anima
1317 5480 1505 5552 ipsius
1554 5480 1677 5536 vita
1727 5480 2094 5552 sempiterna

422 5570 650 5646 perfrui
679 5573 736 5625 et
757 5570 962 5641 requie
988 5576 1212 5628 aterna
1240 5574 1559 5630 mereatur.
1593 5574 1803 5625 Amen.

1202 5663 1305 5715 XX.

497 5747 771 5807 Similiter
799 5763 943 5818 ergo
974 5750 1031 5802 et
1066 5746 1129 5802 in
1154 5746 1533 5803 dedicatione
1582 5744 1773 5802 sancti
1801 5741 2088 5820 Stephani

2230 1824 2447 1881 Amen.

2999 1917 3127 1971 XXI.

2307 2004 2512 2061 Sanxit
2536 2020 2781 2079 quoque
2811 2003 3147 2061 antedictus
3178 2003 3443 2060 domnus
3468 2003 3759 2061 Aldricus
3787 2002 3897 2076 epi-

2234 2109 2454 2166 scopus
2480 2110 2603 2150 una
2634 2111 2773 2150 cum
2817 2093 3101 2150 fratribus
3130 2097 3188 2149 et
3214 2093 3589 2167 coepiscopis
3619 2110 3699 2151 ac
3723 2110 3893 2151 cano-

2232 2183 2381 2238 nicis
2412 2200 2535 2240 sua
2566 2184 2722 2239 sedis
2752 2183 3036 2247 ecclesia,
3070 2183 3475 2240 consideravit
3497 2187 3562 2240 ut
3588 2183 3657 2239 in
3683 2182 3785 2239 die
3811 2199 3894 2239 or-

2232 2272 2556 2329 dinationis
2576 2274 2627 2345 ej
2637 2290 2706 2328 us
2732 2289 2944 2329 omnes
2962 2271 3296 2344 presbyteri
3316 2276 3440 2328 tam
3468 2271 3696 2329 urbani
3717 2288 3893 2345 quam

2232 2365 2290 2417 et
2305 2362 2658 2431 suburbani,
2704 2362 2830 2418 sive
2857 2360 3309 2417 monasteriales
3340 2360 3743 2435 reliquusque
3789 2360 3894 2417 cle-

2228 2466 2334 2506 rus
2363 2450 2443 2507 ad
2470 2467 2753 2524 vesperas
2777 2455 2835 2507 et
2861 2450 3093 2517 vigilias
3140 2450 3330 2523 ipsius
3360 2450 3721 2521 festivitatis,
3755 2451 3894 2506 sicut

2229 2539 2292 2595 in
2318 2540 2598 2597 natalitiis
2627 2541 3049 2613 episcoporum
3079 2540 3469 2596 constitutum
3498 2544 3588 2596 est
3617 2539 3893 2597 solemni-

2229 2633 2318 2685 ter
2342 2646 2542 2699 agere,
2577 2631 2799 2704 pariter
2847 2634 2905 2686 et
2939 2628 3281 2686 solemniter
3305 2631 3724 2697 convenirent,
3758 2635 3815 2685 et
3840 2629 3893 2684 in

2231 2718 2364 2791 ipsa
2392 2720 2591 2775 ofﬁcia
2617 2719 2963 2776 solemniter
2990 2736 3132 2775 cum
3162 2719 3307 2791 ipsis
3336 2719 3648 2775 canonicis
3706 2724 3764 2775 et
3795 2718 3891 2773 de-

2227 2808 2530 2864 votissime
2555 2813 2927 2881 peragerent,
2960 2814 3017 2864 et
3044 2813 3184 2881 post
3211 2824 3498 2881 vesperas
3523 2814 3807 2881 peractas
3838 2808 3891 2863 in

2226 2897 2539 2953 refectorio
2588 2913 2711 2954 una
2742 2913 2880 2953 cum
2908 2897 3098 2969 ipsius
3127 2896 3394 2953 ecclesia
3445 2897 3762 2954 canonicis
3816 2902 3893 2952 ter

2226 2985 2521 3056 biberent,
2549 2991 2607 3043 et
2635 2987 2713 3043 ad
2746 2991 3073 3043 nocturnas
3094 2986 3191 3042 vel
3223 2986 3302 3042 ad
3347 2987 3682 3043 matutinas
3708 2985 3890 3060 pleni-

2226 3079 2315 3131 ter
2358 3082 2567 3149 postea
2594 3077 2883 3143 venirent,
2915 3080 2973 3131 et
3001 3075 3421 3132 matutinalem
3453 3076 3747 3148 synaxim
3778 3090 3893 3131 una

2224 3181 2364 3222 cum
2394 3166 2538 3239 ipsis
2567 3165 2874 3223 canonicis
2904 3165 3248 3222 solemniter
3288 3170 3347 3223 et
3391 3165 3680 3222 decenter
3726 3181 3891 3239 pera-

2224 3259 2449 3325 gerent.
2482 3256 2545 3311 In
2574 3255 2763 3328 ipsius
2784 3255 3009 3329 quippe
3037 3254 3429 3312 solemnitatis
3457 3254 3555 3311 die
3582 3254 3893 3311 constituit

2222 3349 2403 3417 atque
2453 3346 2652 3401 sanxit
2706 3360 2829 3401 una
2884 3360 3024 3401 cum
3078 3344 3535 3418 sapientissimis
3592 3344 3893 3418 episcopis

2224 3440 2408 3507 atque
2452 3434 2868 3491 sacerdotibus
2894 3439 2959 3490 ut
2986 3450 3167 3491 mane
3216 3435 3415 3508 prima
3443 3450 3661 3491 omnes
3695 3450 3889 3492 sacer-

2221 3525 2391 3581 dotes
2413 3529 2534 3581 tam
2560 3524 2776 3581 urbani
2796 3541 2984 3597 quam
3011 3528 3068 3581 et
3088 3524 3424 3581 suburbani
3448 3525 3717 3581 revestiti
3742 3524 3892 3581 infra

2222 3615 2420 3687 ipsam
2446 3620 2701 3671 matrem
2723 3619 2780 3670 et
2810 3615 3105 3671 seniorem
3132 3614 3447 3671 ecclesiam
3478 3615 3888 3681 convenirent,

2222 3708 2280 3758 et
2304 3703 2569 3776 reliquus
2599 3704 2789 3759 clerus
2820 3719 2943 3759 una
2972 3719 3111 3759 cum
3158 3703 3244 3759 eis
3269 3703 3573 3772 adveniat,
3607 3708 3670 3760 et
3702 3719 3890 3760 unus-

2221 3791 2477 3864 quisque
2510 3792 2822 3865 presbyter
2850 3808 2960 3865 pro
2985 3792 3115 3863 jam
3145 3791 3303 3848 dicto
3339 3791 3579 3848 Aldrico
3607 3792 3889 3865 pontiﬁce

2221 3880 2441 3936 missas
2471 3880 2852 3937 devotissime
2883 3880 3157 3937 decantet
3182 3884 3323 3949 tres,
3375 3886 3429 3936 et
3467 3882 3889 3955 unusquisque

2223 3968 2472 4025 clericus
2501 3985 2611 4041 pro
2648 3986 2712 4025 se
2743 3969 3091 4042 psalterium
3122 3968 3400 4026 decantet
3428 3985 3646 4039 unum,
3681 3974 3790 4027 aut
3816 3969 3888 4024 si-

2221 4056 2349 4113 mul
2369 4057 2566 4113 omnis
2597 4057 2789 4113 clerus
2811 4074 2982 4114 versa
2997 4058 3125 4114 vice
3152 4074 3346 4114 unum
3376 4057 3657 4115 decantet
3670 4058 3734 4114 in
3758 4058 3892 4114 cbo-

2218 4160 2289 4201 ro
2330 4145 2717 4219 psalterium;
2774 4146 2904 4203 hac
2947 4163 3089 4203 vero
3117 4146 3318 4203 ofﬁcia
3345 4150 3405 4203 et
3431 4146 3765 4203 missarum
3795 4162 3888 4203 so-

2216 4234 2442 4291 lemnia
2468 4251 2578 4308 pro
2598 4234 2834 4291 Aldrico
2850 4235 3175 4292 venerabili
3192 4236 3477 4309 episcopo
3498 4235 3887 4292 devotissime

2216 4324 2537 4396 completa,
2553 4324 2729 4380 simul
2746 4340 2956 4380 omnes
2983 4324 3063 4381 ad
3083 4325 3418 4394 legitimum
3439 4328 3496 4380 et
3519 4326 3887 4381 canonicum

2216 4416 2456 4487 tempus
2480 4413 2542 4468 in
2572 4412 2883 4485 publicum
2914 4417 2970 4470 et
2997 4413 3264 4470 solemne
3292 4413 3592 4470 introeant
3617 4413 3887 4470 ofﬁcium

2215 4501 2367 4557 sicut
2404 4502 2465 4557 in
2518 4501 2799 4557 natalitiis
2846 4502 3201 4574 pontiﬁcum
3241 4501 3436 4558 facere
3491 4502 3886 4559 constitutum

2214 4594 2319 4646 est.
2356 4591 2496 4647 Post
2533 4594 2735 4647 actum
2761 4606 3006 4663 quoque
3036 4590 3350 4664 publicum
3382 4594 3565 4664 atque
3615 4589 3886 4646 solemne

2221 4678 2507 4747 omcium,
2542 4679 2723 4735 simul
2748 4684 2872 4736 tam
2902 4680 3017 4752 ipsi
3063 4679 3337 4737 canonici
3359 4695 3545 4752 quam
3579 4684 3640 4736 et
3669 4696 3886 4736 omnes

2215 4768 2410 4825 clerici
2439 4768 2518 4824 ad
2541 4768 2825 4841 pradicta
2850 4768 3049 4825 ofﬁcia
3070 4768 3421 4842 peragenda
3450 4768 3884 4825 convenientes

2213 4857 2274 4914 in
2304 4857 2680 4914 refectorium
2700 4858 2923 4931 pariter
2951 4863 3007 4914 et
3027 4857 3389 4915 sufﬁcienter
3405 4856 3884 4931 solemniterque

2211 4947 2481 5004 reficiant
2510 4947 2585 5003 de
2615 4947 2944 5021 prabenda
2971 4963 3109 5020 qua
3132 4948 3240 5017 eis,
3260 4946 3340 5003 ad
3367 4945 3661 5020 pradicta
3678 4946 3884 5003 ofﬁcia

2209 5036 2560 5110 peragenda
2586 5041 2644 5093 et
2667 5036 2745 5093 ad
2767 5037 2957 5110 ipsam
2984 5036 3421 5093 solemnitatem
3443 5035 3882 5109 complendam

2208 5141 2246 5182 a
2292 5126 2536 5198 prafixo
2581 5126 2817 5181 Aldrico
2846 5125 2989 5181 dare
3020 5124 3095 5181 de
3123 5124 3264 5182 villa
3292 5126 3467 5197 cujus
3496 5124 3882 5181 vocabulum

2207 5219 2298 5271 est
2348 5214 2636 5271 Buxarias
2683 5214 2990 5271 decretum
3040 5218 3147 5282 est,
3207 5214 3360 5270 sicut
3402 5214 3464 5269 in
3515 5217 3882 5271 testamento

2203 5302 2281 5359 de
2310 5303 2445 5375 ipsa
2473 5303 2612 5359 villa
2638 5303 2921 5359 fratribus
2965 5317 3004 5360 a
3027 5302 3321 5375 jamdicto
3371 5301 3615 5358 Aldrico
3643 5304 3883 5375 episco-

2209 5406 2291 5464 po
2315 5390 2565 5464 prafato
2589 5396 2646 5448 et
2673 5392 2733 5447 in
2760 5407 2831 5448 eo
2862 5392 3083 5464 scripto
3129 5396 3310 5465 atque
3334 5391 3575 5448 ﬁrmato
3607 5405 3645 5447 a
3671 5392 3881 5447 multis

2203 5480 2503 5553 episcopis
2552 5481 2939 5538 constitutum
2969 5485 3076 5537 est.
3108 5481 3395 5537 Pradicta
3419 5494 3564 5537 vero
3582 5478 3879 5537 festivitas

2204 5574 2264 5626 et
2288 5570 2589 5627 antedicta
2617 5570 2857 5627 refectio
2887 5572 3138 5628 fratrum
3166 5587 3302 5643 qua
3327 5570 3513 5627 modo
3562 5569 3771 5639 agitur
3815 5570 3879 5626 in

2203 5674 2280 5716 xu
2304 5659 2706 5717 Calendarum
2757 5661 3182 5717 Ianuariarum
3212 5659 3331 5721 die,
3356 5675 3495 5732 qua
3538 5663 3597 5715 et
3618 5674 3751 5716 una
3780 5658 3876 5715 die

2204 5747 2563 5821 anticipatur
2575 5753 2819 5823 propter
2836 5748 3279 5807 dedicationem
3296 5748 3562 5823 praﬁxa
3577 5748 3798 5807 matris
3816 5752 3877 5805 et
