3944 6426
69 289 133 344 40

1890 326 1892 333 ,
3065 349 3070 357 _
3424 283 3492 335 so

70 405 287 466 senioris
321 402 567 460 civitatis
604 402 890 475 ecclesiae,
927 403 1240 461 decretum
1271 407 1329 461 et
1357 402 1701 460 considera-
1735 407 1783 461 Α
1816 405 2154 462 suburbani
2170 407 2294 463 sive
2308 405 2763 462 monasteriales
2775 406 2950 477 juxta
2968 404 3180 461 urbem
3200 403 3491 473 degentes

69 505 174 557 tum
197 501 277 552 est
311 510 345 550 a
369 492 659 564 jamdicto
691 492 930 549 Aldrico
960 494 1248 567 episcopo
1265 499 1321 549 et
1339 509 1375 549 a
1404 491 1702 565 przediotis

67 587 262 644 sanctis
283 582 652 656 coepiscopis
673 586 732 638 et
771 583 898 639 suis
937 584 1355 640 sacerdotibus
1375 588 1433 638 et
1458 581 1702 637 canoni-

66 679 138 736 cis
181 672 456 732 universis
493 678 558 729 ut
588 672 981 730 transferatur
1009 675 1072 730 in
1099 674 1262 730 diem
1307 671 1701 746 depositionis

67 765 329 838 ejusdem,
357 761 605 835 quando
625 777 768 817 eum
799 762 1089 818 Dominus
1114 762 1191 818 de
1211 763 1328 819 hoc
1344 760 1564 818 saeculo
1593 776 1701 817 vo-

67 871 182 913 care
211 852 482 919 voluerit;
525 856 584 908 et
624 852 687 908 in
713 852 849 924 ipsa
878 853 976 908 die
1023 857 1242 924 agatur
1289 857 1413 910 tam
1459 850 1700 908 refectio

64 946 314 1022 praedicta
358 959 546 1016 quam
599 948 658 1000 et
704 943 1009 1001 antedicta
1057 944 1430 1011 solemnitas,
1465 947 1700 1000 tantum

66 1037 203 1092 enim
223 1039 283 1090 ut
295 1034 427 1103 hoc,
450 1032 619 1106 quod
635 1032 820 1089 modo
843 1050 956 1106 pro
980 1035 1120 1090 vino
1137 1033 1200 1090 in
1223 1033 1423 1090 missis
1439 1037 1497 1089 et
1541 1030 1699 1106 psal-

64 1125 256 1182 modiis
285 1129 340 1180 et
367 1123 592 1178 caeteris
621 1123 995 1179 orationibus
1044 1128 1104 1180 et
1148 1123 1525 1180 caeremoniis
1571 1121 1698 1192 agi-

64 1222 160 1281 tur,
215 1219 346 1270 tunc
393 1229 506 1286 pro
554 1212 837 1269 defuncto
869 1212 1160 1284 similiter,
1186 1217 1244 1270 et
1267 1213 1554 1286 praedicto
1585 1227 1699 1268 nu-

63 1321 207 1361 mero
222 1302 560 1376 adimpleto,
593 1302 653 1358 id
683 1307 788 1371 est,
809 1304 1230 1376 unusquisque
1245 1303 1530 1360 sacerdos
1556 1302 1701 1358 mis-

65 1412 144 1451 sas
171 1400 279 1450 tres
296 1392 714 1466 unusquisque
747 1392 1002 1449 clericus
1019 1393 1370 1466 psalterium
1402 1409 1614 1459 unum,
1641 1391 1702 1446 in

63 1484 140 1538 die
163 1481 540 1556 depositionis
559 1483 689 1553 ejus
705 1485 920 1551 agatur
940 1497 1052 1555 pro
1082 1481 1366 1538 defuncto
1389 1480 1704 1554 episcopo.

64 1579 109 1630 et
133 1579 258 1629 tunc
286 1573 705 1645 unusquisque
735 1572 1014 1628 devotius
1065 1576 1122 1630 et
1153 1572 1482 1628 solemnius
1525 1586 1702 1641 agere

64 1667 233 1734 certet,
250 1662 387 1736 quia
416 1663 618 1733 major
645 1663 975 1719 necessitas
998 1667 1088 1718 est
1117 1666 1259 1719 tunc
1289 1678 1479 1736 quam
1509 1677 1704 1730 nunc;

1814 500 1872 552 et
1901 512 2115 552 omnes
2139 497 2486 552 sacerdotes
2517 495 2672 552 infra
2703 496 2868 551 illam
2897 497 3376 558 commanentes,
3411 492 3490 548 ad

1812 586 2130 658 praedictas
2161 603 2265 642 sex
2287 587 2632 643 festivitates
2673 586 2953 642 decenter
2981 589 3037 640 et
3066 583 3320 638 revestiti
3351 598 3490 638 con-

1809 676 2098 745 venirent,
2118 676 2180 732 id
2210 681 2298 732 est
2314 693 2454 732 xvm
2479 675 2723 733 Calend.
2753 673 3217 747 Septembrium,
3237 672 3488 745 quando

1809 765 2103 823 festivitas
2128 766 2570 839 Assumptionis
2601 771 2821 821 sanctae
2841 764 2940 820 Dei
2973 762 3272 834 genitricis
3295 762 3486 818 Mariae

1811 854 2165 924 celebratur,
2211 860 2268 912 ct
2296 856 2358 910 in
2383 855 2692 911 festivitate
2724 852 3192 910 consecrationis
3213 851 3487 907 occiden-

1810 945 1942 1002 talis
1960 945 2146 1018 partis
2170 946 2380 1002 matris
2399 950 2456 1000 et
2477 944 2726 1000 senioris
2749 943 3002 999 civitatis
3033 941 3315 1007 eculesiae,
3347 957 3485 1013 qum

1811 1039 1904 1092 est
1949 1051 2008 1091 xr
2056 1034 2176 1090 Cal.
2209 1035 2522 1100 Juliarum,
2557 1039 2614 1089 et
2642 1034 2704 1088 in
2731 1032 3045 1088 festivitate
3092 1029 3485 1085 dedicationis

1808 1124 2070 1181 ecclesiae
2125 1125 2322 1182 Sancti
2341 1123 2664 1180 Salvatoris
2689 1122 2843 1178 infra
2871 1120 3304 1177 monasterium
3335 1135 3487 1179 mo--

1811 1215 2149 1272 nachorum
2169 1214 2337 1288 quod
2364 1213 2632 1268 Aldricus
2647 1211 3027 1284 supradictus
3049 1209 3369 1281 episcopus
3393 1225 3466 1264 su

1811 1319 1924 1378 pra
1950 1303 2205 1360 fluvium
2240 1303 2464 1361 Sarthae
2488 1318 2524 1358 a
2550 1317 2711 1357 novo
2739 1299 3028 1365 fundavit,
3051 1299 3181 1353 etin
3207 1314 3329 1369 quo
3357 1313 3484 1352 mo-

1814 1395 2046 1451 nachos
2064 1393 2336 1450 habitare
2368 1396 2424 1449 et
2446 1391 2797 1461 regulariter
2826 1389 3023 1444 vivere
3073 1385 3398 1454 constituit,
3426 1390 3484 1441 et

1815 1483 1877 1539 in
1908 1483 2220 1539 festivitate
2270 1481 2620 1538 sacrationis
2673 1478 2936 1536 ecclesiae
2971 1475 3168 1533 Sancti
3198 1474 3482 1546 Stephani

1818 1589 2004 1646 quam
2012 1573 2032 1644 j
2043 1588 2143 1628 am
2155 1572 2352 1628 dictus
2362 1570 2635 1626 Aldricus
2653 1569 2974 1641 episcopus
2986 1567 3140 1621 intra
3153 1563 3480 1619 claustrum

1819 1662 2252 1721 canonicorum
2283 1677 2320 1718 a
2353 1676 2514 1716 novo
2564 1658 2861 1723 fundavit,
2917 1671 3054 1728 quae
3087 1659 3175 1710 est
3201 1670 3233 1707 v
3266 1651 3479 1707 Iduum

63 1753 320 1826 quoniam
367 1757 424 1808 et
457 1752 695 1809 amicus
725 1755 786 1809 in
818 1753 940 1809 vita
968 1753 1073 1826 qui
1129 1757 1270 1827 post
1295 1757 1553 1809 mortem
1581 1751 1709 1807 ani-
1738 1765 1779 1820 Β
1818 1752 2266 1822 Novembrium,
2316 1754 2373 1807 et
2401 1751 2462 1806 in
2488 1748 2801 1806 festivitate
2852 1743 3100 1802 natalitii
3132 1741 3361 1816 przefati
3389 1741 3481 1796 Al-

63 1859 201 1898 mam
224 1841 375 1898 illius
398 1858 526 1898 non
557 1841 771 1912 diligit,
803 1846 860 1898 et
906 1858 1018 1914 pro
1048 1859 1119 1899 ea
1149 1858 1321 1899 orare
1351 1857 1475 1898 non
1502 1846 1704 1909 certat,

64 1937 214 2003 atque
239 1947 343 2004 pro
386 1931 597 2004 requie
627 1933 758 1999 ejus
788 1947 962 1988 orare
1012 1935 1070 1988 et
1099 1936 1326 1988 certare
1371 1931 1621 2002 negligit
1651 1936 1706 1988 et

64 2021 402 2092 dedignatur.
439 2024 541 2076 Est
573 2037 842 2094 namque
898 2037 936 2078 a
991 2020 1252 2094 praeﬁxis
1288 2021 1703 2077 sacerdotibus

66 2114 109 2164 et
135 2110 220 2165 Dei
241 2109 418 2166 servis
448 2109 903 2167 consideratum
928 2113 986 2166 et
1014 2110 1323 2166 decretum
1354 2115 1419 2166 ut
1446 2109 1703 2182 quisque

65 2197 172 2254 Ι]ωο
198 2199 555 2272 praeterierit,
589 2203 696 2256 aut
723 2200 896 2271 cujus
943 2200 1311 2271 negligentia
1335 2198 1702 2273 praetermis-

66 2304 176 2343 sum
214 2287 396 2355 fuerit,
459 2289 588 2345 sive
646 2288 708 2345 in
765 2289 972 2346 danda
1015 2289 1310 2362 praedicta
1349 2287 1698 2362 praebenda,

50 2393 148 2433 seu
189 2378 244 2434 in
307 2379 681 2452 peragendis
752 2380 1054 2452 praedictis
1141 2379 1374 2448 ofﬁciis,
1435 2383 1500 2435 ut
1556 2382 1695 2435 ante

65 2468 286 2526 tribunal
309 2469 556 2526 districti
603 2469 825 2542 judicis
864 2471 1082 2527 reddat
1111 2487 1184 2526 ex
1232 2471 1348 2527 hoc
1377 2469 1698 2536 rationem,

67 2562 109 2611 et
131 2558 198 2613 ibi
223 2561 576 2616 sententiam
609 2577 788 2616 suam
830 2561 1112 2634 accipiat.
1151 2559 1372 2629 Videte,
1403 2558 1616 2614 fratres
1647 2563 1704 2614 et

69 2648 221 2704 sancti
244 2665 618 2706 successores
651 2649 945 2706 antedicti
999 2649 1288 2723 episcopi.
1341 2652 1408 2703 ut
1434 2648 1550 2703 hoc
1597 2648 1700 2703 de-

67 2744 252 2794 cretum
275 2756 392 2796 non
423 2739 766 2811 negligatis,
797 2740 904 2797 sed
937 2741 1133 2811 magis
1163 2739 1496 2813 adimplere
1581 2742 1704 2794 stu-

65 2825 217 2882 deatis
241 2847 253 2895 ;
275 2829 530 2902 qualiter
554 2845 679 2886 non
700 2829 1112 2886 damnationis
1154 2846 1390 2901 paenam
1424 2830 1549 2896 sed,
1612 2844 1702 2884 re-

66 2916 354 2974 tributionis
385 2919 716 2992 praemium
740 2919 802 2976 in
817 2924 1108 2976 aeternum
1138 2921 1447 2993 percipere
1502 2917 1698 2976 valea-

65 3005 133 3060 tis.
160 3010 355 3066 Amen.

119 3098 358 3167 Oremus,
401 3099 646 3170 fratres,
707 3103 773 3156 ut
817 3098 1105 3156 Dominus
1168 3099 1390 3155 animae
1427 3098 1699 3162 przedicti
1729 3129 1770 3185 ρ

64 3187 264 3255 pontiﬁs
291 3189 518 3246 Aldrici
546 3189 771 3246 tribuat
817 3190 1026 3264 primm
1063 3189 1531 3246 resurectionnis
1565 3204 1699 3262 par-

64 3279 172 3343 tem,
202 3283 251 3333 et
272 3279 448 3336 vitam
479 3279 542 3336 ei
581 3279 806 3336 habere
853 3279 1147 3336 concedat
1177 3279 1238 3335 in
1269 3279 1457 3348 caelis,
1488 3279 1594 3334 ubi
1644 3283 1701 3335 et

65 3363 212 3431 gloria
235 3374 446 3426 (eterna
459 3368 698 3443 perfrui
709 3385 833 3426 una
853 3385 994 3425 cum
1008 3369 1231 3425 sanctis
1264 3369 1366 3424 Dei
1411 3374 1591 3424 mtern
1601 3367 1702 3424 ali-

67 3456 130 3508 ter
152 3463 446 3529 mereatur,
473 3459 621 3532 ipso
651 3458 1037 3532 dispensante
1058 3463 1116 3514 et
1159 3458 1457 3513 tribuente
1487 3457 1591 3529 qui
1613 3457 1698 3512 vi-

69 3542 128 3596 vit
149 3549 198 3600 et
245 3553 448 3616 regnat
473 3563 624 3604 cum
683 3547 802 3604 Deo
850 3549 1016 3603 Patre
1063 3546 1125 3602 in
1155 3546 1381 3602 unitate
1450 3544 1702 3617 Spiritus

69 3633 219 3690 sancti
243 3651 342 3708 per
363 3637 602 3694 infinita
627 3636 990 3693 saeculorum
1020 3635 1262 3692 saecula.
1296 3639 1514 3691 Amen.

778 3766 928 3820 XXII.

124 3868 363 3928 Similiter
409 3873 598 3930 etiam
639 3871 702 3928 in
731 3871 1044 3928 festivitate
1090 3870 1310 3928 dedica
1325 3869 1502 3927 tionis
1534 3870 1697 3926 occi-

71 3955 275 4050 dentalis
299 3963 482 4035 partis
512 3962 730 4020 matris
756 3965 813 4018 et
836 3961 1086 4018 senioris
1111 3960 1367 4016 civitatis
1407 3957 1694 4028 ecclesias,

72 4046 115 4100 in
137 4063 240 4119 qua
257 4050 434 4108 altare
468 4051 669 4109 sancti
691 4050 940 4108 Joannis
983 4049 1283 4106 contruxit
1313 4053 1370 4104 et
1398 4048 1514 4105 alia
1544 4046 1693 4103 alta-

73 4137 133 4190 ria
152 4139 263 4208 tria,
281 4141 470 4200 facere
503 4141 771 4200 censuit:
800 4141 864 4197 id
894 4144 987 4197 est
1012 4144 1079 4196 ut
1107 4138 1498 4211 unusquique
1529 4148 1694 4210 pres-

73 4222 205 4295 hfter
230 4234 344 4288 tam
394 4232 696 4302 urbanus,
751 4247 940 4305 quam
992 4234 1050 4287 et
1104 4227 1518 4290 suburbanus,
1574 4226 1699 4282 sive

74 4319 226 4375 cuncti
252 4321 712 4380 monasteriales
740 4320 1082 4378 sacerdotes
1097 4319 1177 4376 ad
1197 4319 1395 4392 ipsam
1422 4315 1700 4374 solemni-

75 4410 236 4480 tatem,
261 4427 392 4484 quae
434 4417 529 4469 est
557 4428 620 4468 xi
651 4410 899 4468 Calend.
930 4410 1245 4471 Iuliarum,
1280 4423 1460 4464 mane
1498 4407 1700 4479 prima

76 4499 282 4556 revestiti
297 4502 688 4570 conveniant,
721 4504 778 4556 et
805 4499 886 4556 ibi
917 4515 1029 4573 pro
1056 4499 1185 4570 jam
1215 4497 1376 4552 dicto
1417 4495 1701 4568 pontifice
1733 4490 1774 4544 D

79 4581 265 4644 Aldrico
291 4589 624 4648 venerabili
648 4590 936 4663 episcopo
965 4588 1216 4644 missam
1239 4601 1426 4641 unam
1502 4585 1706 4640 dican-

78 4676 182 4736 tent,
211 4682 261 4733 et
296 4680 341 4736 si
367 4680 639 4754 amplius
668 4679 987 4741 voluerint,
1015 4678 1076 4733 in
1105 4691 1318 4733 eorum
1355 4674 1470 4730 erit
1500 4678 1704 4746 potes-

80 4764 163 4817 tate
183 4769 231 4820 et
256 4767 669 4826 misericordia
699 4768 827 4824 sine
848 4765 1237 4824 retributione
1289 4768 1346 4819 et
1373 4761 1706 4835 unusquis-

80 4865 164 4920 que
188 4853 416 4913 clericus
443 4858 726 4932 psalmos
754 4855 1220 4930 quinquaginta,
1261 4857 1412 4910 eteo
1443 4850 1708 4924 amplius

83 4937 424 5019 decantetpro
439 4949 657 5004 anima
678 4946 864 5002 Aldici
881 4947 1011 5017 jam
1041 4943 1182 5000 dicti
1214 4941 1506 5014 episcopi
1532 4957 1707 4997 oran-

84 5031 142 5081 tes
163 5047 379 5107 quoque
420 5036 754 5093 Dominum
785 5034 916 5091 coeli
947 5039 1004 5089 et
1045 5033 1442 5106 deprecantes
1480 5029 1710 5086 miseri-

84 5121 298 5210 cordiam
344 5127 475 5198 ejus
518 5132 588 5184 ut
632 5129 978 5199 animapraa
1009 5121 1388 5210 dictiAldrici
1437 5119 1709 5194 episcopi

87 5205 222 5262 Vitam
249 5214 531 5268 aeternam
558 5211 789 5268 habere
814 5210 1012 5267 valeat
1039 5209 1163 5264 sive
1201 5223 1443 5280 equiem
1504 5205 1707 5277 simpi-

88 5299 264 5354 ternam
315 5318 434 5359 una
463 5319 612 5359 cum
635 5300 878 5367 sanctis,
903 5306 961 5357 et
985 5298 1185 5356 electis
1219 5297 1318 5353 Dei
1345 5294 1709 5352 teternaliter

89 5380 168 5523 filli
201 5397 483 5448 mereatur
548 5407 662 5466 per
731 5390 967 5447 infinita
1029 5386 1394 5444 saeculorum
1464 5383 1708 5441 smcula.

125 5489 250 5523 men-

125 5489 251 5534 men.

792 5587 987 5644 XXIII.

142 5688 416 5752 Constituit
429 5695 602 5752 enim
613 5692 900 5768 praefatus
917 5693 1190 5750 Aldricus
1205 5686 1566 5746 venerabilis
1582 5687 1708 5762 epi-

95 5791 260 5853 scopus
295 5790 355 5844 ut
383 5801 606 5844 omnes
636 5783 996 5859 presbyteri,
1027 5787 1153 5841 tam
1184 5778 1404 5839 urbani
1432 5795 1620 5852 quam
1651 5782 1710 5838 et

1817 1842 1967 1898 drici
1993 1840 2280 1914 episcopi,
2310 1857 2447 1914 qum
2475 1843 2563 1896 est
2587 1854 2666 1894 xu
2691 1837 2810 1894 Cal.
2834 1835 3210 1891 Janariarum
3235 1835 3478 1904 propter

1816 1932 2307 2003 anticipationem
2331 1929 2509 1986 unius
2531 1926 2809 1992 festidiei,
2843 1925 2906 1980 id
2935 1928 3046 1988 est,
3077 1922 3284 1978 matris
3314 1925 3369 1975 et
3392 1936 3478 1975 se-

1814 2021 1998 2077 nioris
2029 2019 2292 2076 ecclesiae
2315 2016 2782 2076 consecrationis
2811 2013 3165 2076 celebratur,
3186 2015 3242 2065 et
3270 2009 3330 2065 in
3357 2009 3476 2064 fes-

1813 2110 2033 2166 tivitate
2056 2108 2524 2166 consecrationis
2541 2105 2748 2162 matris
2776 2110 2828 2160 et
2848 2101 3098 2158 senioris
3112 2098 3363 2155 civitatis
3378 2113 3474 2152 ec-

1813 2200 2030 2267 clesiaa,
2054 2216 2191 2273 quae
2222 2203 2309 2254 est
2334 2214 2415 2253 xu
2445 2196 2566 2252 Cal.
2593 2194 3035 2251 Ianuariarum.
3067 2189 3160 2244 Ad
3191 2189 3300 2243 has
3331 2202 3474 2255 ergo

1812 2290 2163 2346 festivitates
2195 2286 2643 2344 consideratum
2675 2288 2732 2340 et
2777 2283 3088 2338 decretum
3120 2282 3208 2333 est
3239 2281 3303 2332 ut
3327 2291 3476 2349 prse-

1812 2379 1952 2436 dicti
1983 2378 2323 2435 sacerdotes
2352 2374 2610 2432 revestiti
2645 2387 2820 2428 mane
2852 2370 3050 2443 prima
3086 2365 3468 2431 conveniant,

1813 2474 1870 2525 et
1897 2470 1958 2525 in
1980 2470 2110 2541 jam
2136 2467 2308 2524 dictis
2337 2464 2599 2522 ecclesiis
2629 2462 2862 2518 oblatas
2888 2466 2946 2515 et
2973 2459 3185 2513 vinum
3215 2471 3251 2511 a
3281 2458 3474 2509 custo-

1813 2559 1991 2615 dibus
2035 2558 2306 2630 ipsarum
2338 2555 2727 2611 ecclesiarum
2787 2549 3106 2621 accipiant,
3166 2549 3223 2600 et
3254 2559 3470 2616 supra-

1812 2649 1971 2705 dicta
2000 2647 2199 2704 ofﬁcia
2219 2662 2330 2719 pro
2350 2643 2586 2700 Aldrico
2608 2642 2893 2714 episcopo
2915 2651 3096 2692 mane
3123 2634 3318 2707 prima
3335 2637 3471 2687 ante

1812 2740 2027 2796 horam
2058 2736 2293 2793 tertiam
2321 2734 2564 2800 faciant,
2613 2735 2851 2787 orantes
2895 2725 3199 2782 humiliter
3251 2727 3308 2778 et
3333 2737 3473 2793 sup-

1812 2828 2123 2902 plicantes,
2179 2825 2472 2896 flexisque
2512 2819 2840 2895 poplitibus
2875 2814 3110 2873 Domini
3140 2812 3471 2868 misericor-

1811 2919 1977 2974 diam
2008 2917 2413 2980 obsecrantes,
2463 2917 2588 2968 tam
2640 2908 2979 2966 sacerdotes
3031 2902 3230 2960 cuncti
3280 2915 3470 2974 quam

1810 3012 1866 3064 et
1884 3006 2099 3079 reliqui
2125 3003 2321 3060 clerici
2352 3017 2584 3068 omnes,
2617 3004 2682 3055 ut
2719 2997 2997 3054 absolvat
3027 2993 3317 3050 Dominus
3347 2988 3470 3045 ani-

1809 3113 1976 3154 mam
2003 3078 2222 3150 Aldrici
2239 3091 2504 3166 praedicti
2528 3087 2794 3161 episcopi
2815 3086 2894 3141 ab
2919 3083 3087 3140 omni
3114 3080 3354 3137 vinculo
3371 3078 3470 3133 de-

1807 3187 2105 3252 lictorum,
2137 3188 2436 3256 quatenus
2480 3180 2541 3234 in
2593 3173 3045 3233 resurrectionis
3097 3169 3287 3241 gloria
3316 3170 3469 3223 inter

1809 3280 2052 3332 sanctos
2105 3280 2162 3328 et
2208 3271 2425 3327 electos
2479 3267 2580 3323 Dei
2635 3263 2980 3321 ressucitari
3027 3264 3350 3324 mereatur,
3411 3260 3469 3312 et

1809 3369 1932 3422 vita
1987 3362 2351 3434 sempiterna
2398 3374 2522 3413 una
2551 3372 2690 3412 cum
2722 3354 2805 3410 eis
2836 3352 3177 3426 perfruatur
3206 3365 3312 3422 per
3336 3347 3466 3402 infi-

1807 3455 1935 3511 nita
1965 3451 2185 3509 saecula
2206 3447 2587 3505 saeculorum.
2622 3448 2834 3499 Amen.
2879 3445 3013 3497 Haec
3068 3454 3210 3509 ergo
3269 3436 3468 3491 ofﬁcia

1807 3560 1920 3616 pro
1948 3541 2185 3599 Aldrico
2198 3538 2482 3612 praedicto
2503 3535 2788 3609 episcopo
2807 3529 3191 3588 devotissime
3225 3532 3283 3583 et
3302 3527 3467 3582 bono

1809 3633 2014 3689 animo
2035 3633 2302 3704 peracto,
2333 3628 2485 3682 hora
2507 3624 2676 3681 tertia
2705 3623 2767 3678 in
2796 3620 3110 3695 publicum
3138 3623 3194 3674 et
3252 3617 3470 3672 solem-

1807 3739 1882 3780 ne
1903 3721 2094 3794 ipsius
2111 3719 2228 3775 diei
2249 3716 2515 3774 ofﬁcium
2537 3729 2748 3770 omnes
2778 3712 3098 3779 introeant,
3127 3705 3467 3763 etofﬁcium

1808 3812 2076 3869 solemne
2117 3809 2396 3864 decenter
2426 3804 2893 3873 solemniterque
2930 3802 3240 3872 peractum
3287 3797 3349 3851 in
3379 3811 3466 3850 re-

1806 3901 2052 3958 fectorio
2077 3914 2200 3954 una
2231 3913 2371 3952 cum
2393 3893 2692 3968 praedictae
2711 3894 2934 3946 sanctas
2966 3887 3173 3944 matris
3203 3885 3467 3941 ecclesiae

1807 3989 2114 4048 canonicis
2144 3988 2206 4043 in
2233 3983 2530 4060 praedictis
2560 3999 2663 4037 sex
2693 3979 2907 4036 diebus
2946 3983 3004 4034 et
3053 3973 3468 4031 festivitatibus

1806 4081 2050 4154 plenam
2083 4082 2138 4133 et
2165 4075 2594 4132 condecentem
2623 4069 3009 4127 refectionem
3036 4067 3187 4121 sicut
3215 4064 3328 4137 ipsi
3373 4079 3468 4119 ca-

1810 4168 2009 4227 nonici
2040 4167 2323 4232 habeant,
2354 4163 2685 4234 gaudentcs
2707 4164 2763 4215 et
2789 4158 3058 4214 laetantes
3088 4154 3470 4228 plaudentes-

1807 4275 1924 4333 que
1952 4261 2014 4313 in
2035 4254 2333 4330 praedictis
2350 4249 2761 4308 festivitatibus
2783 4247 3127 4321 persistant,
3147 4243 3469 4300 laudantes

1808 4332 1866 4406 et
1901 4344 2324 4404 benedicentes
2357 4341 2679 4398 Dominum
2709 4338 2815 4411 qui
2861 4337 2944 4392 eis
2975 4340 3142 4392 tanta
3173 4335 3337 4390 bona
3367 4332 3468 4388 tri-

1808 4440 1993 4495 buere
2023 4451 2145 4491 non
2169 4432 2530 4502 dedignatus
2551 4433 2640 4486 est
2673 4448 2685 4498 ;
2718 4431 2959 4484 orantes
2979 4441 3225 4500 quoque
3257 4429 3468 4494 etsup-

1810 4523 2102 4602 plicantes
2129 4522 2450 4579 Dominum
2498 4519 2631 4576 cceli
2672 4517 2953 4592 precibus
2996 4514 3374 4577 incumbant,
3408 4516 3474 4567 ut

1811 4619 1970 4674 hanc
2000 4615 2188 4671 vitam
2231 4611 2480 4685 pacifice
2526 4614 2583 4665 et
2629 4609 2910 4664 decenter
2937 4610 3263 4677 sancteque
3295 4607 3350 4657 et
3374 4602 3471 4674 pie

1813 4707 2029 4776 degere
2054 4703 2310 4769 valeant,
2366 4705 2421 4757 et
2450 4699 2863 4774 postmodum,
2896 4695 3146 4768 quando
3176 4694 3330 4746 Deus
3375 4706 3474 4743 vo-

1812 4796 2006 4862 luerit,
2038 4793 2160 4849 vita
2189 4797 2412 4848 aeterna
2437 4790 2497 4845 in
2537 4787 2879 4844 caelestibus
2906 4784 3149 4840 sedibus
3181 4796 3302 4835 una
3331 4794 3471 4833 cum

1816 4884 2036 4942 sanctis
2060 4883 2157 4939 Dei
2188 4881 2301 4938 frui
2332 4883 2695 4944 mereantur,
2729 4874 2893 4948 quod
2926 4874 3051 4944 ipse
3073 4873 3355 4943 praestare
3381 4866 3472 4921 di-

1817 4979 2050 5045 gnetur,
2075 4972 2170 5028 cui
2191 4977 2282 5027 est
2305 4971 2501 5026 honor
2531 4972 2587 5022 et
2619 4965 2806 5035 gloria
2837 4963 2898 5017 in
2953 4959 3174 5016 saecula
3229 4957 3474 5012 sarculo-

1815 5081 1972 5120 rum.
2002 5069 2210 5119 Amen.
2245 5061 2409 5115 Hanc
2452 5056 2821 5129 quicumque
2853 5051 3017 5123 cupit
3063 5050 3406 5117 dissolvere,
3438 5063 3476 5104 a

1818 5152 2108 5210 membris
2134 5148 2408 5206 Ecclesiae
2437 5142 2798 5201 dissociatus
2827 5145 2940 5198 eat.

2569 5233 2758 5290 XXIV.

1890 5329 2050 5386 Fecit
2077 5328 2256 5398 igitur
2280 5325 2614 5383 antedictus
2632 5323 2907 5379 Aldricus
2928 5322 3249 5394 episcopus
3268 5333 3477 5374 mona-

1819 5420 2066 5477 sterium
2095 5419 2156 5474 in
2183 5417 2316 5473 loco
2346 5415 2449 5471 ubi
2475 5414 2711 5471 dudum
2736 5411 3171 5470 monasterium
3201 5408 3394 5464 fuerat
3413 5407 3475 5463 in

1818 5511 2047 5566 honore
2077 5511 2299 5563 sanctae
2314 5504 2504 5562 Mariae
2531 5506 2962 5570 constructum,
2982 5499 3149 5573 quod
3179 5503 3236 5554 et
3260 5497 3478 5571 ipsele-

1819 5599 1994 5670 gibus
2010 5603 2184 5671 etper
2199 5596 2601 5652 instrumenta
2623 5594 2969 5650 chartarum
2996 5607 3032 5647 a
3047 5589 3275 5646 domno
3294 5590 3479 5659 impe-

1815 5693 2012 5744 ratore
2042 5686 2343 5744 Ludovico
2365 5685 2441 5741 ad
2467 5686 2566 5756 jus
2589 5681 2923 5756 saepedictee
2940 5679 3200 5737 ecclesiae
3219 5675 3477 5748 acquisi-

1815 5777 1916 5848 vit,
1952 5777 2062 5834 sed
2090 5793 2245 5851 pene
2270 5777 2644 5835 destructum
2671 5778 2850 5846 atque
2871 5771 3139 5827 dirutum
3170 5772 3227 5824 et
3247 5766 3476 5836 absque
