3944 6436
421 282 486 338 ω
1500 278 1777 333 ALDRICI
1817 268 2351 331 CENOMANENSIS
2392 267 2700 325 EPISCOPI
3759 270 3809 323 II

421 404 548 462 ulla
560 403 794 460 ratione
810 402 1169 474 neglectum.
1193 404 1259 457 In
1279 399 1413 456 loco
1434 415 1575 455 vero
1600 398 1948 473 supradicto
1980 395 2082 451 ubi
2112 395 2162 448 Α
2191 392 2339 448 inibi
2392 391 2608 448 missas
2639 395 2694 447 et
2712 389 3057 463 psalmodia
3082 387 3470 445 deVotissime
3498 391 3744 455 cantent,
3767 390 3811 445 id

424 493 575 550 illud
605 491 962 565 prsidictum
991 489 1425 547 monasterium
1458 488 1670 553 fuerat.
1702 488 1767 544 id
1817 494 1904 541 est
1933 487 2085 542 inter
2192 485 2299 549 est,
2324 480 2739 553 unusquisque
2761 479 3076 552 presbyter
3088 478 3334 534 missam
3353 490 3543 532 unam
3560 477 3813 565 autduas,

426 564 676 639 murum
723 580 978 637 civitatis
1005 584 1063 634 et
1088 578 1340 634 ﬂuvium
1372 578 1619 647 Sarthae,
1648 575 2084 634 monasterium
2193 575 2250 626 et
2269 569 2682 641 unusquisque
2704 564 3819 637 clericussivemonacha,psalmoscen-

426 670 749 744 pradictus
772 668 1042 726 Aldricus
1057 667 1397 740 episcopus,
1420 673 1485 722 ut
1500 666 1725 723 dictum
1749 670 1856 734 est,
1879 664 2087 719 funda-

428 758 532 826 vit,
546 762 604 815 et
615 774 647 811 ει
661 770 820 814 novo
838 760 1017 830 prout
1029 755 1244 811 melius
1258 755 1453 828 potuit
1473 759 1816 811 construere
1838 754 2081 809 studuit.

432 846 751 904 Ecclesiam
767 858 1030 917 namque
1043 844 1192 900 inibi
1208 843 1347 900 fecit
1366 843 1659 914 majorem
1675 859 1863 915 quam
1884 843 1965 898 ibi
1988 841 2088 897 de-

432 940 715 992 structam
735 933 1081 999 invenisset,
1104 945 1363 1005 eamque
1385 933 1443 988 in
1466 932 1695 987 honore
1718 932 1952 987 Domini
1968 930 2088 987 Sal‘

431 1024 648 1081 vatoris
678 1026 734 1079 et
753 1027 977 1080 saneta)
1008 1021 1283 1093 ejusdem
1302 1021 1402 1077 Dei
1425 1019 1724 1090 genitricis
1747 1020 1937 1076 Mariis
1958 1036 2092 1075 san-

432 1117 784 1185 ctorumque
807 1114 1146 1183 martyrum
1159 1108 1465 1182 Stephani,
1490 1108 1753 1166 Gervasii
1768 1112 1825 1165 et
1842 1109 2091 1165 Protesii

429 1216 487 1259 iv
513 1200 651 1258 idus
672 1199 881 1258 Octob.
908 1198 1201 1256 canonice
1232 1202 1412 1269 atque
1443 1196 1787 1253 solemniter
1809 1198 2088 1253 sacravit.

432 1293 500 1346 Et
514 1292 838 1363 propterea
861 1287 980 1343 hoc
998 1285 1082 1343 illi
1096 1286 1293 1341 visum
1319 1285 1427 1341 fuit
1446 1300 1623 1355 agere
1638 1285 1782 1358 quia
1801 1286 1861 1341 in
1882 1300 2092 1342 eorum

433 1382 783 1436 sanctorum
802 1375 1048 1432 nomine
1067 1378 1126 1430 et
1139 1374 1370 1430 honore
1388 1374 1450 1429 in
1465 1374 1690 1447 quibus
1708 1375 2094 1447 caputipsius

437 1464 810 1530 monasterii,
840 1464 900 1519 id
933 1467 1024 1520 est
1056 1467 1247 1519 mater
1277 1462 1524 1519 ecclesia
1572 1463 1823 1519 civitatis
1863 1471 2096 1519 sacrata

440 1558 590 1625 erat,
623 1558 686 1610 ut
712 1554 773 1609 in
800 1552 1076 1627 ipsorum
1103 1551 1397 1609 memoria
1421 1552 1719 1607 ethonore
1749 1552 2096 1608 membrum

442 1646 852 1700 constructum
892 1644 1273 1697 sacratumve
1329 1640 1498 1710 foret,
1530 1643 1588 1695 et
1636 1640 1789 1695 sicut
1816 1641 2100 1712 praedicta

2198 664 2327 715 tum
2358 658 2696 723 decantent,
2723 662 3072 731 perorantes
3090 655 3417 712 Dominum
3433 653 3575 710 oculi
3596 654 3821 712 utvitam

2196 754 2482 804 aeternam
2521 746 2746 803 habere
2778 746 2838 803 in
2871 744 3218 801 cmlestibus
3258 746 3588 811 mereatur,
3617 744 3825 815 insupa

2198 841 2439 893 orantes
2473 840 2532 892 et
2579 835 2972 892 devotissime
3017 833 3430 907 supplicantes
3472 836 3543 888 ut
3591 832 3827 904 requiem

2198 930 2480 982 aeternam
2508 924 2691 980 donet
2716 923 2769 980 ei
2792 924 3101 991 Domibus,
3125 925 3185 979 et
3210 921 3313 978 lux
3341 925 3645 994 perpetua
3667 920 3831 980 luceat

2198 1014 2270 1071 ei.
2303 1019 2515 1071 Amen.

2275 1101 2630 1176 Supradicta
2648 1101 2810 1158 enim
2859 1100 3097 1157 refectio
3133 1099 3580 1156 canonicos-um
3602 1097 3734 1155 talis
3751 1098 3833 1155 de-

2200 1192 2301 1248 bet
2331 1208 2482 1259 esse,
2512 1191 2573 1246 id
2597 1196 2691 1247 est
2718 1194 2783 1246 ut
2806 1189 3105 1262 accipiant
3129 1205 3238 1263 per
3268 1187 3544 1257 singulos
3572 1203 3758 1243 annos
3778 1188 3836 1243 de

2206 1296 2362 1354 pane
2401 1280 2631 1352 optimo
2679 1279 2918 1335 modios
2960 1281 3240 1351 quatuor,
3279 1282 3337 1333 et
3386 1276 3707 1345 friscingas
3734 1292 3840 1349 per»

2203 1370 2369 1425 cinas
2394 1369 2655 1441 optimas
2681 1373 2964 1440 quatuor,
2995 1372 3053 1421 et
3079 1365 3155 1422 de
3194 1365 3336 1421 vino
3362 1365 3606 1437 optimo
3637 1365 3843 1420 modios

2203 1462 2486 1531 quatuor,
2526 1456 2875 1513 taminvita
2900 1456 3091 1528 ipsius
3117 1453 3336 1510 Aldrici
3381 1469 3585 1526 quam
3632 1458 3688 1509 et
3734 1459 3847 1526 pest

2207 1548 2335 1619 ejus
2363 1546 2618 1615 obitum,
2652 1546 2733 1601 ita
2762 1545 2866 1601 fiat
2906 1544 3161 1617 qualiter
3200 1542 3507 1599 ambobus
3543 1559 3848 1613 congrega-

2210 1642 2470 1699 tionibus
2499 1640 2751 1697 delectet
2769 1655 3007 1711 semper
3035 1654 3146 1711 pro
3175 1654 3248 1694 eo
3271 1650 3466 1704 orare,
3498 1642 3636 1694 tam
3657 1638 3714 1693 in
3740 1638 3849 1710 ipso

442 1734 636 1789 mater
665 1729 917 1787 ecclesia
943 1729 1007 1785 in
1026 1730 1256 1786 honore
1286 1728 1519 1785 Domini
1544 1728 1865 1785 Salvatoris
1883 1733 1941 1785 et
1970 1746 2101 1785 san-
2138 1748 2181 1805 ι
2208 1732 2304 1788 die
2333 1748 2523 1804 quum
2546 1734 2603 1786 et
2630 1730 2690 1785 in
2718 1728 2959 1801 reliquis
2984 1727 3223 1795 diebus,
3254 1730 3314 1782 et
3350 1728 3657 1783 memoria
3684 1727 3851 1799 ipsius

443 1825 552 1879 ctu
572 1820 763 1878 Μαι-ἰῶ
780 1823 1247 1891 sanctorumque
1262 1822 1598 1890 martyrum
1620 1818 1878 1874 Gervasii
1896 1824 1953 1873 et
1970 1821 2102 1874 Pro—

442 1908 579 1967 tasii
596 1908 872 1966 dedicata
897 1911 1045 1978 erat,
1069 1906 1151 1963 ita
1170 1907 1375 1980 etipsa
1400 1905 1462 1962 in
1493 1906 1709 1962 eodem
1734 1907 2100 1962 monasterio

445 1996 696 2055 ecclesia
719 1995 1215 2069 fuisset,qualiter
1235 1994 1587 2051 eorumdem
1612 2000 1958 2051 sanctorum
1981 2012 2103 2051 me-

443 2086 638 2143 moria
666 2085 746 2142 ab
761 2084 1147 2155 omnibus,ut
1171 2084 1362 2152 decet,
1384 2082 1532 2140 inibi
1552 2082 1764 2140 futuris
1790 2089 2104 2140 veneretur

442 2173 838 2248 temporibus.
854 2177 1033 2230 Porro
1049 2172 1561 2244 claustrumjuxta
1573 2171 1768 2244 ipsam
1786 2173 2101 2229 ecclesiam

444 2262 600 2327 fecit.
625 2263 687 2319 id
703 2267 792 2320 est
815 2262 1215 2329 refectorium,
1235 2260 1678 2333 dormitorium,
1697 2261 2026 2329 cellarium,
2046 2266 2105 2319 et

444 2356 661 2410 castora
678 2352 920 2409 ofﬁcina
943 2366 1080 2425 quas
1095 2350 1176 2408 ad
1195 2350 1629 2407 monasterium
1652 2351 1969 2423 pertinent,
1998 2366 2103 2407 no-

442 2440 641 2499 biliter
661 2439 1021 2514 composuit,
1040 2444 1098 2495 et
1112 2439 1196 2495 ita
1208 2438 1589 2495 constituitut
1607 2438 1667 2494 in
1692 2439 1891 2495 medio
1912 2438 2101 2494 claus-

444 2532 537 2587 tro
555 2528 691 2586 l‘ons
705 2528 879 2586 vivus
894 2532 953 2585 et
971 2528 1169 2584 bonus
1191 2530 1483 2597 surgeret,
1513 2532 1571 2583 et
1592 2526 1734 2583 inde
1753 2543 1861 2601 per
1889 2543 2102 2585 eorum

447 2616 692 2675 ofﬁcina
747 2632 975 2689 aquam
1024 2616 1109 2673 eis
1158 2614 1555 2671 ministrando
1601 2614 1977 2672 discurreret.
2034 2617 2101 2673 in

448 2705 582 2779 ipso
608 2717 853 2778 quoque
883 2703 1248 2762 monasterio
1272 2703 1608 2760 monachas
1631 2704 1882 2760 instituit
1902 2721 2103 2761 secun-

2211 1820 2470 1877 nominis
2523 1819 2604 1874 ab
2648 1819 2733 1874 eis
2781 1817 3169 1873 devotissime
3222 1815 3589 1886 celebretur,
3619 1816 3852 1888 qualiter

2210 1925 2348 1965 cum
2377 1908 2601 1964 sanctis
2635 1907 2731 1963 Dei
2763 1906 2824 1962 in
2858 1904 3204 1961 celestibus
3234 1904 3424 1961 laetari
3470 1909 3531 1961 et
3584 1904 3761 1962 beata
3786 1920 3856 1960 re-

2208 1998 2346 2072 quie
2377 1996 2490 2053 frui
2520 2000 2837 2052 mereatur.
2868 2002 3078 2051 Amen.

2958 2084 3121 2138 XXV.

2280 2174 2566 2230 Prmiatus
2594 2189 2739 2245 ergo
2765 2171 3041 2228 Aldricus
3075 2172 3402 2244 episcopus
3432 2170 3755 2242 ingressus
3779 2171 3863 2226 vil-

2205 2264 2327 2320 iam
2342 2265 2430 2318 sui
2447 2263 2755 2335 episcopii,
2775 2262 2832 2317 iu
2858 2260 3100 2316 condita
3122 2260 3396 2316 videlicet
3417 2260 3861 2325 Conedralinse,

2208 2352 2541 2408 monachos
2558 2350 3201 2420 regulariterdegentes
3237 2349 3518 2416 instituit,
3541 2350 3651 2405 ubi
3676 2355 3735 2405 et
3754 2366 3866 2404 mo-

2211 2440 2624 2511 nasteriolum,
2646 2444 2825 2512 prout
2852 2444 2993 2495 tunc
3040 2438 3325 2510 temporis
3354 2438 3511 2495 ratio
3547 2438 3799 2496 dictavit
3821 2442 3869 2494 et

2206 2530 2334 2603 ipse
2359 2529 2574 2585 melius
2602 2528 2797 2602 potuit
2828 2545 2842 2594 ;
2875 2527 3191 2584 ecclesiam
3236 2532 3295 2582 et
3330 2526 3675 2585 claustrum
3706 2526 3871 2582 sediti-

2210 2619 2387 2684 cavit,
2419 2623 2477 2674 et
2498 2618 2711 2674 futuris
2738 2616 3110 2689 temporibus
3132 2615 3541 2673 habitationes
3562 2617 3873 2674 monachis

2206 2707 2564 2777 regulariter
2582 2705 2920 2762 viventibus
2938 2704 3321 2778 praeparavit.
3341 2708 3409 2761 Et
3423 2705 3543 2761 hoc
3554 2706 3874 2774 constituit,

448 2794 599 2852 dum
628 2793 900 2865 regulam
937 2792 1126 2850 sancti
1151 2791 1450 2849 Benedicti
1486 2791 1790 2863 degentes,
1819 2810 1974 2866 quas
2000 2810 2107 2867 per
2209 2802 2274 2853 ut
2295 2793 2625 2869 semperibi
2647 2794 3605 2868 monachiessentmtprodomno
3626 2796 3877 2868 impera-

448 2882 752 2941 licentiam
787 2881 1001 2939 demni
1032 2880 1414 2954 imperatoris
1459 2880 1742 2937 Ludovici
1789 2886 1846 2938 et
1864 2882 2105 2939 domnre
2214 2890 2338 2943 tore
2353 2890 2410 2941 et
2425 2901 2535 2958 pro
2553 2900 2624 2940 eo
2638 2884 2758 2939 sive
2774 2899 2885 2956 pro
2899 2883 3178 2939 universa
3193 2882 3452 2939 Ecclesia
3462 2884 3565 2940 die
3578 2889 3878 2956 noctuque

447 2971 844 3046 imperatricis
871 2968 1078 3027 Iudith
1100 2969 1180 3027 ab
1204 2970 1521 3026 intramnis
1552 2970 1920 3027 monasterio
1947 2972 2112 3030 misit
2216 2979 2473 3041 orarent,
2498 2988 2760 3045 suasque
2782 2972 3017 3027 animas
3041 2971 3186 3027 inibi
3210 2971 3516 3029 salvarent
3542 2978 3605 3029 et
3625 2973 3878 3030 aliorum

446 3060 704 3119 ibidem.
734 3063 801 3118 Et
825 3059 942 3151 hoc
970 3058 1235 3116 decrevit
1265 3062 1446 3151 atque
1473 3058 1691 3151 sanxit,
1724 3060 1946 3151 pariter
1969 3077 2109 3118 cum
2146 3095 2192 3151 ο
2218 3063 2535 3129 lucrarent,
2560 3061 2911 3151 bonamque
2942 3061 3128 3151 vitam
3152 3061 3581 3151 perpetualiter
3601 3063 3879 3133 regulari-

448 3166 565 3207 suo
625 3148 1087 3223 metropolitano
1118 3151 1175 3204 et
1222 3146 1346 3204 suis
1384 3147 2015 3221 oomprovincialibus,
2056 3163 2114 3216 et
2158 3146 2183 3151 '
2221 3157 2308 3209 ter
2334 3152 2601 3207 viventes
2622 3150 2929 3206 ducerent.
2972 3150 3121 3223 ipsis
3146 3150 3307 3206 enim
3338 3151 3665 3207 monachis
3695 3165 3770 3208 ex
3797 3168 3880 3207 re-

447 3239 579 3298 aliis
592 3238 796 3295 multis
816 3236 1139 3313 episcopis,
1154 3236 1504 3295 auctoritate
1516 3236 1783 3311 praadicti
1796 3238 2117 3311 imperato-

445 3328 529 3385 ris
569 3327 875 3398 Ludovici,
910 3331 979 3384 ut
1006 3326 1217 3383 futuris
1244 3326 1616 3399 temporibus
1643 3342 1881 3400 semper
1899 3343 2115 3384 mona-

450 3415 580 3473 cho
626 3414 977 3485 regulariter
1025 3408 1293 3471 viventes
1337 3418 1394 3471 et
1444 3413 1783 3470 secundum
1839 3414 2117 3487 regulam

452 3502 643 3560 sancti
677 3501 973 3558 Benedicti
1000 3501 1286 3571 degentes
1321 3500 1469 3557 inibi
1497 3508 1941 3575 permanerent,
1980 3508 2039 3562 et
2068 3515 2117 3572 si

456 3590 596 3665 quis
619 3590 749 3647 haec
779 3589 1084 3646 destruere
1103 3592 1209 3645 aut
1235 3588 1556 3659 infringere
1598 3589 1764 3646 nisus
1797 3590 1984 3664 (quod
2008 3591 2117 3649 ab-

457 3679 557 3747 sit)
608 3678 801 3748 fuerit,
850 3681 990 3736 ante
1040 3670 1301 3734 tribunal
1328 3677 1530 3734 aeterni
1553 3677 1776 3750 judicis
1805 3679 1962 3736 inde
2003 3684 2118 3736 tre-

455 3767 835 3826 mebundam
905 3765 1180 3823 redderet
1239 3765 1552 3824 rationem.
1647 3766 1797 3839 Ipsis
1874 3784 2118 3842 quoque

457 3856 680 3915 sanctis
712 3855 1081 3914 monialibus
1131 3859 1190 3912 et
1237 3854 1549 3911 monachis
1606 3853 1777 3912 villas
1829 3854 2013 3925 dedit,
2054 3861 2121 3914 ut

455 3945 596 4005 inde
652 3962 864 4003 eorum
917 3943 1215 4019 stipendia
1256 3947 1315 4000 et
1367 3940 1730 4001 vestimenta
1776 3950 1959 4018 atque
2008 3962 2121 4002 cm-

457 4038 586 4092 tera
614 4034 1039 4108 supplementa
1065 4050 1175 4108 per
1197 4031 1468 4103 singulos
1497 4048 1692 4089 annos
1735 4032 1987 4106 pleniter
2011 4035 2116 4091 ha-

456 4122 686 4191 berent,
733 4127 801 4179 ut
856 4122 1089 4196 absque
1154 4121 1277 4178 ullo
1324 4121 1757 4194 impedimento
1821 4128 1927 4179 aut
1971 4123 2121 4179 indi-

458 4211 661 4283 gentia
684 4204 1028 4281 regulariter
1049 4210 1239 4267 vivere
1255 4214 1518 4283 possent,
1537 4206 1700 4267 idest
1718 4209 1923 4267 villam
1933 4214 2121 4268 Mace-

462 4300 584 4357 rias
610 4299 674 4356 in
702 4298 945 4355 condita
965 4297 1387 4356 Conedralinse
1415 4315 1554 4355 cum
1574 4300 1741 4355 omni
1764 4300 2116 4371 integritate,

465 4392 524 4445 et
549 4388 734 4444 aliam
764 4388 825 4445 in
877 4387 1119 4445 condita
1175 4386 1530 4445 Nivoniense
1583 4404 1722 4445 cum
1761 4390 1927 4445 omni
1967 4389 2117 4446 inte.

463 4476 676 4549 gritate
703 4492 839 4550 quae
867 4476 1225 4533 Taumiacus
1255 4475 1622 4546 nominatur,
1662 4481 1719 4533 et
1748 4483 1836 4533 est
1865 4478 1978 4535 sita
2017 4494 2116 4534 su-

463 4581 571 4639 per
610 4565 862 4621 ﬂuvium
892 4564 1138 4633 Sarthss,
1178 4566 1411 4622 tertiam
1440 4580 1582 4620 vero
1624 4580 1806 4637 super
1834 4566 2117 4622 eumdem

462 4654 713 4712 ﬂuvium
759 4652 1004 4724 Sarthte,
1054 4669 1190 4726 quae
1236 4652 1686 4710 Monasteriolus
1738 4659 2007 4718 vocatur,
2063 4659 2120 4712 et

462 4748 744 4819 quartam
774 4743 837 4800 in
867 4740 1109 4800 condita
1134 4741 1540 4810 Gabronense,
1572 4758 1711 4815 quis
1757 4743 2116 4800 Gambronis

460 4840 820 4914 appellatur.
849 4838 1165 4897 Constituit
1186 4854 1473 4912 namque,
1502 4843 1567 4895 ut
1606 4838 1681 4895 de
1712 4839 1959 4912 praefato
1985 4857 2118 4897 mo-

463 4930 723 4987 nasterio
754 4933 811 4987 et
837 4928 914 4986 de
945 4927 1309 5003 supradictis
1328 4927 1484 4984 villis
1514 4927 1770 4984 ministri
1793 4933 1852 4984 et
1896 4944 2113 4986 mona-

464 5015 593 5072 chae
624 5017 815 5089 ipsius
857 5017 1203 5075 monasterii
1238 5016 1548 5074 canonicis
1594 5017 1802 5073 matris
1834 5021 1892 5073 et
1924 5018 2119 5074 senio-

464 5102 547 5159 ris
607 5104 860 5160 civitatis
905 5106 1168 5163 ecclesias
1192 5102 1573 5178 degentibus,
1618 5121 1805 5162 unam
1851 5106 2116 5163 refectio-

462 5207 604 5250 nem
634 5208 742 5266 per
762 5193 1031 5263 singulos
1056 5209 1249 5250 annos
1286 5196 1349 5252 in
1397 5195 1767 5252 solemnitate
1819 5195 2117 5268 praedictas

465 5281 860 5339 dedicationis
888 5281 1176 5350 ecclesiis,
1224 5282 1287 5339 id
1328 5288 1418 5340 est
1443 5290 1659 5357 quarto
1718 5284 1856 5340 idus
1906 5284 2117 5341 Octob.

464 5369 707 5440 plenam
763 5374 820 5427 et
872 5370 1104 5427 bonam
1159 5369 1438 5439 facerent,
1491 5378 1550 5429 et
1591 5373 1705 5446 ipsi
1734 5372 2009 5430 canonici
2038 5372 2119 5429 ad

466 5455 732 5514 ofﬁcium
808 5459 1202 5517 dedicationis
1264 5459 1453 5533 ipsius
1517 5461 1780 5517 ecclesias
1862 5461 2117 5517 revestiti

464 5543 727 5615 veniant,
803 5550 862 5602 et
945 5546 1092 5603 illud
1168 5548 1316 5605 inibi
1384 5564 1493 5621 per
1558 5548 1827 5619 singulos
1902 5564 2116 5615 annos.

467 5630 621 5688 sicut
661 5632 719 5687 in
757 5631 923 5688 libris
977 5634 1312 5693 oiﬁciorum
1369 5637 1722 5704 continetur,
1775 5635 2121 5694 solemniter

467 5719 783 5789 celebrent,
836 5725 1017 5799 atque
1063 5738 1173 5795 pro
1224 5724 1511 5799 praedicto
1560 5724 1798 5782 Aldrico
1835 5725 2120 5807 episcopo
2168 5754 2175 5757 -

2223 3242 2340 3298 bus
2368 3257 2493 3296 suae
2523 3240 2681 3295 sedis
2705 3238 2973 3295 ecclesia
3003 3238 3238 3311 sibique
3263 3239 3554 3295 divinitus
3598 3242 3884 3297 commis-

2225 3330 2308 3386 sis
2328 3328 2409 3385 ad
2437 3344 2648 3384 eorum
2695 3328 2892 3385 varias
2942 3328 3328 3385 necessitates
3367 3327 3745 3386 sutiicienter
3785 3329 3884 3384 ful-

2224 3419 2468 3476 ciendas
2495 3422 2677 3491 atque
2708 3416 3081 3490 supplendas
3101 3416 3246 3473 dare
3269 3417 3680 3487 abundanter,
3715 3423 3890 3492 prout

2226 3514 2364 3564 tunc
2394 3507 2679 3580 temporis
2708 3505 3073 3579 exposcebat
3100 3507 3450 3577 necessitas,
3479 3522 3610 3563 non
3636 3508 3885 3564 distulit.

2225 3596 2388 3653 Unde
2421 3600 2478 3651 et
2503 3595 2789 3667 scriptum
2811 3594 3123 3665 quoddam
3150 3611 3262 3650 sua
3284 3599 3772 3670 catarommque
3799 3613 3891 3652 ve-

2223 3684 2581 3741 nerabilium
2634 3684 2982 3739 auctoritate
3028 3684 3450 3757 episcoporum
3482 3683 3889 3758 reliquorum-

2224 3790 2343 3847 que
2372 3772 2651 3828 ordinum
2684 3775 2801 3827 Deo
2833 3772 3218 3841 servientum,
3242 3788 3476 3828 necnon
3505 3778 3565 3828 et
3591 3773 3889 3831 laicorum

2224 3861 2766 3933 religiosorumque
2796 3856 3018 3933 pariter
3047 3874 3117 3916 ac
3147 3860 3440 3917 nobilium
3470 3860 3767 3919 manibus
3799 3879 3892 3918 ro-

2226 3950 2505 4005 boratum
2538 3948 2749 4005 futuris
2770 3949 3143 4022 temporibus
3164 3949 3517 4006 habendum
3538 3950 3600 4005 et
3612 3949 3895 4008 ‘custodi-

2227 4034 2449 4094 endum
2473 4038 2731 4111 propriis
2774 4039 3059 4094 manibus
3089 4032 3350 4106 tradidit,
3396 4044 3460 4095 ut
3487 4053 3562 4095 ex
3613 4040 3806 4096 rebus
3837 4041 3896 4096 in

2229 4138 2299 4182 eo
2351 4127 2588 4183 insertis
2641 4138 2850 4183 eorum
2882 4126 3265 4183 necessitates
3311 4127 3669 4200 supplerent
3696 4132 3757 4185 et
3787 4129 3897 4185 do-

2230 4216 2394 4271 mino
2421 4216 2661 4289 suisque
2688 4215 3138 4271 successoribus
3169 4214 3519 4285 regulariter
3542 4217 3896 4283 militarent,

2232 4307 2408 4377 atque
2437 4304 2657 4360 inultos
2689 4305 2942 4361 Domino
2970 4300 3291 4375 lucrarent,
3324 4308 3381 4361 et
3408 4317 3693 4377 pro.......
3724 4304 3898 4364 Prin-

2227 4393 2464 4466 cipibus
2493 4398 2550 4450 et
2575 4393 2979 4466 pontiﬁcibus,
3014 4392 3237 4465 quibus
3263 4390 3516 4466 subjecti
3553 4406 3693 4452 esse
3714 4396 3901 4453 debe-

2229 4483 2395 4549 bunt,
2425 4487 2604 4555 atque
2648 4494 2760 4555 pro
2790 4482 3020 4538 cunctis
3051 4486 3272 4539 sanctae
3301 4483 3398 4538 Dei
3426 4483 3710 4539 Ecclesiae
3743 4486 3901 4541 iide-

2226 4571 2382 4627 libus
2404 4572 2463 4626 fu
2473 4572 2613 4627 turis
2631 4572 2999 4644 temporibus
3015 4572 3347 4639 exorarent,
3361 4575 3666 4645 quatenus
3679 4587 3901 4630 eorum

2225 4665 2281 4716 et
2328 4660 2583 4716 aliorum
2627 4672 2939 4716 servorum
2994 4662 3094 4715 Det
3134 4660 3416 4733 precibus
3461 4662 3901 4720 remissionem

2224 4749 2500 4804 omnium
2530 4753 2916 4821 peccatorum
2945 4750 3004 4805 et
3042 4749 3231 4805 vitam
3275 4750 3635 4822 perpetuam
3660 4750 3902 4807 habere

2225 4843 2569 4894 mereantur
2587 4837 2650 4893 in
2675 4838 2858 4894 caelis.
2883 4840 3094 4894 Amen.

2975 4928 3128 4982 XXVI
3139 4967 3150 4981 .

2297 5014 2849 5088 Smpedictusigitur
2862 5012 3153 5079 Aldricus,
3172 5013 3659 5071 Cenommanicre
3678 5018 3902 5074 matris

2222 5104 2486 5160 ecclesiae
2515 5104 2855 5176 episcopus,
2886 5103 3202 5176 quoddam
3227 5103 3665 5159 monasterium
3681 5118 3902 5164 mona‘

2224 5190 2549 5249 chorumin
2566 5192 2809 5248 condita
2823 5190 3253 5260 Duciasinse,in
3264 5192 3397 5248 loco
3410 5190 3516 5264 qui
3528 5190 3760 5249 dicitur
3774 5195 3902 5252 Tali

2224 5282 2453 5353 placus,
2488 5292 2669 5353 super
2696 5277 3012 5337 ﬂuviolum
3043 5281 3317 5337 Rhodani
3344 5281 3682 5336 construxit
3710 5289 3902 5356 proni

2226 5368 2439 5424 melius
2471 5373 2611 5424 tunc
2632 5369 2917 5441 temperis
2958 5369 3108 5425 ratio
3133 5368 3418 5441 permisit.
3456 5371 3519 5424 ln
3548 5369 3686 5441 ipso
3728 5374 3902 5429 enim

2229 5458 2595 5513 monasterio
2625 5458 2944 5530 Talipiaco,
2978 5458 3289 5514 ecclesiam
3319 5457 3377 5512 in
3430 5457 3660 5513 honore
3694 5464 3902 5518 sancti

2226 5546 2380 5601 Petri
2400 5562 2518 5602 una
2542 5562 2681 5602 cum
2702 5545 2960 5602 claustro
2978 5547 3414 5602 monachorum
3432 5551 3490 5601 et
3519 5546 3902 5605 molendinis

2228 5640 2286 5691 et
2314 5635 2541 5692 eiciaris
2570 5633 2826 5691 ofﬁcinis
2852 5650 2991 5708 quae
3023 5636 3099 5690 ad
3123 5651 3332 5691 curam
3360 5638 3419 5690 et
3445 5635 3729 5705 regulam
3762 5654 3902 5695 mo-

2228 5724 2889 5798 nachorumpertinent,
2908 5723 3314 5797 proutmelius
3337 5723 3532 5797 potuit
3558 5724 3902 5796 praedictus
