3944 6414
93 272 155 327 5³
1700 264 1723 316 Ἰ

3447 271 3519 324 56

93 389 329 466 pontifex
354 393 712 448 construere
751 393 811 447 et
856 388 1079 448 ornere
1110 387 1513 462 nobiliterque
1551 390 1610 445 et
1636 402 1732 445 sa-
1763 390 1814 444 Α
1847 386 2083 447 lissima
2108 389 2507 462 proteeomm
2535 389 2755 447 Carolo
2775 389 3043 461 glorioso
3065 403 3513 465 rege,un

92 486 295 558 pienter
317 497 689 554 componere
740 480 989 538 studuit.
1021 481 1089 537 In
1130 479 1383 553 przefato
1414 479 1576 535 enim
1606 495 1733 535 mo-
1848 477 2087 534 licentia
2116 485 2173 535 et
2199 480 2425 536 auxilio
2453 479 2635 535 fultus
2666 480 2795 535 haec
2828 495 3007 549 agere
3050 480 3251 553 cmpit,
3315 485 3371 537 et
3400 496 3515 554 pro

90 574 325 633 nasterio
371 572 677 645 Tallpiaco
724 572 1062 629 monachos
1087 571 1164 629 de
1210 569 1579 629 monasterio
1619 585 1734 624 suo
1848 568 2132 625 omnibus
2164 570 2273 625 sibi
2306 570 2646 625 commissis
2678 569 2963 640 gregibus
3003 573 3060 627 et
3088 569 3331 644 populis
3358 570 3508 627 ﬁde-

88 664 237 739 quod
272 661 515 721 Anisola
559 661 935 727 nominatur,
972 660 1037 718 in
1066 677 1196 733 quo
1240 662 1484 718 sanctus
1513 658 1734 715 Cal-ile-

89 755 233 828 phus
262 768 517 825 corpore.
539 750 887 824 requiescit,
907 749 1095 814 misit,
1114 750 1267 809 utin
1297 747 1736 818 eoregulariter

89 844 359 909 viverent,
385 844 445 898 et
467 840 695 898 multos
722 839 802 897 ad
826 838 1152 897 Dominum
1182 838 1567 905 attraherent,
1593 853 1732 894 sua~

90 949 223 1006 sque
248 936 425 1005 atque
456 930 795 990 multorum
821 929 1080 988 aliorum
1105 928 1344 987 animas
1364 927 1511 985 inibi
1544 927 1735 985 Domi-

88 1042 156 1082 no
175 1021 570 1096 multipliciter
597 1021 923 1092 lucrarent,
952 1023 1011 1078 et
1033 1036 1145 1094 pro
1169 1019 1401 1078 domno
1430 1017 1733 1076 Ludovico

86 1117 453 1189 imperatore,
481 1129 593 1169 seu
642 1128 755 1186 pro
783 1111 909 1168 ﬁlio
956 1111 1093 1183 ejus
1129 1109 1364 1181 Carolo,
1396 1114 1579 1182 atque
1619 1123 1735 1182 pro

87 1204 313 1278 praeﬁxo
360 1201 615 1259 Aldrico
658 1201 966 1276 episcopo,
1000 1200 1129 1257 sive
1155 1216 1271 1272 pro
1296 1198 1586 1255 omnibus
1616 1197 1731 1254 sibi

86 1295 265 1351 missis
290 1296 347 1349 et
375 1292 670 1348 universis
700 1295 921 1348 sanctis
967 1290 1071 1347 Dei
1099 1289 1375 1346 Ecclesiae
1412 1287 1717 1358 ﬁdelibus,

86 1386 168 1440 die
194 1386 493 1455 noctuque
523 1380 783 1438 ﬁdeliter
807 1383 1129 1437 exorantes
1151 1382 1435 1450 rogarent
1458 1382 1524 1434 ut
1549 1376 1729 1434 nobis

86 1472 345 1531 omnibus
374 1487 555 1528 ariam
581 1486 827 1543 semper
846 1469 1074 1527 tribuat
1104 1468 1303 1525 facere
1351 1467 1724 1524 voluntatem

90 1565 365 1635 vitamque
398 1561 698 1618 concedat
723 1560 946 1631 degere
971 1559 1230 1625 felicem,
1262 1561 1321 1615 et
1354 1557 1603 1629 insuper
1630 1572 1729 1612 reo.

85 1653 265 1727 quiem
293 1651 518 1707 tribuat
551 1650 1007 1722 sempiternam.
1046 1652 1260 1704 Amen.
1293 1648 1359 1703 In
1386 1649 1724 1703 memorato

86 1758 209 1811 ergo
232 1739 596 1797 monasterio
642 1737 953 1811 Talipiaco
985 1737 1383 1810 praepositum
1409 1752 1589 1791 suum
1618 1750 1724 1791 no-
1751 1748 1794 1803 Β

85 1832 225 1888 mine
244 1829 425 1887 Iacob
455 1827 1053 1901 archipresbyterum
1082 1827 1369 1884 abbatem
1392 1825 1721 1893 constituit,

86 1920 175 1993 qui
198 1918 635 1976 monachorum
665 1932 877 1974 curam
913 1916 999 1973 ibi
1042 1920 1292 1986 gereret,
1342 1930 1573 1988 eosque
1592 1928 1719 1970 mo-

87 2010 285 2066 nachos
307 2008 485 2080 juxta
504 2006 785 2078 regulam
810 2006 1002 2067 sancti
1030 2004 1335 2065 Benedicti
1366 2003 1722 2073 regulariter

88 2098 305 2164 regeret,
334 2108 636 2166 suamque
667 2096 851 2166 atque
876 2090 1137 2151 aliorum
1166 2089 1404 2149 animas
1432 2088 1579 2146 inibi
1611 2086 1727 2143 sal-

92 2188 252 2253 varet,
286 2188 464 2256 atque
494 2180 579 2240 ad
604 2196 933 2254 supernam
963 2180 1245 2254 patriam,
1275 2179 1338 2237 id
1368 2184 1455 2237 est
1484 2177 1725 2236 caeleste.

88 2290 308 2344 regnum
333 2272 593 2332 Domino
622 2270 952 2342 adjuvante
998 2270 1345 2339 deduceret,
1372 2272 1440 2326 ut
1467 2267 1725 2325 coelesti-

88 2362 185 2418 bus
209 2363 265 2421 in
292 2361 538 2420 sedibus
569 2376 696 2418 una
715 2376 856 2418 cum
887 2359 1112 2416 sanctis
1143 2363 1199 2417 et
1230 2358 1431 2418 electis
1461 2356 1560 2417 Dei
1583 2372 1723 2430 per-

88 2452 365 2524 [ις-ιυιιὶιθιυ
390 2451 589 2508 vivere
622 2467 765 2507 cum
795 2450 882 2508 eis
909 2465 1165 2521 regnare
1195 2453 1252 2509 et
1276 2447 1540 2520 gloriari,
1569 2462 1723 2520 prae-

92 2548 253 2602 stante
296 2541 553 2601 Domino
593 2544 805 2600 nostro
846 2542 986 2599 Jesu
1040 2539 1301 2606 Christo,
1350 2540 1721 2598 mereantur.

88 2638 267 2690 Amen.
288 2632 405 2689 Bas
434 2646 586 2702 ergo
601 2629 842 2689 villulas
870 2633 939 2687 et.
949 2644 1049 2685 res
1073 2629 1207 2701 jam
1224 2628 1421 2687 dictus
1443 2626 1721 2687 Aldricus

89 2717 373 2790 episcopus
397 2716 657 2790 praeﬁxo
683 2713 1113 2773 monasteriolo
1141 2718 1200 2773 et
1228 2712 1542 2773 monachis
1573 2710 1719 2771 inibi

88 2806 306 2865 Domino
330 2806 407 2863 de
433 2804 723 2877 gentibus
744 2818 851 2876 per
875 2819 1055 2863 suum
1084 2801 1469 2875 privilegium
1500 2799 1719 2859 conﬁr-

92 2895 245 2953 mavit
273 2910 391 2953 una
435 2909 586 2953 cum
614 2892 859 2953 licentia
880 2890 1115 2951 domini
1152 2889 1439 2950 Ludovici
1466 2887 1725 2963 piissimi

88 2983 445 3058 imperatoris,
466 2987 537 3043 et
558 2998 683 3039 una
704 2998 844 3039 cum
871 2996 1174 3038 consensu
1191 2980 1456 3039 Ursmari
1483 2979 1573 3035 sui
1597 2993 1721 3037 me-

1846 655 1977 713 liter
2005 660 2062 714 et
2090 657 2430 714 incessabili
2441 663 2526 715 ter
2538 657 2635 714 die
2650 661 2956 731 noctuque
2972 658 3386 731 implorarent,
3400 675 3510 716 seu

1844 762 1955 819 pro
1986 746 2273 804 omnibus
2291 750 2513 804 sanctae
2545 747 2649 804 Dei
2664 746 2941 804 Ecclesia:
2970 746 3106 805 ﬁliis
3134 747 3511 806 incessanter

1845 840 2085 892 orarent
2111 839 2177 892 ut
2203 835 2495 893 Dominus
2540 836 2816 895 Salvator
2848 840 3074 905 noster,
3099 836 3207 909 qui
3229 852 3342 894 nos
3366 853 3505 911 pro-

1844 925 1977 997 prio
1991 924 2286 995 sanguine
2303 925 2576 997 redemit,
2590 924 2687 983 die
2706 929 3014 999 noctuque
3029 926 3093 982 in
3121 941 3233 983 suo
3262 927 3503 985 servitio

1842 1018 1901 1071 et
1919 1013 2000 1071 ad
2025 1030 2201 1071 suam
2230 1014 2645 1088 peragendam
2664 1014 3043 1072 voluntatem
3057 1014 3285 1088 ubique
3307 1020 3500 1074 custo-

1840 1102 1988 1175 diat,
2014 1119 2373 1176 semperque
2394 1103 2628 1159 felicem
2654 1104 2841 1161 vitam
2867 1104 3089 1161 ducere
3116 1105 3430 1171 concedat,
3444 1110 3503 1163 et

1840 1192 1918 1249 ad
1967 1192 2315 1251 societatem
2357 1197 2708 1251 sanctorum
2756 1192 3263 1249 intercedentibus
3293 1210 3497 1251 servo-

1838 1298 1976 1339 rum
2004 1286 2064 1339 et
2090 1286 2439 1340 sanctorum
2467 1282 2566 1338 Dei
2596 1282 2825 1339 meritis
2843 1282 3175 1355 perducere
3192 1282 3497 1354 dignetur.

2547 1389 2784 1447 XXVIII.

1838 1487 2332 1545 Commemoratio
2362 1486 2436 1543 de
2477 1488 2889 1543 mansionibus
2920 1493 2977 1543 et
3014 1486 3329 1543 novalibus
3359 1502 3494 1557 quae

1900 1560 2200 1630 praefatus
2223 1560 2512 1615 Aldricus
2539 1560 2953 1615 Cenomanicte
2980 1559 3149 1614 urbis
3184 1560 3495 1628 episcopus

1904 1632 1986 1687 att
2014 1631 2339 1688 utilitatem
2369 1636 2596 1687 sanctae
2644 1631 2756 1688 Dei
2795 1630 3081 1687 Ecclesiae
3129 1646 3495 1701 suorumque

1902 1718 2207 1761 servorum
2243 1708 2297 1759 et
2323 1704 2812 1759 sustentationem
2823 1717 3166 1773 pauperum
3194 1705 3316 1760 sive
3336 1703 3491 1758 indi-

1900 1776 2165 1845 gentium
2186 1779 2367 1845 atque
2395 1775 2874 1844 supplementum
2893 1773 3010 1829 sibi
3022 1773 3485 1843 famulantium,

1900 1852 1955 1902 et
1987 1847 2069 1901 ad
2092 1845 2312 1902 alenda
2344 1846 2465 1901 sive
2493 1845 2822 1902 nutrienda
2850 1860 3096 1916 pecora,
3144 1851 3490 1902 construere

1900 1923 1955 1975 et
1986 1918 2324 1987 exstirpare
2337 1916 2593 1975 studuit.

1899 2009 2074 2063 Juxta
2104 2006 2539 2063 monasterium
2590 2007 2781 2062 sancti
2808 2005 3128 2063 Salvatoris
3154 2020 3345 2062 unam
3375 2006 3488 2063 sibi

1832 2095 1911 2151 ad
1936 2094 2402 2151 inhabitandum
2427 2094 2564 2152 fecit
2591 2095 3059 2162 mansionem,et
3072 2094 3134 2151 in
3154 2099 3362 2155 monte
3391 2097 3488 2153 Se-

1830 2185 2075 2241 donaris
2102 2190 2238 2239 octo
2256 2184 2392 2240 fecit
2420 2184 2829 2256 mansionilia,
2850 2188 2908 2241 et
2935 2184 2998 2240 in
3024 2183 3209 2240 rebus
3240 2183 3315 2240 de
3344 2183 3489 2242 villa

1831 2274 2212 2330 Vodebistria
2258 2274 2333 2329 de
2378 2273 2727 2331 Caterniaco
2764 2273 2899 2341 tria,
2931 2272 2993 2329 in
3021 2273 3310 2331 Ruiniaco
3352 2274 3485 2346 tria,

1832 2379 2014 2438 super
2061 2363 2378 2419 tluviolum
2402 2363 2621 2420 Miliciae
2679 2362 2817 2434 tria,
2846 2362 3001 2419 inter
3048 2362 3387 2433 Agniacum
3430 2366 3488 2420 et

1832 2455 1979 2512 silva
2005 2454 2229 2510 Briscia
2253 2455 2384 2520 tria,
2416 2453 2480 2509 in
2518 2453 2884 2511 Drumniaco
2931 2453 3078 2524 duo,
3134 2452 3198 2509 in
3228 2452 3489 2510 Mentula

1831 2546 1907 2601 de
1936 2545 2166 2601 ratione
2193 2548 2417 2600 sanctas
2467 2543 2661 2601 Mariae
2687 2543 2834 2612 duo,
2886 2542 2950 2599 in
2994 2543 3254 2600 Mantula
3285 2543 3486 2601 Sancti

1831 2634 2031 2690 Albini
2058 2639 2116 2689 et
2141 2633 2392 2689 fratrum
2426 2632 2717 2701 unum,in
2748 2631 3057 2689 Novavilla
3081 2631 3225 2699 duo,
3244 2631 3306 2687 in
3336 2630 3489 2689 Rino

1830 2728 2075 2797 petroso
2104 2738 2315 2785 unum.
2347 2722 2408 2778 in
2456 2722 2739 2779 Colonica
2780 2737 2954 2778 secus
3000 2721 3235 2790 urbem,
3263 2720 3324 2777 in
3350 2720 3486 2778 loco

1829 2813 1934 2887 qui
1958 2813 2177 2873 dicitur
2224 2812 2493 2884 Vivariis,
2529 2827 2741 2879 unum,
2790 2811 2853 2868 in
2890 2811 3089 2868 Puscit
3115 2811 3260 2879 duo,
3294 2812 3357 2868 in
3386 2811 3487 2869 illa

1829 2914 1941 2955 rua
1968 2897 2125 2954 ultra
2143 2896 2398 2953 ﬂuvium
2429 2897 2656 2954 Sarthas
2695 2896 2842 2965 duo,
2888 2895 2951 2953 in
2993 2896 3096 2953 illa
3143 2912 3255 2953 rua
3288 2897 3487 2955 Sancti

1831 2986 2117 3045 Vincentii
2149 3003 2359 3055 unum,
2406 2986 2465 3042 in
2500 2986 2921 3044 Laudemauro
2960 3002 3175 3054 unum,
3206 2986 3272 3043 in
3296 2986 3487 3044 Bella-

90 3074 391 3165 tropolitani
410 3163 417 3165 Α
438 3078 509 3131 et
543 3076 900 3165 creterorum
944 3086 1204 3132 suorum
1243 3067 1722 3165 comprOVincia-
1751 3078 1812 3165 α’
1833 3076 1986 3133 silva
2014 3076 2144 3144 tria,
2176 3076 2239 3132 in
2270 3075 2419 3132 silva
2468 3075 2889 3165 Laudensinde
2924 3076 3071 3165 duo,
3111 3075 3175 3131 in
3198 3075 3337 3165 villa
3365 3075 3489 3132 Tri-

89 3158 212 3217 lium
260 3163 615 3217 sanctorum
667 3157 1117 3231 episcoporum,
1175 3170 1490 3216 assensum
1539 3153 1722 3211 etiam

89 3248 351 3321 probante
379 3250 681 3309 universo
709 3246 923 3307 ordine
950 3250 1011 3305 et
1035 3245 1199 3306 clero
1228 3244 1343 3301 sibi
1368 3244 1721 3309 commisso,

89 3339 191 3398 sive
212 3343 419 3399 cuncto
466 3341 642 3398 coetu
672 3336 1092 3399 Ceuomanicee
1140 3336 1204 3394 in
1247 3333 1539 3409 parochia
1566 3331 1721 3391 mili-

88 3429 310 3489 tantium
343 3428 739 3489 sacerdotum
785 3442 857 3487 ao
898 3426 1219 3489 levitarum
1269 3424 1439 3497 atqui
1466 3422 1724 3496 reliquo-

91 3534 202 3578 rum
223 3535 527 3581 sacrorum
554 3517 846 3581 ordinum
874 3516 1311 3575 ministrorum.

791 3608 990 3667 XXVII.

146 3692 651 3756 Commemoratus
670 3706 942 3765 namque
970 3689 1270 3761 Aldricua,
1305 3685 1723 3749 Cenomanicte

92 3782 265 3841 matris
292 3783 554 3845 ecclosiae
581 3781 931 3856 episcopus,
977 3780 1190 3841 divino
1219 3779 1451 3843 honore
1484 3776 1724 3841 fervens

94 3873 280 3944 pariter
326 3877 383 3932 et
430 3887 650 3935 amore
694 3871 1135 3935 monasterium
1183 3868 1383 3931 Sancti
1433 3866 1723 3927 Vincentii

91 3962 230 4031 juxta
264 3961 739 4025 Cenomanicam
791 3960 1008 4025 urbem
1037 3960 1222 4025 situm
1271 3958 1449 4033 quasi
1475 3973 1515 4021 a
1559 3972 1723 4021 novo

96 4051 436 4114 modiﬁcavit
464 4055 525 4111 et
556 4066 855 4111 renovare
899 4049 1152 4118 studuit,
1180 4048 1507 4125 ipsamque
1537 4045 1723 4105 eccle-

98 4141 219 4199 siam
241 4142 433 4203 Sancti
462 4139 760 4201 Vinoentii
783 4139 1195 4211 toguminihns
1223 4142 1285 4203 ct
1304 4138 1435 4199 aliis
1455 4136 1725 4200 aediﬁciis

99 4244 277 4291 ornare
298 4231 549 4297 interius
603 4229 987 4305 exteriusque
1022 4245 1150 4287 non
1191 4227 1443 4295 distulit,
1467 4231 1526 4287 et
1548 4226 1723 4299 juxta

98 4334 206 4379 eum
228 4321 286 4381 in
313 4319 663 4395 aquilonari
689 4323 858 4394 parte
898 4318 1234 4383 claustrum
1276 4316 1723 4383 monachorum

99 4423 192 4464 una
215 4426 346 4475 cum
369 4411 501 4475 aliis
530 4408 809 4471 aediﬁciis
838 4425 979 4484 quae
1008 4409 1090 4469 ad
1120 4424 1331 4467 curam
1359 4411 1419 4466 et
1445 4404 1720 4478 regulam

100 4512 269 4561 eorum
314 4501 617 4573 pertinere
660 4497 962 4564 videntur,
1010 4502 1191 4573 prout
1232 4496 1451 4564 melius
1504 4494 1721 4569 potuit,

104 4594 402 4655 construere
421 4596 483 4651 et
519 4606 746 4655 ornare
774 4588 1178 4662 nobilitequ
1213 4591 1273 4647 et
1303 4586 1603 4660 sapienter
1632 4587 1721 4643 at-

103 4692 196 4748 que
242 4679 517 4747 decenter
590 4695 965 4754 componere
1021 4678 1270 4741 studuit.
1338 4681 1404 4741 ιιι
1470 4674 1725 4749 praefato

104 4768 286 4845 quippe
311 4771 691 4835 monasterio
720 4769 954 4844 prteﬁxi
985 4769 1187 4829 Sancti
1215 4766 1523 4835 Yincentii,
1554 4763 1722 4839 quod

105 4871 223 4926 Pelle
246 4859 507 4923 dirutum
555 4865 621 4919 et
659 4859 837 4933 quasi
876 4857 1265 4925 annnllatum
1314 4856 1564 4927 invenit,
1592 4854 1723 4927 jam

107 4959 288 5017 magna
316 4965 387 5006 ex
415 4955 594 5024 parte
624 4947 1013 5019 remdiﬁcato,
1042 4947 1249 5021 posuit
1274 4945 1638 5011 monachos,
1660 4946 1727 5007 ut

106 5036 404 5105 regulariter
456 5039 520 5097 in
547 5054 625 5096 eo
678 5036 967 5103 viverent,
1014 5041 1075 5095 et
1100 5036 1324 5095 multos
1371 5034 1452 5101 ad
1486 5031 1727 5091 Domini

106 5120 376 5185 salvatoris
399 5128 719 5187 servitium
747 5130 807 5189 et
830 5127 910 5187 ad
938 5127 1222 5187 decorem
1242 5129 1464 5187 sanctis
1492 5123 1594 5187 Dei
1622 5124 1726 5183 Ec-

108 5211 261 5274 clesiae
288 5218 682 5290 attraherent,
696 5221 758 5275 et
782 5217 862 5281 ad
880 5217 1119 5281 lucrum
1146 5215 1491 5281 animarum
1515 5219 1574 5273 et
1600 5228 1727 5281 cor-

110 5315 289 5371 Pomm
311 5309 433 5367 sive
461 5308 549 5367 ad
580 5306 984 5369 salvationem
1016 5311 1075 5367 et
1104 5305 1531 5373 exaltationem
1561 5301 1729 5371 Chri-.

112 5394 245 5451 Silani
255 5398 453 5472 populi
466 5397 703 5459 multos
713 5397 1386 5470 acquirerent,suasque
1396 5398 1577 5467 aluus
1588 5392 1729 5450 alim

112 5492 212 5538 rum
223 5483 754 5549 innumerabilium
765 5485 1004 5545 animas
1019 5483 1579 5565 multipliciterinibi
1591 5499 1726 5543 san-

113 5574 177 5626 cte
192 5578 239 5630 et
257 5574 409 5646 justo
433 5575 644 5649 acfpie
682 5579 742 5636 et
777 5574 1129 5647 regulariter
1157 5574 1426 5633 viventes
1472 5572 1733 5639 Domino

114 5656 380 5738 lucrarent,
396 5670 455 5725 et
478 5682 599 5741 pro
620 5664 853 5724 domno
884 5665 1189 5724 Ludovico
1209 5665 1571 5739 imperatore
1601 5663 1730 5721 sive

117 5762 198 5818 Pro
209 5755 323 5827 ejus
337 5759 605 5833 conjuge
616 5755 825 5817 Judith
832 5756 1212 5832 imperasses
1225 5759 1408 5831 atque
1422 5771 1535 5830 pro
1560 5754 1730 5819 nobi-

1831 3166 2020 3223 cionis
2048 3165 2337 3239 quinque,
2368 3181 2549 3239 super
2584 3164 2840 3222 ﬂuvium
2870 3165 2976 3221 Liti
3014 3164 3188 3236 juxta
3214 3164 3490 3222 Culturas

1830 3257 1977 3325 duo,
2000 3256 2060 3313 in
2092 3260 2297 3315 monte
2321 3255 2511 3328 ipsius
2538 3254 2718 3322 villae,
2747 3253 2853 3312 ubi
2882 3253 3057 3313 vinea
3076 3252 3327 3327 antiqua
3355 3253 3490 3328 fuit,

1833 3344 2121 3411 unum,in
2152 3344 2298 3400 silva
2332 3344 2619 3402 Vaustina
2647 3347 2899 3416 septem,
2927 3342 2990 3399 in
3021 3344 3324 3400 Monciaoo
3351 3343 3484 3413 tria,

1831 3436 1894 3491 in
1922 3436 2129 3492 Canon
2157 3434 2302 3505 duo,
2333 3434 2395 3489 in
2444 3433 2672 3490 Noiolio
2701 3448 2915 3501 unum,
2960 3432 3078 3489 hoc
3108 3436 3218 3499 est,
3243 3432 3305 3489 in
3330 3432 3489 3491 Vau-

1833 3519 2006 3588 stina,
2037 3519 2100 3576 in
2132 3518 2495 3575 Vindoninsc
2536 3533 2701 3591 pago
2723 3532 2940 3583 unum,
2983 3517 3046 3573 in
3087 3516 3227 3575 villa
3254 3518 3490 3591 Cipetra

1832 3626 2014 3683 super
2040 3609 2296 3666 ﬂuvium
2327 3609 2555 3666 Sarthae
2598 3624 2811 3676 unum,
2845 3608 2909 3664 in
2938 3606 3219 3665 Parcian
3269 3624 3487 3680 unum,

1831 3701 1894 3758 in
1942 3700 2229 3758 Casiliaoo
2268 3699 2415 3767 duo,
2473 3699 2538 3756 in
2567 3698 2787 3756 Aciaco
2832 3714 3047 3767 unum,
3103 3697 3168 3754 in
3220 3700 3491 3772 Rupiaoo

1818 3790 1964 3859 tria,
2011 3790 2074 3846 in
2116 3789 2408 3848 Asinariie
2432 3788 2575 3846 villa
2613 3787 2867 3846 fratrum
2914 3787 3061 3858 duo,
3088 3788 3152 3844 in
3206 3787 3490 3847 Coloniae

1831 3880 1978 3946 duo,
2006 3879 2069 3936 in
2123 3884 2291 3936 vetus
2321 3879 2520 3941 vicum
2574 3894 2788 3947 unum,
2842 3877 2905 3934 in
2933 3877 3203 3935 Celsiaco
3248 3877 3395 3947 duo,
3424 3878 3488 3936 in

1834 3970 2142 4027 Stauriaeo
2158 3970 2221 4025 in
2242 3985 2405 4043 pago
2421 3967 2836 4041 Bajooassimo
2847 3967 2993 4038 duo,
3005 3966 3067 4024 in
3092 3967 3241 4025 silva
3260 3967 3491 4026 Blanau

1830 4060 1894 4116 in
1921 4075 2085 4133 pago
2114 4059 2437 4117 Oxominse
2464 4058 2611 4129 duo,
2652 4058 2712 4115 in
2743 4056 3042 4131 Spelteriis
3068 4056 3212 4114 villa
3233 4056 3490 4116 fratrum

1830 4149 1976 4220 duo,
2008 4151 2069 4206 in
2120 4148 2401 4207 Calonica
2437 4148 2584 4217 duo,
2614 4148 2677 4205 in
2720 4152 2894 4205 vetus
2930 4146 3134 4204 vicum
3179 4163 3393 4217 unum,
3425 4146 3489 4205 in

1835 4244 2036 4297 Durno
2064 4256 2276 4306 unum,
2308 4240 2371 4295 in
2398 4239 2667 4297 Canania
2695 4239 2831 4311 tria,
2852 4242 2912 4295 et
2933 4237 2998 4295 in
3028 4238 3336 4296 Culcanna
3364 4238 3490 4295 sive

1831 4329 1911 4386 ad
1942 4332 2229 4387 Sanctum
2279 4329 2587 4385 lulianum
2628 4329 2774 4400 duo,
2823 4329 2998 4401 juxta
3052 4329 3490 4386 monasterium

1834 4415 2024 4472 sancti
2069 4414 2365 4488 Carilephi
2423 4430 2605 4486 super
2637 4413 2787 4470 illud
2837 4428 3136 4485 magnum
3190 4414 3491 4471 vivarium

1835 4519 2047 4571 unum,
2097 4502 2179 4561 ad
2234 4503 2674 4561 monasterium
2701 4501 2887 4575 aliud,
2929 4503 3009 4560 ad
3059 4502 3332 4562 Belmont
3373 4507 3491 4561 ter-

1834 4593 1983 4655 tium
2008 4593 2181 4665 juxta
2206 4593 2549 4651 Maceriolas
2574 4595 2857 4667 quatuor,
2871 4592 3047 4665 juxta
3071 4592 3240 4651 illam
3272 4592 3491 4650 silvam

1832 4698 2019 4756 quam
2050 4682 2419 4741 Godefredus
2446 4682 2583 4739 fecit
2604 4681 2877 4756 quinque
2904 4681 2969 4738 in
3013 4680 3354 4742 Panitiariis
3383 4696 3490 4737 sex

1832 4775 1889 4831 et
1914 4775 2145 4849 septem
2176 4772 2237 4829 in
2264 4787 2485 4844 campo
2515 4770 2882 4829 Cabalorum
2912 4773 3049 4827 octo
3076 4774 3134 4826 et
3160 4784 3405 4839 novem,
3426 4768 3491 4825 in

1831 4866 1991 4921 Mont
2014 4865 2203 4935 Camp
2228 4862 2465 4928 decem,
2496 4862 2558 4918 in
2604 4860 2868 4917 Bovonis
2919 4858 3125 4916 villare
3152 4873 3367 4929 unum,
3428 4858 3493 4915 in

1831 4952 2033 5012 villam
2059 4969 2284 5015 novam
2314 4953 2459 5022 duo,
2476 4952 2539 5009 in
2568 4950 2861 5007 Varianae
2889 4947 3033 5017 duo,
3058 4946 3139 5004 ad
3164 4948 3493 5007 Ruciaoum

1833 5058 2046 5112 unum,
2072 5042 2136 5099 in
2180 5042 2318 5100 luco
2365 5039 2584 5097 Aldrici
2625 5052 2840 5108 unum,
2871 5036 2935 5093 in
2981 5036 3259 5110 Cipetum
3309 5054 3494 5113 super

1834 5131 2081 5189 ﬂuvium
2118 5131 2228 5188 Lizi
2256 5130 2318 5187 in
2373 5128 2550 5185 Belsa
2574 5142 2789 5195 unum,
2830 5126 2893 5183 in
2940 5127 3170 5185 Portica
3197 5127 3277 5185 ad
3327 5127 3493 5186 illam

1835 5220 2049 5278 cellam
2082 5235 2292 5287 unum,
2333 5219 2395 5274 in
2440 5215 2869 5275 Runvioiacum
2913 5232 3127 5287 unum,
3157 5218 3220 5274 in
3261 5217 3493 5276 Stiviale

1836 5321 2048 5371 unum,
2079 5304 2160 5363 ad
2182 5303 2528 5365 mansiones
2547 5303 2721 5376 juxta
2748 5301 2981 5361 furcam
3004 5305 3260 5374 Burgast
3277 5318 3491 5373 unum,

1834 5395 1898 5455 in
1925 5394 2243 5459 Fraxinido
2272 5395 2333 5452 in
2364 5394 2539 5452 Belsa
2586 5394 2651 5452 in
2681 5393 3017 5452 Vuodebris
3055 5409 3273 5465 unum,
3316 5395 3497 5465 juxta

1839 5485 2167 5551 Vuodebris
2210 5484 2272 5541 iu
2298 5484 2431 5543 loco
2478 5484 2583 5558 qui
2611 5484 2829 5543 dicitur
2873 5483 2954 5543 ad
2983 5487 3263 5541 sanctum
3304 5488 3497 5543 Pater-

1836 5592 1986 5634 num
2010 5590 2223 5646 unum,
2254 5574 2317 5637 in
2361 5573 2635 5633 Flaoiaoo
2662 5590 2876 5644 unum,
2925 5573 2989 5632 in
3015 5573 3265 5631 Ruﬂaco
3317 5590 3499 5649 super

1840 5665 2116 5729 Sartham
2147 5680 2361 5730 unum,
2411 5662 2491 5721 ad
2538 5662 2887 5729 Curtunvelt
2927 5678 3144 5732 unum,
3196 5664 3259 5720 in
3300 5662 3497 5721 Brimo

1839 5772 2054 5828 unum,
2111 5755 2175 5821 in.
2204 5753 2345 5817 villa
2397 5756 2677 5817 laureae
2724 5768 2939 5824 unum,
2993 5753 3056 5810 in
3092 5751 3379 5811 Breuian
3434 5752 3496 5809 in
