3944 6420
91 329 154 382 5‘7

3465 322 3533 377 58

89 449 160 506 de
183 447 479 503 frumento
510 443 742 518 optimo
773 443 1016 501 modios
1039 460 1145 500 sex
1166 448 1226 500 et
1248 444 1324 500 de
1350 443 1493 500 vino
1514 443 1747 516 optimo
1779 446 1829 499 A
1867 443 2026 500 ciant
2052 448 2180 501 tam
2208 446 2271 503 in
2301 422 2500 502 missis
2532 461 2722 518 quam
2754 449 2811 502 et
2852 443 3208 517 psalmodiis
3233 442 3537 500 humiliter

91 537 316 595 modios
347 539 630 608 quatuor,
662 539 720 591 et
739 535 989 608 insuper
1017 535 1263 608 potione
1283 551 1419 608 quae
1441 533 1624 604 vulgo
1647 532 1754 589 ali-

89 643 241 684 xona
290 624 502 681 dicitur
553 622 827 681 modium
879 639 1096 694 unum,
1126 629 1185 680 et
1233 623 1445 681 arietes
1489 624 1752 695 optimos

90 721 363 790 quatuor,
385 718 440 770 et
461 728 683 786 porcos
713 713 978 786 optimos
1004 712 1182 770 duos.
1202 713 1272 768 Et
1290 712 1352 768 in
1373 710 1752 767 dedicatione

92 805 343 861 ecclesiae
373 802 568 859 Sancti
597 802 908 875 Stephani,
936 819 1075 876 quas
1103 806 1192 858 est
1228 801 1387 858 infra
1415 801 1752 857 claustrum

93 898 440 961 constructa,
474 893 650 964 cujus
675 893 961 950 festivitas
994 892 1392 950 dedicationis
1423 897 1512 949 est
1540 891 1753 964 quinto

99 979 234 1035 ldus
266 977 642 1045 Novembris,
675 977 946 1034 similiter
986 978 1256 1034 habeant
1282 978 1498 1034 fratres
1521 977 1597 1033 de
1635 976 1757 1032 fru-

94 1074 286 1126 mento
315 1068 546 1142 optimo
580 1067 817 1124 modios
848 1084 974 1138 sex,
998 1073 1056 1125 et
1083 1068 1160 1124 de
1189 1068 1332 1124 vino
1363 1067 1594 1140 optimo
1626 1082 1758 1122 mo-

95 1161 218 1216 dios
241 1162 523 1232 quatuor,
550 1163 609 1214 et
632 1158 882 1230 insuper
900 1157 976 1213 de
994 1158 1237 1230 potione
1253 1174 1391 1231 quae
1424 1156 1642 1213 dicitur
1662 1155 1759 1210 sil-

94 1249 185 1304 via
210 1246 484 1304 modium
499 1263 712 1313 unum,
731 1252 790 1303 et
804 1246 1123 1318 friscingas
1143 1246 1429 1321 porcinas
1449 1244 1756 1319 perbonas

95 1333 259 1403 duas,
289 1336 344 1388 et
369 1331 586 1387 arietes
619 1335 902 1404 quatuor.
927 1336 993 1388 In
1023 1331 1433 1389 anniversario
1463 1331 1644 1386 etiam
1662 1344 1757 1385 or-

95 1419 406 1478 dinationis
433 1424 678 1488 nostrae,
707 1437 847 1493 quas
893 1421 1204 1478 colebatur
1232 1420 1598 1478 duodecimo
1630 1418 1752 1475 Cal.

96 1511 423 1578 ianuarias,
455 1526 593 1583 quae
613 1515 817 1566 tamen
841 1511 1206 1584 anticipatur
1231 1527 1357 1568 una
1385 1511 1482 1567 die
1510 1513 1756 1583 propter

97 1599 528 1656 dedicationem
551 1598 760 1655 matris
781 1605 837 1655 et
856 1599 1110 1656 senioris
1136 1605 1358 1656 nostras
1387 1598 1550 1655 sedis
1571 1596 1760 1654 eccle-

99 1686 210 1751 sise,
240 1700 375 1757 qua:
431 1687 524 1740 est
576 1683 902 1740 undecimo
960 1683 1083 1740 Cal.
1115 1683 1459 1747 Januarias,
1491 1683 1762 1738 habeant

99 1772 352 1847 praedicti
376 1772 593 1828 fratres
615 1771 695 1828 ad
711 1788 922 1828 eorum
944 1773 1327 1831 refectionem
1357 1773 1433 1828 de
1454 1771 1760 1828 frumento

101 1861 315 1935 optimo
343 1860 585 1918 modios
617 1877 742 1928 sex,
775 1865 831 1917 et
885 1862 960 1917 de
1014 1861 1154 1918 vino
1205 1862 1469 1935 optimos
1520 1860 1762 1917 modios

101 1955 363 2024 quatuor,
391 1956 451 2006 et
478 1951 733 2024 insuper
760 1950 1072 2024 potionem
1104 1951 1180 2007 de
1207 1951 1455 2007 finiculo
1481 1949 1760 2007 modium

103 2057 300 2111 unum,
330 2045 388 2097 et
417 2039 500 2097 ad
533 2040 732 2114 pisces
781 2041 1074 2097 emendos
1110 2040 1186 2097 de
1241 2045 1492 2111 argento
1534 2039 1762 2096 solidos

103 2131 375 2202 quinque,
390 2129 466 2186 de
489 2146 671 2186 caseo
689 2135 889 2186 autem
914 2129 1192 2186 modium
1209 2129 1573 2200 unum,etde
1595 2130 1762 2199 legu-

105 2220 250 2275 mine
278 2219 509 2292 optimo
532 2219 802 2276 similiter
815 2219 1088 2276 modium
1115 2235 1327 2276 unum.
1346 2219 1411 2274 1n
1434 2218 1762 2276 dedicatio-

104 2326 170 2364 ne
186 2325 315 2366 vero
331 2308 564 2365 absidte
585 2309 796 2365 matris
817 2313 874 2364 et
887 2308 1138 2364 senioris
1159 2314 1378 2365 nostra:
1392 2307 1560 2364 urbis
1581 2307 1764 2364 eccle-

107 2399 194 2454 size
223 2403 277 2454 et
302 2399 788 2456 reconciliatione
814 2399 1004 2471 ipsius
1031 2399 1297 2456 ecclesiae
1314 2415 1505 2472 quam
1526 2397 1763 2454 noviter

106 2489 378 2545 aedificavi
407 2495 592 2562 atque
623 2489 989 2546 reasdiﬁcare
1021 2489 1246 2560 studui,
1264 2505 1453 2562 quam
1479 2492 1537 2544 et
1564 2488 1626 2544 in
1648 2487 1761 2543 ho-

109 2594 236 2634 nore
261 2579 451 2635 sancti
477 2579 803 2635 Salvatoris
825 2583 881 2634 et
896 2579 956 2634 in
975 2578 1221 2634 nomine
1248 2582 1469 2635 sancta:
1490 2577 1589 2633 Dei
1601 2577 1766 2647 geni-

110 2669 249 2724 tricis
265 2668 455 2724 Mariae
470 2673 949 2740 sanctorumque
962 2673 1301 2740 martyrum
1318 2667 1768 2740 Stephani,Ger-

111 2757 245 2812 vasii
273 2763 328 2812 et
359 2757 640 2823 Protasii,
683 2756 985 2829 simulque
1011 2757 1071 2812 in
1099 2757 1328 2813 honore
1360 2762 1416 2812 et
1441 2756 1764 2812 veneratio-

111 2862 174 2903 ne
199 2847 466 2903 omnium
483 2852 840 2904 sanctorum
860 2847 1181 2903 undecimo
1199 2846 1322 2903 Cal.
1337 2846 1764 2903 Januariarum

111 2936 347 3004 die,cum
361 2937 492 2994 aliis
505 2937 811 3010 episcopis
828 2943 884 2992 et
895 2937 1312 2993 sacerdotibus
1324 2937 1527 2993 multis
1545 2935 1765 2992 solem-

111 3028 244 3083 niter
271 3028 571 3094 dedicavi,
591 3033 650 3083 et
669 3027 1001 3083 multorum
1025 3032 1378 3084 sanctorum
1399 3026 1687 3099 reliquias
1704 3025 1766 3081 in

112 3133 172 3171 ea
189 3118 433 3190 propriis
453 3117 750 3174 manibus
771 3116 1080 3186 collocavi,
1109 3116 1232 3172 sive
1255 3116 1330 3172 de
1359 3132 1610 3188 corpore
1632 3131 1773 3188 pro-

112 3203 225 3274 prio
253 3208 604 3258 sanctorum
656 3205 992 3273 martyrum
1025 3200 1288 3256 Gervasii
1341 3206 1399 3256 et
1429 3200 1676 3256 Protasii
1705 3199 1770 3255 in

113 3292 464 3348 confessione
518 3292 779 3348 senioris
833 3291 1038 3347 altaris
1078 3291 1369 3363 reliquias
1399 3290 1766 3358 dedicando,

115 3380 370 3438 decenter
424 3381 774 3454 composui.
815 3385 874 3436 In
923 3383 1056 3453 ipsa
1115 3397 1260 3452 ergo
1318 3380 1633 3436 festivitate
1664 3381 1774 3434 ha-

117 3472 281 3528 beant
293 3475 424 3544 jam
445 3472 594 3529 dicti
619 3471 832 3527 fratres
854 3471 930 3527 de
948 3471 1251 3527 frumento
1278 3469 1508 3543 Optimo
1532 3469 1771 3525 modios

119 3578 226 3630 sex,
254 3562 324 3618 de
350 3563 490 3619 vino
519 3565 730 3618 autem
762 3561 992 3634 optimo
1023 3560 1264 3616 modios
1292 3566 1577 3632 quatuor,
1609 3559 1775 3614 insu-

119 3668 212 3723 per
236 3657 290 3708 et
315 3653 387 3708 de
409 3658 581 3709 costo
612 3651 843 3724 optimo
865 3651 1140 3706 modium
1165 3667 1378 3720 unum,
1403 3654 1457 3706 et
1481 3649 1559 3704 ad
1575 3649 1774 3722 pisces

121 3741 384 3798 emendos
399 3741 637 3798 solidos
671 3740 964 3813 quinque,
997 3739 1072 3794 de
1109 3755 1287 3795 caseo
1318 3755 1462 3795 vero
1494 3738 1771 3794 modium

123 3847 309 3900 unum,
328 3832 474 3888 etde
495 3830 809 3900 legumine
829 3829 1103 3885 similiter
1118 3829 1392 3885 modium
1414 3828 1774 3884 unum.Haec

125 3925 301 3976 autem
331 3921 541 3978 omnia
566 3920 646 3976 de
673 3921 924 3992 przefata
945 3919 1084 3975 villa
1111 3919 1396 3974 Buxarias
1420 3917 1773 3974 memoratis

126 4003 403 4075 fratribus,
436 4005 623 4062 veluti
652 4005 971 4078 praeﬁxum
1012 4009 1119 4071 est,
1151 4003 1538 4059 devotissime
1570 4001 1774 4058 minis-

127 4097 341 4150 trentur.
361 4098 441 4150 Ea
459 4094 690 4149 scilicet
720 4093 948 4148 ratione
968 4094 1096 4147 inec
1123 4092 1235 4147 illis
1256 4092 1403 4147 dare
1427 4091 1776 4147 censuimus

130 4188 179 4236 ut
216 4183 523 4254 praedictas
555 4182 831 4255 quinque
859 4181 1202 4237 festivitates
1237 4180 1537 4252 szepedicti
1564 4180 1778 4234 fratres

132 4271 443 4329 solemniter
473 4280 530 4329 et
557 4271 948 4326 devotissime
978 4271 1279 4326 celebrent
1307 4271 1628 4340 adjunctos
1663 4268 1778 4324 sibi

132 4363 560 4418 monasteriales
593 4377 830 4429 omnes,
851 4362 975 4415 sive
1007 4360 1397 4416 suburbanos
1432 4357 1779 4413 sacerdotes

133 4455 178 4504 et
202 4451 450 4525 reliquos
472 4451 752 4518 clericos,
775 4449 879 4523 qui
897 4450 957 4505 in
980 4449 1364 4522 supradictas
1386 4448 1775 4504 festivitatum

137 4540 339 4608 vigilias
369 4541 765 4597 devotissime
795 4540 1057 4609 veniant,
1090 4544 1147 4594 et
1175 4544 1317 4594 tunc
1370 4554 1552 4593 mane
1580 4537 1782 4610 prima

138 4632 361 4686 revestiti
388 4633 446 4687 in
475 4630 738 4688 ecclesia
778 4630 952 4700 cujus
983 4629 1274 4685 festivitas
1308 4627 1647 4684 celebratur
1676 4627 1780 4682 de-

139 4720 408 4775 votissime
440 4721 662 4776 adesse
690 4724 1036 4791 procurent,
1066 4718 1441 4773 ministrante
1468 4723 1668 4771 autem
1700 4715 1783 4769 eis

140 4811 353 4865 custode
381 4812 576 4884 ipsius
607 4809 879 4865 ecclesiae
906 4809 1146 4864 oblatas
1168 4812 1225 4863 et
1248 4808 1459 4863 vinum
1491 4806 1789 4862 sufﬁcien-

141 4902 209 4951 ter
234 4899 366 4955 inibi
413 4918 522 4972 per
577 4898 822 4969 singula
873 4897 1089 4953 altaria
1136 4913 1246 4969 pro
1305 4912 1402 4951 me
1446 4900 1786 4968 peccatore,

141 4985 262 5043 dum
293 4991 604 5050 advixero,
625 4986 1050 5060 unusquisque
1083 4985 1371 5042 sacerdos
1397 4985 1657 5040 missam
1689 4984 1794 5039 de-

143 5084 309 5134 cantet
335 5097 525 5135 unam
557 5083 617 5134 et
649 5076 1002 5149 amplius,si
1031 5075 1270 5131 libuerit
1297 5080 1355 5131 et
1386 5074 1652 5130 charitas
1682 5073 1792 5129 mi-

145 5161 468 5233 nistraverit,
487 5169 547 5220 et
579 5161 1005 5234 unusquisque
1032 5160 1283 5216 clericus
1315 5159 1588 5232 psalmos
1616 5157 1792 5230 quin-

145 5253 406 5320 quaginta
459 5260 518 5310 et
579 5250 869 5325 amplius,
900 5256 1224 5324 quantum,
1259 5249 1496 5306 :iilectio
1526 5251 1583 5304 et
1616 5262 1792 5302 amor

147 5339 226 5393 Dei
266 5342 660 5413 instigaverit.
695 5342 863 5413 Ipsos
918 5346 1122 5396 autem
1181 5339 1454 5412 psalmos
1507 5343 1631 5393 tam
1673 5338 1791 5412 ipsi

148 5428 389 5483 canonici
444 5443 644 5500 quam
704 5431 762 5481 et
809 5425 1149 5481 suburbani
1191 5423 1285 5480 vel
1331 5422 1789 5479 monasteriales

150 5510 312 5570 clerici
362 5517 607 5572 alterius
641 5514 808 5571 chori
849 5515 909 5570 in
949 5514 1204 5587 praefata
1242 5512 1496 5568 ecclesia
1522 5511 1791 5567 vicissim

151 5599 437 5662 decantare
497 5603 809 5660 studeant.
865 5603 1006 5659 Post
1055 5602 1292 5658 obitum
1356 5616 1500 5657 vero
1561 5616 1791 5668 meum,

152 5694 367 5759 quando
433 5696 594 5750 Deus
653 5693 926 5758 voluerit,
978 5694 1039 5747 in
1107 5690 1407 5765 praedictis
1465 5689 1793 5746 festivitati-

153 5777 244 5836 bus
269 5784 473 5845 futuris
513 5782 900 5860 temporibus
944 5780 1214 5840 similiter
1240 5797 1353 5856 pro
1383 5779 1667 5839 defuncto
1701 5779 1788 5837 fa.

1865 549 2210 605 precamur.
2242 539 2375 591 Haec
2405 551 2549 605 ergo
2579 535 2787 591 omnia
2812 534 3129 603 diligenter
3143 533 3536 607 peracta,ho-

1865 639 1937 678 ra
1987 623 2160 680 tertia
2212 625 2273 680 in
2333 624 2646 698 publicum
2694 624 2996 681 introeant
3024 623 3314 691 ofﬁcium,
3344 621 3537 695 ipsius

1867 712 1985 768 diei
2039 713 2316 770 festivam
2367 719 2726 788 peragentes
2776 713 3239 770 solemnitatem.
3285 713 3537 767 Peracto

1871 807 2073 860 autem
2096 804 2442 861 solemniter
2461 805 2764 878 praedictis
2787 792 3124 860 festivitatis
3153 801 3372 865 ofﬁcio,
3393 805 3536 857 tunc

1867 891 1931 947 in
1960 892 2271 950 refectorio
2293 910 2419 950 una
2446 911 2586 950 cum
2603 893 2906 966 praedictis
2931 890 3464 948 monasterialibus
3479 895 3539 945 et

1869 980 2239 1038 suburbanis
2296 983 2714 1038 sacerdotibus
2764 998 2833 1037 ac
2867 981 3094 1037 clericis
3142 979 3420 1050 religiose
3451 977 3536 1034 le-

1870 1069 2128 1126 ctionem
2162 1072 2789 1127 continuoaudientes
2820 1076 2875 1126 et
2895 1069 3270 1126 intendentes
3298 1067 3536 1137 religio-

1872 1159 2109 1216 sissime
2132 1177 2276 1216 cum,
2306 1161 2542 1217 silentio
2562 1160 2851 1216 reficiant.
2878 1163 2995 1216 Hoc
3017 1175 3160 1228 ergo
3185 1173 3536 1230 summope-

1871 1263 1934 1304 re
1965 1249 2312 1322 suppliciter
2337 1250 2588 1306 obsecro
2619 1253 2858 1304 sanctos
2880 1263 3256 1304 successores
3279 1262 3448 1303 meos
3476 1250 3535 1302 et

1865 1338 2225 1410 prtepositos
2237 1355 2308 1394 ac
2323 1339 2641 1408 magistros
2655 1354 2762 1394 seu
2780 1336 3084 1392 ministros
3102 1336 3533 1392 canonicorum

1866 1427 2317 1498 praedictorum,
2334 1427 2456 1483 sive
2485 1428 2651 1500 ipsos
2673 1426 2997 1482 canonicso
3015 1429 3342 1498 praesentes
3381 1423 3538 1479 scili-

1868 1520 2033 1571 cetet
2054 1515 2308 1587 futuros,
2324 1521 2389 1572 ut
2405 1516 2722 1589 praedictos
2747 1514 3133 1570 suburbanos
3159 1528 3266 1568 seu
3288 1528 3536 1568 monas-

1871 1599 2110 1656 teriales
2141 1601 2485 1657 sacerdotes
2540 1605 2598 1656 et
2653 1599 2901 1655 clericos
2935 1598 3042 1671 qui
3072 1597 3152 1654 ad
3178 1596 3538 1670 praedictam

1870 1689 2249 1748 festivitatem
2281 1691 2635 1759 venerint,et
2651 1691 3090 1762 suprascriptas
3107 1687 3408 1743 orationes
3425 1700 3537 1760 pro

1792 1804 1834 1858 Β
1872 1797 1968 1836 me
1999 1781 2337 1838 miserrimo
2369 1786 2684 1853 peccatore
2714 1779 2980 1849 fecerint,
3013 1794 3050 1834 a
3078 1781 3416 1834 memorata
3441 1792 3536 1832 re-

1871 1869 2126 1926 fectione
2149 1875 2207 1926 et
2236 1871 2315 1926 ab
2338 1887 2549 1927 eorum
2566 1868 2879 1924 refectorio
2901 1885 2937 1923 a
2958 1884 3021 1923 se
3037 1882 3160 1923 non
3184 1865 3538 1932 excludant;

1871 1959 1980 2014 scd
2011 1959 2058 2015 si
2089 1960 2295 2032 aliqua
2341 1959 2698 2014 necessitate
2750 1957 2976 2013 factum
3016 1955 3208 2022 fuerit,
3244 1959 3386 2011 tunc
3415 1957 3538 2010 sta-

1871 2053 2107 2105 tuentes
2131 2048 2531 2120 imploramus
2553 2053 2619 2103 ut
2639 2063 2797 2103 unus
2826 2045 3259 2102 canonicorum
3281 2043 3436 2098 bene
3466 2040 3536 2096 ﬁ-

1873 2138 2024 2195 delis
2078 2138 2154 2193 de
2207 2138 2510 2210 praedictis
2551 2137 2862 2211 stipendiis
2910 2152 3048 2208 quae
3079 2135 3154 2190 de
3200 2137 3543 2189 memorata

1872 2227 2015 2284 villa
2047 2227 2330 2282 Buxarias
2360 2227 2723 2293 tribuuntur,
2757 2225 3016 2298 accipiat
3038 2239 3232 2279 unum
3263 2221 3540 2278 modium

1875 2317 2051 2390 panis
2082 2322 2139 2373 et
2169 2316 2427 2372 alterum
2456 2317 2600 2384 vini,
2632 2316 2883 2388 insuper
2914 2319 2972 2370 et
2999 2314 3073 2369 de
3091 2315 3220 2384 jam
3242 2312 3402 2368 dicta
3432 2327 3542 2384 po-

1875 2407 2036 2462 tione
2073 2406 2335 2462 sextaria
2381 2411 2667 2479 quatuor,
2700 2411 2758 2460 et
2799 2420 2982 2460 unam
3015 2403 3360 2472 friscingam
3390 2416 3544 2474 qua-

1875 2495 1995 2550 lem
2050 2494 2359 2550 meliorem
2392 2495 2703 2562 invenerit,
2737 2497 2794 2549 et
2825 2509 2898 2549 ex
2944 2492 3061 2558 his,
3090 2490 3204 2546 illis
3247 2494 3550 2563 praeparet

1875 2579 2031 2635 infra
2059 2580 2377 2652 praefixum
2418 2579 2753 2635 claustrum
2785 2578 2846 2632 in
2886 2578 3116 2648 optimo
3142 2575 3276 2630 loco
3328 2574 3544 2629 devote

1878 2674 1935 2725 et
1963 2668 2236 2739 religiose
2259 2674 2316 2724 et
2336 2668 2722 2725 refectionem
2747 2667 3027 2740 plenam;
3057 2665 3161 2720 sed
3183 2663 3381 2734 magis
3402 2667 3546 2735 opto

1878 2765 1936 2815 et
1967 2760 2224 2832 supplex
2253 2760 2546 2832 deprecor
2574 2763 2640 2813 ut
2669 2774 2810 2813 cum
2859 2755 3196 2829 smpedictis
3235 2752 3545 2810 canonicis

1878 2849 2097 2906 nostris
2146 2849 2205 2904 in
2238 2849 2548 2905 refectorio
2579 2864 2721 2904 cum
2779 2847 2894 2902 illis
2933 2844 3381 2916 religiosissime
3409 2841 3546 2898 refi-

1879 2934 2060 3002 ciant,
2093 2933 2438 2990 solemniter
2490 2948 2736 3005 quoque
2784 2931 3108 3004 praedictas
3138 2929 3266 2985 dies
3320 2929 3548 2984 ducen-

1881 3027 1992 3093 tes,
2025 3027 2081 3078 et
2110 3022 2186 3078 de
2233 3022 2412 3078 tantis
2458 3020 2880 3077 festivitatibus
2912 3019 3200 3086 laetantes,
3238 3019 3550 3088 Deumque

1880 3111 1943 3168 in
1965 3110 2250 3166 omnibus
2276 3110 2597 3166 laudantes
2629 3126 2699 3164 ac
2739 3109 3134 3180 deprecantes
3171 3111 3234 3163 ut
3257 3104 3550 3178 tranquil-

1879 3201 2004 3258 lam
2034 3201 2192 3256 hanc
2214 3199 2429 3268 degere
2458 3199 2693 3254 valeant
2721 3198 2929 3263 vitam,
2953 3202 3009 3252 et
3033 3195 3284 3269 praemia
3313 3200 3551 3249 (aeternae

1881 3286 2015 3341 vitae
2038 3285 2345 3356 percipere
2372 3286 2739 3338 mereantur.
2759 3283 3018 3353 insuper
3033 3280 3107 3334 de
3131 3277 3434 3352 praedictis
3457 3278 3554 3332 sti-

1881 3374 2120 3448 pendiis
2153 3374 2486 3446 deprecans
2510 3377 2750 3428 sanctos
2779 3386 3158 3426 successores
3182 3385 3352 3424 mcos
3371 3373 3552 3439 atque

1885 3464 2190 3519 ministros
2211 3463 2473 3535 praefatis
2497 3461 2707 3517 matris
2732 3460 2995 3516 ecclesiae
3027 3463 3346 3526 contestor,
3371 3463 3552 3528 atque

1884 3557 2234 3609 contestans
2283 3551 2587 3607 humiliter
2613 3550 2923 3623 deprecor,
2959 3553 3021 3604 ut
3053 3563 3243 3603 unum
3275 3545 3551 3602 modium

1883 3641 1958 3698 de
1991 3641 2236 3715 praaﬁxo
2267 3657 2425 3714 pane
2457 3657 2564 3713 per
2592 3639 2857 3709 singulas
2885 3639 3014 3709 jam
3047 3637 3237 3692 dictas
3269 3635 3554 3690 festivita—

1885 3738 1970 3789 tes
2006 3737 2062 3788 et
2090 3731 2276 3788 alium
2309 3729 2382 3786 de
2416 3729 2698 3802 praedicto
2730 3729 2893 3797 vino,
2927 3731 2984 3782 ct
3013 3727 3087 3782 de
3128 3724 3392 3798 praefatis
3423 3723 3555 3778 fris-

1885 3823 2076 3891 cingis
2130 3838 2316 3877 unam
2347 3819 2779 3892 quadringinta
2805 3817 3177 3890 pauperibus
3207 3814 3268 3869 in
3301 3812 3554 3882 singulis

1887 3905 2234 3963 memoratis
2258 3904 2673 3960 festivitatibus
2700 3903 2982 3968 tribuant,
3003 3908 3058 3955 et
3083 3901 3140 3954 in
3165 3898 3394 3968 optimo
3420 3896 3552 3950 loco

1886 4014 1959 4053 ex
1982 3997 2074 4051 his
2100 3996 2183 4051 eis
2211 3993 2592 4050 refectionem
2619 3995 2988 4064 przeparent;
3015 3989 3117 4062 qui
3134 3987 3273 4043 inde
3291 3985 3557 4041 refectio-

1886 4103 2026 4142 nem
2048 4085 2340 4140 habentes
2368 4083 2686 4137 I)ominum
2716 4080 3084 4136 Salvatorem
3110 4074 3557 4132 mumlicoliau-

1885 4176 2048 4236 dent,
2069 4180 2248 4246 etpro
2265 4190 2360 4227 me
2385 4172 2720 4226 miserrimo
2743 4173 3056 4243 peccatore
3080 4167 3216 4222 vivo
3243 4171 3422 4237 atque
3449 4163 3554 4218 dc-

1888 4261 2093 4315 functo
2124 4274 2295 4313 orare
2329 4257 2627 4321 studeant,
2657 4247 2914 4327 qualiter
2937 4270 3071 4309 cum
3104 4251 3328 4306 sanctis
3360 4255 3415 4304 et
3445 4248 3558 4303 ele-

1891 4349 1998 4405 ctis
2028 4348 2124 4403 Dei
2151 4346 2505 4402 aeternaliter
2531 4345 2716 4400 lietari
2747 4344 3008 4413 valeam,
3044 4346 3102 4398 et
3133 4342 3250 4396 vita
3279 4339 3392 4394 frui
3426 4355 3557 4411 per-

1892 4443 2075 4512 petua
2105 4452 2355 4491 merear.
2381 4442 2590 4490 Amen.
2609 4433 2913 4505 Ουίάτιυὶτί
2943 4437 3146 4488 autem
3171 4431 3230 4485 in
3249 4431 3380 4501 jam
3398 4427 3560 4483 dicta

1893 4528 2034 4583 villa
2064 4526 2324 4598 amplius
2356 4524 2735 4579 elaboratum
2758 4529 2814 4578 et
2842 4521 3208 4595 acquisitum
3240 4535 3424 4591 quam
3457 4534 3556 4571 su-

1894 4619 2095 4691 perius
2129 4617 2186 4671 in
2210 4615 2507 4688 praedictis
2538 4613 2951 4669 festivitatibus
2972 4609 3438 4667 ministrandum
3465 4608 3558 4662 in-

1896 4713 2120 4762 sertum
2146 4711 2237 4761 est
2268 4705 2340 4760 (le
2373 4703 2780 4776 qualicunque
2807 4704 2974 4773 justo
3006 4701 3249 4770 ingenio
3276 4697 3368 4751 vel
3410 4701 3555 4758 arte,

1895 4799 2009 4853 hoc
2049 4799 2249 4870 ipsum
2278 4794 2480 4850 veniat
2521 4793 2599 4848 ad
2638 4807 3028 4847 communem
3062 4788 3375 4844 utilitatem
3408 4800 3554 4858 prae-

1895 4887 2193 4942 dictorum
2226 4885 2497 4948 fratrum,
2532 4886 2588 4938 et
2618 4881 2695 4936 ad
2746 4896 2956 4936 eorum
2998 4874 3389 4932 reiectionum
3418 4888 3562 4942 aug-

1896 4980 2168 5032 mentum
2199 4972 2492 5046 proiiciat,
2512 4976 2567 5026 ct
2591 4969 2740 5025 nihil
2767 4969 2850 5022 eis
2876 4968 2951 5022 de
2982 4963 3326 5037 sumptibus
3348 4962 3561 5035 praafa-

1895 5071 1969 5122 tae
1998 5065 2148 5120 villae
2199 5081 2236 5119 a
2261 5076 2574 5134 quoquam
2629 5058 3040 5112 substractum
3070 5054 3160 5110 vel
3191 5053 3559 5109 minoratum

1897 5154 2020 5220 fiat,
2041 5151 2316 5220 utmagis
2339 5166 2407 5205 ac
2427 5147 2623 5216 magis
2653 5145 2888 5200 Domini
2916 5143 3345 5217 omnipotentis
3377 5141 3560 5198 servi-

1899 5243 2048 5300 tium
2084 5239 2414 5310 adimplere
2445 5234 2704 5298 valeant,
2729 5238 2782 5290 et
2811 5251 2921 5307 pro
2948 5233 3342 5307 perpetuitate
3375 5231 3564 5301 impe-

1897 5331 1968 5388 rii
2015 5336 2070 5384 et
2101 5327 2310 5382 domui
2337 5330 2393 5380 et
2423 5323 2671 5378 senioris
2698 5325 2885 5378 nostri
2920 5321 3202 5378 Ludovici
3228 5316 3565 5392 praescripti

1898 5417 2272 5493 piissimique
2321 5413 2697 5484 imperatoris
2745 5417 2802 5466 et
2850 5410 3144 5482 sospitate
3201 5406 3477 5478 conjugis
3510 5408 3568 5461 et

1901 5508 2088 5582 prolis
2133 5504 2263 5574 ejus
2295 5508 2475 5574 atque
2505 5499 2897 5556 invictissima
2935 5497 3028 5553 sui
3067 5497 3361 5553 exercitus
3388 5494 3568 5550 victo-

1903 5580 1994 5654 ria
2023 5608 2270 5651 exorare
2297 5587 2600 5646 humiliter
2621 5586 2964 5653 delectetur,
2990 5590 3048 5642 et
3070 5584 3249 5658 quasi
3281 5584 3361 5640 ad
3390 5580 3569 5638 vesti-

1905 5687 2002 5756 gia
2032 5682 2258 5757 pedum
2289 5693 2500 5736 eorum
2530 5675 2884 5750 provolutus
2922 5674 3213 5748 deprecor
3253 5673 3567 5728 universos

1903 5775 1965 5832 in
1995 5775 2111 5831 hac
2141 5771 2283 5829 sede
2309 5765 2698 5827 succedentes
2721 5768 2786 5820 ut
2808 5764 2970 5821 hanc
2999 5765 3345 5822 firmitatem
3378 5769 3569 5832 quam
