3944 6414
390 324 464 383 ”
1471 322 1751 381 ALDRICl
1790 318 2331 380 CENOWSIS
2371 323 2700 382 EPISCOPI.
3735 326 3817 383 60

387 461 503 523 pro
530 458 739 506 amore
782 446 1014 504 Domini
1047 446 1371 504 Salvatoris
1395 450 1456 503 et
1477 446 1858 504 veneratione
1890 460 2037 501 san-
2064 449 2112 502 Α
2146 446 2267 501 vini
2317 448 2508 503 cultus
2540 462 2747 504 amore
2784 447 3038 520 femus,
3072 463 3145 504 ex
3173 447 3458 504 domibus
3485 464 3646 522 quas
3679 452 3814 522 epi-

389 543 499 596 ctm
526 539 626 595 Dei
659 538 955 607 genitricis
984 538 1176 595 Mariae
1207 541 1673 609 sanctorumque
1699 542 2036 608 martyrum

392 628 695 701 Stephani,
728 626 993 683 Gervasii
1050 630 1108 682 et
1161 626 1425 696 Protasii,
1461 631 1640 697 atque
1671 625 1944 681 omnium
1976 624 2038 679 in

389 713 771 774 veneratione
821 719 1185 786 sanctorum,
1217 718 1274 771 et
1317 714 1703 788 eleemosyna
1734 712 2036 785 smpedicti

391 806 601 863 domui
630 805 903 862 Ludovici
929 804 1330 877 imperatoris,
1354 818 1425 860 ac
1450 820 1557 877 per
1581 805 1710 875 ejus
1734 803 2037 859 licentiam

391 908 503 969 pro
550 895 813 968 pondere
854 895 1279 967 peccaminum
1317 909 1592 950 meorum
1621 893 1750 949 ﬁeri
1776 892 2041 948 decerta-

389 985 490 1051 vit,
544 985 604 1040 iu
657 987 1015 1057 perpetuum
1063 987 1419 1039 conservent
1477 997 1607 1039 esse
1660 996 2035 1037 mansuram.

392 1075 585 1140 Quam
606 1073 989 1130 devotionem
1007 1072 1056 1128 si
1075 1073 1380 1145 quispiam
1402 1071 1626 1127 violare
1641 1085 2043 1144 prassumpse—

387 1162 480 1230 rit,
510 1164 651 1219 ante
670 1162 936 1218 tribunal
964 1161 1197 1230 Christi,
1224 1176 1337 1234 pro
1365 1162 1545 1233 cujus
1579 1175 1784 1216 amore
1812 1160 1926 1215 hoc
1956 1158 2041 1213 fa-

391 1253 553 1309 ctum
579 1266 713 1308 esse
737 1251 1128 1321 dignoscitur,
1162 1251 1625 1307 tremebundam
1657 1250 1716 1305 in
1743 1248 2038 1321 judicium

389 1341 653 1397 deducat
696 1341 1010 1396 rationem.
1045 1343 1167 1410 Ego
1198 1340 1471 1397 Aldricus
1497 1338 1912 1395 Cenomanica
1941 1352 2041 1392 ur-

389 1429 485 1485 bis
517 1428 803 1498 indignus
828 1431 886 1485 et
913 1434 1190 1500 peccator
1227 1429 1545 1501 episcopus
1576 1428 1690 1482 hoc
1719 1431 2042 1483 testamen-

393 1522 521 1574 tum
553 1531 589 1572 a
622 1531 714 1574 me
750 1517 974 1573 factum
1023 1517 1371 1590 subscripsi.
1408 1519 1725 1574 Ursmarus
1754 1514 2039 1584 indignus

390 1606 696 1663 Turonicae
740 1604 905 1663 urbis
959 1606 1443 1679 archiepiscopus
1497 1605 1636 1661 huic
1686 1606 2039 1660 testamento

392 1706 669 1752 annuens
734 1694 1083 1768 subscripsi.
1138 1696 1303 1752 Dodo
1351 1694 1593 1751 humilis
1650 1693 2039 1749 Andecaven-

2147 536 2314 607 scopi
2344 542 2749 593 antecessores
2771 538 2861 592 sui
2884 536 3140 610 propriis
3171 537 3380 593 usibus
3406 537 3632 593 habere
3656 538 3816 594 sole-

2144 629 2292 691 rent,
2353 631 2754 681 memoratum
2817 627 3246 683 canonicorum
3312 625 3676 682 habitaculis
3734 643 3815 683 ac

2143 713 2323 769 variis
2352 715 2561 770 usibus
2593 715 2941 782 attribuerit,
2975 715 3210 789 illicq'ue
3241 717 3603 771 constructis
3632 721 3691 772 et
3721 732 3813 773 se-

2146 802 2414 858 cundum
2443 804 2957 877 opportunitatem
2983 805 3278 877 cujusque
3310 804 3523 860 usibus
3547 805 3813 860 aediﬁca-

2149 890 2221 946 tis
2251 906 2321 947 ac
2350 892 2667 956 decoratis.
2694 909 2799 949 eos
2824 892 3159 948 secundum
3184 892 3609 949 auctoritatem
3626 909 3813 950 cano-

2147 980 2344 1036 nicam
2376 980 2577 1038 fecerit
2603 982 2892 1039 habitare.
2913 982 3126 1038 Retulit
3148 982 3329 1038 etiam
3358 982 3666 1038 serenitati
3693 998 3811 1038 no-

2148 1074 2284 1123 strae
2304 1086 2374 1125 eo
2395 1070 2561 1142 quod
2582 1072 2711 1142 jam
2734 1071 2906 1127 dictae
2923 1071 3127 1127 matris
3149 1071 3410 1126 ecclesias
3427 1071 3813 1143 quibusdam

2148 1158 2364 1214 additis
2394 1160 2667 1216 oratoriis
2714 1159 2967 1233 aliisque
3017 1159 3350 1216 forinsecus
3383 1159 3671 1227 ecclesiis,
3705 1176 3811 1216 so-

2146 1247 2425 1303 lemniter
2446 1248 2839 1322 religioseque
2869 1264 3078 1306 eorum
3100 1248 3482 1305 devotionem
3510 1249 3814 1322 adimple-

2146 1352 2208 1391 re
2257 1338 2573 1409 curaverit,
2631 1338 2875 1394 easdem
2941 1337 3387 1394 dedicationum
3453 1336 3811 1394 festivitates

2146 1425 2402 1498 propriis
2432 1426 2805 1499 temporibus
2835 1426 3514 1483 solemnitermemorati
3548 1428 3811 1483 canoni-

2148 1514 2221 1581 ci,
2246 1514 2741 1571 convenientibus
2768 1519 2893 1572 tam
2925 1515 3335 1571 sacerdotibus
3356 1531 3546 1588 quam
3572 1516 3813 1586 religio-

2148 1604 2227 1657 sis
2276 1603 2441 1659 laicis
2484 1605 2833 1677 reliquoque
2865 1605 3091 1678 populo
3119 1604 3465 1660 solemniter
3494 1604 3809 1661 celebrare

2146 1692 2430 1759 valerent,
2449 1693 2677 1749 eisdem
2707 1695 3009 1749 canonicis
3034 1693 3369 1767 quamdam
3399 1693 3679 1765 ejusdem
3700 1693 3812 1749 vil-

393 1783 550 1839 slum
606 1782 848 1840 antistes
904 1783 1042 1840 huic
1082 1784 1419 1840 testamenti
1450 1783 1688 1839 decreto
1720 1796 2035 1838 assensum
2064 1800 2109 1855 Β
2146 1782 2267 1838 lam
2317 1782 2631 1839 Bruxarias
2661 1783 2954 1840 vocabulo
2993 1800 3099 1857 per
3124 1784 3464 1839 testamenti
3494 1784 3812 1857 conscrip-

391 1870 623 1945 prtebui
670 1876 727 1929 et
774 1872 1120 1946 subscripsi.
1153 1873 1339 1929 Jonas
1387 1871 1671 1941 indignus
1720 1871 2036 1944 episcopus

390 1958 531 2018 huic
578 1965 933 2018 testamento
975 1976 1250 2018 annuens
1298 1960 1645 2034 subscripsi.
1680 1962 1801 2030 Ego
1831 1963 2040 2014 Autca-

389 2050 512 2106 rius
560 2049 871 2121 Magontiae
927 2050 1092 2107 urbis
1146 2051 1633 2123 archiepiscopus
1687 2047 2032 2119 subscripsi.

390 2136 681 2196 Ebroinus
709 2138 994 2210 indignus
1023 2141 1349 2214 episcopus
1380 2141 1517 2197 huic
1549 2143 1899 2196 testamento
1932 2151 2037 2192 an-

388 2238 582 2284 nuens
626 2227 971 2302 subscripsi.
1006 2228 1349 2286 Guntardus
1389 2229 1675 2298 indignus
1713 2227 2035 2300 episcopus

388 2315 526 2373 huic
555 2318 911 2374 testamento
950 2332 1225 2375 annuens
1254 2318 1609 2391 subscripsi.
1644 2318 1763 2387 Ego
1799 2314 2037 2371 Erchin-

385 2404 572 2461 radus
615 2405 928 2463 Parisiacae
986 2407 1148 2462 urbis
1204 2407 1527 2479 episcopus
1566 2407 1682 2461 hoc
1716 2409 2037 2460 testamen-

387 2493 907 2568 tum,deprecante
928 2493 1163 2551 Aldrico
1185 2496 1487 2568 episcopo,
1504 2493 2036 2567 subscﬁpsi.Vyar-

388 2582 596 2640 uarius
648 2583 935 2654 indignus
967 2583 1285 2657 episcopus
1327 2582 1468 2639 huic
1495 2586 1849 2638 testamento
1895 2582 2035 2637 sub-

390 2670 622 2745 scripsi.
654 2672 776 2742 Ego
830 2671 1135 2729 Echardus
1189 2672 1511 2745 episcopus
1550 2670 1667 2727 hoc
1714 2674 2036 2727 testamen-

389 2765 541 2828 tum,
559 2759 918 2834 deprecante
934 2758 1168 2818 Aldrico
1185 2762 1488 2835 episcopo,
1505 2760 2040 2833 subscripsi.Theo-

390 2846 630 2905 doricus
657 2848 1105 2906 Cameracensis
1144 2850 1309 2906 urbis
1364 2849 1683 2923 episcopus
1713 2851 1827 2905 hoc
1862 2854 2035 2905 testa-

389 2942 663 2995 mentum
693 2936 1039 3012 subscripsi.
1066 2936 1251 2996 David
1281 2937 1746 3013 chorepiscopus
1778 2938 2035 2993 subscri-

393 3025 461 3083 si.
490 3028 744 3083 Ansteus
800 3022 1068 3084 decauus
1123 3027 1473 3101 subscripsi.
1525 3024 1803 3083 Godenus
1846 3024 2036 3082 archi-

388 3116 703 3209 presbyter
713 3114 1349 3209 subscripsidticardus
1360 3117 1674 3209 presbyter
1686 3113 2031 3209 subscripsi.
2064 3154 2104 3209 ϐ

389 3204 706 3262 Dedivinus
753 3202 1234 3281 archipresbyter
1291 3204 1639 3279 subscripsi.
1710 3206 2033 3273 Eruardus,

386 3292 520 3350 licet
578 3291 896 3366 indignus,
958 3295 1272 3369 presbyter
1338 3292 1683 3367 subscripsi.
1749 3292 2036 3351 Geraldus

390 3381 705 3455 subcripsi.
741 3382 1081 3439 Gansuinus
1111 3384 1425 3456 presbyter
1458 3380 1803 3455 subscripsi,
1850 3388 2035 3437 Asca-

387 3468 548 3526 ricus
593 3470 908 3545 presbyter
963 3470 1311 3543 subscripsi.
1346 3470 1686 3527 Alexander
1722 3471 2036 3543 presbyter

391 3554 742 3631 subscripsi.
776 3558 1103 3616 Gerihanus
1142 3558 1457 3632 presbyter
1486 3559 1830 3632 subscripsi.
1866 3559 2038 3615 Vine-

388 3642 607 3703 boldus
631 3647 946 3720 presbyter
984 3646 1336 3720 subscripsi.
1376 3644 1699 3703 Flodoinus
1724 3644 2037 3720 presbyter

391 3734 739 3809 subscripsi.
766 3732 1148 3793 Flodebertus
1178 3734 1499 3809 presbyter
1522 3734 1867 3809 subscripsi.
1900 3737 2033 3792 Ani-

388 3823 677 3881 sacharus
702 3820 994 3882 diaconus
1040 3822 1390 3898 subscripsi.
1422 3822 1709 3881 Rodricus
1739 3823 2033 3882 diaconus

387 3912 733 3988 subscripsi.
768 3914 1197 3985 Regnogardus
1226 3912 1503 3970 modicus
1558 3913 1905 3986 subscripsi.
1941 3913 2036 3969 Vi-

385 4000 601 4058 valdus
665 4000 1075 4059 subdiaconus
1150 3998 1500 4075 subscripsi.
1569 4003 1716 4059 Data
1776 4000 2027 4059 Kalend.

385 4086 569 4163 April.
598 4090 660 4145 in
696 4088 792 4145 die
836 4095 1045 4147 sancto
1097 4093 1357 4157 Paschas,
1391 4107 1552 4147 anno
1598 4092 2027 4148 incarnationis

389 4178 710 4234 Dominicaa
765 4178 1257 4249 octingentesimo
1302 4177 1605 4251 trigesimo
1647 4185 1704 4237 et
1750 4182 2025 4254 septimo,

384 4264 708 4322 indictione
731 4283 873 4323 vero
902 4267 1309 4341 quindecima,
1342 4285 1504 4325 anno
1551 4287 1793 4343 quoque
1822 4271 2029 4341 vigesi-

386 4370 489 4411 mo
520 4358 576 4411 et
604 4354 774 4411 tertio
802 4352 1035 4429 imperii
1064 4354 1271 4413 domni
1301 4357 1487 4414 nostri
1518 4358 1794 4415 Ludovici
1816 4358 2030 4430 glorio-

388 4438 611 4499 sissimi
653 4442 1050 4517 imperatoris,
1080 4449 1137 4501 et
1182 4461 1343 4503 anno
1386 4446 1778 4503 ordinationis
1810 4454 2027 4504 nostras

385 4531 617 4604 quinto.
645 4537 856 4588 Actum
895 4549 1038 4604 ergo
1080 4534 1483 4592 Cenomanica
1509 4534 1570 4591 in
1610 4536 1757 4591 urbe
1786 4534 2033 4609 publica

383 4619 447 4676 in
474 4618 575 4677 Dei
603 4621 848 4677 nomine
869 4616 1132 4679 feliciter.
1164 4626 1373 4679 Amen.

1132 4731 1281 4786 XXX.

382 4816 721 4887 Exemplar
745 4819 1041 4890 praecepti
1082 4818 1289 4890 damni
1331 4819 1622 4890 Ludovici
1658 4820 2034 4889 imperatoris

438 4900 618 4956 super
645 4888 997 4961 praescripto
1017 4888 1341 4960 privilegio
1368 4889 1441 4946 de
1472 4891 1619 4947 villa
1647 4888 1978 4948 Βηθανίας.

457 4973 523 5030 In
547 4974 791 5033 nomine
822 4975 1055 5035 Domini
1086 4977 1187 5035 Dei
1226 4982 1282 5035 et
1333 4978 1656 5035 Salvatoris
1685 4980 1871 5035 nostri
1897 4982 2033 5035 Jesu

388 5058 749 5135 Christi.Ego
766 5065 1332 5135 Ludovicus,divina
1344 5069 1771 5142 repropitiante
1786 5068 2038 5125 clemen-

388 5153 490 5223 tia,
522 5151 850 5226 imperator
876 5158 1197 5227 Augustus.
1232 5158 1525 5215 Omnibus
1556 5162 1776 5215 sanctas
1806 5159 1907 5215 Dei
1939 5160 2038 5214 Ec-

389 5241 582 5299 clesiae
600 5241 888 5299 etnostris
903 5242 1181 5301 ﬁdelibus
1198 5247 1594 5318 praesentibus
1620 5253 1677 5304 et
1697 5247 1909 5305 futuris
1934 5266 2039 5305 no-

388 5331 517 5386 tum
545 5330 621 5387 sit
648 5332 794 5405 quia
822 5332 913 5388 vir
931 5331 1288 5389 venerabilis
1311 5334 2038 5403 A1dricus,Cenomanicaa

390 5417 556 5473 urbis
576 5420 896 5494 episc0pus
923 5426 1165 5489 nostra},
1184 5426 1481 5493 suggessit
1502 5426 1950 5482 mansuetudini
1968 5443 2038 5481 eo

391 5504 557 5578 quod
569 5505 909 5578 primordiis
920 5510 1314 5570 ordinationis
1328 5531 1453 5569 sua:
1466 5512 1784 5570 confusum
1799 5517 2041 5570 canoni-

392 5609 602 5649 corum
634 5592 840 5649 matris
861 5598 1120 5654 ecclesiae
1153 5600 1264 5657 sibi
1280 5603 1743 5658 commissorum
1761 5603 2035 5659 ordinem

392 5683 733 5753 statumque
762 5680 1066 5757 invenerit,
1089 5691 1145 5743 et
1161 5687 1486 5745 claustrum
1512 5688 1615 5762 qui
1645 5692 1931 5747 canonice
1954 5692 2034 5747 vi—

390 5784 527 5827 vere
541 5766 1023 5829 debenteatenus
1041 5772 1278 5833 nullum
1296 5775 1653 5847 habuerant,
1667 5778 1773 5836 sed
1793 5778 1922 5850 ipse
1941 5781 2030 5838 di-

2148 1873 2365 1927 tionem
2400 1873 2643 1946 propria
2671 1878 3142 1946 casterorumque
3166 1873 3590 1946 episcoporum
3619 1889 3809 1929 vene-

2146 1960 2423 2016 rabilium
2450 1961 2733 2017 manibus
2764 1962 3107 2017 roboratam
3141 1961 3381 2034 proprie
3408 1960 3807 2033 delegaverit,

2144 2053 2442 2122 quatenus
2490 2051 2550 2106 in
2588 2050 2921 2123 saepedictis
2972 2049 3419 2106 dedicationum
3472 2048 3811 2107 festivitati—

2142 2138 2276 2205 bus,
2313 2139 2571 2211 pra‘ﬁxis
2602 2139 2779 2195 etiam
2825 2138 3194 2212 quibusdam
3223 2136 3672 2194 conditionibus
3711 2138 3812 2195 di-

2145 2245 2327 2299 gnam
2352 2245 2421 2283 ac
2447 2229 2844 2285 necessariam
2862 2230 3246 2285 refectionem
3268 2226 3491 2284 habere
3506 2227 3804 2285 valerent.

2145 2321 2285 2385 Quae
2320 2332 2428 2373 sua
2456 2317 2746 2374 institutio
2797 2323 2860 2373 ut
2888 2317 3253 2391 perennibus
3285 2317 3661 2391 temporibus
3708 2317 3810 2373 in-

2144 2405 2437 2462 violabilis
2464 2406 2775 2478 persistere
2806 2407 2995 2480 possit
3024 2411 3267 2477 nostris,
3302 2405 3664 2479 supplicavit
3684 2404 3810 2462 cel-

2144 2495 2387 2551 situdini
2427 2499 2493 2550 ut
2521 2511 2701 2567 super
2729 2496 2889 2551 idem
2920 2494 3302 2552 devotissime
3332 2494 3605 2563 religiose
3638 2494 3812 2551 insti-

2144 2589 2332 2640 tutam
2361 2587 2630 2640 nostram
2662 2582 2913 2640 ﬁrmatis
2944 2584 3133 2656 gratia
3161 2583 3573 2640 auctoritatem
3606 2583 3810 2659 perci-

2143 2689 2283 2747 pere
2300 2677 2759 2746 mereretur,per
2771 2689 2957 2747 quam
2971 2673 3181 2729 futuris
3195 2673 3570 2746 temporibus
3589 2672 3809 2728 incon-

2144 2762 2310 2817 vulse
2342 2764 2520 2833 atque
2549 2761 2965 2817 inviolabiliter
3001 2768 3397 2835 permaneret.
3435 2762 3619 2834 Cujus
3651 2777 3809 2834 sup-

2143 2850 2562 2924 plicationibus
2576 2855 2931 2919 aunuentes,
2946 2866 3052 2923 per
3063 2852 3177 2907 hoc
3193 2856 3412 2907 nostrae
3429 2851 3811 2907 auctoritatis

2145 2939 2431 3011 scriptum
2465 2943 2806 3006 statuentes,
2840 2940 3219 2996 decernimus
3272 2943 3337 2996 ut
3377 2938 3547 3014 quod
3595 2940 3809 2996 studio

2143 3028 2329 3083 divini
2358 3028 2601 3083 honoris
2657 3032 2715 3084 et
2765 3027 2957 3084 cultus
3004 3027 3276 3099 religiose
3313 3032 3586 3102 patrasse
3615 3033 3810 3101 atque

2143 3116 2469 3172 instituisse
2501 3116 2891 3190 dignoscitur,
2925 3122 2981 3173 et
3019 3118 3151 3189 jam
3200 3116 3359 3173 dicta
3388 3116 3810 3189 inscriptionis

2146 3222 2267 3261 suae
2299 3206 2446 3262 serie
2478 3206 2770 3262 conscribi
2802 3222 2872 3262 ac
2910 3206 3196 3263 roborare
3245 3221 3366 3262 non
3398 3204 3625 3262 distulit
3654 3221 3812 3261 cun-

2145 3296 2252 3351 ctis
2286 3295 2658 3368 temporibus
2705 3299 2950 3351 maneat
3001 3294 3446 3365 inconvulsum,
3479 3308 3592 3349 nec
3629 3294 3809 3369 quis-

2144 3385 2308 3457 piam
2340 3399 2757 3440 successorum
2785 3400 3035 3441 suorum
3065 3383 3139 3439 de
3170 3382 3617 3440 conditionibus
3642 3383 3706 3439 in
3727 3400 3809 3441 ea

2144 3473 2595 3545 comprehensis
2648 3473 2986 3547 quidquam
3045 3472 3266 3529 audeat
3318 3473 3640 3529 immutare
3695 3478 3811 3529 aut

2143 3567 2540 3619 memoratam
2588 3561 2792 3618 villam
2836 3579 2873 3619 a
2898 3563 3030 3634 jure
3078 3560 3435 3618 earumdem
3478 3561 3811 3618 canonico-

2142 3667 2276 3706 rum
2308 3649 2655 3707 abstrahere
2687 3669 2701 3720 ;
2752 3650 2858 3707 sed
2901 3650 3197 3726 quidquid
3250 3650 3327 3706 de
3358 3666 3429 3708 ea
3459 3649 3808 3707 secundum

2142 3740 2575 3795 institutionem
2606 3740 2753 3812 ejus.
2785 3746 2849 3797 ut
2878 3740 3104 3797 dictum
3144 3744 3251 3811 est,
3287 3740 3567 3798 ordinare
3615 3743 3808 3812 atque

2142 3827 2459 3901 disponere
2485 3828 2773 3885 voluerint
2800 3828 3103 3901 saepedicti
3132 3828 3427 3896 canonici,
3453 3826 3706 3884 liberam
3740 3830 3808 3884 in

2143 3916 2427 3973 omnibus
2475 3917 2741 3974 habeant
2776 3923 3174 3991 potestatem;
3219 3922 3520 3992 quatenus
3549 3932 3661 3991 pro
3692 3933 3811 3973 uo-

2141 4004 2256 4072 bis,
2290 4007 2569 4077 conjuge,
2600 4006 2888 4080 proleque
2917 4012 3143 4074 nostra,
3175 4023 3247 4063 ac
3273 4006 3589 4064 stabilitate
3617 4005 3807 4061 totius

2136 4094 2371 4168 imperii
2400 4112 2436 4152 a
2469 4096 2589 4151 Deo
2620 4094 2796 4151 nobis
2852 4096 3120 4152 concessi
3173 4095 3407 4152 Domini
3459 4094 3808 4151 misericor-

2137 4183 2299 4239 diam
2342 4184 2563 4254 jugiter
2591 4184 2832 4241 valeant
2875 4201 3140 4241 exorare.
3176 4187 3242 4241 Et
3294 4189 3361 4241 ut
3405 4184 3533 4240 haec
3569 4188 3800 4241 nostra:

2137 4273 2608 4329 conﬁrmationis
2636 4274 2955 4330 auctoritas
2983 4274 3199 4330 nostris
3238 4290 3816 4348 successorumque-

2139 4365 2481 4417 nostrorum
2530 4362 2901 4435 temporibus
2946 4362 3353 4419 inviolabilem
3402 4366 3457 4418 et
3485 4362 3785 4420 inconvul

2142 4467 2274 4505 sam
2300 4449 2567 4507 obtineat
2593 4451 2957 4521 ﬁrmitatem,
2988 4451 3061 4508 de
3092 4451 3319 4509 annulo
3348 4456 3556 4509 nostro
3584 4452 3802 4511 subter

2144 4555 2277 4595 eam
2305 4540 2600 4611 jussimus
2637 4539 2900 4610 sigillari.

2221 4628 2661 4684 Hirminmarus
2688 4629 2958 4686 notarius
3000 4628 3081 4686 ad
3117 4630 3310 4686 vicem
3342 4629 3606 4701 Hugonis
3635 4645 3807 4687 reco-

2148 4716 2328 4788 gnovi
2355 4721 2411 4773 et
2441 4716 2787 4791 subscripsi.

2219 4807 2435 4861 Datum
2464 4806 2962 4880 quatuordecimo
2994 4807 3285 4865 Calendas
3305 4806 3422 4863 Jul.
3437 4823 3621 4875 anno,
3639 4807 3812 4863 Chri-

2148 4900 2239 4951 sto
2264 4895 2841 4968 propitio,vigesimo
2858 4901 2913 4952 et
2931 4898 3099 4953 tertio
3125 4897 3356 4971 imperii
3379 4897 3591 4954 domui
3611 4898 3813 4955 nostri

2149 4982 2431 5041 Ludovici
2452 4984 2704 5058 piissimi
2732 4986 3000 5056 Augusti,
3029 4986 3355 5043 Indictione
3385 4985 3807 5061 quindecima.

2219 5075 2431 5128 Actum
2461 5072 2797 5129 Theodonis
2827 5073 2986 5146 villa,
3009 5073 3235 5149 palatio
3262 5075 3445 5146 regio,
3466 5074 3530 5132 in
3563 5075 3668 5131 Dei
3700 5092 3813 5133 no-

2148 5161 2308 5217 mine
2341 5161 2603 5218 teliciter.
2636 5163 2848 5219 Amen.

2148 5303 2436 5375 Sequitur
2457 5306 2768 5378 exemplar
2788 5234 3100 5376 ρηξξιξὲἱί
3123 5306 3283 5378 quod
3308 5308 3455 5377 fecit
3480 5312 3817 5375 prauam!“-

2219 5381 2398 5430 natus
2428 5376 2734 5444 Aldricus,
2767 5379 3078 5445 episcopus
3123 5376 3381 5434 ecclesias
3416 5380 3634 5433 Sancti
3663 5382 3809 5436 Sal-

2222 5449 2467 5521 uatoris,
2496 5462 2677 5521 super
2702 5449 2953 5521 ﬂuvium
2985 5449 3248 5521 Sari/lar,
3280 5456 3334 5505 et
3366 5450 3682 5507 monachis
3722 5452 3816 5508 ibi

2222 5517 2473 5572 Domino
2508 5517 2973 5586 famulantibus.

2222 5603 2285 5660 In
2311 5605 2555 5662 nomine
2583 5610 2804 5663 sanctae
2826 5607 3118 5665 Trinitatis
3141 5614 3197 5665 et
3224 5608 3416 5666 unicae
3447 5609 3810 5677 Divinitatis,

2154 5696 2274 5764 Ego
2296 5694 2586 5763 Aldricus,
2606 5696 3018 5753 Cenomanica:
3039 5698 3200 5754 urbis
3220 5698 3506 5770 indignus
3523 5703 3579 5756 et
3595 5716 3816 5774 peccas

2157 5782 2249 5841 tor
2267 5783 2606 5855 episcopus,
2617 5783 3006 5846 illustratione
3019 5787 3237 5847 divinas
3252 5788 3485 5861 pietatis
3506 5804 3812 5861 provoca-
