3944 6418
204 445 311 507 tus,
351 452 476 496 una
500 449 643 495 eum
675 449 976 495 consensu
1019 442 1078 496 et
1113 439 1353 497 licentia
1390 434 1625 497 domini
1665 435 1859 496 Ludo~
1888 436 1941 494 Α
1971 436 2187 511 priscis
2214 439 2586 509 venabatur;
2637 444 2696 497 et
2721 440 2802 497 ad
2830 453 2987 514 opus
3015 440 3458 498 monachorum
3485 442 3635 500 inibi

203 530 309 588 vici
340 529 599 604 piissimi
623 530 1021 602 imperatoris,
1055 542 1163 587 seu
1196 532 1469 587 omnium
1510 535 1859 587 sanctorum
1969 526 2322 598 regulariter
2350 530 2680 587 viventium
2703 535 2758 587 et
2789 532 3045 587 Domino
3074 531 3500 589 famulantium
3529 533 3634 588 do-

204 618 796 694 comprovincialium
867 618 1295 695 episcOporum
1361 623 1542 694 atque
1604 619 1857 676 aliarum

202 709 525 768 multarum
556 709 1003 783 provinciarum
1034 709 1331 767 nobilium
1381 726 1452 767 ac
1495 708 1860 783 sapientium

200 798 574 875 pontiﬁcum,
606 797 732 855 sive
762 814 903 856 cum
932 801 1102 857 omni
1130 802 1353 857 nostras
1384 814 1544 857 curse
1584 799 1863 856 commis-

202 904 280 946 sae
316 889 434 946 Deo
459 887 688 945 devotas
729 890 1185 959 congregationi
1216 889 1519 963 matrique
1549 894 1607 946 et
1635 892 1859 945 nostrae

202 976 353 1036 sedis
376 976 637 1034 ecclesiae
659 978 997 1047 famulanti,
1046 983 1421 1052 pertractans
1475 994 1590 1050 ego
1646 992 1859 1035 casum

198 1067 523 1139 fragilitatis
533 1066 1298 1144 humanmpavescensque
1317 1069 1591 1126 ultimum
1606 1068 1863 1126 vacatio-

199 1159 288 1217 nis
331 1156 514 1220 diem,
561 1171 638 1216 ne
686 1157 877 1217 multa
906 1158 1064 1217 mole
1093 1159 1519 1234 peccaminum
1550 1164 1853 1227 oneratus,

199 1248 321 1307 sine
350 1246 546 1306 fructu
568 1248 794 1323 aliquo,
818 1250 983 1323 quod
1006 1249 1183 1316 absit,
1200 1249 1343 1307 boni
1361 1250 1561 1324 operis
1581 1253 1855 1323 repertus

199 1337 488 1410 inveniar,
551 1337 1049 1413 contui-latusque
1115 1338 1384 1414 alloquio
1444 1339 1854 1413 praedicatoris

198 1426 504 1502 praecipui,
538 1426 701 1485 Pauli
732 1427 954 1486 scilicet
983 1428 1263 1503 apostoli,
1305 1425 1406 1485 ubi
1439 1430 1558 1485 ait:
1586 1429 1657 1486 Si
1681 1431 1855 1499 cujus

196 1529 339 1589 opus
358 1518 671 1589 manserit,
703 1519 1031 1575 mercedem
1055 1520 1316 1589 accipiat
1341 1537 1354 1588 ;
1377 1517 1622 1583 idcirco,
1645 1520 1711 1574 ut
1735 1516 1856 1574 dic-

197 1610 316 1663 tum
340 1612 448 1679 est,
467 1620 609 1665 cum
631 1619 932 1665 consensu
949 1610 1005 1664 et
1023 1608 1264 1665 licentia
1282 1607 1676 1682 suprascﬂpti
1697 1607 1856 1682 prin-

198 1694 337 1771 cipis
358 1697 538 1771 atque
556 1696 983 1770 praedictorum
1002 1704 1353 1756 sanctorum
1376 1698 1707 1772 prtesulum
1731 1698 1853 1754 sive

1970 623 2304 692 natumque
2334 620 2394 676 in
2423 625 2785 693 perpetuum
2830 620 3057 677 ibidem
3089 620 3171 677 ob
3196 621 3539 678 mercedem
3576 626 3635 680 et

1972 708 2359 765 stabilitatem
2388 708 2658 782 praedicti
2685 706 2898 766 domni
2937 709 3126 766 nostri
3167 708 3449 766 Ludovici
3486 709 3631 783 piis-

1971 797 2106 854 simi
2143 798 2546 872 imperatoris,
2599 796 2773 871 cujus
2828 798 3142 871 largitione
3199 804 3256 857 et
3308 799 3630 873 priefatum

1968 887 2173 944 locum
2203 887 2515 961 acquirere
2546 889 3035 957 meruimus,aive
3057 889 3399 947 futurorum
3430 890 3631 947 domi-

1968 989 2209 1048 norum,
2238 990 2453 1049 regum
2475 976 2751 1035 videlicet
2779 982 3169 1047 Francorum,
3203 992 3305 1035 seu
3348 983 3409 1036 et
3449 978 3631 1036 nimii

1966 1081 2078 1143 pro
2104 1068 2376 1142 pondere
2402 1068 2787 1142 peccatorum
2837 1074 3183 1126 nostrorum
3224 1071 3528 1128 donamus
3573 1076 3631 1128 et

1966 1173 2074 1233 per
2097 1160 2215 1215 hoc
2244 1163 2671 1216 testamentum
2703 1161 3140 1216 confirmamus
3171 1160 3629 1219 conﬁrmatum-

1964 1264 2082 1324 que
2112 1248 2327 1307 futuris
2356 1251 2730 1325 tamporibus
2759 1264 2889 1307 esse
2918 1251 3223 1317 volumus,
3248 1257 3373 1309 tam
3402 1266 3627 1326 oppor-

1963 1342 2279 1398 tunitatem
2318 1354 2506 1415 quam
2556 1345 2614 1398 et
2650 1354 2762 1415 pro
2792 1342 3091 1415 stipendio
3120 1338 3372 1399 fratrum
3400 1344 3627 1401 ibidem

1966 1432 2220 1490 Domino
2271 1434 2680 1502 servientium,
2739 1446 2979 1490 necnon
3035 1439 3093 1490 et
3149 1434 3625 1492 consolationem

1962 1522 2443 1595 peregrinorum,
2491 1526 2671 1597 atque
2712 1524 3024 1597 hospitum
3055 1524 3506 1580 advenientium
3532 1539 3627 1581 re-

1962 1612 2323 1685 captionem.
2358 1613 2557 1670 Primo
2585 1626 2729 1670 vero
2760 1614 3034 1670 omnium
3067 1613 3483 1683 delegavimus
3514 1610 3625 1670 ibi-

1961 1701 2102 1757 dem
2132 1701 2338 1759 villam
2371 1702 2668 1760 Saivarias
2699 1716 2839 1759 cum
2880 1703 3269 1759 manentibus
3302 1703 3542 1773 triginta
3571 1706 3629 1760 et

198 1786 577 1861 praeﬁxorum
622 1800 935 1845 servorum
980 1788 1081 1846 Dei
1124 1786 1581 1863 promptissimo
1624 1788 1849 1858 animo,
1880 1795 1930 1856 Β
1961 1790 2091 1848 illas
2117 1791 2382 1849 culturas
2403 1792 2557 1848 duas
2569 1792 2745 1864 juxta
2762 1792 2909 1848 illud
2932 1791 3429 1849 monasteriolum
3452 1793 3623 1860 sitas,

198 1874 395 1933 divina
450 1877 782 1952 inspirante
841 1877 1177 1949 clementia,
1236 1883 1460 1935 nostrae
1521 1875 1852 1935 devotionis

198 1965 451 2024 decrevit
482 1966 892 2041 compunctio,
926 1970 989 2024 ut
1019 1966 1096 2024 ad
1126 1965 1475 2041 augendum
1509 1966 1736 2025 cultum
1762 1967 1851 2025 dia

198 2054 394 2113 vinum
429 2054 550 2114 sive
584 2057 794 2114 matris
830 2062 888 2115 et
934 2061 1151 2114 nostrae
1192 2056 1351 2115 sedis
1380 2058 1639 2115 ecclesiae
1671 2063 1852 2132 atque

197 2144 490 2221 parochiae
514 2144 696 2204 nobis
722 2148 1086 2218 commissae,
1110 2162 1181 2204 ac
1208 2144 1647 2205 cumulandum
1667 2148 1854 2205 hono-

198 2248 318 2293 rem
344 2236 527 2309 atque
552 2231 790 2293 lucrum
833 2235 1160 2293 multarum
1195 2235 1561 2305 animarum,
1606 2242 1672 2293 ut
1720 2248 1851 2293 mo—

198 2323 584 2381 nasteriolum
632 2321 881 2398 ahquod
928 2324 989 2382 in
1038 2331 1244 2382 nostra
1293 2324 1583 2399 parochia
1640 2328 1851 2383 nostro

195 2407 391 2471 labore
408 2413 488 2471 ad
508 2420 870 2488 perpetuam
894 2412 1320 2489 omnipotentis
1342 2414 1442 2473 Dei
1462 2412 1705 2473 laudem
1722 2415 1851 2473 iun-

196 2500 332 2560 dare
356 2510 413 2561 et
443 2507 793 2562 construere
815 2502 1198 2574 deberemus,
1231 2506 1398 2579 quod
1437 2505 1517 2563 ita
1547 2510 1850 2565 annuente

195 2593 440 2650 Domino
470 2599 529 2651 et
556 2590 755 2651 facere
789 2592 1156 2667 studuimus,
1187 2594 1248 2651 in
1279 2608 1402 2669 quo
1428 2599 1485 2652 et
1509 2595 1848 2665 ecclesiam,

192 2682 361 2757 prout
390 2679 724 2754 valuimus,
743 2680 817 2741 ad
844 2681 1255 2741 invocandum
1288 2684 1710 2759 perpetualiter
1739 2700 1848 2743 no-

195 2785 322 2830 men
366 2769 467 2830 Dei
495 2774 707 2831 aeterni
751 2772 811 2831 in
861 2773 1092 2832 honore
1143 2770 1379 2831 Domini
1427 2773 1747 2833 Salvatoris
1793 2779 1851 2833 et

193 2866 401 2921 sanctae
434 2860 717 2937 ejusdem
762 2860 863 2921 Dei
904 2862 1203 2935 genitricis
1233 2866 1426 2924 Mariae
1458 2862 1580 2923 sive
1612 2871 1848 2923 sancto-

192 2966 317 3010 rum
348 2954 695 3030 martyrum
747 2953 1009 3011 Gervasii
1053 2960 1111 3013 et
1168 2953 1413 3013 Protasii
1444 2961 1624 3030 atque
1656 2955 1847 3014 sancti

193 3039 485 3118 Stephani,
516 3055 765 3102 necnon
795 3050 851 3102 et
880 3044 942 3102 in
971 3043 1201 3102 honore
1237 3050 1295 3103 et
1343 3042 1636 3103 memoria
1668 3046 1847 3104 simul

1962 1893 2069 1937 seu
2094 1879 2259 1938 illam
2287 1881 2501 1939 silvam
2526 1896 2661 1956 quas
2682 1884 2838 1939 intra
2860 1882 3112 1938 ﬂuvium
3143 1882 3369 1940 Sarthse
3389 1885 3447 1939 et
3474 1882 3627 1938 inter

1960 1970 2281 2046 praedictas
2324 1970 2589 2029 culturas
2647 1977 2705 2030 et
2747 1971 3068 2046 praefatum
3127 1971 3624 2029 monasteriolum

1961 2061 2252 2129 consistit,
2300 2064 2481 2135 anne
2506 2061 2672 2118 illam
2701 2061 2942 2118 vineam
2973 2060 3343 2117 dominicam
3372 2074 3510 2133 quae
3539 2061 3626 2117 in-

1958 2154 2047 2206 ter
2073 2148 2373 2206 Salvarias
2417 2152 2474 2207 et
2508 2152 2637 2222 jam
2662 2149 2891 2207 dictum
2936 2149 3430 2206 monasteriolum
3475 2162 3621 2207 con-

1953 2239 2133 2310 jacet,
2156 2240 2213 2295 et
2241 2238 2341 2296 illa
2367 2238 2595 2296 molina
2619 2238 2743 2296 duo
2759 2239 2932 2311 juxta
2952 2237 3100 2294 illud
3127 2236 3621 2295 monasteriolum

1959 2340 2144 2402 supra
2174 2324 2425 2386 fluvium
2460 2325 2681 2386 Sarthse
2710 2328 2842 2399 sita,
2868 2343 3106 2385 necnon
3134 2330 3189 2385 et
3207 2326 3357 2384 illud
3376 2331 3620 2402 pratum

1959 2430 2033 2473 ex
2062 2415 2180 2475 alia
2208 2421 2378 2491 parte
2408 2417 2639 2492 praefati
2669 2417 3079 2475 monasterioli
3110 2416 3291 2474 situm
3323 2428 3447 2473 una
3478 2431 3619 2474 cum

1959 2504 2133 2575 silva,
2199 2507 2351 2564 sicut
2401 2506 2638 2565 termini
2692 2505 3120 2578 praedictorum
3175 2507 3619 2563 monachorum

1957 2596 2253 2655 dividunt.
2295 2596 2715 2667 Delegavimus
2744 2598 2923 2654 etiam
2954 2592 3179 2652 ibidem
3227 2595 3431 2652 villam
3475 2610 3617 2651 nos-

1956 2692 2060 2745 tra:
2092 2687 2251 2744 sedis
2286 2686 2552 2745 ecclesiae
2584 2688 2877 2763 Apiacum
2905 2700 3045 2744 cum
3068 2687 3234 2744 omni
3260 2685 3616 2757 integritate,

1956 2779 2018 2834 in
2044 2791 2167 2851 qua
2198 2782 2441 2835 sanctus
2471 2776 2749 2847 Uliacius,
2791 2777 3092 2852 pretiosus
3140 2775 3351 2835 Christi
3390 2774 3617 2833 confes-

1957 2882 2076 2937 sor,
2111 2882 2362 2942 corpore
2387 2867 2743 2942 requiescit;
2788 2864 3089 2940 simulque
3140 2862 3496 2923 tradidimus
3536 2863 3619 2921 ibi

1956 2958 2341 3015 medietatem
2368 2954 2444 3014 de
2473 2957 2615 3015 villa
2648 2960 2854 3016 Canon
2885 2974 2899 3027 ;
2940 2958 3194 3031 parique
3238 2954 3424 3014 modo
3472 2971 3617 3013 con-

1955 3044 2272 3104 ﬁrmamus
2328 3046 2555 3104 ibidem
2613 3044 2818 3104 villam
2879 3046 3200 3103 Luciacum
3255 3060 3396 3103 cum
3451 3044 3619 3102 omni

193 3135 454 3221 omnium
485 3138 846 3192 sanctorum
882 3139 1232 3221 construere
1262 3139 1319 3193 et
1345 3135 1689 3193 solemniter
1715 3152 1847 3193 sex-
1883 3160 1924 3221 ρ
1954 3132 2331 3208 integritate;
2367 3134 2671 3209 simulque
2703 3136 2852 3193 inibi
2890 3134 3169 3192 dedimus
3226 3138 3283 3191 et
3334 3131 3621 3191 medieta-

194 3218 417 3281 decimo
447 3224 581 3283 Cal.
615 3223 822 3282 Octob.
854 3220 950 3282 die
981 3240 1121 3281 cum
1152 3223 1282 3282 aliis
1313 3223 1610 3300 episcopis
1650 3230 1706 3283 et
1750 3242 1846 3284 sa-

190 3308 520 3371 cerdotibus
561 3310 688 3371 sive
717 3313 961 3390 reliquis
994 3318 1216 3372 sancire
1245 3315 1346 3373 Dei
1376 3314 1638 3373 ecclesiae
1670 3314 1845 3373 mini-

189 3402 312 3459 stris
339 3402 626 3462 decenter
668 3402 725 3461 et
765 3401 1198 3461 rationabiliter
1227 3404 1635 3480 canoniccque
1666 3408 1847 3481 atque

189 3488 507 3566 insigniter,
560 3490 822 3551 Domino
861 3490 1208 3563 auxiliante,
1256 3492 1605 3553 curavimus
1635 3510 1845 3553 conse-

189 3596 361 3653 crare,
412 3580 475 3641 in
506 3596 639 3659 qua
670 3589 727 3643 et
753 3581 1103 3659 quindecim
1143 3583 1355 3643 altaria
1403 3586 1628 3655 erigere
1678 3588 1735 3643 et
1785 3583 1847 3643 in

186 3666 506 3732 honoribus
534 3679 595 3732 et
626 3674 935 3731 memoriis
965 3686 1177 3733 eorum
1207 3678 1556 3733 sanctorum
1585 3690 1848 3750 quorum

187 3758 423 3821 nomina
451 3776 643 3839 super
674 3774 746 3821 ea
776 3763 1000 3823 inserta
1044 3778 1177 3822 esse
1206 3762 1518 3840 praesentis
1560 3764 1847 3840 temporis

189 3858 482 3912 momento
512 3850 820 3922 videntur,
851 3871 1185 3931 eorumque
1209 3858 1388 3930 atque
1410 3855 1669 3913 aliorum
1690 3855 1847 3913 mul-

189 3940 370 4002 torum
429 3946 787 4003 sanctorum
840 3940 1176 4021 patrocinia
1236 3951 1294 4003 et
1358 3946 1642 4021 reliquias
1696 3943 1846 4003 meis

188 4029 430 4107 prOprlis
487 4030 782 4093 manibus
822 4032 1135 4106 collocavi,
1180 4032 1650 4111 solemniterque
1689 4054 1760 4094 ea
1791 4034 1848 4094 et

187 4116 450 4181 decenter
509 4122 818 4200 adjunctis
885 4125 1063 4183 nobis
1124 4124 1392 4200 praefatis
1452 4125 1845 4184 sanctissimis

189 4211 350 4267 sociis
399 4208 820 4271 ordinabiliter
849 4214 1291 4271 sanctiﬁcantes
1322 4230 1695 4282 consecrare,
1728 4212 1844 4272 Do-

188 4296 336 4359 mino
365 4299 726 4373 miserante,
762 4303 1119 4369 meruimus,
1165 4320 1428 4378 quorum
1468 4304 1841 4361 intercessio-

188 4388 350 4447 nibus
382 4404 495 4449 nes
527 4387 816 4465 adjuvari
848 4388 1319 4449 misericorditer
1349 4390 1714 4449 confidimus
1742 4410 1842 4450 eo-

1955 3229 2074 3283 tem
2098 3225 2172 3281 de
2195 3222 2337 3282 villa
2361 3237 2498 3299 qum
2527 3229 2746 3282 Beruas
2768 3226 3015 3281 vocatur
3036 3222 3112 3281 de
3134 3223 3364 3281 ratione
3388 3224 3618 3280 Sanctae

1955 3313 2170 3386 Mariae,
2220 3326 2409 3389 quam
2460 3310 2795 3371 redditione
2834 3313 3046 3370 domui
3096 3311 3285 3369 nostri
3336 3310 3619 3369 Ludovici

1956 3402 2434 3462 excellentissimi
2465 3400 2844 3479 imperatoris
2873 3401 3337 3477 acquisivimus;
3371 3404 3428 3458 et
3450 3396 3617 3458 illam

1955 3494 2293 3569 precariam
2343 3506 2531 3568 quam
2581 3493 2970 3551 Friderardus
3018 3507 3128 3567 per
3163 3486 3503 3566 precariam
3541 3490 3617 3549 de

1958 3584 2137 3641 rebus
2170 3584 2399 3642 Sancta:
2430 3584 2622 3642 Mariae
2653 3586 2711 3641 et
2741 3580 2941 3641 Sancti
2976 3577 3241 3640 Cervasii
3287 3584 3464 3645 tenet,
3501 3581 3617 3638 tra-

1956 3674 2157 3732 dimus
2195 3680 2383 3733 totam
2431 3672 2821 3749 similiterque
2864 3672 3193 3744 donamus,
3250 3677 3307 3730 et
3359 3671 3421 3729 in
3475 3670 3618 3729 villa

1954 3778 2091 3839 quas
2130 3763 2385 3822 vocatur
2430 3765 2573 3822 villa
2620 3764 2818 3823 Sancti
2854 3762 3093 3821 Autleni
3142 3765 3455 3820 manentes
3499 3764 3617 3819 tres

1955 3870 2094 3912 cum
2132 3852 2324 3912 vineis
2367 3855 2558 3912 tribus
2608 3858 2666 3912 et
2713 3854 2946 3928 campis
2997 3852 3146 3923 aliis,
3216 3857 3273 3910 et
3317 3855 3616 3927 quantum

1953 3960 2096 4020 pars
2132 3948 2360 4003 Sanctae
2388 3945 2582 4003 Mariae
2621 3941 2705 4002 ibi
2733 3940 3011 4002 habetur.
3056 3938 3337 4000 Videlicet
3376 3946 3433 3999 et
3478 3938 3616 4000 illas

1952 4050 2049 4091 res
2090 4051 2243 4108 quas
2287 4032 2603 4092 Saleardus
2656 4034 2718 4091 in
2763 4034 2859 4090 die
2890 4028 3285 4090 dedicationis
3315 4032 3507 4106 ipsius
3528 4048 3618 4089 ec-

1954 4124 2147 4180 clesiae
2175 4124 2371 4181 eidem
2398 4124 2609 4181 sancto
2636 4124 2771 4181 loco
2820 4127 2878 4181 et
2906 4123 3081 4180 nobis
3132 4123 3251 4179 sive
3295 4121 3445 4197 ipsis
3488 4138 3617 4179 mo-

1953 4212 2164 4270 nachis
2196 4214 2465 4286 legaliter
2497 4214 2739 4272 tradidit
2778 4212 2949 4285 inibi,
2993 4231 3102 4289 per
3139 4214 3254 4271 hoc
3305 4216 3618 4270 testamen-

1954 4309 2082 4360 tum
2114 4302 2567 4361 conﬁrmamus.
2625 4303 2762 4361 Haec
2821 4310 3025 4361 autem
3083 4304 3290 4361 omnia
3338 4304 3400 4359 in
3456 4320 3617 4377 pago

1954 4394 2360 4452 Cenomanico
2408 4396 2549 4451 sunt
2588 4394 2721 4451 sita.
2775 4392 3161 4468 Supradictas
3210 4393 3390 4466 igitur
3443 4390 3618 4449 villas

186 4493 424 4555 rumque
439 4484 755 4557 perpetuis
775 4483 920 4539 tueri
938 4479 1549 4556 praesidiisdargiente
1567 4484 1839 4552 Domino,
1871 4514 1915 4577 θ
1951 4502 2164 4542 omnes
2213 4488 2270 4541 et
2307 4501 2401 4541 res
2433 4488 2683 4541 cunctas
2724 4484 3000 4557 superius
3046 4483 3390 4541 nominatas
3434 4484 3491 4540 et
3536 4480 3616 4539 ad

187 4566 472 4629 humiliter
503 4573 794 4647 petimus.
838 4576 902 4629 in
935 4576 1270 4630 memorato
1311 4574 1512 4647 itaque
1550 4570 1840 4632 Calenda-

186 4674 304 4717 rum
348 4658 445 4720 die
491 4662 551 4720 et
581 4657 645 4719 in
677 4658 1054 4720 dedicatione
1096 4662 1362 4736 praefatae
1387 4662 1654 4719 BCCleSltB
1702 4680 1841 4719 cum

185 4742 403 4808 licentia
447 4757 506 4808 et
546 4752 965 4809 exhortatione
1004 4749 1130 4824 jam
1183 4746 1322 4809 dicti
1381 4747 1670 4826 principis
1718 4751 1843 4809 sive

186 4840 666 4916 pizescriptorum
698 4844 1047 4898 sanctorum
1078 4845 1338 4915 patrum,
1388 4840 1662 4899 videlicet
1690 4842 1842 4917 epis-

187 4941 463 5001 coporum
490 4949 564 4989 ac
598 4926 898 4988 nobilium
947 4934 1005 4988 et
1042 4934 1248 4988 sancte
1280 4924 1609 4988 viventium
1650 4949 1842 4989 sacer-

188 5014 397 5090 dotum,
412 5038 523 5096 per
540 5020 771 5078 librum
793 5026 1055 5096 quatuor
1074 5020 1535 5093 Evangeliorum
1565 5020 1842 5079 nobiliter

186 5115 449 5167 ornatum
483 5115 543 5169 et
573 5127 728 5167 auro
768 5128 840 5168 ex
880 5114 1050 5185 parte
1096 5111 1531 5185 conscriptum,
1580 5129 1686 5168 seu
1732 5127 1840 5186 per

185 5196 411 5257 calicem
446 5211 708 5257 aureum
738 5217 927 5257 unum
961 5217 1099 5257 cum
1140 5204 1363 5273 patena
1412 5218 1522 5257 sua
1577 5196 1841 5274 desuper

185 5286 467 5362 episcopis
500 5293 561 5347 et
592 5282 1011 5347 sacerdotibus
1043 5306 1262 5346 manus
1294 5306 1503 5347 eorum
1523 5288 1838 5363 imponen-

186 5370 341 5443 tibus,
360 5378 567 5435 multis
600 5374 825 5435 scilicet
852 5374 1159 5435 nobilibus
1183 5395 1389 5435 coram
1418 5378 1753 5435 astantibus
1783 5380 1840 5436 et

186 5462 534 5539 videntibus,
563 5462 931 5523 tradidimus
954 5467 1254 5541 simulque
1276 5464 1690 5538 delegavimus
1715 5484 1838 5524 una

184 5566 303 5610 cum
326 5555 453 5628 jam
486 5554 654 5614 dicto
686 5554 1003 5628 Evangelio
1043 5560 1100 5613 et
1126 5560 1462 5612 memorato
1501 5570 1685 5613 aureo
1735 5573 1836 5613 ca-

184 5638 275 5697 lice
324 5644 396 5701 de
446 5650 677 5703 nostrae
733 5652 953 5704 sancta:
1003 5645 1161 5703 sedis
1212 5643 1476 5701 ecclesiae
1525 5645 1705 5702 rebus
1758 5643 1837 5703 ad

186 5732 579 5804 supradictum
607 5740 888 5792 sanctum
920 5734 1143 5804 locum,
1200 5732 1305 5810 qui
1344 5738 1591 5792 vocatur
1620 5752 1833 5793 mona-

185 5823 407 5884 sterium
450 5826 659 5885 Sancti
691 5826 1034 5897 Salvatoris,
1089 5822 1236 5886 olim
1289 5841 1433 5887 vero
1486 5821 1757 5900 Brogilus
1796 5842 1834 5885 a

1952 4575 2270 4648 praedictas
2301 4570 2472 4631 villas
2494 4570 2630 4647 jure
2660 4572 3045 4648 pertinentes,
3070 4589 3193 4631 una
3218 4590 3359 4631 cum
3389 4570 3617 4629 caeteris

1951 4658 2258 4737 domibus,
2292 4659 2579 4734 aedificiis,
2611 4664 2949 4739 mancipiis,
2990 4663 3202 4732 vineis,
3245 4660 3424 4729 silvis,
3453 4677 3616 4718 cam-

1950 4754 2064 4830 pis,
2093 4754 2300 4828 pratis,
2332 4754 2595 4827 pascuis,
2625 4754 2817 4828 aquis,
2842 4768 3217 4828 aquarumve
3237 4749 3612 4815 decursibus,

1949 4842 2271 4916 farinariis,
2314 4842 2642 4901 mobilibus
2699 4845 2756 4900 et
2801 4839 3239 4912 immobilibus,
3300 4836 3509 4896 omnia
3557 4842 3616 4897 et

1950 4952 2023 4992 ex
2080 4932 2365 4990 omnibus
2414 4933 2494 4991 ad
2543 4934 2863 5008 praefatum
2916 4932 3193 4988 sanctum
3247 4926 3449 4987 locum
3503 4942 3613 5003 pro

1947 5021 2244 5080 lucranda
2301 5026 2511 5079 sancta
2564 5019 2841 5077 mercede
2894 5023 2951 5076 et
3008 5022 3337 5091 augmento
3392 5021 3614 5076 nostra:

1950 5114 2171 5170 sanctae
2203 5111 2362 5168 sedis
2390 5106 2655 5169 ecclesiae
2686 5111 2866 5185 atque
2887 5114 3106 5167 nostrae
3128 5107 3615 5181 congregationis

1946 5204 2164 5259 ornatu
2179 5201 2503 5269 donamus,
2518 5198 2838 5274 tradimus,
2855 5200 3159 5275 simulque
3176 5195 3611 5270 delegavimus,

1947 5291 2005 5348 et
2033 5288 2242 5348 omnia
2271 5309 2408 5366 quas
2440 5287 2637 5348 eidem
2668 5296 3052 5349 sacrosancto
3081 5289 3214 5346 loco
3244 5290 3302 5345 et
3329 5283 3614 5342 fratribus

1946 5382 2002 5437 et
2028 5378 2343 5437 monachis
2382 5378 2530 5438 inibi
2563 5379 2816 5438 Domino
2845 5375 3283 5438 famulantibus
3338 5376 3396 5433 et
3439 5392 3612 5449 regu-

1944 5463 2143 5526 lariter
2172 5468 2510 5527 viventibus
2560 5466 2765 5526 divina
2816 5464 3006 5542 pietas
3058 5462 3343 5540 deinceps
3406 5468 3618 5536 augeri

1945 5556 2201 5614 voluerit
2226 5563 2283 5614 et
2308 5576 2343 5615 a
2370 5556 2545 5615 bonis
2568 5552 2918 5613 hominibus
2944 5553 3172 5613 ibidem
3197 5554 3611 5612 condonatum

1945 5648 2126 5720 atque
2154 5644 2437 5704 traditum
2468 5644 2661 5717 fuerit,
2710 5645 2793 5702 ita
2845 5651 2909 5704 ut
2952 5645 3031 5703 ab
3074 5651 3188 5704 hac
3239 5640 3335 5702 die
3384 5642 3611 5701 ibidem

1946 5732 2389 5811 perpetualiter,
2444 5732 2695 5793 Domino
2745 5730 3093 5807 auxiliante,
3143 5734 3205 5793 in
3265 5730 3609 5806 augmentis

1947 5822 2286 5899 proﬁciant.
2321 5822 2487 5885 Unde
2516 5818 2794 5885 constitui
2826 5822 2907 5885 ob
2950 5818 3068 5885 hoc
3115 5824 3232 5899 pits
3277 5818 3609 5882 devotionis
