3944 6414
323 303 396 362 63
1383 296 1662 356 ALDRlCl
1701 293 2237 352 CENOMANENSIS
2276 291 2595 352 EPISCOPI
3674 289 3749 344 04

327 442 536 483 amore
565 425 836 481 veniente
864 425 994 496 jam
1018 425 1189 480 dictae
1215 423 1410 480 Sancti
1441 419 1762 479 Salvatoris
1792 417 1977 474 eccle—
2006 423 2052 476 A
2083 417 2269 474 laetari
2299 417 2652 474 aeternaliter
2682 431 3044 472 mereamur.
3069 412 3290 470 ‘Amen.
3344 415 3532 470 Porro
3576 413 3750 486 quod

332 516 435 571 siae
466 514 930 570 consecrationis
962 513 1293 582 festivitate,
1334 511 1500 568 omni
1529 525 1691 566 anno
1722 507 1972 564 fatribus

327 603 503 660 matri
532 606 590 659 et
618 606 829 658 nostrae
861 602 1016 657 sedis
1045 601 1309 656 ecclesiae
1356 598 1790 656 famulantibus
1840 611 1979 651 con-

329 692 682 748 solationem
710 690 1167 746 ministrandam
1197 689 1275 744 ab
1301 689 1519 745 abbate
1559 691 1616 743 et
1661 685 1976 741 monachis

329 781 391 836 in
422 779 668 853 praefato
700 779 1062 835 monasterio
1113 779 1365 834 Domino
1408 775 1862 836 famulantibus,
1916 773 1975 829 id

331 875 438 941 est,
461 870 535 925 de
565 885 720 941 pane
746 869 972 941 optimo
1000 868 1237 924 modios
1266 884 1387 932 sex,
1430 871 1487 922 et
1513 865 1822 934 friseingas
1847 880 1979 936 por-

331 958 496 1014 cinas
537 962 672 1019 tres,
705 957 1046 1013 berbicinas
1095 973 1234 1012 vero
1284 956 1548 1012 similiter
1597 959 1731 1020 tres,
1791 958 1848 1008 et
1903 953 1978 1007 de

329 1046 467 1101 vino
495 1046 722 1118 optimo
745 1047 981 1102 modios
1000 1051 1280 1119 quatuor,
1311 1050 1367 1100 et
1393 1045 1467 1100 de
1491 1042 1732 1116 potione
1753 1041 1980 1114 optima

331 1136 616 1207 quinque.
647 1138 726 1190 Ea
754 1151 897 1190 vero
928 1136 1157 1190 ratione
1187 1135 1316 1190 haec
1340 1134 1451 1188 illis
1471 1133 1615 1188 dare
1637 1131 1979 1188 censuimus

333 1228 396 1279 ut
426 1224 782 1296 supradictae
818 1224 1025 1280 matris
1057 1223 1317 1279 ecclesiae
1358 1223 1486 1293 jam
1530 1221 1761 1295 przefati
1805 1235 1982 1274 cano-

331 1312 448 1367 nici
473 1312 726 1386 pleniter
756 1312 836 1368 ad
865 1317 1262 1368 memoratam
1296 1311 1684 1367 dedicationis
1714 1308 1980 1365 ecclesiae

333 1417 474 1456 cum
507 1401 738 1456 silentio
763 1406 818 1456 et
844 1401 1068 1456 caeteris
1094 1400 1312 1455 divinis
1342 1399 1706 1455 ornamentis
1737 1397 1981 1453 veniant

333 1488 710 1545 festivitatem
739 1507 876 1545 cum
900 1491 1122 1545 caeteris
1166 1489 1528 1544 suburbanis
1571 1486 1981 1544 sacerdotibus

336 1581 394 1633 et
419 1577 663 1650 reliquis
695 1578 938 1644 clericis,
985 1583 1042 1634 et
1073 1584 1209 1633 tunc
1249 1593 1428 1633 mane
1475 1577 1669 1649 prima
1697 1575 1842 1631 inibi
1875 1591 1982 1646 pro

336 1682 434 1721 me
490 1672 817 1738 peccatore,
866 1667 1013 1722 dum
1065 1667 1369 1735 advixero,
1422 1665 1839 1738 unusquisque
1891 1680 1984 1719 sa-

2084 506 2305 563 multas
2331 505 2700 579 episcopales
2741 505 2912 560 sedes
2961 508 3018 560 et
3058 508 3279 559 matres
3329 502 3623 558 Ecclesias
3652 502 3752 557 di-

2085 611 2256 652 versa
2304 594 2671 651 monasteria
2714 596 2826 648 sub
2869 610 2930 648 se
2976 593 3200 648 habere
3246 592 3526 647 videmus
3574 607 3753 646 cons-

2084 687 2294 750 tructa,
2327 700 2532 756 quaeso
2561 699 2636 738 ne
2667 683 2916 754 quidam
2947 681 3247 755 superﬂue
3268 682 3384 736 hoc
3413 697 3510 735 me
3539 680 3754 735 fecisse

2085 778 2378 835 asserant,
2411 771 2741 845 praisertim
2781 787 2917 825 cum
2967 771 3162 839 magis
3205 785 3314 842 pro
3364 769 3597 824 honore
3647 770 3755 822 Ec-

2085 861 2282 916 clesiae
2308 861 2483 917 nobis
2515 859 2875 922 commissae,
2931 864 2986 914 et
3040 875 3149 930 pro
3193 858 3359 914 lucro
3398 857 3755 913 animarum

2089 966 2276 1023 quam
2306 966 2417 1023 pro
2441 949 2703 1005 facinore
2724 949 3017 1012 humano,
3055 947 3169 1002 hoc
3206 963 3301 1002 me
3332 945 3548 1002 fecisse
3571 944 3758 1018 proﬁ-

2089 1044 2230 1095 teor.
2265 1043 2379 1096 Nec
2405 1039 2627 1094 mirum
2651 1039 2698 1092 si
2725 1036 3041 1109 praefatum
3066 1035 3266 1091 locum
3295 1036 3370 1091 de
3402 1036 3589 1091 rebus
3615 1050 3760 1090 nos-

2090 1133 2190 1184 trae
2224 1128 2382 1183 sedis
2414 1126 2684 1182 Ecclesiae
2715 1125 3046 1191 ditaverim,
3081 1141 3218 1181 cum
3252 1125 3473 1180 multos
3506 1129 3757 1179 sanctos

2092 1218 2407 1290 episcopos
2431 1218 2560 1288 jam
2588 1215 2728 1272 talia
2754 1215 2963 1270 fecisse
2998 1219 3055 1269 et
3091 1213 3350 1284 legimus
3381 1218 3438 1270 et
3463 1213 3758 1283 cognovi-

2090 1323 2246 1362 mus.
2278 1305 2502 1361 ldcirco
2549 1320 2764 1377 precor
2815 1309 3062 1359 cunctos
3109 1302 3315 1358 fideles
3367 1306 3593 1357 sanctae
3649 1301 3759 1356 Dei

2091 1394 2365 1450 Ecclesiae
2394 1399 2459 1449 ut
2485 1409 2609 1449 non
2631 1393 2744 1448 hoc
2785 1409 2881 1447 me
2927 1391 3229 1464 superﬂue
3265 1390 3479 1446 fecisse
3516 1393 3756 1462 putent,

2091 1483 2196 1538 sed
2227 1483 2420 1553 magis
2449 1499 2560 1555 pro
2587 1498 2683 1538 me
2715 1485 3026 1554 peccatore
3057 1496 3228 1536 orare
3263 1496 3386 1536 non
3422 1479 3762 1550 dedignen-

2093 1577 2232 1640 tur;
2287 1576 2352 1627 ut
2416 1571 2468 1626 si
2523 1587 2710 1643 quam
2757 1586 2866 1644 pro
2923 1570 3038 1625 hoc
3087 1569 3428 1624 mercedem
3496 1567 3762 1640 adipisci

2094 1676 2394 1727 meruero,
2425 1659 2697 1731 ejusdem
2746 1659 2876 1714 fieri
2900 1661 3244 1713 mereantur
3272 1657 3616 1730 participes.
3652 1659 3765 1712 De-

336 1755 546 1810 cerdos
578 1760 772 1810 cantet
802 1772 988 1811 unam
1017 1756 1264 1812 missam
1295 1760 1352 1810 et
1381 1755 1661 1827 amplius,
1712 1754 1760 1809 si
1798 1752 1986 1808 libue-
2017 1773 2057 1828 3
2094 1749 2276 1821 nique
2305 1749 2608 1804 humiliter
2638 1763 2848 1820 precor
2880 1746 3201 1802 Dominum
3234 1751 3515 1802 nostrum
3544 1746 3763 1800 Jesum

333 1844 409 1898 rit
432 1848 489 1899 et
515 1843 770 1900 Charitas
801 1845 1241 1911 ministraverit,
1293 1849 1349 1900 et
1401 1843 1821 1915 unusquisque
1873 1841 1984 1896 cle-

335 1932 494 1987 ricus
519 1932 789 2004 psalmos
812 1933 1252 2006 quinquaginta
1282 1938 1338 1988 et
1367 1932 1651 2005 amplius,
1685 1935 1983 2003 quantum

337 2020 571 2076 dilectio
602 2026 658 2077 et
683 2038 852 2077 amor
882 2022 981 2077 Dei
1006 2022 1392 2092 instigaverit.
1425 2024 1556 2078 Post
1587 2020 1818 2076 obitum
1843 2035 1986 2074 vero

337 2124 565 2173 meum,
597 2109 658 2164 in
696 2109 983 2182 praedicta
1013 2110 1108 2164 die
1149 2109 1415 2164 similiter
1444 2125 1554 2181 pro
1599 2108 1880 2163 defuncto
1908 2107 1988 2162 fa-

339 2197 516 2252 ciant.
553 2199 686 2252 Haec
719 2187 876 2269 ergo.
910 2199 1116 2254 omnia
1167 2198 1479 2268 diligenter
1526 2201 1790 2270 peracta,
1839 2196 1991 2252 hora

339 2284 508 2339 tertia
537 2285 598 2340 in
627 2285 936 2358 publicum
964 2287 1260 2343 introeant
1298 2286 1562 2342 ofﬁcium
1603 2291 1658 2342 et
1699 2301 1820 2340 una
1848 2300 1988 2339 cum

339 2374 654 2429 monachis
671 2374 894 2430 ibidem
924 2376 1175 2432 Domino
1199 2375 1627 2431 famulantibus
1650 2373 1992 2429 solemniter

339 2460 530 2532 ipsius
557 2463 673 2517 diei
692 2463 964 2518 festivam
983 2469 1275 2535 peragant
1290 2463 1754 2529 solemnitatem;
1779 2468 1834 2517 et
1852 2468 1991 2518 tunc

341 2553 543 2604 utrum
575 2549 858 2619 elegerint
887 2551 1126 2614 faciant,
1155 2557 1258 2606 aut
1278 2552 1424 2606 inibi
1447 2569 1582 2606 cum
1609 2551 1754 2623 ipsis
1782 2566 1991 2605 mona-

343 2636 470 2690 chis
518 2638 736 2708 pariter
767 2638 1055 2705 reficiant,
1107 2645 1212 2695 aut
1260 2640 1308 2694 si
1357 2639 1441 2694 ibi
1490 2655 1613 2694 non
1660 2638 1988 2705 refecerint,

344 2729 485 2780 tunc
513 2731 756 2798 accepta
787 2727 1082 2798 stipendia
1110 2728 1168 2782 in
1199 2727 1506 2783 refectorio
1549 2727 1703 2783 infra
1741 2728 1992 2782 domum

344 2818 401 2868 et
457 2813 785 2870 claustrum
839 2816 1265 2872 canonicorum
1324 2833 1446 2872 una
1498 2833 1637 2871 cum
1697 2816 1993 2888 praedictis

345 2901 729 2968 suburbanis,
760 2903 1004 2970 clericis,
1029 2910 1086 2960 et
1115 2905 1526 2961 sacerdotibus
1555 2905 1840 2961 reﬁciant.
1875 2908 1994 2959 Hoc

346 3005 492 3045 sane
523 2990 824 3048 humiliter
854 2993 1103 3048 obsecro
1141 2999 1378 3050 sanctos
1409 3010 1784 3050 successores
1827 3009 1993 3047 meos

2093 1838 2416 1901 Christum,
2446 1837 2690 1893 beatum
2713 1851 3130 1892 successorem
3177 1851 3385 1890 meum
3423 1850 3568 1890 mox
3599 1834 3766 1890 futu-

2093 1945 2225 1983 rum
2255 1934 2309 1982 et
2341 1931 2477 2000 post
2505 1943 2644 1982 eum
2687 1925 2749 1981 in
2789 1925 2928 1981 sede
2957 1924 3133 1980 nobis
3187 1923 3514 1980 commissa
3544 1938 3764 1980 succe-

2094 2016 2301 2072 dentes
2332 2020 2578 2070 cunctos
2594 2015 2929 2086 episcopos,
2949 2018 3128 2086 atque
3150 2012 3325 2085 quasi
3345 2013 3424 2068 ad
3441 2012 3630 2084 pedes
3657 2028 3764 2068 eo-

2096 2121 2229 2160 rum
2257 2103 2609 2177 provolutus
2628 2103 2972 2175 suppliciter
2990 2101 3215 2171 ﬂagito,
3235 2117 3569 2174 omnesque
3586 2101 3764 2174 prin-

2099 2193 2145 2248 ci
2154 2209 2259 2265 pes
2289 2209 2359 2248 ac
2394 2193 2620 2248 nobiles
2656 2197 2713 2248 et
2743 2189 3058 2260 ignobiles,
3079 2194 3447 2262 cunctosque
3475 2190 3766 2246 Christia-

2097 2298 2208 2337 nos
2237 2282 2509 2348 obsecro,
2541 2286 2606 2336 ut
2632 2280 2885 2353 parvula
2911 2296 2948 2335 a
2977 2279 3153 2334 nobis
3178 2279 3338 2335 facta
3369 2278 3450 2335 ad
3479 2278 3766 2335 divinam

2098 2369 2524 2442 omnipotentis
2557 2368 2657 2423 Dei
2678 2367 2923 2423 laudem
2944 2372 3001 2422 et
3026 2366 3463 2422 incrementum
3485 2366 3768 2439 praedicti

2098 2457 2511 2514 monasterioli
2563 2456 2761 2513 Sancti
2808 2456 3133 2512 Salvatoris
3177 2459 3552 2525 conservent,
3607 2459 3670 2512 et
3697 2455 3767 2511 in

2098 2563 2308 2602 eorum
2329 2546 2714 2618 eleemosyna
2745 2545 2867 2600 sive
2892 2544 2971 2600 ob
3002 2544 3271 2617 praedicti
3293 2543 3531 2600 Domini
3555 2543 3768 2601 Salva-

2102 2635 2242 2690 toris
2268 2650 2561 2704 amorem,
2577 2634 2638 2688 in
2661 2633 2833 2704 cujus
2858 2633 3086 2688 honore
3102 2633 3233 2704 jam
3257 2632 3485 2689 dictum
3514 2649 3770 2690 monas-

2101 2723 2373 2779 teriolum
2397 2723 2757 2778 aedificatum
2771 2726 2826 2776 et
2846 2721 3189 2777 dedicatum
3211 2737 3340 2776 esse
3360 2721 3766 2794 dignoscitur,

2100 2828 2320 2881 augere
2337 2811 2483 2867 inibi
2504 2811 2678 2882 plura
2700 2810 3044 2881 dignentur,
3067 2815 3123 2865 et
3143 2809 3218 2864 de
3235 2810 3317 2865 eis
3332 2826 3468 2882 quae
3492 2810 3760 2866 fecimus

2101 2907 2281 2973 atque
2303 2899 2639 2969 delegavim
2651 2917 2718 2954 us
2737 2898 2883 2954 inibi
2900 2899 3257 2955 imminuere
3274 2904 3378 2955 aut
3399 2899 3769 2956 subtrahere

2100 3006 2221 3045 non
2246 2994 2615 3061 praesumant
2643 3007 2655 3056 ;
2677 2993 2976 3060 quatenus
3003 2993 3059 3044 et
3079 2987 3243 3044 bona
3258 2987 3500 3044 illorum
3516 2987 3684 3045 facta
3701 2989 3770 3045 in

344 3083 522 3150 atque
551 3079 801 3136 abbates
845 3081 938 3137 vel
978 3083 1312 3138 monachos
1361 3083 1589 3155 praefati
1625 3081 1990 3148 monasterii,
2027 3119 2068 3172 Ο
2101 3078 2380 3152 praesenti
2411 3082 2466 3132 et
2491 3078 2550 3132 in
2570 3077 2791 3145 futuro,
2819 3077 2989 3132 sicuti
3013 3081 3068 3132 et
3104 3081 3311 3132 nostra
3342 3076 3609 3143 fecerint,
3638 3079 3769 3135 Deo

343 3172 400 3222 et
422 3169 776 3239 praepositos
826 3187 896 3226 ac
940 3173 1257 3242 magistros
1289 3188 1396 3227 seu
1426 3172 1728 3228 ministros
1754 3170 1996 3227 canoni-

343 3272 551 3311 corum
575 3263 939 3325 nostrorum,
968 3260 1089 3316 sive
1115 3261 1279 3332 ipsos
1311 3261 1635 3317 canonicos
1669 3263 1993 3332 praesentes

345 3343 564 3398 scilicet
602 3351 780 3418 atque
822 3347 1072 3414 futuros,
1124 3353 1180 3403 et
1225 3348 1543 3420 praedictos
1587 3346 1991 3413 suburbanos,

348 3447 455 3485 seu
480 3435 931 3490 monasteriales
958 3437 1297 3491 sacerdotes
1345 3442 1400 3492 et
1448 3436 1712 3503 clericos,
1764 3435 1866 3506 qui
1917 3434 1996 3490 ad

345 3519 693 3591 praedictam
721 3521 1098 3578 festivitatem
1127 3524 1409 3590 venerint,
1455 3529 1513 3579 et
1557 3523 1994 3596 suprascriptas

347 3608 646 3664 orationes
673 3625 783 3681 pro
809 3626 903 3664 me
943 3611 1276 3667 miserrimo
1307 3617 1618 3684 peccatore
1658 3611 1918 3677 fecerint,
1961 3628 1999 3668 a

349 3704 683 3752 memorata
711 3699 1029 3754 refectione
1060 3699 1154 3755 vel
1183 3698 1260 3754 ab
1292 3715 1500 3755 eorum
1527 3699 1837 3755 refectorio
1869 3717 1904 3756 a
1934 3717 1996 3756 se

349 3801 472 3840 non
501 3785 860 3851 excludant;
915 3788 1019 3842 sed
1065 3788 1111 3842 si
1167 3787 1370 3860 aliqua
1399 3788 1748 3844 necessitate
1774 3787 1997 3844 factum

347 3872 542 3940 fuerit,
570 3880 709 3930 tunc
736 3881 1058 3932 statuentes
1087 3876 1486 3950 imploramus
1533 3882 1596 3932 ut
1634 3893 1791 3932 unus
1822 3893 1999 3932 cano-

346 3962 621 4018 nicorum
642 3964 796 4019 bene
825 3965 1016 4022 fidelis
1048 3966 1122 4021 de
1170 3966 1467 4038 praedictis
1515 3965 1824 4038 stipendiis
1862 3983 1998 4038 quae
2052 3964 2060 3972 ’

343 4051 472 4120 jam
500 4051 636 4106 dicti
664 4055 945 4109 monachi
970 4055 1302 4118 tribuerint,
1352 4054 1608 4126 accipiat
1655 4070 1841 4109 unum
1875 4071 2001 4110 mo-

349 4137 519 4193 dium
551 4141 727 4210 panis
757 4146 813 4196 et
840 4141 1136 4197 alternum
1165 4143 1310 4208 vini,
1345 4142 1592 4215 insuper
1639 4159 1710 4198 ex
1757 4143 1998 4215 potione

352 4227 608 4282 sextaria
637 4233 916 4299 quatuor,
936 4235 992 4285 et
1013 4247 1197 4285 unam
1227 4231 1572 4302 friscingam
1605 4231 1843 4304 qualem
1880 4249 2002 4288 me-

349 4313 560 4369 liorem
591 4315 896 4381 invenerit,
938 4322 994 4373 et
1020 4335 1092 4373 ex
1121 4319 1214 4373 his
1247 4319 1357 4374 illis
1386 4324 1681 4392 praeparet
1711 4320 1921 4376 devote
1947 4325 2004 4377 et

352 4403 622 4472 religiose
645 4404 1047 4462 refectionem.
1073 4407 1186 4463 Sed
1205 4409 1395 4477 magis
1417 4413 1559 4480 opto
1586 4413 1643 4464 et
1668 4409 1878 4481 suplex
1902 4408 2001 4464 de-

351 4507 563 4564 precor
585 4497 647 4547 ut
670 4509 806 4548 cum
831 4495 1162 4567 seepedictis
1185 4496 1487 4551 canonicis
1507 4497 1723 4552 nostris
1744 4497 1804 4551 in
1827 4497 2006 4553 refec-

351 4581 500 4636 torio
519 4597 654 4636 cum
674 4581 785 4636 illis
802 4583 1189 4652 religiossime
1208 4583 1842 4655 reﬁciant,solemniter
1857 4601 2006 4657 quo-

351 4686 466 4742 que
497 4669 665 4724 illum
707 4669 867 4726 diem
907 4672 1212 4740 ducentes,
1251 4678 1310 4728 et
1356 4672 1429 4727 de
1480 4678 1645 4728 tanta
1693 4673 2003 4730 festivitate

349 4757 634 4824 laetantes,
667 4759 1113 4832 Dominumque
1162 4760 1225 4815 in
1273 4760 1555 4816 omnibus
1584 4761 1899 4817 laudantes
1932 4778 2002 4817 ac

351 4845 740 4918 deprecantes
769 4853 832 4904 ut
857 4848 1242 4921 tranquillam
1269 4849 1451 4904 vitam
1481 4850 1640 4904 hanc
1665 4849 1880 4920 degere
1908 4867 2006 4907 va-

351 4932 511 4989 leant
530 4940 586 4990 et
616 4937 865 5007 praemia
889 4943 1125 4994 aeterna:
1153 4937 1284 4993 vitae
1313 4938 1619 5010 percipere
1641 4943 2000 4994 mereantur.

357 5021 604 5092 Insuper
628 5023 702 5078 de
733 5027 1030 5095 praedictis
1061 5026 1374 5099 stipendiis
1400 5027 1736 5098 deprecans
1767 5032 2004 5084 sanctos

355 5124 731 5165 successores
753 5128 918 5167 meos
940 5119 1240 5170 contestor
1265 5120 1319 5171 et
1339 5119 1684 5170 contestans
1705 5115 2007 5172 humiliter

354 5197 644 5270 deprecor
657 5204 835 5272 atque
853 5201 1153 5257 ministros
1168 5205 1438 5274 ejusdem
1457 5203 1722 5259 Ecclesiae
1739 5212 1798 5259 ut
1819 5220 2004 5260 unum

355 5287 628 5343 modium
654 5289 730 5344 de
758 5289 1008 5362 praefixo
1033 5306 1191 5362 pane
1219 5297 1275 5347 et
1302 5293 1554 5348 alterum
1585 5293 1660 5347 de
1686 5293 1814 5364 jam
1845 5293 2004 5348 dicto

359 5373 494 5430 vino
532 5381 589 5431 et
623 5377 706 5432 .de
735 5378 997 5449 praefatis
1028 5377 1323 5448 friseingis
1370 5397 1555 5436 unam
1603 5381 2009 5453 quadraginta

357 5463 728 5533 pauperibus
763 5466 825 5520 in
862 5471 1196 5523 memorata
1225 5467 1534 5525 festivitate
1570 5469 1856 5532 tribuant,
1902 5468 2008 5542 qui

357 5549 498 5604 inde
527 5551 906 5608 refectionem
941 5556 1229 5611 habentes
1271 5557 1590 5612 Dominum
1638 5559 2006 5615 Salvatorem

359 5639 573 5694 mundi
604 5639 944 5696 collaudent
970 5648 1026 5697 et
1054 5659 1164 5713 pro
1194 5661 1291 5700 me
1332 5645 1667 5701 miserrimo
1698 5653 2009 5718 peccatore

361 5741 534 5785 orare
556 5727 858 5800 studeant,
889 5729 1144 5803 qualiter
1173 5747 1312 5790 cum
1351 5733 1572 5794 sanctis
1601 5738 1658 5791 et
1685 5733 1881 5797 electis
1909 5736 2013 5797 Dei

2101 3167 2366 3238 auspice,
2391 3170 2821 3222 conserventur
2847 3184 2859 3232 ;
2883 3171 3185 3237 quatenus
3219 3165 3266 3220 si
3297 3165 3569 3238 aliquam
3597 3183 3770 3223 mer-

2103 3256 2310 3310 cedem
2343 3258 2452 3327 pro
2500 3255 2600 3326 pio
2631 3254 2878 3326 praefixo
2909 3254 3087 3324 facto,
3136 3254 3388 3312 Domino
3429 3261 3767 3324 annuente,

2102 3345 2326 3401 habere
2356 3343 2770 3405 meruerimus,
2821 3342 3010 3414 ipsius
3063 3335 3370 3412 mercedis,
3426 3343 3769 3402 auxiliante

2105 3433 2239 3504 ipso
2271 3431 2522 3489 Domino
2557 3430 2856 3487 Salvatore
2883 3435 3114 3498 nostro,
3148 3447 3260 3504 pro
3281 3432 3456 3503 cujus
3488 3437 3548 3488 et
3587 3449 3772 3490 amo-

2104 3538 2166 3577 re
2197 3522 2311 3576 hoc
2340 3520 2612 3588 fecimus,
2663 3518 2816 3574 efﬁci
2868 3535 3211 3576 mereamur
3253 3525 3589 3578 consortes.
3636 3525 3775 3579 Pre-

2106 3627 2208 3665 cor
2229 3611 2409 3665 etiam
2460 3613 2706 3664 cunctos
2737 3608 3076 3665 sacerdotes
3127 3625 3198 3665 ac
3241 3609 3343 3665 Dei
3391 3626 3595 3666 servos
3643 3613 3773 3668 sive

2106 3698 2441 3754 monachos
2463 3713 2673 3753 omnes
2696 3702 2761 3752 ut
2782 3697 3103 3770 praedictas
3122 3699 3497 3754 orationesin
3512 3701 3775 3771 praefata

2105 3788 2201 3843 die
2227 3804 2335 3860 pro
2367 3803 2462 3842 me
2491 3791 2804 3859 peccatore
2861 3787 2958 3860 pie
2999 3791 3056 3842 et
3086 3786 3525 3843 studiosissime
3572 3788 3775 3845 adim-

2105 3877 2266 3950 plere
2296 3881 2634 3949 procurent,
2688 3876 2942 3949 qualiter
2989 3875 3436 3933 absolutionem
3484 3879 3774 3935 omnium

2103 3971 2487 4040 peccatorum
2512 3981 2786 4020 meorum
2800 3981 3009 4020 eorum
3025 3965 3304 4037 precibus
3324 3965 3579 4038 adipisci
3603 3967 3774 4024 vale-

2106 4070 2228 4123 am,
2251 4059 2307 4109 et
2334 4059 2680 4108 sanctorum
2728 4053 3030 4109 consortio
3062 4053 3482 4125 perpetualiter
3504 4055 3774 4112 Domino

2107 4141 2394 4212 largiente
2423 4140 2538 4196 frui
2567 4157 2929 4197 mereamur.
2977 4127 3250 4198 Similiter
3277 4158 3490 4214 precor
3541 4143 3774 4201 obnixe

2110 4231 2360 4286 abbates
2386 4235 2442 4285 et
2496 4231 2830 4290 monachos
2880 4235 3127 4286 cunctos
3176 4230 3238 4286 in
3268 4231 3520 4303 praefato
3571 4234 3776 4289 sancti

2110 4319 2428 4375 Salvatoris
2458 4319 2828 4374 monasterio
2868 4318 3174 4388 degentes,
3206 4318 3496 4391 praedicta
3536 4321 3773 4393 stipen-

2110 4408 2210 4463 dia
2239 4408 2544 4464 canonicis
2577 4412 2632 4463 et
2658 4407 2940 4463 fratribus
2971 4407 3210 4478 nostris,
3235 4407 3358 4462 sive
3390 4408 3772 4466 suburbanis

2113 4496 2528 4552 sacerdotibus
2559 4501 2614 4551 et
2669 4495 2894 4551 clericis
2951 4496 3286 4552 ministrare
3332 4496 3394 4552 in
3433 4497 3564 4567 jam
3605 4497 3777 4556 dicta

2109 4585 2204 4639 die
2231 4600 2352 4639 non
2395 4583 2732 4653 negligant;
2770 4589 3069 4656 quatenus
3100 4584 3244 4656 ipsis
3278 4585 3776 4642 ministrantibus

2108 4673 2402 4744 nobisque
2412 4672 2713 4728 humiliter
2729 4672 3225 4728 famulantibuset
3240 4674 3464 4729 caeteris
3482 4673 3777 4732 fratribus

2109 4765 2167 4818 et
2195 4761 2294 4816 Dei
2310 4761 2496 4816 servis
2519 4761 2849 4828 orantibus,
2868 4777 2975 4833 per
2991 4761 3279 4831 suffragia
3300 4762 3576 4817 omnium
3598 4780 3780 4820 sanc-

2110 4855 2308 4906 torum
2338 4865 2452 4904 nos
2475 4855 2531 4905 et
2571 4849 2702 4904 illos
2727 4850 2896 4904 Jesus
2919 4850 3184 4905 Christus
3215 4851 3504 4906 Dominus
3561 4858 3781 4908 noster

2109 4938 2172 4994 in
2220 4944 2440 4994 aeterna
2495 4937 2690 4993 laetitia
2722 4955 2842 4993 una
2868 4954 3006 4994 cum
3040 4939 3262 4993 sanctis
3289 4939 3412 4993 suis
3442 4938 3644 4995 fovere
3679 4941 3778 4996 di-

2114 5032 2345 5097 gnetur.
2394 5031 2606 5082 Amen.
2667 5030 2846 5081 Porro
2893 5033 2956 5082 ut
3012 5027 3125 5082 hoc
3171 5031 3594 5083 testamentum
3646 5031 3780 5086 sive

2095 5109 2489 5188 'privilegium
2521 5131 2557 5169 a
2583 5132 2680 5170 me
2713 5115 2812 5186 pia
2843 5115 3024 5170 volun
3044 5119 3158 5170 tate
3189 5115 3435 5180 factum,
3465 5133 3574 5188 per
3593 5119 3785 5175 ratio-

2113 5219 2253 5260 nem
2283 5203 2712 5276 supradictam,
2727 5204 2893 5258 omni
2910 5208 3177 5275 tempore
3206 5209 3449 5260 maneat
3469 5204 3782 5264 illibatum

2116 5297 2294 5364 atque
2342 5292 2776 5356 firmissimum,
2809 5308 2996 5347 manu
3026 5292 3275 5364 propria
3303 5292 3449 5347 illud
3499 5310 3610 5365 pro
3673 5295 3784 5352 ﬁr-

2113 5381 2336 5436 mitatis
2363 5381 2559 5436 studio
2596 5381 3039 5447 roboravimus,
3098 5381 3219 5434 sive
3270 5385 3514 5436 sanctos
3562 5387 3782 5453 patres

2114 5475 2353 5526 nostros
2383 5471 2911 5542 episcopos,atque
2931 5469 3142 5524 fratres
3167 5473 3403 5523 nostros
3425 5469 3783 5528 sacerdotes

2117 5563 2174 5614 et
2199 5558 2406 5613 levitas
2461 5573 2569 5612 seu
2619 5557 2880 5630 reliquos
2937 5557 3183 5612 clericos
3215 5562 3582 5630 czeterasque
3638 5575 3785 5630 per-

2118 5661 2298 5702 sonas
2350 5662 2612 5718 quorum
2642 5645 2890 5700 nomina
2920 5646 3125 5700 subter
3174 5645 3496 5712 habentur,
3543 5647 3787 5708 inserta

2118 5735 2358 5793 ﬁrmare
2377 5733 2678 5793 humiliter
2700 5735 3156 5808 postulavimus.
