3944 6454
277 411 395 478 Ego
427 407 704 465 Aldricus
737 411 1177 467 Canomanica
1209 412 1373 468 urbis
1414 413 1700 485 indignus
1730 429 1865 486 pec-
1893 414 1941 467 Α
1974 413 2034 468 ni
2067 417 2330 474 Ursmari
2350 419 2654 476 Turonica
2678 422 2845 478 urbis
2873 425 3307 501 archiepiscopi
3323 446 3430 486 seu
3459 437 3633 488 cate-

209 504 366 554 calor
393 499 716 573 episcopus
760 501 875 556 hoc
925 505 1350 558 testamentum
1409 521 1445 560 a
1497 521 1592 560 me
1639 504 1863 559 factum

209 587 550 660 subscripsi.
587 591 906 645 Ursmarus
935 591 1221 658 indignus
1252 593 1558 648 Turonica
1588 592 1753 648 urbis
1775 609 1864 648 ar-

207 677 624 750 chiepiscopus
647 678 787 735 huic
820 683 1178 736 testamento
1210 697 1486 738 annuens
1513 682 1860 754 subscripsi.

209 767 370 823 Dodo
402 767 648 823 humilis
679 769 1201 826 Andecavensium
1233 772 1477 827 antistes
1522 772 1661 827 huic
1693 777 1864 828 testa-

206 861 406 912 mento
429 856 671 912 decreto
686 873 1014 914 assensum
1035 859 1314 932 prabens
1346 860 1862 932 subscripsi.War-

205 946 406 1002 narius
445 947 734 1018 indignus
786 949 1109 1022 epiSCOpus
1161 949 1301 1005 huic
1341 955 1703 1006 testamento
1761 967 1864 1006 an-

204 1051 396 1092 nuens
453 1036 808 1109 subscripsi.
847 1037 1141 1092 Ebroinus
1190 1038 1477 1109 indignus
1537 1039 1862 1112 episcopus

203 1125 338 1181 huic
362 1130 721 1182 testamento
744 1142 1020 1183 annuens
1045 1127 1390 1201 subscripsi.
1413 1131 1532 1198 Ego
1550 1130 1862 1184 Autcarius

203 1216 508 1285 Magontia
540 1216 710 1271 urbis
742 1217 1230 1290 archiepiscopus
1268 1218 1383 1273 hoc
1415 1224 1858 1287 testamentum,

203 1305 566 1378 deprecante
609 1305 711 1361 illo
742 1306 978 1362 Aldrico
1008 1307 1310 1379 pradicta
1360 1307 1521 1363 urbis
1552 1308 1860 1381 episcopo,

203 1395 551 1468 subscripsi.
596 1396 938 1451 Guntardus
995 1396 1281 1466 indignus
1345 1398 1666 1470 episcopus
1721 1399 1862 1454 huic

201 1489 561 1541 testamento
587 1501 862 1541 annuens
894 1486 1247 1559 subscripsi.
1284 1490 1404 1554 Ego
1456 1487 1859 1543 Erchinradus

202 1574 524 1648 episcopus
558 1575 671 1631 hoc
715 1579 1160 1642 testamentum,
1206 1577 1568 1650 deprecante
1622 1577 1860 1634 Aldrico

201 1664 506 1737 episcopo,
553 1665 903 1738 subscripsi.
959 1669 1080 1736 Ego
1138 1667 1488 1723 Hechardus
1539 1668 1860 1741 episcopus

199 1754 308 1809 hoc
389 1759 819 1811 testamentum
845 1799 857 1826 ,

200 1859 386 1916 copo,
475 1843 828 1918 subscripsi.
908 1847 1030 1915 Ego
1101 1845 1505 1902 Theodoricus
1581 1849 1857 1903 Camera-

199 1932 385 1988 censis
397 1932 568 1989 urbis
598 1933 921 2007 episcopus
951 1934 1067 1990 hoc
1109 1939 1531 1991 testamentum
1550 1935 1857 2008 subscrip-

201 2021 267 2076 si.
308 2021 502 2078 David
528 2023 1004 2096 chorepiscopus
1035 2023 1384 2096 subscripsi.
1402 2026 1663 2080 Austeus
1685 2024 1858 2080 deca-

199 2127 306 2166 nus
340 2111 693 2184 subscripsi.
728 2111 991 2168 Deduius
1034 2113 1518 2186 archipresbyter
1550 2113 1855 2186 subscrip-

199 2200 260 2255 si.
299 2200 596 2256 Erauldus
628 2201 1248 2274 presbyterindignus
1273 2202 1620 2275 subscripsi.
1641 2203 1856 2258 Bicau-

197 2289 304 2345 dus
341 2290 660 2363 presbyter
690 2291 1042 2364 subscripsi.
1077 2291 1359 2347 Godenus
1377 2291 1859 2364 archipresbyter

200 2379 545 2452 subscripsi.
583 2379 872 2436 Geraldus
901 2380 1218 2454 presbyter
1245 2380 1595 2454 subscripsi.
1633 2381 1858 2437 Flodui-

198 2483 325 2535 nus,
353 2468 486 2524 licet
517 2469 828 2539 indignus,
855 2469 1171 2542 presbyter
1201 2469 1554 2542 subscripsi.
1585 2471 1855 2526 Gantzui-

196 2573 304 2614 nus
334 2559 654 2632 presbyter
675 2558 1027 2633 subscripsi.
1051 2560 1365 2615 Ascaricus
1381 2560 1695 2633 presbyter
1718 2559 1858 2615 sub-

198 2647 418 2720 scripsi.
453 2648 852 2704 Flodebertus
879 2648 1196 2722 presbyter
1222 2649 1576 2721 subscripsi.
1605 2649 1855 2705 Alexan-

198 2735 295 2791 der
307 2737 631 2809 presbyter
644 2737 998 2810 subscripsi.
1023 2737 1291 2794 Ansbald
1302 2754 1369 2793 us
1383 2738 1699 2810 presbyter
1719 2738 1858 2794 sub-

199 2825 417 2899 scripsi.
471 2826 744 2883 Gerbaus
787 2827 1105 2899 presbyter
1156 2827 1508 2898 subscripsi.
1568 2827 1856 2883 Anisacar

197 2915 484 2972 diaconus
507 2915 859 2988 subscripsi.
887 2915 1178 2972 Rodricus
1209 2915 1504 2972 diaconus
1535 2915 1852 2989 subcripsi.

196 3003 474 3062 Vinaldus
505 3005 804 3061 diaconus
843 3005 1194 3078 subscripsi.
1249 3004 1664 3074 Reginhardus
1723 3021 1854 3061 mo-

196 3092 355 3149 dicus
387 3094 713 3167 subcripsi.
743 3094 1080 3151 Leodaldus
1101 3094 1395 3151 diaconus
1423 3094 1727 3166 suscripsi.
1750 3097 1856 3150 Da-
1885 3124 1927 3179 ρ

197 3186 250 3238 ta
279 3182 524 3240 Calend.
560 3182 779 3256 Aprilis
809 3183 868 3239 in
901 3183 998 3240 die
1025 3189 1234 3240 sancto
1279 3184 1519 3240 Pascha
1577 3199 1742 3240 anno
1770 3183 1856 3239 in-

197 3273 554 3329 carnationis
584 3273 907 3328 Dominicae
939 3277 1065 3342 837,
1095 3272 1419 3328 lndictione
1449 3288 1593 3328 vero
1620 3289 1720 3340 xv,
1745 3288 1853 3328 an-

198 3374 271 3416 no
319 3377 570 3435 quoque
600 3363 762 3418 XXIII
792 3361 1028 3434 imperii
1069 3361 1300 3417 domini
1355 3363 1542 3417 nostri
1575 3361 1854 3417 Ludovici

199 3449 609 3518 gloriosissimi
667 3451 1073 3523 imperatoris,
1141 3455 1198 3506 et
1238 3466 1400 3506 anno
1459 3449 1853 3506 ordinationis

197 3544 402 3596 nostra
441 3539 682 3614 quinto.
718 3544 931 3595 Actum
964 3555 1107 3611 ergo
1156 3538 1563 3596 Cenomanica
1609 3540 1672 3594 in
1703 3539 1853 3595 urbe

197 3628 423 3700 publice
453 3629 520 3685 in
560 3629 662 3685 Dei
689 3629 937 3685 nomine
977 3629 1244 3685 feliciter.
1278 3631 1492 3684 Amen.

932 3721 1129 3774 XXXII.

199 3806 473 3879 Sequitur
491 3809 816 3877 exemplar
841 3810 1134 3877 praecepti
1152 3809 1396 3863 Domi-ni
1414 3808 1710 3864 Ludovici
1739 3809 1852 3864 im-

258 3899 581 3966 peratoris,
597 3913 781 3967 super
790 3913 844 3951 'm
853 3897 1242 3953 emorandum
1254 3898 1645 3968 privilegium
1670 3898 1853 3953 Sanc-

261 3989 306 4042 ti
332 3987 678 4043 Saluatoris
709 3992 765 4042 et
796 3986 1229 4042 monachorum
1270 3987 1432 4057 quod
1461 3987 1542 4042 eis
1564 3989 1700 4056 jam
1727 3987 1854 4043 dic-

260 4081 348 4131 tus
378 4077 674 4132 Aldricus
691 4076 1001 4146 episcopus
1016 4076 1119 4144 pio
1151 4075 1372 4144 affectu
1400 4076 1565 4146 fecit.

548 4164 724 4233 (Vide
751 4164 856 4220 ubi
890 4179 1097 4237 supra,
1150 4163 1262 4220 col.
1311 4167 1494 4232 1271).

908 4253 1134 4309 XXXIII.

196 4341 469 4414 Sequitur
493 4343 820 4412 descriptio
847 4343 921 4398 de
949 4343 1321 4412 eleemosyna
1356 4342 1612 4413 praefati
1639 4341 1852 4398 Aldri-

261 4433 327 4496 ci,
353 4435 636 4503 praeﬁxa
658 4431 1073 4488 Cenomanicae
1108 4431 1248 4485 urbi
1276 4431 1557 4501 episcopi,
1589 4432 1855 4502 qualiter

259 4521 365 4576 sibi
412 4522 652 4579 credita
711 4522 1076 4592 singillatim
1131 4519 1426 4589 disposuit
1493 4525 1548 4576 et
1599 4520 1854 4576 discrete

261 4610 486 4667 Christi
532 4611 793 4681 famulis
855 4613 1103 4680 ejusque
1162 4609 1516 4679 famulabus
1566 4624 1678 4679 per
1743 4608 1852 4665 hoc

259 4701 547 4770 scriptum
581 4700 731 4756 dare
762 4700 1094 4756 constituit.

263 4791 319 4843 In
336 4789 585 4845 nomine
615 4788 809 4845 sancti
840 4787 1164 4845 Salvatoris
1195 4791 1252 4843 et
1278 4786 1665 4843 veneratione
1683 4801 1854 4842 sanc-

201 4878 262 4930 ta
293 4877 387 4933 Dei
419 4877 728 4948 genitricis
761 4877 955 4933 Maria
1011 4881 1482 4948 sanctorumque
1513 4880 1850 4948 martyrum

204 4965 440 5022 Gervasii
467 4973 527 5024 et
559 4966 808 5023 Protasii
834 4971 1016 5039 atque
1035 4965 1228 5021 sancti
1253 4965 1560 5037 Stephani.
1588 4980 1850 5037 quorum

203 5054 462 5124 ecclesia,
487 5056 628 5112 licet
653 5055 922 5126 indigne,
951 5053 1218 5110 titulatus
1249 5069 1378 5110 esse
1409 5053 1640 5120 videor,
1663 5051 1852 5108 Aldri-

202 5158 291 5199 cus
313 5146 739 5203 Cenomanica
789 5145 960 5201 urbis
987 5148 1044 5201 et
1080 5143 1380 5217 praedicta
1408 5142 1671 5200 ecclesia
1702 5143 1852 5198 indi-

204 5246 336 5301 gnus
360 5241 416 5293 et
445 5241 736 5310 peccator
763 5235 1112 5308 episcopus,
1143 5233 1352 5290 omnia
1380 5233 1440 5288 in
1467 5237 1675 5288 nostra
1705 5231 1852 5288 dice:

204 5325 302 5378 cesi
329 5331 382 5381 et
401 5325 698 5398 parochia
721 5323 1208 5386 consistentibus,
1225 5322 1544 5395 episcopis,
1575 5320 1852 5377 sacerdo-

205 5409 358 5479 tibus,
389 5414 779 5482 diaconibus,
803 5411 1304 5480 subdiaconibus,
1337 5416 1395 5468 et
1422 5409 1668 5483 reliquis
1683 5425 1851 5465 sanc-

205 5501 263 5554 ta
292 5504 384 5559 Dei
410 5503 683 5560 ecclesia
713 5502 1022 5573 ministris,
1039 5517 1146 5557 seu
1176 5499 1407 5557 cunctis
1436 5499 1722 5555 ﬁdelibus
1744 5513 1850 5554 no-

205 5591 308 5646 tum
337 5607 464 5649 esse
495 5592 682 5665 cupio
714 5591 861 5665 quia
889 5593 1264 5664 pertractans
1316 5604 1525 5644 casum
1565 5588 1851 5642 humana

207 5675 538 5750 fragilitatis,
561 5698 690 5738 una
715 5697 859 5737 cum
879 5679 1120 5736 licentia
1144 5676 1377 5734 domini
1398 5674 1685 5732 Ludovici
1714 5673 1853 5747 piis-

207 5765 320 5826 simi
348 5770 755 5846 imperatoris,
797 5775 856 5827 et
886 5782 1189 5826 consensu
1219 5766 1403 5825 etiam
1435 5763 1850 5838 metropolita-

1880 4477 1928 4530 D

1973 519 2177 561 rorum
2205 509 2803 582 comprovincialium
2828 514 3252 588 episcoporum
3278 522 3460 591 atque
3483 525 3635 576 mut-

1974 598 2172 650 tarum
2220 597 2473 654 aliarum
2508 601 2956 672 provinciarum
3008 611 3354 663 sanctorum
3401 609 3632 682 episco-

1971 699 2216 756 porum,
2243 688 2628 746 considerare
2660 691 2810 764 capi
2861 709 2999 748 cum
3033 696 3340 751 canonicis
3372 703 3431 754 et
3458 705 3630 754 cate-

1971 773 2050 828 ris
2083 776 2466 846 parochianis
2514 779 2752 846 nostris,
2816 785 2938 837 tam
2989 784 3402 842 sacerdotibus
3445 804 3633 860 quam

1973 863 2102 919 aliis
2131 864 2338 921 divino
2379 867 2565 923 cultui
2596 867 3056 937 famulantibus,
3099 878 3281 945 atque
3323 876 3633 933 nobilibus

1971 952 2138 1008 laicis
2157 958 2282 1009 tam
2311 956 2533 1012 nostris
2563 973 2754 1029 quam
2783 964 2840 1015 et
2870 959 2998 1016 aliis
3023 961 3225 1017 liberis
3251 969 3307 1018 et
3324 964 3500 1021 bonis
3526 967 3634 1022 ho-

1973 1042 2259 1112 minibus,
2292 1045 2550 1116 qualiter
2575 1063 2712 1102 inea
2741 1047 3148 1106 facultaticula
3177 1055 3233 1108 et
3273 1053 3418 1108 inibi
3471 1071 3633 1110 com-

1971 1131 2157 1188 missa
2185 1138 2324 1205 post
2352 1149 2556 1190 meum
2589 1135 2818 1191 obitum
2852 1138 3068 1194 utiliter
3096 1147 3154 1195 et
3203 1141 3634 1198 rationabiliter

1971 1221 2121 1277 foret
2148 1222 2209 1276 in
2241 1222 2552 1278 utilitatem
2570 1229 2792 1280 sancta
2810 1226 3017 1281 matris
3049 1227 3311 1284 ecclesia
3343 1236 3400 1285 et
3429 1248 3630 1287 meam

1971 1310 2424 1383 eleemosynam
2454 1312 2824 1384 dispensata,
2874 1330 2949 1369 ne
3006 1315 3155 1371 forte
3209 1319 3399 1390 (quod
3453 1320 3630 1391 absit)

1971 1399 2189 1472 aliquis
2222 1400 2334 1455 sibi
2365 1415 2436 1456 ea
2463 1417 2674 1473 rapere
2705 1407 2810 1457 aut
2856 1403 3038 1459 furari
3085 1410 3190 1460 aut
3217 1406 3278 1460 in
3310 1424 3451 1462 suos
3489 1426 3631 1464 usus

1971 1489 2231 1545 converti
2263 1489 2460 1557 faciat,
2495 1490 2646 1547 sicut
2669 1491 2731 1546 in
2760 1492 2962 1548 multis
2995 1493 3125 1563 jam
3157 1493 3381 1550 factum
3413 1506 3631 1564 Cogno-

1967 1577 2188 1645 vimus,
2213 1579 2320 1634 sed
2346 1579 2552 1635 omnia
2579 1579 2639 1635 in
2667 1581 2977 1636 utilitatem
3012 1587 3233 1637 sancta
3269 1584 3543 1639 Ecclesia
3576 1591 3632 1640 et

1971 1667 2482 1724 substentationes
2511 1669 2688 1724 nobis
2741 1669 3189 1735 famulantium,
3242 1689 3350 1728 seu
3383 1674 3630 1746 supple-

945 1756 1307 1828 deprecante
1383 1757 1624 1813 Aldrico
1699 1757 1856 1830 epis-
1887 1768 1936 1824 Β
1970 1761 2173 1813 menta
2201 1763 2547 1813 nostrorum
2602 1758 2955 1816 clericorum
3013 1765 3138 1817 tam
3186 1762 3630 1818 monachorum

1967 1862 2153 1919 quam
2181 1849 2238 1902 et
2271 1847 2724 1918 canonicorum,
2755 1849 2875 1904 sive
2911 1850 3280 1907 adminicula
3333 1851 3629 1908 laicorum

1966 1935 2069 2008 qui
2095 1940 2319 1992 nostra
2373 1936 2636 1993 ecclesia
2683 1941 2741 1994 et
2793 1938 2972 1994 nobis
3022 1939 3301 1997 famulari
3329 1941 3630 2012 videntur,

1966 2040 2155 2080 necne
2180 2025 2242 2081 in
2268 2025 2585 2082 alimonias
2615 2042 2977 2099 pauperum,
3009 2044 3117 2100 per
3143 2029 3462 2086 consilium
3483 2047 3632 2102 pra-

1967 2113 2108 2170 dicti
2130 2114 2572 2186 metropolitani
2598 2120 2655 2172 et
2679 2133 2786 2188 per
2810 2133 3030 2173 manus
3057 2117 3327 2174 ﬁdelium
3357 2119 3632 2175 sacerdo-

1968 2207 2095 2259 tum
2128 2203 2251 2259 sive
2277 2204 2675 2261 diaconorum
2699 2211 2879 2279 atque
2908 2206 3179 2263 ﬁdelium
3208 2207 3500 2263 laicorum
3523 2209 3628 2281 qui

1967 2291 2045 2347 ad
2070 2291 2187 2347 hoc
2216 2293 2633 2364 peragendum
2658 2310 2695 2350 a
2723 2311 2822 2350 me
2853 2295 3226 2352 denominati
3251 2300 3308 2352 et
3324 2297 3629 2353 constituti

1966 2381 2206 2450 fuerint,
2237 2381 2490 2438 ﬁdeliter
2510 2387 2567 2438 et
2597 2383 3028 2440 rationabiliter
3055 2385 3116 2440 in
3146 2402 3328 2459 supra
3354 2386 3628 2442 nomina-

1967 2474 2058 2525 tas
2089 2469 2369 2526 utilitates
2399 2475 2458 2527 et
2485 2473 2888 2542 necessitates,
2923 2473 3075 2530 sicut
3113 2474 3174 2530 in
3205 2475 3626 2547 subsequenti-

1964 2558 2082 2614 bus
2112 2559 2404 2630 dicemus,
2436 2560 2891 2629 distribuantur,
2925 2562 2983 2618 id
3016 2568 3124 2630 est,
3157 2565 3454 2637 quidquid
3486 2569 3626 2620 tunc

1967 2649 2254 2721 temporis
2287 2649 2347 2704 in
2377 2655 2582 2706 nostro
2632 2651 2934 2720 ergastulo
2983 2651 3058 2708 de
3110 2654 3381 2724 pecuniis
3407 2653 3628 2710 diversi

1968 2738 2204 2806 generis
2237 2742 2295 2794 et
2318 2739 2686 2794 vestimentis
2719 2740 3030 2796 inventum
3059 2741 3254 2808 fuerit,
3290 2746 3416 2799 tota
3469 2742 3627 2798 deci-

1965 2844 2067 2883 ma
2093 2843 2236 2900 pars
2261 2827 2658 2884 distribuatur
2682 2829 2945 2885 ecclesia
2962 2847 3150 2903 quam
3178 2831 3429 2887 fecimus
3447 2847 3628 2905 super

1965 2916 2217 2972 ﬂuvium
2250 2917 2494 2979 Sartha,
2525 2917 2586 2972 in
2623 2917 2756 2974 loco
2787 2919 2889 2990 qui
2924 2919 3158 2976 dudum
3195 2920 3422 2976 Broilus
3448 2921 3627 2977 Casa-

1964 3004 2036 3059 lis
2066 3004 2518 3076 nominabatur,
2551 3022 2739 3078 quam
2770 3013 2827 3062 et
2873 3007 2934 3062 in
2965 3008 3193 3065 honore
3222 3009 3459 3065 Domini
3507 3009 3628 3066 Sal-

1964 3094 2189 3150 vatoris
2217 3098 2272 3149 et
2303 3098 2521 3150 sancta
2547 3094 2649 3150 Dei
2675 3095 2974 3164 genitricis
3001 3097 3215 3160 Maria.
3241 3098 3366 3154 sive
3393 3103 3628 3154 sancto-

1963 3199 2099 3238 rum
2130 3187 2466 3254 martyrum
2519 3183 2779 3240 Gervasii
2805 3189 2863 3239 et
2914 3185 3158 3240 Protasii
3205 3190 3386 3257 atque
3435 3186 3625 3242 sancti

1971 3270 2254 3342 Stephani
2279 3271 2512 3340 indigni
2538 3272 2934 3338 sacravimus,
2965 3277 3020 3328 et
3051 3274 3366 3329 monachis
3394 3273 3477 3330 ibi
3515 3275 3625 3330 Do-

1966 3360 2133 3416 mino
2160 3359 2596 3415 famulantibus
2624 3359 2876 3416 ﬁdeliter
2924 3366 2981 3417 et
3020 3377 3158 3417 cum
3191 3362 3476 3418 charitate
3529 3361 3626 3419 tri-

1962 3449 2202 3515 buatur,
2231 3464 2397 3504 nona
2416 3464 2558 3504 vero
2588 3465 2730 3521 pars
2745 3449 3011 3506 ecclesia
3034 3467 3222 3523 quam
3251 3450 3504 3507 fecimus
3531 3451 3622 3508 in-

1965 3542 2052 3594 ter
2081 3537 2338 3593 ﬂuvium
2369 3538 2594 3594 Sartha
2633 3543 2690 3594 et
2719 3555 2962 3595 murum
3004 3539 3276 3604 civitatis,
3328 3540 3389 3596 in
3414 3556 3538 3614 qua
3568 3544 3625 3596 et

1963 3627 2300 3683 monachas
2333 3625 2782 3699 collocavimus,
2815 3633 2873 3684 et
2902 3629 3016 3685 sub
3059 3627 3269 3699 regula
3299 3630 3491 3685 sancti
3521 3630 3623 3685 Be-

1962 3716 2182 3772 nedicti
2243 3716 2441 3773 vivere
2503 3716 2902 3783 decrevimus,
2931 3734 3119 3791 quam
3172 3723 3230 3774 et
3275 3718 3338 3774 in
3394 3719 3622 3775 honore

1962 3805 2230 3879 pradicti
2260 3804 2495 3861 Domini
2530 3805 2848 3862 Salvatoris
2881 3811 2938 3862 et
2967 3812 3188 3863 sancta
3237 3807 3430 3864 Maria
3461 3808 3620 3878 ejus-

1965 3895 2103 3950 dem
2134 3895 2236 3950 Dei
2259 3899 2314 3950 et
2342 3895 2576 3970 Domini
2599 3895 2897 3963 genitricis
2929 3896 3051 3951 sive
3084 3901 3433 3953 sanctorum
3464 3913 3622 3952 mar-

1966 3988 2162 4056 tyrum
2196 3983 2458 4040 Gervasii
2488 3989 2545 4039 et
2590 3983 2831 4040 Protasii
2856 3984 2962 4039 sed
2993 3989 3050 4040 et
3079 3986 3269 4041 sancti
3310 3985 3618 4058 Stephani,

1966 4089 2102 4145 qua
2133 4072 2311 4128 matri
2343 4072 2605 4128 ecclesia
2643 4072 2913 4144 subjecta
2943 4090 3076 4129 esse
3102 4074 3358 4137 videtur,
3387 4073 3621 4143 indigni

1969 4162 2258 4219 canonice
2286 4162 2680 4229 sacravimus,
2705 4167 2763 4218 et
2783 4163 3118 4228 monachis,
3153 4163 3620 4220 sanctimoniali-

1964 4252 2101 4317 bus,
2134 4249 2253 4306 sive
2308 4255 2538 4307 cuncta
2591 4252 3040 4321 congregationi
3078 4252 3306 4309 ibidem
3366 4253 3620 4309 Domino

1965 4339 2283 4396 famulanti
2312 4339 2566 4396 ﬁdeliter
2595 4344 2652 4396 et
2698 4357 2837 4396 cum
2869 4340 3153 4398 charitate
3207 4341 3439 4415 absque
3500 4342 3621 4398 ulla

1965 4429 2249 4485 dilatione
2281 4432 2386 4484 aut
2417 4428 2817 4501 prohibitione
2868 4430 2960 4485 vel
2991 4431 3423 4503 impedimento
3466 4432 3623 4488 attri-

1963 4518 2204 4575 buatur.
2237 4519 2317 4574 De
2343 4517 2574 4590 reliquo
2600 4535 2765 4583 vero,
2800 4523 3030 4575 tantum
3056 4520 3223 4593 quod
3265 4520 3325 4576 in
3358 4525 3622 4590 ergastu-

1963 4607 2022 4664 lo
2051 4607 2364 4664 inventum
2395 4607 2590 4680 fuerit,
2626 4608 2800 4679 juxta
2829 4608 3069 4665 decreta
3100 4625 3426 4678 canonum,
3475 4626 3622 4681 qua-

1967 4701 2098 4753 tuor
2123 4697 2427 4768 portiones
2456 4695 2604 4752 ﬁant
2629 4701 2753 4753 tam
2785 4697 2861 4754 de
2911 4715 3060 4754 auro
3091 4714 3274 4770 quam
3323 4702 3380 4753 et
3426 4696 3501 4751 de
3531 4713 3621 4752 ar-

1963 4789 2164 4855 gento,
2207 4785 2328 4842 sive
2358 4785 2433 4840 de
2464 4785 2690 4842 cateris
2726 4786 2982 4842 metallis
3022 4785 3115 4840 vel
3148 4783 3534 4840 ustensilibus
3563 4789 3621 4841 et

1961 4874 2182 4930 diversi
2214 4874 2829 4945 generisvestimentis
2859 4879 2916 4929 et
2937 4871 3405 4945 supellectilibus
3429 4874 3621 4929 omni-

1959 4963 2076 5020 bus
2101 4981 2114 5018 :
2135 4979 2257 5020 una
2271 4980 2408 5036 qua
2429 4961 3016 5019 remaneatecclesia
3049 4961 3224 5016 nobis
3255 4961 3612 5027 commissae,

1960 5052 2079 5109 alia
2097 5069 2240 5108 vero
2253 5052 2313 5108 in
2335 5057 2539 5107 nostra
2557 5050 2942 5120 eleemosyna
2963 5049 3137 5105 detur
3160 5049 3440 5107 ﬁdelibus
3464 5067 3616 5125 pau-

1960 5141 2224 5214 peribus,
2259 5140 2428 5196 tertia
2449 5143 2648 5194 autem
2683 5135 2908 5192 clericis
2934 5139 3263 5211 capellanis
3291 5145 3348 5198 et
3375 5140 3616 5197 vasallis

1960 5228 2199 5297 nostris,
2235 5232 2453 5299 quarta
2477 5225 2841 5297 presbyteris
2865 5226 3112 5284 urbanis
3138 5233 3196 5285 et
3225 5229 3615 5288 monasteria,

1957 5317 2116 5373 libus
2149 5315 2270 5370 sive
2289 5311 2655 5370 suburbanis
2684 5319 2864 5387 atque
2891 5317 3134 5388 reliquis
3152 5315 3537 5388 parochianis
3559 5321 3617 5376 et

1960 5403 2317 5462 diaconibus
2348 5419 2454 5458 seu
2485 5402 2959 5460 subdiaconibus
3012 5419 3250 5460 necnon
3279 5409 3336 5460 et
3365 5404 3612 5478 reliquis

1960 5492 2244 5550 ministris
2277 5495 2334 5546 et
2359 5490 2608 5558 clericis,
2651 5496 2716 5550 ut
2741 5492 2954 5547 melius
2983 5491 3111 5548 ﬁeri
3149 5493 3427 5566 potuerit.
3464 5498 3613 5550 Nam

1961 5587 2018 5639 et
2039 5583 2155 5638 hoc
2186 5595 2571 5652 summopere
2599 5579 2925 5636 videndum
2975 5585 3086 5654 est,
3133 5587 3199 5638 ut
3238 5583 3444 5640 omnia
3473 5599 3612 5638 cum

1962 5670 2247 5727 charitate
2280 5669 2446 5725 ﬁant.
2493 5667 2769 5724 Similiter
2815 5673 2870 5725 et
2917 5669 2992 5726 de
3048 5671 3186 5728 vino
3227 5670 3611 5729 solummodo

1961 5757 2130 5834 quod
2160 5761 2284 5818 tam
2315 5759 2378 5819 in
2408 5756 2643 5816 civitate
2664 5773 2852 5834 quam
2872 5763 2930 5816 et
2951 5759 3015 5816 in
3043 5759 3174 5833 ejus
3203 5761 3330 5825 ruis
3355 5765 3498 5822 tunc
3526 5758 3614 5820 ine
