3944 6446
357 304 425 359 οτ
1463 293 1745 350 ALDRICI
1784 285 2319 349 CENOWNSIS
2358 289 2668 345 EPISCOPI
3704 293 3776 352 σε

358 426 608 480 ventum
633 422 809 481 fuerit
835 420 1177 479 faciendum
1199 423 1306 486 est,
1329 418 1389 475 id
1415 421 1525 484 est,
1548 416 1746 475 omnis
1774 413 2013 473 decima
2040 413 2091 472 Α
2119 414 2473 473 cunctorum
2500 411 2738 471 valeam
2760 411 3065 485 percipere
3091 411 3777 483 peccatorum,et;vitem

361 511 632 584 praedicti
660 511 784 569 vini
812 510 984 569 detur
1007 508 1325 566 monachis
1349 507 1510 574 viris,
1537 511 1596 564 et
1633 521 1796 563 nona
1813 502 2009 561 fundi-

361 604 456 657 tus
481 600 657 659 detur
678 598 987 657 monachis
1018 596 1258 653 feminis
1307 595 1369 652 in
1394 595 1692 669 praedictis
1722 593 1869 652 locis
1903 592 2006 647 (cle—

361 688 668 758 gentibus;
700 687 998 759 reliquum
1026 691 1227 745 autem
1256 685 1318 741 in
1348 690 1611 757 quatuor
1638 687 1839 755 partes
1866 680 2010 737 divi-

359 776 537 835 datur
564 780 641 846 et,
667 781 733 833 ut
756 774 1168 848 praescriptum
1187 779 1295 839 est,
1318 773 1608 845 partiatur
1637 770 2008 842 fideliterque

357 870 579 924 etcum
609 864 892 923 charitate
921 878 1029 935 per
1056 863 1339 935 prmﬂxas
1373 866 1623 932 turmas,
1657 876 1763 917 seu
1804 859 1880 916 de
1912 874 2007 930 pe-

357 953 548 1013 cuniis
566 954 629 1010 in
659 956 865 1009 nostro
893 951 1152 1009 inventis
1183 950 1486 1021 ergastulo
1509 949 1739 1009 dictum
1766 953 1874 1012 est,
1919 964 2007 1004 ra-

358 1041 717 1099 tionabiliter
741 1041 1153 1098 distribuatur.
1190 1043 1269 1097 De
1316 1039 1453 1096 vino
1480 1054 1726 1111 quoque
1750 1035 1915 1109 quod
1943 1035 2003 1095 in

356 1130 591 1187 civitate
615 1134 671 1187 et
696 1130 827 1201 ejus
854 1130 979 1186 ruis
1009 1134 1151 1186 tunc
1178 1127 1463 1200 temporis
1490 1127 1665 1185 fuerit
1697 1128 2004 1183 inventum

353 1219 460 1276 ﬁat
480 1223 546 1276 ut
565 1219 794 1275 dictum
824 1222 932 1275 est.
965 1221 1045 1275 De
1073 1216 1307 1289 reliquo
1354 1221 1556 1276 autem
1585 1216 1727 1273 vino
1766 1217 1999 1281 cuncto,

352 1313 410 1364 et
434 1308 510 1364 de
549 1307 807 1364 annonis
836 1306 1122 1383 omnibus
1152 1305 1367 1363 diversi
1428 1303 1681 1375 generis,
1737 1309 1794 1363 et
1841 1302 2005 1371 legu-

352 1396 623 1452 minibus
648 1396 774 1451 sive
803 1394 956 1451 fenis
984 1410 1093 1467 per
1112 1394 1355 1451 diversa
1382 1393 1517 1452 loca
1545 1397 1601 1451 et
1630 1392 1691 1449 in
1721 1390 2005 1449 omnibus

352 1484 506 1541 villis
543 1484 764 1540 nostris
814 1483 1116 1555 nobisque
1162 1482 1501 1540 commissis
1529 1480 1869 1544 reconditis.
1906 1495 2006 1534 νον

352 1573 559 1629 lumus
602 1576 784 1645 atque
837 1572 1222 1645 praecipimus
1271 1570 1735 1643 suppliciterque
1778 1568 2005 1637 ﬂagita-

354 1678 492 1721 mus
510 1666 577 1717 ut
604 1661 815 1717 decem
830 1664 1030 1733 partes
1050 1660 1201 1717 ﬁant
1219 1676 1395 1732 aequa
1408 1659 1579 1715 lance
1608 1657 1833 1715 divisas
1856 1673 1867 1710 :
1884 1672 2008 1713 una

2116 499 2360 564 habere,
2397 506 2698 561 annuente
2730 500 3002 569 Domino,
3050 515 3282 557 merear
3318 500 3774 573 sempiternam.

2117 590 2264 655 Fiat,
2297 588 2421 645 ﬂat.
2453 591 2670 660 Greges
2700 595 2899 647 autem
2916 590 3328 661 jumentorum
3357 605 3482 647 una
3509 605 3651 647 cum
3671 606 3780 648 eo-

2116 695 2252 738 rum
2285 678 2637 747 emissariis,
2671 687 2727 737 et
2755 695 3073 737 vaccarum
3113 693 3184 737 ac
3217 678 3404 738 boum
3432 694 3539 735 seu
3560 694 3773 751 porco-

2116 783 2274 834 rum,
2308 772 2364 825 et
2396 769 2601 825 ovium
2635 768 2756 825 sive
2782 783 3127 840 caprarum,
3184 767 3289 839 qui
3320 770 3461 826 sunt
3485 767 3548 823 in
3576 766 3773 826 Breim

2117 855 2178 913 in
2210 856 2452 915 condita
2483 857 2871 923 Noviacense,
2894 862 2951 911 et
2982 855 3043 912 in
3072 855 3337 915 Proliaco
3375 855 3531 915 infra
3560 856 3770 916 villam

2117 945 2411 1017 quintam,
2444 962 2549 1001 seu
2579 945 2642 1003 in
2692 944 2999 1002 Novavilla
3029 961 3208 1017 super
3232 943 3486 1003 ﬂuvium
3520 944 3766 1010 Sarthaa,

2115 1033 2237 1091 sive
2266 1034 2326 1093 in
2354 1034 2634 1098 Cavania,
2675 1038 2732 1091 et
2770 1034 2828 1089 in
2854 1034 3071 1106 Cepeto
3100 1049 3286 1106 supra
3318 1034 3693 1102 Sartham,et
3706 1034 3769 1091 in

2116 1123 2364 1181 Bruonis
2393 1122 2596 1180 villare
2623 1123 2681 1183 in
2706 1122 2889 1187 lielsa,
2920 1127 2977 1179 et
3004 1123 3064 1179 in
3090 1121 3273 1179 altero
3299 1121 3562 1181 Proliaco
3585 1138 3773 1195 super

2113 1210 2426 1271 ﬂuviolum
2466 1211 2747 1278 Viduam,
2788 1211 3051 1269 ecclesias
3107 1211 3282 1269 nobis
3322 1212 3662 1270 commissae
3712 1216 3772 1271 et

2115 1305 2320 1359 nostro
2352 1301 2679 1357 successori
2711 1317 2850 1357 cum
2879 1300 3045 1357 omni
3097 1300 3430 1368 integritate
3456 1300 3772 1373 possiden-

2113 1388 2225 1448 dos
2254 1394 2312 1448 et
2340 1389 2555 1448 utiliter
2573 1390 2898 1447 lucrandos
2927 1396 2982 1445 et
3014 1388 3443 1457 gubernandos
3480 1389 3769 1462 relinqui.

2113 1493 2270 1536 mus.
2304 1481 2427 1547 Ego
2456 1484 2659 1535 autem
2689 1478 2753 1535 in
2781 1483 2900 1537 toto
2926 1478 3233 1551 episcopio
3282 1492 3405 1535 non
3444 1476 3641 1537 inveni
3676 1477 3766 1537 vi.

2114 1566 2260 1635 ginti
2284 1567 2579 1638 jumenta.
2614 1567 2782 1626 Modo
2806 1571 2923 1624 Deo
2970 1566 3190 1637 gratias
3231 1571 3457 1640 septem
3501 1566 3553 1627 ei
3583 1566 3763 1624 relinc

2112 1671 2238 1729 quo
2269 1671 2481 1726 greges
2514 1672 2635 1715 una
2655 1673 2791 1715 cum
2821 1673 3030 1715 eorum
3058 1655 3419 1721 emissariis;
3475 1672 3675 1729 neque
3701 1655 3763 1715 in

353 1750 629 1807 videlicet
654 1749 909 1806 ﬁdeliter
938 1754 1207 1806 servetur
1241 1748 1417 1806 matri
1445 1747 1709 1805 OCCIOSitB
1739 1752 1797 1803 et
1824 1746 2002 1805 beato
2033 1763 2076 1823 θ
2114 1749 2237 1803 toto
2275 1745 2578 1818 episcopio
2604 1745 2781 1802 nobis
2812 1745 3139 1805 commisso
3163 1761 3238 1803 ex
3266 1743 3550 1805 omnibus
3584 1759 3766 1816 peeov

353 1839 683 1896 successori
695 1843 905 1895 nostro
915 1854 1098 1912 quem
1116 1838 1404 1894 Dominus
1420 1836 1678 1906 elegerit,
1694 1839 1751 1891 et
1770 1835 1888 1892 alia
1903 1835 2004 1890 de-

353 1933 449 1985 tur
468 1927 742 1985 vassallis
768 1932 826 1984 et
853 1926 1178 1999 oapellanis
1201 1927 1325 1983 sive
1347 1924 1745 1982 servientibus
1766 1922 1869 1996 qui
1892 1923 2000 1979 Do-

350 2016 518 2073 mino
536 2016 834 2088 nobisque
862 2015 923 2071 in
952 2020 1161 2072 nostra
1180 2013 1603 2073 mansiuncula
1631 2012 1883 2072 militare
1914 2012 2001 2069 vi-

349 2106 586 2173 dentur,
619 2109 684 2161 ut
712 2120 836 2161 non
858 2104 975 2177 ipsi
1005 2104 1252 2177 quique,
1283 2102 1451 2175 quod
1482 2101 1658 2169 absit,
1704 2101 1765 2157 in
1798 2100 2000 2172 aliquo

350 2193 755 2267 periclitentur
781 2193 1007 2267 inopia,
1038 2192 1147 2249 sed
1174 2192 1441 2251 habeant
1486 2190 1648 2251 unde
1680 2188 1999 2247 sustentari

347 2287 574 2356 queant
597 2298 917 2355 usquequo
946 2298 1009 2338 se
1049 2298 1189 2338 cum
1221 2285 1430 2338 sancto
1481 2294 1824 2337 successore
1866 2292 2001 2335 nos-

348 2376 438 2427 tro
451 2388 594 2427 mox
614 2370 815 2429 futuro
832 2369 1406 2440 collocare,Domino
1423 2368 1521 2439 adj
1530 2371 1769 2432 uvaute,
1785 2365 2001 2423 utiliter

345 2460 602 2519 valeant.
625 2459 816 2516 Tertia
836 2459 1132 2517 tribuatur
1150 2457 1459 2514 canonicis
1486 2461 1543 2513 et
1557 2454 1801 2513 famulis
1827 2470 1996 2513 sanc-

344 2553 419 2603 tas
444 2548 655 2605 matris
681 2548 943 2604 ecclesias
965 2552 1023 2603 et
1045 2545 1348 2603 nonnanis
1368 2561 1505 2617 quin
1535 2545 1596 2602 in
1625 2559 1700 2604 ea
1725 2542 1994 2615 quotidie

345 2636 681 2693 oblationes
711 2636 964 2694 Domino
990 2635 1267 2702 offerunt,
1302 2637 1367 2690 ut
1393 2637 1451 2689 et
1473 2648 1584 2705 pro
1600 2649 1695 2689 me
1724 2635 1993 2703 peccato-

346 2741 413 2782 re
446 2724 663 2781 futuris
695 2723 1065 2796 temporibus
1090 2724 1340 2779 Domino
1369 2721 1583 2779 offerre
1627 2721 1715 2777 eis
1746 2719 1992 2779 delectet

347 2830 559 2870 eorum
584 2813 939 2869 oblationes.
964 2814 1187 2878 Quarta
1216 2811 1505 2882 largiatur
1532 2809 1846 2867 monachis
1887 2808 1991 2880 qui

347 2907 488 2959 sunt
544 2902 604 2958 in
665 2901 1032 2958 monasterio
1081 2900 1269 2958 sancti
1307 2898 1602 2972 Carilephi
1653 2903 1711 2955 et
1773 2897 1997 2966 ingres-

342 2991 469 3047 sive
498 2991 559 3047 in
598 2990 939 3048 Savonariis
968 2994 1149 3062 atque
1198 2987 1755 3047 sanctimonialibue
1777 3002 1992 3045 mona-

343 3080 470 3136 chis
492 3096 631 3153 qum
666 3083 805 3136 sunt
840 3078 1113 3135 lntramis
1138 3077 1528 3168 monasterio.
1566 3077 1784 3143 Quinta
1820 3076 1996 3168 detur
2024 3112 2064 3168 c

342 3169 656 3225 monachis
708 3185 849 3242 quis
900 3172 1040 3224 sunt
1102 3168 1164 3224 in
1210 3166 1574 3224 monasterio
1644 3165 1834 3223 sancti
1866 3164 1991 3223 Sal-

340 3258 564 3313 vatoris
623 3257 807 3330 paulo
886 3258 1090 3313 minus
1146 3256 1426 3312 milliario
1502 3255 1582 3312 ab
1660 3255 1809 3313 urbe
1873 3254 1993 3313 dis-

340 3350 502 3402 tante
530 3362 713 3418 super
736 3346 989 3402 ﬂuvium
1021 3346 1267 3413 Sarthes,
1293 3348 1354 3401 et
1376 3344 1491 3400 illis
1514 3343 1834 3401 monachis
1855 3358 1990 3415 qua

340 3434 565 3490 suntin
597 3438 804 3490 sancto
829 3434 1135 3489 Vincentio
1157 3434 1328 3504 juxta
1354 3432 1591 3500 urbem,
1620 3448 1726 3488 seu
1769 3431 1991 3488 sancti-

342 3521 707 3581 monialibus
760 3522 1073 3577 monachis
1131 3536 1267 3593 qua:
1325 3525 1462 3577 sunt
1514 3520 1576 3577 in
1625 3520 1990 3577 monasterio

345 3610 544 3669 Sancti
571 3610 894 3667 Salvatoris
923 3613 981 3666 et
1000 3611 1230 3666 Sanctae
1260 3609 1451 3666 Mariae
1482 3608 1603 3664 sive
1646 3608 1835 3664 sancti
1858 3610 1990 3664 Ger-

340 3700 490 3755 vasii
518 3699 672 3755 inter
700 3698 952 3754 ﬂuvium
986 3698 1212 3756 Sarthas
1233 3701 1291 3753 et
1326 3713 1571 3753 murum
1598 3695 1848 3753 civitatis
1870 3695 1991 3754 col-

340 3787 554 3845 locato.
584 3791 760 3845 Sexta
788 3786 1353 3859 congregationibus
1373 3802 1509 3858 quae
1540 3800 1647 3858 per
1674 3791 1886 3842 caetera
1905 3786 1991 3842 di—

339 3893 515 3934 versa
543 3876 929 3947 monasteria,
974 3880 1100 3933 tam
1158 3875 1221 3931 in
1248 3874 1657 3931 Cenomanica
1704 3874 1991 3946 parochia

338 3982 527 4039 quam
553 3972 613 4023 et
639 3967 702 4023 in
728 3982 891 4040 pago
940 3965 1283 4031 Andecavo,
1318 3964 1442 4019 sive
1469 3963 1763 4020 Turonico
1811 3968 1990 4033 atque

340 4056 697 4125 Oxomense,
723 4060 781 4111 et
807 4071 915 4128 per
942 4058 1186 4111 caeteros
1212 4068 1413 4125 pagos
1453 4052 1706 4108 Domino
1731 4051 1991 4111 militan-

338 4142 499 4199 tibus
527 4142 798 4210 ﬁdeliter,
830 4144 891 4200 in
912 4146 1209 4216 quantum
1238 4158 1425 4214 posse
1463 4146 1523 4197 et
1558 4157 1690 4197 esse
1734 4140 1989 4197 facultas

336 4231 771 4302 tribuerit,cum
786 4231 1316 4288 omnidiscretione
1334 4230 1763 4287 rationabiliter
1772 4229 1992 4287 tribue»

339 4326 452 4377 tur.
492 4319 753 4392 Septima
786 4320 1150 4393 presbyteris
1171 4324 1229 4376 et
1245 4320 1602 4376 diaconibus
1642 4335 1714 4376 ac
1746 4319 1988 4392 reliquis

337 4408 565 4465 clericis
580 4414 785 4467 nostra
803 4409 865 4466 in
881 4409 1168 4481 parochia
1192 4410 1445 4465 Domino
1478 4424 1587 4481 per
1607 4408 1877 4464 diversas
1892 4423 1985 4463 ec-

2112 1832 2278 1891 ribus
2306 1834 2397 1890 vel
2422 1834 2759 1907 pecudibus
2789 1838 3025 1894 tantum
3078 1833 3281 1893 iuveni
3305 1838 3606 1907 quantum
3634 1850 3769 1894 mo-

2112 1921 2215 1992 do,
2246 1923 2497 1981 Domino
2535 1923 2878 1991 auxiliante,
2911 1922 2974 1981 in
3003 1939 3125 1982 una
3147 1939 3218 1982 ex
3244 1922 3609 1996 supradictis
3656 1922 3767 1980 vil-

2110 2010 2246 2069 lulis
2274 2011 2548 2084 relinquo
2575 2028 2644 2068 ex
2692 2012 2785 2068 his
2812 2028 2951 2085 quae
2982 2028 3119 2069 meo
3168 2011 3354 2083 pretio
3408 2011 3767 2084 comparavi

2110 2105 2169 2157 et
2192 2116 2330 2159 meo
2360 2100 2566 2159 labore
2623 2100 2935 2173 acquisivi.
2996 2099 3132 2159 Ideo
3165 2099 3419 2173 supplex
3446 2100 3653 2171 ﬂagito
3684 2117 3766 2159 ne

2110 2188 2290 2249 alicui
2318 2189 2540 2250 durum
2571 2194 2675 2249 aut
2699 2189 3067 2246 contrarium
3101 2189 3175 2247 sit
3229 2188 3278 2247 si
3334 2206 3403 2249 ea
3434 2205 3569 2262 qua:
3623 2206 3768 2250 meo

2111 2277 2332 2335 sudore
2362 2279 2674 2350 acquisivi,
2718 2283 2777 2335 et
2804 2295 2940 2334 meo
2970 2278 3160 2351 pretio
3207 2278 3575 2351 comparavi.
3611 2278 3767 2339 meis

2108 2365 2589 2425 benefactoribus
2619 2368 2816 2425 tribuo
2864 2373 2922 2427 et
2950 2368 3097 2427 mihi
3129 2366 3523 2427 servientibus
3569 2366 3762 2439 dono,

2108 2459 2288 2527 atque
2320 2456 2575 2515 Domino
2606 2456 2914 2515 offerendo
2943 2456 3003 2513 in
3030 2472 3167 2517 mea
3197 2456 3580 2529 eleemosyna
3608 2455 3762 2517 ﬁde-

2107 2541 2237 2601 liter
2262 2544 2539 2603 distribui
2576 2545 2880 2617 praecipio,
2929 2551 2984 2602 et
3011 2561 3121 2618 pro
3166 2544 3578 2616 redemptione
3610 2546 3767 2608 mulv

2107 2636 2305 2691 torum
2321 2639 2379 2689 et
2406 2633 2938 2695 innumerabilium
2965 2639 3350 2706 peccatorum
3363 2650 3638 2695 meorum
3655 2634 3764 2695 da-

2103 2720 2155 2776 ri
2186 2722 2287 2779 Dei
2310 2723 2497 2778 servis
2528 2727 2584 2778 et
2612 2723 2981 2795 pauperibus
3020 2722 3324 2782 humiliter
3353 2723 3649 2795 supplico.
3674 2723 3760 2783 Illi

2101 2825 2245 2879 ergo
2276 2825 2485 2880 greges
2509 2812 2920 2883 jumentorum
2949 2827 3072 2871 una
3099 2828 3240 2871 cum
3268 2827 3478 2871 eorum
3508 2811 3764 2873 amissa-

2102 2898 2203 2957 riis
2232 2904 2290 2957 et
2316 2916 2637 2960 vaccarum
2665 2917 2736 2961 ac
2764 2900 2949 2959 boum
2980 2917 3088 2957 seu
3112 2917 3435 2973 porcorum
3468 2905 3525 2960 et
3550 2902 3765 2961 ovium

2101 2992 2281 3060 atque
2337 3005 2657 3061 caprarum
2708 2990 2811 3062 qui
2844 2994 2981 3049 sunt
3009 2991 3070 3049 in
3105 2989 3536 3057 Alamaniscas,
3580 2995 3636 3047 et
3676 2990 3766 3049 illi

2101 3092 2316 3147 greges
2341 3078 2750 3149 jumentorum
2781 3094 2902 3134 una
2926 3095 3066 3139 cum
3104 3094 3314 3139 eorum
3348 3078 3681 3139 emissariis
3702 3086 3766 3139 et

2101 3165 2292 3227 boum
2321 3167 2629 3239 utriusque
2669 3184 2867 3238 sexus,
2914 3173 2974 3225 et
3028 3183 3353 3240 porcorum
3401 3167 3523 3227 sive
3551 3169 3762 3231 ovium

2101 3258 2281 3326 atque
2301 3271 2623 3329 caprarum
2649 3256 2753 3328 qui
2781 3260 2921 3315 sunt
2942 3256 3003 3313 in
3022 3256 3317 3317 Drimiaco
3332 3256 3505 3327 juxta
3534 3259 3764 3319 Mantu-

2100 3342 2246 3410 lam,
2279 3348 2335 3403 et
2363 3345 2423 3402 in
2452 3345 2721 3411 Paciaco,
2754 3345 2813 3405 in
2846 3345 3001 3401 villas
3029 3345 3303 3403 videlicet
3342 3350 3508 3417 parte
3558 3362 3755 3421 quam

2104 3432 2293 3491 David
2321 3433 2503 3491 modo
2528 3434 2819 3506 providet,
2871 3433 3154 3491 fratribus
3179 3439 3235 3493 et
3266 3435 3574 3493 canonicis
3608 3451 3760 3493 nos-

2104 3521 2204 3578 tris
2233 3538 2372 3578 cum
2404 3523 2572 3580 omni
2600 3522 2932 3592 integritate
2957 3522 3190 3594 absque
3220 3522 3338 3581 ulla
3363 3522 3651 3583 dilatione
3685 3523 3763 3580 si—

2099 3624 2173 3664 ve
2201 3608 2595 3667 diminutione
2607 3610 2857 3667 ﬁdeliter
2884 3614 3093 3668 etcum
3119 3611 3286 3671 omni
3307 3611 3593 3671 charitate
3609 3612 3760 3669 den-

2104 3700 2213 3752 tur.
2246 3697 2328 3752 illi
2368 3714 2631 3771 namque
2656 3715 2865 3769 greges
2891 3699 3307 3770 jumentorum
3334 3715 3457 3756 una
3484 3715 3624 3756 cum
3652 3717 3758 3756 eo-

2101 3802 2233 3845 rum
2269 3788 2599 3845 amissariis
2637 3793 2693 3843 et
2740 3788 2930 3848 boum
2991 3791 3300 3862 utriusque
3347 3789 3605 3858 generis,
3648 3806 3757 3847 seu

2100 3889 2422 3947 porcorum
2452 3879 2511 3933 et
2538 3876 2741 3933 ovium
2771 3880 2951 3950 atque
2982 3894 3328 3950 caprarum,
3353 3877 3458 3951 qui
3487 3882 3628 3939 sunt
3669 3879 3762 3934 in-

2098 3963 2192 4021 fra
2220 3965 2652 4023 monasterium
2688 3966 2879 4024 sancti
2909 3966 3227 4040 Carilephi,
3259 3972 3318 4027 et
3353 3967 3415 4024 in
3461 3968 3604 4027 villa
3627 3969 3764 4024 Flo-

2099 4052 2283 4124 riaco,
2320 4059 2377 4110 et
2397 4054 2457 4113 in
2481 4054 2831 4127 Conﬂentio,
2851 4061 2908 4113 et
2937 4056 2999 4117 in
3028 4057 3167 4115 villa
3195 4058 3377 4119 Mauri
3407 4063 3464 4115 et
3493 4058 3554 4114 in
3584 4061 3765 4117 Com-

2098 4141 2214 4211 nis,
2238 4147 2293 4198 et
2318 4143 2378 4198 in
2433 4143 2638 4204 villare
2665 4146 2880 4216 Martis,
2907 4151 2965 4204 et
3003 4147 3311 4214 Rusciaco,
3344 4151 3401 4203 et
3438 4147 3502 4202 in
3526 4148 3766 4222 Campo

2103 4230 2396 4301 Sigalaici,
2429 4236 2486 4287 et
2509 4232 2569 4287 in
2594 4233 2694 4289 illa
2717 4234 2867 4295 cella
2890 4234 3014 4295 sive
3043 4235 3103 4291 in
3145 4238 3541 4303 Cantarnaco,
3573 4241 3765 4309 atque

2098 4318 2161 4375 in
2188 4319 2440 4379 diversis
2470 4322 2889 4381 mansionibus
2912 4323 3072 4385 circa
3104 4324 3541 4385 monasterium
3585 4342 3769 4385 cons-

2099 4408 2322 4475 tructis,
2353 4425 2565 4468 omnes
2584 4410 2961 4481 integerrime
2978 4413 3293 4472 monachis
3306 4412 3489 4485 quiin
3514 4428 3769 4473 monas-

336 4496 546 4554 clesias
567 4497 960 4555 militantibus
976 4498 1230 4555 discreto
1257 4502 1316 4554 et
1328 4496 1757 4554 rationabiliter
1773 4496 1988 4552 tribue»
2014 4496 2059 4517 ”
2096 4496 2243 4555 terio
2258 4498 2449 4557 sancti
2470 4498 2763 4571 Carilephi
2777 4504 2837 4557 et
2860 4500 2923 4559 in
2950 4500 3101 4561 cella
3122 4517 3257 4573 quae
3281 4501 3639 4561 Savonarias
3660 4520 3769 4559 vo-

337 4590 453 4657 tur,
487 4590 554 4643 ut
575 4587 662 4643 eis
682 4602 921 4660 semper
948 4603 1060 4659 pro
1088 4586 1426 4645 miserrimo
1446 4588 1760 4658 peccatore
1788 4584 1983 4641 delec-

334 4678 420 4732 tet
450 4692 623 4733 orare
659 4680 717 4733 et
744 4675 1036 4734 sacriﬁcia
1066 4675 1320 4732 Domino
1372 4674 1620 4731 assidua
1664 4674 1898 4746 offerre,
1927 4677 1987 4731 et

334 4764 503 4821 ﬂexis
555 4765 885 4839 poplitibus
921 4780 1136 4838 precor
1162 4768 1224 4820 ut
1255 4762 1341 4820 eis
1372 4762 1612 4820 assidue
1641 4777 1818 4833 agere
1847 4779 1984 4821 sua-

335 4852 567 4910 deatur.
596 4857 841 4923 Octava,
888 4858 955 4913 ut
982 4854 1267 4924 diximus,
1295 4856 1422 4908 tam
1449 4851 1525 4907 de
1547 4851 1690 4907 vino
1712 4868 1900 4923 quam
1925 4856 1984 4910 et

338 4941 413 4997 de
445 4958 690 5000 annona
718 4943 938 5000 diversi
964 4942 1197 5013 generis
1242 4946 1301 4997 et
1328 4939 1633 5009 legumina
1662 4941 1789 4996 sive
1818 4940 1976 5008 feno,

338 5030 775 5087 rationabiliter
802 5037 859 5088 et
883 5032 1138 5091 discreto
1167 5031 1346 5086 detur
1363 5029 1631 5085 funditus
1656 5029 1893 5085 familiis
1917 5030 1980 5085 in

336 5118 558 5175 nostris
581 5118 736 5175 villis
762 5120 1061 5193 nobisque
1085 5118 1430 5195 commissis
1458 5119 1979 5176 commanentibus

332 5223 471 5280 quis
495 5223 569 5264 ea
606 5207 731 5264 suis
759 5208 1085 5264 sudoribus
1111 5207 1555 5276 laboraverunt,
1576 5210 1642 5263 ut
1676 5212 1735 5264 et
1758 5207 1842 5263 eis
1869 5224 1980 5280 pro

328 5311 428 5352 me
452 5302 769 5369 peccatore
802 5312 971 5354 orare
996 5297 1277 5365 delectet;
1307 5300 1366 5353 et
1392 5297 1508 5353 hoc
1530 5295 1614 5353 eis
1640 5313 1817 5368 agere
1849 5313 1981 5370 pre-

328 5399 433 5440 cor
462 5386 798 5458 smpissime
854 5385 1198 5442 suadeatur.
1253 5389 1421 5442 Nona
1479 5390 1537 5442 et
1571 5385 1810 5442 decima
1838 5402 1980 5458 pars

327 5473 527 5530 omnis
548 5489 830 5545 annonas,
867 5474 993 5530 vini
1021 5479 1078 5531 et
1103 5474 1223 5531 feni
1246 5480 1302 5532 et
1324 5473 1646 5547 leguminis
1694 5476 1978 5547 pauperi-

325 5560 462 5629 bus,
494 5561 713 5629 viduis,
739 5566 797 5619 et
823 5563 1109 5636 orphanis
1131 5563 1380 5621 ﬁdeliter
1408 5580 1548 5621 cum
1564 5564 1731 5620 omni
1759 5563 1979 5619 discre-

326 5649 487 5706 tione
514 5656 571 5707 et
601 5650 886 5709 charitate
915 5653 1183 5712 fimditus
1216 5654 1527 5711 tribuatur.
1558 5654 1782 5709 Omnes
1812 5652 1974 5707 enim

2095 4590 2265 4643 catur
2292 4587 2547 4649 Domino
2589 4587 2887 4646 militandi
2934 4589 3172 4662 absque
3198 4589 3326 4651 ulla
3352 4590 3765 4651 minoratione

2094 4680 2198 4732 aut
2226 4676 2498 4733 tarditate
2528 4677 2957 4737 detur.Ternos
2978 4684 3180 4739 autem
3212 4695 3426 4750 greges
3445 4680 3764 4752 jumento-

2091 4781 2229 4822 rum
2247 4782 2371 4823 una
2398 4783 2539 4823 cum
2577 4783 2789 4825 eorum
2807 4768 3137 4827 emissariis
3165 4785 3237 4829 ac
3252 4768 3446 4829 boum
3465 4773 3524 4829 et
3545 4785 3766 4831 vacua-

2091 4870 2227 4911 rnm
2246 4856 2372 4911 sive
2396 4872 2721 4929 caprarum
2751 4860 2808 4913 et
2832 4857 3039 4914 ovium
3060 4858 3167 4930 qui
3194 4859 3413 4917 suntin
3431 4857 3666 4924 Haliau,
3698 4863 3767 4918 et

2088 4948 2350 5015 quatuor
2372 4944 2678 5017 porcarias
2700 4961 2835 5018 qua:
2856 4946 2917 5002 in
2933 4946 3150 5004 eadem
3166 4947 3328 5017 Villa,
3352 4953 3475 5005 tam
3494 4947 3558 5004 in
3579 4963 3767 5006 man-

2088 5032 2407 5089 eilionibus
2436 5049 2627 5105 quam
2648 5038 2705 5090 et
2724 5034 2784 5090 in
2807 5034 2936 5091 aliis
2958 5034 3105 5092 locis
3120 5052 3253 5092 esse
3275 5036 3574 5103 videntur,
3592 5040 3653 5095 et
3685 5037 3766 5095 il-

2087 5120 2179 5178 los
2200 5137 2409 5191 greges
2428 5123 2534 5195 qui
2550 5127 2689 5179 sunt
2704 5122 2767 5179 in
2790 5126 2963 5181 Curte
2978 5124 3278 5193 Quadrici,
3297 5124 3360 5185 in
3372 5127 3763 5197 Saxonense,

2087 5225 2300 5265 omnes
2319 5214 2447 5266 tam
2468 5210 2878 5281 jumentorum
2899 5228 3090 5285 quam
3130 5218 3187 5270 et
3213 5212 3404 5273 boum
3432 5218 3493 5270 et
3533 5229 3764 5275 vacca-

2087 5314 2223 5353 rum
2252 5314 2360 5354 seu
2387 5314 2711 5371 porcorum
2748 5304 2808 5358 et
2829 5300 3036 5358 ovium
3060 5307 3243 5374 atque
3265 5318 3588 5375 caprarum
3628 5303 3764 5362 illis

2087 5385 2405 5442 monachis
2429 5387 2535 5459 qui
2554 5388 2809 5445 Domino
2837 5390 2900 5446 in
2916 5390 3171 5449 ecclesia
3190 5391 3387 5450 sancti
3410 5390 3756 5451 Salvatoris

2076 5490 2272 5546 supra
2300 5475 2550 5531 ﬂuvium
2581 5477 2828 5546 Sarthas,
2844 5477 2952 5536 ubi
2972 5478 3068 5536 ille
3092 5479 3286 5538 abbas
3311 5494 3575 5552 praeesse
3589 5479 3766 5538 vide-

2086 5566 2201 5634 tur,
2222 5579 2363 5620 cum
2401 5565 2567 5622 omni
2594 5566 2928 5638 integritate
2946 5573 3008 5625 et
3031 5585 3172 5626 cum
3197 5569 3488 5629 charitate
3508 5568 3765 5642 absque

2086 5652 2209 5708 ullo
2257 5654 2542 5727 scrupulo
2604 5660 2709 5712 aut
2762 5658 3233 5716 contradictione
3282 5658 3409 5716 sive
3456 5658 3763 5721 dilatione

324 5754 539 5812 precor
558 5744 627 5798 ut
643 5757 754 5814 pro
778 5758 878 5801 me
898 5758 1071 5803 orare
1091 5743 1448 5815 dignemini,
1472 5745 1541 5800 ut
1556 5740 1972 5801 remissionem
2082 5740 2334 5807 ﬁdeliter
2399 5743 2760 5803 tribuantur.
2848 5746 2935 5804 illi
3016 5763 3264 5820 quoque
3340 5763 3557 5819 greges
3644 5749 3765 5820 ju-
