3944 6464
167 277 228 330 ιο
1714 266 1892 331 πυ.

3485 284 3560 336 '70

168 396 468 454 mentorum
513 402 639 444 una
681 403 824 446 eum
867 404 1087 448 eorum
1133 389 1468 448 emissariis
1498 394 1557 448 et
1597 390 1788 448 boum
1807 397 1864 451 Δ
1901 399 2250 471 nequimus,
2272 399 2354 457 de
2383 399 2496 457 illis
2517 401 2626 472 qui
2655 405 2835 458 antea
2860 399 2988 456 dati
3041 401 3292 458 minime
3321 401 3558 469 fuerint,

173 482 440 556 utriusque
483 476 716 545 generis
757 493 864 532 seu
909 493 1236 551 porcorum
1278 483 1337 536 et
1378 479 1582 538 ovium
1610 483 1790 551 atque

168 582 449 643 caprarum
475 564 579 640 qui
619 565 850 622 suntin
882 565 1021 622 villa
1065 566 1350 624 Colonies
1374 568 1546 638 juxta
1576 567 1790 624 urbem

167 660 219 718 in
252 657 339 714 illa
381 660 538 712 curte
561 668 701 728 quae
743 654 965 712 dicitur
994 655 1165 725 Villa,
1195 673 1386 729 quam
1435 656 1792 714 Gundoldus

163 747 327 806 modo
334 743 615 820 providet,
632 747 689 800 et
701 743 758 800 in
779 745 1064 802 Carrariis
1077 761 1259 818 super
1269 746 1524 808 ﬂuvium
1541 746 1768 802 Sartlue
1779 787 1792 810 ,

165 845 214 898 et
235 837 290 894 in
310 840 518 902 Canon,
547 833 767 892 dentur
785 835 1102 892 monachis
1136 835 1516 905 integerrime
1549 835 1657 908 qui
1677 837 1794 890 Do-

161 927 310 986 mino
335 925 392 982 in
431 924 796 982 monasterio
829 925 1030 981 Sancti
1061 924 1356 984 Vincentii
1398 924 1676 983 militant.
1710 924 1795 982 Illi

162 1032 288 1088 ergo
315 1029 514 1086 greges
559 1014 976 1084 jumentorum
1028 1030 1153 1072 una
1201 1031 1343 1072 cum
1387 1014 1714 1071 amissariis
1736 1020 1798 1070 et

157 1107 325 1166 boum
347 1103 646 1176 utriusque
667 1104 904 1174 generis
923 1119 1031 1160 seu
1047 1120 1373 1176 porcorum
1397 1109 1452 1160 et
1467 1106 1673 1160 ovium
1689 1104 1795 1176 qui

159 1198 282 1252 sunt
307 1194 364 1252 in
395 1195 530 1249 Gres
555 1196 617 1249 et
655 1193 716 1249 in
761 1193 1102 1265 Fraxinido,
1135 1194 1194 1250 in
1228 1193 1414 1264 Belsa,
1442 1198 1498 1252 et
1534 1195 1595 1250 in
1629 1196 1794 1250 Sem-

157 1300 333 1352 muro,
363 1283 674 1341 monachis
706 1282 769 1340 in
798 1285 939 1340 Gres
969 1284 1226 1340 Domino
1259 1283 1320 1340 in
1367 1283 1621 1340 ecclesia
1653 1285 1799 1340 San-

155 1380 248 1430 ctae
291 1371 470 1428 Mariae
511 1376 567 1428 et
602 1372 801 1427 Sancti
829 1372 1038 1428 Almiri
1088 1372 1482 1429 militantibus
1527 1373 1797 1430 funditus

156 1463 368 1535 absque
396 1460 515 1536 ulla
549 1461 823 1517 tarditate
853 1468 958 1519 aut
1001 1462 1402 1519 minoratione
1435 1463 1793 1518 tribuantur.

156 1552 226 1610 illi
252 1567 490 1624 quoque
525 1566 739 1621 greges
765 1568 892 1610 una
919 1568 1064 1610 cum
1092 1569 1306 1610 eorum
1335 1552 1663 1611 emissariis
1697 1553 1795 1623 ju-

154 1647 469 1700 mentorum
493 1645 553 1697 et
576 1657 899 1698 vaccarum
915 1658 989 1698 ac
1007 1641 1198 1698 boum
1217 1642 1345 1697 sive
1363 1642 1572 1698 ovium
1588 1646 1645 1697 et
1663 1657 1800 1715 por-

1901 489 2288 560 preecipimus
2316 489 2495 556 duos,
2529 489 2742 562 quales
2769 488 3046 547 meliores
3065 489 3292 546 inventi
3319 490 3559 562 fuerint,

1901 579 2186 648 praedicto
2211 578 2439 635 domno
2478 577 2940 651 metropolitano
2969 583 3174 636 nostro
3201 580 3355 636 bene
3383 596 3562 653 para-

1899 671 1992 722 tos
2017 672 2077 722 et
2107 674 2351 724 ornatos
2384 668 2517 724 dari
2541 686 2555 734 ;
2581 673 2637 724 et
2665 668 2813 724 alios
2838 668 3020 734 duos,
3041 669 3250 741 quales
3279 674 3422 743 post
3449 669 3562 727 hos

1901 757 2179 813 meliores
2209 757 2433 814 inventi
2453 757 2691 829 fuerint,
2702 757 2918 814 Didani
2937 758 3381 815 Andecavensis
3396 759 3563 816 urbis

1903 846 2198 918 Episcopo
2269 846 2427 903 bene
2484 851 2730 903 ornatos
2786 846 2975 904 tribus
3028 847 3337 918 jubemus.
3393 852 3564 921 Ipsos

1898 935 2063 990 enim
2093 939 2339 992 sanctos
2371 935 2708 1009 episcopos,
2741 935 2790 991 si
2815 935 2963 992 mihi
2990 937 3345 1009 superstites
3362 937 3564 994 Domi-

1897 1040 1982 1080 no
2033 1024 2357 1080 miserante
2401 1025 2640 1093 fuerint,
2687 1025 2765 1081 ad
2815 1025 3046 1082 obitum
3107 1043 3316 1083 meum
3362 1029 3563 1084 venire

1903 1114 2212 1186 deprecor,
2242 1118 2299 1169 et
2347 1114 2617 1170 animam
2669 1130 2872 1170 meam
2914 1130 3023 1187 per
3062 1131 3276 1172 eorum
3321 1121 3563 1172 sanctas

1902 1203 2205 1258 orationes
2255 1204 2512 1258 Domino
2557 1202 2944 1258 devotissime
2973 1205 3386 1261 commendari
3417 1221 3561 1272 sup-

1905 1292 2132 1364 pliciter
2157 1292 2382 1363 ﬂagito,
2414 1297 2472 1347 et
2513 1292 2594 1347 ad
2639 1291 3067 1364 corpusculum
3119 1309 3326 1350 meum
3353 1311 3561 1352 eorum

1904 1382 2184 1454 precibus
2216 1381 2470 1438 Domino
2500 1397 2623 1437 una
2650 1398 2795 1436 cum
2821 1381 3027 1438 anima
3067 1385 3483 1440 commendari
3507 1388 3565 1441 et

1903 1487 2046 1526 cum
2069 1470 2445 1527 orationibus
2468 1487 2680 1526 eorum
2700 1469 2936 1543 sepeliri
2960 1470 3264 1527 humiliter
3287 1472 3560 1544 postulo;

1904 1564 1960 1616 et
1980 1561 2040 1615 in
2073 1559 2358 1616 omnibus
2390 1575 2777 1632 summopere
2803 1559 2957 1627 illos,
2983 1564 3041 1616 et
3061 1560 3238 1632 quasi
3267 1561 3347 1616 ad
3376 1562 3563 1633 pedes

1903 1665 2114 1704 eorum
2161 1649 2536 1721 provolutus,
2564 1649 2855 1721 deprecor
2885 1653 2949 1704 ut
2975 1649 3052 1704 de
3104 1665 3202 1705 me
3244 1655 3303 1706 et
3331 1666 3442 1723 pro
3466 1666 3564 1706 me

149 1748 341 1787 corum
358 1734 537 1802 atque
554 1747 877 1803 caprarum
895 1747 1112 1787 omnes
1130 1732 1236 1806 qui
1253 1737 1392 1788 sunt
1407 1732 1467 1786 in
1489 1731 1794 1797 Aviniaco,
1815 1755 1863 1814 ⁸
1905 1739 1987 1794 sic
2018 1738 2241 1795 faciant
2269 1739 2423 1794 sicut
2441 1739 2651 1794 volunt
2671 1743 2736 1794 ut
2763 1738 2838 1794 de
2867 1737 2978 1794 illis
2999 1739 3204 1795 tamin
3227 1739 3347 1796 vita
3375 1756 3563 1812 quam

152 1838 242 1876 seu
270 1820 326 1875 in
349 1819 658 1888 Casiliaco,
686 1820 825 1877 etin
854 1820 956 1876 illa
978 1826 1145 1894 parte
1172 1821 1403 1878 Paciaci
1434 1838 1620 1894 quam
1640 1824 1792 1876 Gun-

148 1909 348 1964 doldus
387 1909 682 1982 providet,
718 1911 939 1965 nostris
969 1910 1278 1966 sororibus
1329 1911 1798 1966 sanctimoniali-

149 1999 248 2053 bus
264 1999 576 2054 monachis
599 2015 754 2071 quas
769 1999 921 2054 inter
935 2016 1182 2056 murum
1200 2001 1454 2056 civitatis
1472 2006 1527 2056 et
1541 2000 1794 2055 ﬂuvium

147 2088 352 2144 Sarthie
401 2087 464 2144 in
507 2087 762 2144 ecclesia
809 2089 1044 2144 Domini
1095 2089 1416 2146 Salvatoris
1465 2095 1521 2145 et
1573 2095 1794 2145 sanctae

146 2177 397 2247 ejusdem
429 2178 535 2233 Dei
581 2178 880 2249 genitricis
907 2179 1100 2236 Mariae
1146 2196 1506 2252 semperque
1549 2179 1796 2251 virginis

142 2266 252 2322 sive
269 2271 619 2324 sanctorum
637 2273 975 2340 martyrum
997 2269 1259 2326 Gervasii
1275 2274 1332 2326 et
1351 2270 1598 2325 Protasii
1615 2274 1794 2341 atque

143 2357 313 2412 sancti
346 2359 636 2430 Stephani
687 2357 800 2412 sub
848 2358 1186 2414 monastico
1217 2358 1426 2414 ordine
1457 2363 1513 2414 et
1563 2358 1678 2413 sub
1709 2375 1794 2413 re-

141 2445 266 2515 gula
307 2449 503 2503 sancti
555 2446 852 2503 Benedicti
902 2449 1101 2503 vivere
1151 2447 1603 2510 collocavimus.
1655 2464 1796 2503 cum

141 2552 364 2593 summa
417 2536 712 2594 charitate
761 2541 818 2593 et
865 2538 1140 2595 omnium
1185 2537 1521 2608 integritate
1563 2537 1796 2611 absque

143 2625 245 2682 ulla
291 2626 588 2683 dilatione
639 2626 891 2684 fideliter
937 2627 1359 2684 attribuantur.
1417 2627 1498 2684 Illi
1552 2643 1798 2699 quoque

139 2732 333 2785 greges
360 2717 788 2787 jumentorum
819 2733 944 2772 una
970 2733 1112 2772 cum
1145 2733 1356 2772 eorum
1382 2716 1710 2772 emissariis
1743 2720 1799 2771 et

137 2805 307 2860 boum
340 2807 664 2878 utriusque
692 2822 874 2862 sexus
905 2811 961 2862 et
981 2806 1186 2862 ovium
1207 2807 1331 2864 sive
1361 2821 1687 2880 porcorum
1719 2811 1800 2861 at-

134 2911 235 2967 que
266 2913 601 2971 caprarum
646 2896 750 2969 qui
796 2901 938 2952 sunt
987 2897 1047 2952 in
1093 2897 1380 2970 Rupiaco,
1415 2895 1796 2966 integerrime

135 2984 282 3040 fratri
316 3003 455 3042 meo
486 2991 661 3042 Isaac
681 2986 926 3058 ﬁlioque
957 2986 1006 3058 ej
1018 3002 1088 3042 us
1111 2986 1394 3056 Rotgario
1420 2985 1652 3058 absque
1676 2985 1798 3040 ulla

131 3073 521 3131 diminutione
573 3080 676 3132 aut
719 3075 1004 3132 dilatione
1067 3075 1423 3131 tribuantur.
1459 3075 1546 3174 Illi
1593 3080 1796 3174 autem
1824 3115 1867 3174 ο

130 3178 324 3235 greges
350 3168 782 3237 jumentorum
813 3181 940 3222 una
970 3181 1108 3220 cum
1139 3181 1347 3220 eorum
1381 3164 1710 3220 emissariis
1741 3168 1799 3219 et

127 3252 299 3310 boum
351 3256 685 3329 utriusque
719 3254 952 3326 generis
985 3271 1089 3310 seu
1134 3270 1458 3329 porcorum
1491 3258 1547 3311 et
1588 3254 1794 3310 ovium

131 3350 294 3416 atque
325 3361 669 3418 caprarum
699 3344 804 3418 qui
823 3347 964 3402 sunt
991 3343 1054 3402 in
1087 3343 1402 3413 Contrella,
1423 3349 1479 3400 et
1497 3344 1559 3401 in
1582 3346 1796 3400 Varen-

128 3435 228 3500 nis,
252 3435 311 3490 in
337 3435 797 3501 Vindosnense,
821 3439 879 3490 et
902 3433 962 3490 in
991 3433 1334 3501 Breuviaco,
1357 3433 1417 3490 in
1438 3435 1794 3500 Oxomense,

130 3529 174 3575 et
203 3524 258 3578 in
289 3525 524 3580 Artinis
557 3540 742 3596 super
775 3523 882 3590 Liz,
917 3529 974 3581 et
999 3523 1060 3580 in
1118 3523 1400 3578 Lanciani
1456 3522 1612 3578 ultra
1640 3523 1800 3590 Lige-

126 3614 246 3682 rim,
280 3615 406 3672 sive
426 3615 493 3672 in
529 3613 846 3685 Vodebris,
879 3612 1149 3671 vassallis
1177 3612 1280 3685 qui
1305 3611 1484 3669 nobis
1513 3611 1576 3668 in
1591 3617 1798 3668 nostra

127 3703 556 3764 mansiuncula
608 3703 879 3759 serviunt
920 3707 977 3759 ct
1025 3701 1253 3758 clericis
1302 3701 1408 3774 qui
1451 3701 1707 3758 Domino
1737 3701 1798 3755 in

123 3799 310 3849 nostra
365 3791 623 3866 capella
663 3791 1035 3848 famulantur
1083 3808 1222 3848 cum
1265 3791 1428 3846 omni
1461 3790 1795 3860 integritate

124 3879 395 3954 disposite
477 3888 541 3939 et
605 3881 1038 3937 rationabiliter
1090 3880 1442 3950 largiantur.
1518 3880 1798 3951 Reliquos

119 3985 371 4045 namque
407 3988 640 4042 greges
689 3971 1104 4041 jumentorum
1151 3975 1207 4025 et
1257 3969 1443 4025 boum
1491 3970 1798 4041 utriusque

122 4063 338 4127 generis
394 4069 457 4118 et
487 4061 712 4118 ovium
745 4076 851 4117 seu
879 4076 1207 4132 porcorum
1238 4064 1419 4131 atque
1450 4074 1798 4130 caprarum,

116 4164 314 4207 omnes
345 4153 462 4224 qui
499 4151 737 4206 suntin
769 4149 1014 4206 culturis
1045 4153 1101 4204 et
1127 4149 1190 4204 in
1223 4149 1374 4204 silva
1407 4148 1692 4204 Uvastina
1737 4147 1798 4202 in

117 4238 354 4297 diversis
384 4239 879 4297 mansionilibus
901 4244 957 4296 et
982 4239 1151 4301 locis,
1176 4243 1301 4294 tam
1332 4254 1514 4312 super
1543 4237 1795 4293 ﬂuvium

117 4329 194 4384 Liz
221 4347 420 4403 quam
457 4336 523 4386 et
583 4331 643 4385 in
692 4329 841 4384 silva
884 4328 1186 4400 Uvastica,
1231 4332 1286 4384 et
1333 4327 1395 4384 in
1440 4327 1704 4382 Tricione
1737 4327 1797 4382 in

115 4417 351 4475 diversis
409 4417 899 4476 mansionilibus
958 4424 1014 4472 et
1067 4417 1128 4472 in
1172 4416 1318 4473 locis
1347 4416 1623 4483 diversis,
1653 4422 1708 4471 et
1738 4415 1798 4470 in

117 4505 427 4578 Tauriaco,
463 4514 530 4566 et
559 4509 627 4564 in
660 4507 1064 4578 Bajocassino,
1093 4510 1150 4562 et
1188 4506 1250 4561 in
1307 4505 1638 4568 Vetusvico,
1675 4505 1796 4560 sive

113 4596 162 4650 in
190 4599 490 4667 Celsiaco,
531 4614 612 4654 ac
655 4597 713 4652 in
756 4600 998 4667 Nascas,
1032 4612 1139 4652 seu
1183 4595 1247 4650 in
1299 4595 1588 4663 Cadarus,
1635 4599 1692 4650 et
1739 4596 1798 4650 in

114 4687 383 4748 Colonica
449 4687 626 4746 ultra
680 4685 1014 4754 Medanam,
1049 4689 1107 4742 et
1160 4685 1224 4741 in
1278 4683 1590 4740 Culcamia
1642 4685 1799 4741 ultra

113 4777 350 4836 tluvium
382 4777 652 4850 Ligeris,
685 4780 743 4834 et
789 4776 852 4834 in
898 4774 1306 4843 Callemarcio,
1340 4774 1464 4831 sive
1493 4773 1556 4830 in
1594 4780 1801 4831 monte

114 4865 410 4940 Sodeuris,
475 4868 552 4925 in
595 4865 884 4924 omnibus
937 4865 1399 4922 mansionilibus
1443 4865 1508 4919 in
1553 4880 1624 4920 eo
1655 4881 1800 4921 con-

114 4959 358 5026 structis,
406 4963 475 5016 et
528 4957 599 5015 in
650 4955 781 5012 rivo
830 4960 1094 5027 petroso,
1145 4959 1202 5011 et
1243 4955 1305 5010 in
1352 4953 1494 5009 villa
1541 4970 1702 5010 nova
1741 4955 1802 5009 in

112 5044 279 5117 Belsa,
312 5052 377 5106 et
403 5048 475 5108 in
512 5045 670 5104 villa
699 5046 1020 5115 Macunen,
1048 5044 1195 5100 etin
1246 5043 1423 5100 Bioca
1467 5059 1648 5115 super
1687 5044 1800 5098 flu-

111 5135 258 5193 vium
289 5137 532 5205 Bricia,
569 5139 631 5193 et
673 5134 737 5191 in
780 5134 1007 5191 Villena
1056 5133 1118 5189 in
1150 5132 1474 5203 Parisiaco,
1503 5132 1564 5188 in
1595 5139 1801 5190 nostra

111 5223 532 5301 eleemosyna,
560 5223 935 5298 presbyteris
961 5227 1022 5280 et
1045 5222 1150 5279 Dei
1179 5223 1366 5278 servis
1398 5222 1521 5278 sive
1568 5238 1800 5295 paupe-

110 5314 257 5372 ribus
288 5316 586 5374 ﬁdeliter
629 5317 688 5371 et
729 5312 1162 5371 rationabiliter
1206 5328 1347 5368 cum
1391 5311 1559 5368 omni
1588 5311 1802 5367 timore

113 5407 153 5458 et
177 5405 534 5465 reverentia.
567 5402 851 5461 distribui
879 5402 1166 5475 disposite
1189 5401 1590 5474 imploramus
1618 5405 1800 5474 atque

111 5507 409 5564 rogamus,
444 5501 515 5553 et
573 5492 787 5550 omnia
831 5491 960 5548 ﬁeri
1008 5509 1148 5548 cum
1176 5491 1463 5548 charitate
1493 5496 1798 5564 optamus.

115 5580 176 5639 De
220 5587 402 5660 equis
457 5598 752 5656 namque
782 5581 1000 5639 nostris
1027 5587 1084 5638 et
1114 5580 1421 5638 secmariis
1448 5580 1571 5636 sive
1622 5580 1802 5636 mulis

113 5679 154 5726 et
193 5677 386 5736 asinis
432 5692 518 5732 ac
587 5671 874 5744 poledris,
905 5671 1129 5744 quibus
1179 5670 1382 5726 adhuc
1439 5669 1715 5739 fruimur,
1749 5676 1806 5726 et

117 5761 219 5822 Eine
238 5767 489 5839 quibus
522 5761 743 5832 regale
773 5767 832 5818 et
859 5777 1186 5817 commune
1212 5759 1521 5818 servitium
1566 5760 1807 5833 explere

1903 1833 1961 1883 et
1989 1834 2125 1900 post
2153 1828 2386 1884 obitum
2418 1828 2542 1885 ﬁat.
2577 1833 2824 1901 Insuper
2853 1832 3116 1900 quatuor
3141 1844 3336 1900 equos
3368 1829 3564 1885 bonos

1905 1933 2055 1972 mea:
2105 1917 2427 1990 sepulturae
2475 1918 2610 1974 loco
2661 1922 2721 1973 et
2770 1917 3051 1973 fratribus
3105 1917 3254 1974 inibi
3309 1919 3564 1974 Domino

1903 2007 2337 2063 famulantibus
2384 2007 2515 2064 dari
2556 2007 2767 2079 jubeo.
2801 2009 2882 2063 De
2938 2007 3166 2063 casteria
3211 2024 3358 2078 ergo
3387 2009 3562 2081 equis

1905 2096 2038 2151 volo
2069 2101 2134 2151 ut
2162 2113 2346 2152 causa
2367 2095 2802 2152 benedictionis
2829 2095 3098 2165 singulos
3129 2096 3430 2168 accipiant
3447 2097 3564 2153 sin-

1905 2186 2028 2255 guli
2075 2186 2184 2258 qui
2236 2186 2568 2259 praescripti
2623 2190 2682 2242 et
2729 2185 3117 2259 praeordinati
3164 2186 3240 2242 ad
3287 2192 3562 2243 nostram

1903 2275 2357 2346 eleemosynam
2407 2275 2748 2331 faciendam
2807 2275 3042 2344 fuerint,
3092 2280 3156 2332 ut
3196 2275 3412 2332 melius
3450 2276 3563 2332 illis

1904 2364 2154 2419 delectet
2179 2381 2288 2436 pro
2340 2381 2438 2420 me
2489 2381 2660 2421 orare
2707 2368 2766 2420 et
2793 2364 3187 2421 commissum
3241 2365 3357 2421 sibi
3383 2381 3565 2436 nego-

1907 2455 2052 2508 tium
2082 2469 2389 2526 peragere.
2424 2456 2503 2510 De
2532 2453 2776 2526 reliquis
2822 2454 3050 2526 quippe
3092 2455 3262 2526 equis
3304 2459 3360 2510 et
3401 2455 3564 2528 pole-

1902 2542 2025 2598 dris
2052 2547 2109 2597 et
2138 2542 2313 2599 mulis
2343 2548 2525 2614 atque
2576 2542 2761 2599 asinis
2797 2546 2912 2598 tres
2949 2542 3240 2611 jubemus
3269 2543 3397 2598 ﬁeri
3421 2560 3562 2616 por-

1906 2632 2095 2687 tiones
2132 2649 2144 2686 :
2176 2647 2299 2688 una
2347 2648 2492 2705 pars
2539 2637 2850 2687 remaneat
2890 2632 3156 2687 ecclesiae
3198 2632 3376 2690 nobis
3399 2649 3564 2689 com-

1903 2721 2107 2776 missae
2155 2725 2212 2776 et
2254 2723 2462 2776 sancto
2499 2719 2834 2775 successori
2863 2725 3110 2789 nostro;
3136 2719 3254 2776 alia
3277 2737 3418 2776 vero
3445 2721 3562 2777 lar-

1906 2809 2102 2878 giatur
2131 2810 2418 2882 disposite
2440 2814 2496 2865 et
2515 2809 2948 2866 rationabiliter
2988 2809 3214 2866 clericis
3257 2815 3316 2866 et
3337 2810 3564 2866 vassal-

1906 2899 1976 2954 lis
2017 2904 2073 2954 et
2118 2899 2514 2955 servientibus
2540 2904 2598 2956 et
2623 2899 3116 2955 ministerialihus
3143 2899 3320 2955 nobis
3366 2900 3562 2957 famu-

1904 2988 2188 3044 lantibus.
2217 2989 2407 3044 Tertia
2427 2993 2631 3044 autem
2654 3005 2798 3060 pars
2815 2989 3209 3045 distribuatur
3236 2989 3490 3045 ﬁdeliter
3510 2994 3566 3045 et

1903 3078 2340 3134 rationabiliter
2363 3077 2425 3133 in
2450 3083 2722 3134 nostram
2753 3077 3204 3150 eleemosynam
3233 3084 3416 3151 prout
3439 3093 3565 3133 me-

1904 3166 2019 3222 lius
2052 3168 2292 3222 scierint
2318 3171 2374 3222 et
2403 3167 2704 3238 potuerint
2744 3167 2968 3238 quibus
3025 3167 3141 3222 hoc
3170 3167 3564 3222 commissum

1903 3256 2096 3312 fuerit.
2130 3256 2340 3311 Taliter
2366 3271 2611 3328 quoque
2650 3255 2763 3310 illis
2791 3256 2933 3332 hoc.
2962 3255 3246 3328 praecipio
3275 3260 3331 3312 et
3358 3256 3566 3327 depre—

1905 3362 2010 3402 cor
2039 3361 2215 3416 agere
2248 3349 2307 3401 et
2336 3355 2461 3400 tam
2490 3345 2743 3401 fideliter
2769 3349 2827 3400 et
2853 3344 3289 3400 rationabiliter
3316 3344 3563 3417 dispen-

1906 3451 2042 3491 sare
2071 3434 2327 3506 qualiter
2356 3434 2496 3490 inde
2527 3434 2821 3491 rationem
2850 3449 2977 3490 non
3005 3438 3276 3490 metuant
3314 3433 3565 3490 reddere

1904 3525 1966 3580 in
1997 3528 2326 3596 conspectu
2356 3523 2590 3579 Domini
2618 3524 2806 3578 nostri
2833 3523 2975 3578 Jesu
2995 3523 3231 3593 Christi,
3263 3527 3318 3580 et
3346 3540 3422 3580 ex
3450 3523 3565 3580 hoc

1907 3630 2032 3670 non
2061 3614 2370 3686 recipiant,
2388 3612 2556 3685 quod
2577 3612 2758 3681 absit,
2777 3612 3233 3670 damnationem
3251 3618 3562 3683 aeternam,

1908 3704 2012 3758 sed
2042 3703 2359 3776 praemium
2391 3703 2847 3776 sempiternum.
2883 3702 2985 3758 Illa
3013 3719 3158 3758 vero
3201 3703 3406 3758 omnia
3431 3719 3564 3775 quas

1906 3795 1966 3848 in
1998 3793 2244 3866 praefato
2275 3797 2566 3864 tempore,
2590 3797 2654 3847 ut
2679 3792 2906 3847 dictum
2937 3796 3046 3862 est,
3071 3791 3132 3846 in
3160 3791 3460 3863 praedictis
3482 3791 3564 3847 lo-

1907 3883 1991 3938 cis
2021 3887 2078 3939 et
2123 3882 2284 3953 agris
2340 3886 2465 3937 tam
2509 3881 2755 3938 internis
2797 3897 2985 3953 quam
3029 3881 3287 3936 externis
3323 3881 3568 3937 inventa

1908 3972 2144 4038 fuerint,
2181 3972 2432 4027 Domino
2479 3971 2618 4036 Deo,
2650 3971 2870 4026 devota
2919 3974 3118 4026 mente
3167 3973 3226 4026 et
3253 3985 3404 4025 sano
3434 3985 3566 4025 cor-

1908 4078 2075 4134 pore,
2108 4078 2216 4133 pro
2269 4060 2494 4129 ingenti
2521 4065 2580 4115 et
2610 4059 2798 4115 nimio
2845 4059 3114 4132 pondere
3141 4059 3567 4132 peccaminum

1909 4167 2185 4207 meorum
2230 4149 2486 4223 supplex
2534 4153 2591 4204 et
2632 4148 2886 4204 devotus
2915 4149 3124 4216 offero,
3158 4153 3216 4204 et
3259 4166 3368 4221 per
3409 4149 3568 4204 hanc

1909 4239 2268 4307 chartulam,
2286 4255 2476 4311 quam
2506 4253 2656 4295 sana
2677 4244 2873 4294 mente
2895 4238 3115 4294 dictavi
3134 4242 3194 4294 et
3221 4238 3570 4310 supradicto

1910 4333 2203 4403 praetextu
2231 4328 2490 4383 scribere
2512 4328 2686 4398 jussi,
2715 4333 2896 4400 atque
2932 4327 3180 4400 propria
3218 4343 3407 4384 manu
3433 4327 3572 4383 sub-

1914 4425 2002 4474 ter
2034 4417 2290 4488 ﬁrmavi,
2326 4417 2404 4473 ad
2447 4417 2796 4489 supradicta
2841 4422 2900 4474 et
2945 4418 3186 4490 scripta,
3236 4417 3392 4473 sicut
3440 4417 3569 4477 haec

1909 4507 2202 4580 paginula
2259 4506 2597 4564 testamenti
2647 4511 3106 4576 commemorat,
3161 4505 3460 4579 explenda
3515 4510 3574 4561 et

1911 4597 2168 4654 ﬁdeliter
2196 4596 2545 4669 peragenda
2576 4596 2830 4653 Domino
2863 4600 2981 4653 Deo
3025 4599 3242 4669 sponte
3270 4601 3328 4652 et
3356 4595 3571 4652 devote

1913 4687 2131 4743 trado:
2165 4691 2231 4742 ut
2283 4686 2330 4741 si
2358 4686 2496 4759 quis
2525 4686 2713 4749 aliter,
2757 4686 2926 4758 quod
2979 4685 3153 4755 absit,
3179 4701 3255 4741 ex
3307 4683 3571 4757 praefatis

1911 4776 2114 4842 rebus,
2146 4775 2208 4831 in
2227 4779 2525 4848 quantum
2554 4775 2771 4831 melius
2797 4775 3177 4848 prtevaluerit
3206 4789 3276 4829 ac
3333 4771 3568 4844 poterit,

1913 4882 2090 4935 agere
2121 4865 2573 4938 praesumpserit
2606 4865 2738 4937 ipso
2771 4865 3025 4919 Domino
3058 4865 3176 4916 Deo
3205 4875 3319 4915 suo
3347 4864 3405 4915 et
3451 4859 3572 4916 Sal-

1910 4955 2103 5011 vatori
2153 4960 2360 5011 nostro
2389 4958 2528 5010 lesu
2558 4953 2789 5010 Christo
2835 4951 3048 5007 reddat
3095 4949 3237 5004 inde
3285 4949 3570 5021 rationes,

1911 5045 2007 5100 cui
2037 5046 2164 5100 haec
2195 5045 2542 5116 praescripta
2566 5039 2917 5114 peragenda
2948 5045 3003 5095 et
3032 5038 3334 5112 explenda
3356 5039 3572 5097 devote

1912 5134 2116 5192 oblata
2141 5138 2200 5189 et
2229 5133 2446 5189 tradita
2469 5135 2629 5198 sunt,
2659 5133 2718 5184 et
2749 5133 2886 5185 ante
2912 5129 3175 5186 tribunal
3203 5129 3392 5203 ipsius
3416 5129 3575 5201 judi-

1913 5223 1996 5277 cis
2039 5221 2242 5277 seterni
2288 5237 2361 5276 ex
2408 5221 2522 5275 hoc
2570 5217 3038 5277 tremebundam
3083 5219 3345 5277 deducat
3392 5217 3576 5275 ratio-

1912 5328 2074 5368 nem.
2109 5311 2419 5365 Contestor
2441 5307 2604 5364 enim
2631 5313 2908 5367 sanctum
2927 5323 3341 5365 successorem
3366 5322 3574 5363 meum

1914 5417 2057 5456 mox
2086 5398 2377 5467 futurum,
2409 5397 2758 5470 quicunque
2790 5398 2982 5469 fuerit,
3011 5402 3069 5453 et
3095 5396 3271 5468 quasi
3297 5396 3375 5453 ad
3401 5396 3576 5452 vesti-

1917 5491 2014 5560 gia
2042 5489 2269 5561 pedum
2293 5489 2424 5559 ejus
2454 5486 2809 5559 provolutus
2839 5485 3140 5542 humiliter
3190 5486 3482 5559 deprecor
3510 5491 3576 5542 ut

1917 5581 2000 5635 sic
2045 5578 2122 5633 de
2167 5594 2262 5634 me
2292 5582 2350 5634 et
2378 5593 2491 5650 pro
2536 5592 2634 5631 me
2674 5575 3010 5632 miserrimo
3051 5580 3368 5649 peccatore
3398 5575 3578 5633 faciat

1919 5670 2070 5724 sicut
2099 5667 2222 5723 vult
2250 5673 2314 5723 ut
2343 5668 2434 5722 sui
2461 5681 2843 5724 successores
2874 5670 3014 5737 post
3053 5666 3310 5723 oblitum
3340 5667 3472 5738 ejus
3499 5664 3576 5719 de

1919 5775 1990 5814 eo
2021 5758 2260 5826 faciant,
2293 5762 2351 5814 et
2369 5757 2453 5813 sic
2481 5772 2620 5814 mea
2637 5755 2797 5814 facta
2826 5755 3061 5826 integra
3083 5760 3398 5815 conservet
3425 5755 3580 5812 sicut
