3944 6418
71 268 140 321 73
1731 265 1912 322 VITA.
3467 279 3538 333 7i

73 404 224 445 mno
256 388 566 444 Ludovico
604 389 984 462 imperatore,
1020 407 1056 446 a
1086 393 1402 449 monachis
1430 398 1487 450 et
1510 391 1755 464 reliquis

75 477 391 534 nobilibus
410 479 760 535 hominibus
781 481 839 536 in
867 481 1002 552 ipso
1030 483 1421 551 monasterio;
1447 482 1541 538 cui
1562 480 1756 536 Domi-

77 583 192 622 nus
226 567 512 639 precibus
541 569 965 641 praedictorum
995 576 1052 626 et
1098 572 1371 628 omnium
1407 576 1755 628 sanctorum

76 664 376 714 aeternam
408 657 627 714 tribuat
656 659 863 715 vitam.
896 665 1109 718 Amen.

152 747 404 815 Praesul,
431 766 564 819 ave,
590 755 812 815 noster,
842 751 1039 807 cuncti
1074 757 1148 822 te,
1164 751 1230 807 Al
1256 751 1418 818 lrice,
1442 767 1754 821 rogamus,

225 842 396 893 Nunc
425 838 581 894 altus
600 839 906 907 dominus,
936 857 1099 897 nunc
1129 841 1496 914 humilisque
1529 845 1717 913 pater.

155 929 238 982 En
274 933 379 983 tua
412 927 576 984 fama
610 928 763 984 sacri
799 929 1055 999 vulgans
1087 930 1390 1003 praeconia
1417 930 1574 996 facti,

224 1015 536 1074 Gallorum
569 1017 764 1074 celsas
803 1019 965 1074 venit
989 1019 1070 1076 ad
1095 1035 1292 1092 usque
1314 1019 1553 1075 domos.

155 1105 269 1172 Qui
300 1107 512 1180 estpia
533 1124 671 1180 spes
693 1108 926 1180 patriae,
945 1109 1216 1166 solamen
1233 1115 1290 1165 et
1309 1111 1539 1183 optima
1555 1109 1757 1177 virtus,

223 1199 333 1252 Ast
364 1213 576 1252 murus
605 1197 774 1254 fortis
801 1202 857 1254 et
886 1198 1139 1272 clypeus
1167 1199 1424 1255 validus.

819 1291 902 1343 XL
939 1288 1027 1344 bis

75 1378 158 1431 De
209 1375 607 1444 hospitalium
647 1379 1072 1434 constitutione
1099 1385 1154 1434 et
1205 1381 1566 1448 recc/itione,
1599 1384 1652 1434 et
1689 1379 1762 1434 de

149 1462 254 1502 sex
286 1454 640 1504 sanctorum
680 1448 1030 1518 corporibus
1060 1452 1124 1505 in
1152 1452 1288 1506 sinu
1332 1452 1545 1507 matris
1575 1451 1758 1506 eccle-

152 1519 254 1574 siae
287 1519 506 1574 delatis
529 1525 584 1575 et
613 1521 942 1587 collocatis,
975 1536 1228 1592 quorum
1256 1527 1501 1578 nomina
1533 1523 1629 1576 hic
1656 1522 1757 1576 ha-

157 1593 378 1645 bentur
408 1592 674 1656 inserta;
705 1598 758 1647 et
785 1592 859 1648 de
884 1593 1195 1648 duodecim
1226 1595 1411 1663 signis
1466 1595 1529 1648 in
1569 1594 1762 1648 cloca-

153 1663 260 1716 riis
290 1663 509 1734 matris
543 1664 822 1734 ecclesiae
851 1665 1181 1730 collocatis,
1212 1680 1323 1734 per
1349 1666 1623 1734 singulas
1652 1665 1758 1720 ho-

152 1747 253 1788 ras
280 1733 626 1806 reboandis,
659 1740 714 1790 et
759 1734 832 1790 de
875 1733 1320 1791 consecratimc
1348 1733 1758 1806 episcoporum

153 1810 206 1877 et
227 1804 611 1877 sacerdotum
640 1822 672 1860 ιι
687 1821 717 1861 c
733 1807 1106 1877 reliquorum
1124 1804 1426 1877 graduum
1449 1809 1570 1864 sive
1589 1823 1760 1862 sanc-

155 1876 583 1940 timonialium,
609 1882 790 1948 atque
828 1876 902 1934 de
933 1876 1493 1935 commemoratione
1524 1879 1758 1935 dedica-

155 1947 386 2003 tionum
410 1947 824 2005 ecclesiarum.

154 2074 514 2128 Memoratus
545 2072 725 2142 igitur
748 2073 1022 2131 Aldricus
1045 2075 1377 2150 episcopus
1423 2075 1484 2132 in
1506 2076 1759 2149 praefata.

90 2161 488 2218 Cenomanica
535 2161 682 2218 urbe
737 2163 861 2220 duo
909 2164 1234 2237 hospitalia
1269 2164 1459 2222 facere
1509 2165 1753 2222 studuit.

95 2253 277 2307 Unum
307 2250 496 2324 idque
509 2251 683 2322 juxta
711 2253 1024 2325 praefatam
1053 2255 1522 2311 Cenomanicam
1546 2254 1757 2310 urbem

95 2356 266 2413 super
296 2341 558 2396 ﬂuvium
585 2341 809 2398 Sarthte
843 2359 879 2398 a
906 2343 1106 2399 radice
1134 2344 1332 2416 pontis
1384 2345 1612 2401 Sanctae
1642 2347 1757 2400 Ma-

101 2430 194 2485 riae
222 2435 469 2503 propter
499 2430 942 2489 abundantiam
966 2449 1267 2506 aquarum
1303 2437 1358 2490 et
1390 2449 1756 2506 pascuorum

100 2525 434 2576 construere
467 2521 733 2576 certavit.
765 2521 844 2578 ad
875 2523 1279 2595 receptioncm
1304 2523 1578 2579 videlicet
1607 2523 1759 2596 epis-

96 2624 370 2681 coporum
403 2614 460 2666 et
503 2611 792 2666 comitum
823 2615 1003 2684 atque
1037 2612 1329 2668 abbatum
1358 2612 1480 2669 sive
1511 2618 1756 2668 cuncto-

102 2715 219 2752 rum
251 2698 740 2767 adventantium,
772 2700 833 2755 in
858 2717 982 2773 quo
1006 2702 1392 2758 ctccclesiam
1423 2703 1759 2758 construxit

97 2803 266 2860 quam
295 2789 437 2846 etin
470 2790 704 2846 honore
738 2791 931 2847 sancti
959 2792 1244 2864 Stephani
1277 2792 1623 2849 solemniter
1653 2792 1756 2849 dc-

104 2877 325 2945 dicavit,
359 2884 418 2936 et
477 2879 599 2935 alia
631 2880 887 2937 aedificia
945 2881 1023 2936 ad
1073 2882 1429 2954 praedictum
1488 2899 1643 2956 opus
1675 2883 1755 2952 fa,

101 2968 362 3025 ciendum
388 2969 831 3026 rationabiliter
859 2975 916 3026 et
946 2971 1194 3028 mirifice
1225 2972 1756 3045 ordinabiliterque

101 3060 414 3116 construxit
461 3064 526 3115 et
581 3059 902 3133 disposuit.
959 3060 1223 3117 Alterum
1277 3078 1419 3132 ergo
1460 3040 1759 3136 hospitale
1801 3040 1840 3094 C

95 3146 249 3218 juxta
278 3154 542 3206 matrem
564 3155 621 3205 et
644 3150 895 3206 senioris
920 3151 1172 3208 civitatis
1193 3151 1415 3208 scilicet
1439 3151 1761 3208 ecclesiam

96 3237 234 3294 intra
264 3239 475 3296 urbem
513 3240 868 3308 construxit,
887 3241 950 3298 in
974 3258 1096 3314 quo
1125 3258 1424 3315 pauperes
1454 3247 1510 3298 et
1535 3241 1762 3298 debiles

107 3327 230 3382 caeci
260 3344 328 3383 ac
356 3329 584 3395 claudi,
608 3329 730 3385 sive
761 3329 1016 3386 aliarum
1047 3331 1413 3387 debilitatem
1441 3331 1680 3388 subnixi
1708 3339 1766 3391 et

108 3413 420 3487 indigentes
468 3418 646 3474 multi
677 3419 1102 3491 reciperentur,
1135 3420 1357 3493 quibus
1400 3420 1683 3476 alimenta
1708 3426 1766 3477 et

104 3510 380 3566 lectorum
421 3513 760 3564 stramenta
787 3508 1148 3566 sufficienter
1186 3514 1244 3566 et
1273 3510 1524 3566 discrete
1555 3511 1763 3566 minis-

106 3602 396 3663 trarentur.
429 3598 691 3654 Prseﬁxa
725 3614 972 3670 quoque
1003 3599 1264 3671 hospitia
1289 3600 1421 3670 jam
1451 3601 1645 3657 dictus
1667 3601 1763 3656 ΑΙ-

110 3683 290 3740 dricus
333 3687 698 3743 venerabilis
727 3688 1050 3761 episcopus
1082 3689 1157 3744 de
1199 3689 1383 3745 rebus
1431 3708 1554 3746 suae
1602 3689 1764 3746 sedis

108 3775 348 3832 ecclesia:
376 3776 664 3833 nobiliter
689 3775 940 3847 dolavit,
971 3782 1029 3833 et
1056 3777 1292 3834 villulas
1321 3795 1428 3836 seu
1471 3778 1760 3850 decimas,

113 3863 247 3921 sicut
270 3865 329 3921 in
355 3866 734 3923 testamentis
765 3866 841 3922 de
870 3867 941 3922 iis
962 3866 1132 3924 factis
1163 3868 1543 3926 continentur
1580 3869 1763 3925 inser-

137 3969 248 4025 um,
295 3971 414 4014 una
443 3973 590 4013 cum
621 3972 928 4014 consensu
958 3958 1384 4032 episcoporum
1437 3959 1764 4016 multorum

112 4048 156 4098 et
181 4062 415 4103 suorum
445 4046 956 4104 consacerdotum
979 4049 1058 4103 ad
1078 4053 1416 4106 memorata
1436 4050 1763 4122 hospitalia

109 4137 154 4188 et
177 4134 246 4190 ad
270 4151 411 4193 usus
439 4135 755 4210 hospitum
787 4153 858 4193 ac
885 4137 1345 4209 peregrinorum
1390 4143 1572 4211 atque
1603 4157 1762 4212 pau-

109 4237 296 4293 perum
325 4226 448 4283 sive
507 4225 931 4299 relinquorum
965 4227 1430 4284 adventantium
1470 4230 1762 4286 canonice

110 4312 637 4389 rationabiliterque
668 4315 1052 4388 contradidit,
1082 4322 1139 4373 et
1169 4334 1276 4390 per
1303 4321 1662 4376 testamenta
1681 4320 1762 4376 ab

1867 389 2048 444 etiam
2078 394 2296 446 sanctae
2319 390 2490 448 Julize
2512 391 2756 449 fratrem
2779 391 3053 448 nonnulli
3074 410 3202 450 esse
3225 397 3517 456 testantur

1865 483 2046 551 atque
2075 485 2295 535 sanctae
2327 481 2650 536 Tevestinze
2673 481 2991 554 praecipua;
3018 483 3286 554 virginis,
3317 501 3454 558 quae
3479 491 3540 544 et

1866 568 2363 624 monasteriolum
2396 575 2619 626 sanctae
2650 570 2842 627 Mariae
2885 571 2947 626 in
2970 571 3152 627 rebus
3180 574 3430 630 senioris
3448 591 3540 632 ec-

1864 656 2055 711 clesiae
2083 673 2206 713 una
2231 674 2371 714 cum
2403 658 2896 729 adjutoriosancti
2918 663 3254 716 Innocentis
3275 663 3538 734 praeﬁxae

1865 745 2030 800 urbis
2062 746 2328 820 episcopi
2358 749 2721 816 construxit;
2752 749 2856 804 sed
2883 754 2940 805 et
2970 755 3190 806 sancta:
3216 753 3538 826 Adte,qum

1864 839 1921 890 et
1975 834 2311 890 Adrehildis
2364 836 2482 891 alio
2552 838 2796 893 nomine
2839 839 3206 911 nominatur,
3257 857 3414 914 quae,
3471 846 3541 900 ut

1863 922 2098 993 legitur,
2130 923 2492 996 deprecante
2521 926 2806 998 praedicto
2837 933 3045 984 sancto
3091 929 3434 1000 Innocente,
3461 931 3537 990 de

1866 1013 2234 1068 monasterio
2261 1019 2481 1070 sanctae
2515 1016 2704 1070 Mariae
2736 1016 2903 1088 quod
2959 1017 3139 1074 situm
3172 1023 3261 1075 est
3296 1018 3359 1075 in
3388 1019 3540 1077 urbe

1867 1102 2199 1157 Suessionis
2245 1102 2324 1157 ad
2379 1105 2849 1160 Ccnomanicam
2898 1106 3113 1162 urbem
3145 1109 3328 1178 venit,
3371 1114 3429 1166 et
3457 1109 3540 1166 ibi

1866 1190 1929 1246 in
1977 1191 2275 1247 suburbio'
2331 1193 2732 1249 Cenomanico
2765 1194 2825 1248 in
2873 1195 3123 1266 praefato
3171 1197 3540 1255 monasterio

1869 1285 2091 1336 sanctae
2132 1281 2320 1338 Mariae
2349 1281 2621 1352 regulam
2678 1284 2866 1338 sancti
2898 1284 3199 1340 Benedicti
3234 1286 3456 1355 docuit,
3483 1291 3542 1344 et

1869 1385 2003 1424 eam
2038 1369 2183 1425 inibi
2228 1370 2508 1426 decenter
2541 1371 2881 1440 ordinavit;
2913 1377 2969 1428 et
2999 1377 3236 1445 partem
3267 1377 3539 1448 corporis

1869 1458 2060 1514 sancti
2117 1459 2330 1515 Liborii
2388 1460 2747 1533 supradictze
2782 1461 2945 1516 urbis
2994 1463 3261 1535 episcopi
3307 1469 3364 1518 et
3401 1480 3543 1520 eon-

1869 1546 2114 1602 fessoris
2174 1549 2407 1621 optimi,
2460 1556 2516 1605 et
2586 1549 2917 1606 maximam
2972 1555 3206 1623 partem
3271 1555 3540 1626 corporis

1871 1637 2058 1692 sancti
2095 1637 2413 1693 Haduindi.
2447 1639 2756 1694 Antedicta
2789 1656 3034 1712 quoque
3079 1657 3336 1714 corpora
3365 1659 3540 1698 sanc-

1872 1730 2069 1780 torum
2091 1725 2152 1780 in
2175 1725 2426 1782 ecclesia
2449 1743 2635 1799 quam
2665 1728 2948 1800 praefatus
2977 1729 3249 1785 Aldricus
3279 1731 3540 1802 praeﬁxa:

1871 1815 2033 1870 urbis
2079 1816 2399 1890 episcopus
2451 1817 2512 1881 in
2561 1817 2790 1872 honore
2848 1818 3082 1873 Domini
3125 1819 3446 1875 Salvatoris
3485 1824 3544 1876 et

1869 1908 2089 1960 sancta;
2122 1905 2396 1975 ejusdem
2429 1905 2528 1961 Dei
2561 1906 2862 1976 genitricis
2910 1907 3104 1964 Mariae
3149 1914 3330 1981 atque
3363 1925 3541 1965 sanc-

1870 1997 2066 2050 torum
2120 1999 2456 2067 martyrum
2513 1995 2774 2051 Gcrvasii
2806 2000 2864 2051 et
2915 1997 3165 2053 Protasii
3196 1999 3319 2053 sive
3352 1998 3543 2054 sancti

1868 2083 2155 2155 Stephani
2209 2083 2509 2156 simulque
2572 2088 2629 2139 ct
2695 2085 2753 2139 in
2821 2086 3204 2141 veneratione
3262 2087 3539 2142 omnium

1867 2175 2215 2226 sanctorum
2244 2171 2588 2227 solemniter
2617 2173 3014 2242 consecravit,
3043 2179 3098 2229 et
3120 2175 3181 2229 in
3204 2180 3543 2231 memorata

1867 2259 2140 2330 ejusdem
2172 2260 2435 2316 ecclesia:
2472 2261 2723 2315 senioris
2752 2261 3357 2320 altarisconfcssione
3386 2281 3541 2336 prae-

1866 2347 2025 2404 dicta
2051 2365 2326 2423 corpora,
2363 2355 2424 2406 ut
2449 2350 2768 2423 praeﬁxum
2800 2356 2906 2418 est,
2941 2351 3286 2408 solemniter
3323 2353 3541 2409 decen-

1867 2442 2073 2510 terque
2104 2445 2160 2495 et
2185 2438 2594 2495 ordinabilitcr
2630 2439 2965 2510 collocavit,
2999 2457 3071 2497 ea
3127 2441 3398 2498 videlicet
3443 2459 3542 2498 ra-

1869 2527 2027 2583 tione
2055 2533 2119 2583 ut
2143 2527 2287 2583 inibi
2315 2528 2514 2584 ofﬁcia
2544 2536 2601 2584 et
2632 2529 2956 2585 luminaria
2987 2535 3043 2585 et
3095 2534 3310 2586 caetera
3341 2531 3420 2586 ad
3450 2531 3541 2587 di-

1867 2617 2076 2673 vinum
2108 2617 2335 2673 cultum
2364 2623 2419 2673 et
2447 2617 2521 2673 ad
2554 2619 2847 2674 honorem
2871 2623 3216 2675 sanctorum
3243 2620 3543 2693 pertinen-

1872 2707 1950 2762 tia
1972 2707 2228 2779 planiter
2254 2707 2640 2777 haberentur,
2672 2713 2728 2762 et
2759 2707 3151 2780 postmodum
3193 2709 3542 2783 ubicunque

1869 2796 2194 2852 necessitas
2249 2797 2796 2852 construendorum
2850 2798 3194 2870 poposcerit
3243 2806 3542 2856 monaste-

1869 2884 2118 2951 riorum,
2155 2884 2496 2954 singillatim
2526 2886 2776 2958 praefixa
2802 2901 3059 2958 corpora
3085 2887 3144 2943 in
3169 2903 3542 2961 unoquoque

1870 2975 2240 3031 monasterio
2279 2975 2634 3031 collocaret:
2669 2980 2970 3048 quatenus
3029 2994 3098 3036 ex
3158 2994 3369 3043 eorum
3421 2996 3542 3035 me-

1872 3063 2079 3119 moriis
2133 3069 2190 3118 et
2239 3065 2458 3135 apertis
2508 3064 3036 3120 intercessionibus
3090 3067 3286 3136 magis
3346 3067 3541 3123 cultus

1873 3157 2162 3208 cresceret
2211 3153 2473 3221 divinus,
2506 3156 2562 3208 et
2593 3151 2728 3207 laus
2765 3153 2861 3207 Dei
2906 3153 2968 3207 in
3000 3153 3216 3208 melius
3245 3159 3302 3210 et
3334 3155 3540 3210 multis

1874 3241 2072 3297 modis
2117 3241 2639 3313 multiplicaretur,
2700 3241 2854 3296 sicut
2909 3240 2970 3296 in
3023 3242 3278 3313 posteris
3335 3248 3540 3299 actum

1873 3347 2028 3401 esse,
2082 3330 2335 3386 Domino
2383 3335 2706 3395 annuente,
2742 3329 3053 3402 probatur.
3087 3333 3214 3401 Ipse
3267 3346 3412 3399 ergo
3446 3331 3539 3386 Al-

1874 3419 2076 3475 dricus
2105 3420 2164 3474 in
2191 3418 2440 3491 praefata
2484 3418 2717 3474 seniore
2748 3423 2804 3474 et
2829 3422 3016 3474 matre
3049 3419 3302 3476 ecclesia
3334 3421 3540 3476 civita-

1875 3511 1947 3564 tis
1979 3508 2299 3564 duodecim
2333 3509 2506 3579 signa
2535 3523 2607 3563 ex
2640 3507 2881 3563 metallo
2926 3509 3156 3580 optimo
3205 3509 3457 3565 fundere
3484 3514 3542 3566 et

1874 3598 2114 3655 ﬁrmare
2147 3597 2392 3668 studuit,
2424 3615 2560 3670 qua:
2593 3597 2725 3653 etin
2751 3598 2880 3668 jam
2908 3597 3067 3653 dicta
3100 3598 3334 3654 seniore
3358 3599 3542 3655 eccle-

1875 3688 1965 3745 sia
2001 3689 2280 3744 decenter
2299 3688 2361 3744 in
2393 3689 2661 3744 clocariis
2689 3688 3024 3758 collocavit,
3068 3693 3124 3743 et
3155 3689 3233 3744 ad
3267 3689 3539 3758 singulos

1875 3795 2088 3835 cursus
2120 3777 2469 3834 mirabiliter
2497 3782 2556 3833 et
2579 3777 2926 3832 ordinaliter
2955 3777 3204 3832 reboare
3235 3783 3293 3833 et
3322 3794 3538 3834 sonare

1873 3867 2188 3940 disposuit,
2220 3873 2519 3940 quatenus
2549 3872 2604 3923 et
2642 3883 2748 3938 per
2778 3883 2849 3922 ea
2889 3866 3187 3939 populum
3218 3867 3297 3922 ad
3349 3867 3538 3923 eccle-

1875 3957 2027 4012 siam
2079 3955 2360 4013 decenter
2416 3961 2474 4012 et
2524 3956 2866 4012 solemniter
2922 3960 3296 4020 convocaret,
3357 3961 3415 4012 et
3465 3973 3540 4012 ex

1874 4045 1958 4102 eis
1987 4045 2160 4118 plura
2190 4049 2246 4100 et
2277 4045 2633 4101 multimoda
2664 4045 2799 4100 laus
2827 4044 3059 4100 Domini
3076 4050 3466 4101 exornaretur
3481 4049 3539 4102 et

1874 4139 2253 4200 cresceret,ut
2280 4134 2416 4190 etin
2437 4133 2734 4206 cymbalis
2765 4134 2919 4189 bene
2944 4135 3306 4190 sonantibus
3338 4133 3537 4190 cuncti

1874 4223 2114 4279 assidue
2174 4223 2496 4279 Dominum
2544 4222 2881 4289 laudarent,
2928 4227 2986 4279 et
3040 4225 3535 4297 quandocunque

1873 4312 2064 4368 dulcis
2077 4328 2288 4368 eorum
2311 4328 2496 4368 sonus
2513 4313 2572 4367 in
2590 4312 2837 4368 auribus
2856 4312 3223 4385 populorum
3239 4313 3535 4384 reboaret,

113 4401 376 4477 episcopis
410 4410 467 4462 et
499 4405 920 4463 sacerdotibus
953 4407 1077 4462 sive
1098 4407 1346 4480 reliquis
1379 4408 1683 4465 nobilibus
1709 4414 1765 4465 et
1801 4395 1842 4449 ι)
1874 4401 1949 4457 de
1980 4417 2190 4457 eorum
2232 4401 2558 4458 sceleribus
2591 4417 2804 4458 omnes
2841 4401 3320 4470 recordarcntur.
3356 4408 3538 4475 etpro

117 4487 288 4548 liberis
318 4492 676 4550 hominibus
706 4495 993 4551 roborata
1013 4495 1416 4553 conﬁrmavit.
1454 4497 1765 4570 Praescrip-

118 4580 194 4633 tus
217 4581 430 4654 quippe
456 4582 738 4639 Aldricus
771 4583 902 4655 jam
933 4583 1108 4640 dicta:
1126 4585 1292 4640 urbis
1319 4585 1643 4658 episcopus
1670 4603 1763 4643 ve-

118 4667 362 4727 nerabilis
393 4672 629 4728 invenit
652 4673 939 4744 qusedam
969 4689 1227 4748 corpora
1254 4682 1602 4732 sanctorum
1635 4691 1760 4743 sex,

120 4770 232 4825 quae
255 4759 308 4814 in
329 4759 582 4817 desertis
614 4760 881 4818 ecclesiis
913 4761 1090 4819 valde
1119 4760 1340 4820 divinis
1370 4763 1581 4821 ofﬁciis
1604 4771 1659 4821 et
1680 4764 1764 4822 lu-

121 4843 416 4905 minaribus
446 4855 632 4924 atque
662 4850 910 4923 reliquis
959 4851 1180 4907 divinis
1213 4853 1473 4910 cultibus
1503 4854 1763 4924 neglige-

118 4929 322 5004 bantur,
352 4955 487 5011 quae
528 4955 658 4996 una
705 4955 846 4996 cum
876 4940 1128 4997 consilio
1159 4942 1593 4999 conserdotum
1628 4960 1765 4999 suo-

124 5033 232 5078 mm
259 5025 315 5081 in
336 5029 565 5097 gremio
594 5044 724 5084 suae
741 5029 901 5085 sedis
932 5029 1200 5087 ecclesia;
1227 5031 1361 5087 etin
1377 5033 1762 5089 confessione

131 5111 341 5170 senioris
368 5117 646 5188 ejusdem
673 5119 939 5175 ecclesias
969 5119 1172 5176 altaris
1197 5120 1478 5176 decenter
1502 5127 1558 5178 et
1588 5121 1764 5178 ratio-

129 5197 366 5260 nabiliter
419 5205 778 5264 collocavit:
813 5207 875 5263 id
927 5211 1017 5264 est
1045 5223 1270 5282 corpus
1321 5211 1514 5266 sancti
1543 5210 1761 5267 Juliani

132 5288 350 5354 praefatae
377 5295 543 5351 urbis
603 5296 872 5370 episcopi
911 5302 968 5353 et
1024 5297 1438 5370 praedicatoris
1470 5299 1669 5372 primi,
1707 5303 1765 5356 et

132 5379 285 5435 Sancti
325 5382 589 5441 Thuribii
651 5386 916 5458 praedicti
965 5386 1236 5460 episcopi
1272 5387 1491 5445 Iuliani
1525 5405 1761 5444 succes-

131 5463 268 5533 soris,
297 5472 604 5545 sanctique
636 5472 872 5529 Pavacii
895 5474 1026 5545 jam
1047 5473 1220 5531 dicta:
1251 5475 1382 5532 ubis
1412 5477 1593 5533 etiam
1615 5477 1766 5550 epis-

133 5553 239 5623 °°Pi
261 5562 311 5613 et
335 5561 750 5631 priedicatoris
781 5563 1015 5636 optimi,
1048 5580 1156 5621 seu
1177 5565 1366 5621 sancti
1391 5567 1642 5624 Romani
1668 5583 1762 5622 sa-

135 5641 348 5736 ferdotis
377 5651 667 5724 praecipui
697 5656 777 5723 et,
822 5657 888 5708 ut
927 5653 1130 5721 fertur,
1161 5653 1398 5726 nepotis
1430 5656 1619 5712 sancti
1659 5657 1762 5711 Ju-

41 5819 50 5824 l
136 5722 323 5792 lilniet
361 5722 582 5797 sancite
624 5722 914 5801 Romana
953 5722 1550 5815 Ecclesia—ministri,
1579 5761 1764 5818 quem
1797 5798 1801 5802 .

317 5837 556 5896 PATROL.
601 5840 770 5898 CXV.

1875 4491 1960 4547 eis
2015 4491 2249 4547 Domini
2280 4490 2753 4546 misericordiam
2785 4491 3035 4560 singulis
3088 4492 3252 4548 horis
3300 4493 3541 4548 invoca-

1873 4585 2025 4648 rent,
2055 4587 2356 4653 quatenus
2410 4581 2826 4637 remissionem
2859 4585 2913 4636 et
2964 4580 3409 4637 absolutionem
3442 4598 3540 4637 eo-

1872 4686 2009 4726 rum
2066 4671 2372 4742 percipere
2422 4676 2813 4736 mererentur,
2869 4675 2923 4724 et
2955 4670 3374 4741 mundiatque
3405 4668 3540 4740 puri

1875 4759 1954 4816 ab
1983 4759 2267 4815 omnibus
2323 4759 2605 4816 sordibus
2655 4763 3040 4832 peccatorum
3089 4758 3316 4819 ﬁerent,
3359 4762 3541 4827 atque

1873 4848 1950 4905 ad
2005 4849 2435 4921 sempiternam
2500 4847 2809 4920 pervenire
2864 4847 3117 4916 gloriam
3173 4849 3536 4901 mereantur.

1875 4937 2159 4994 Praefatus
2203 4938 2380 5009 igitur
2412 4936 2684 4992 Aldricus
2712 4935 3033 5008 episcopus
3083 4939 3262 4990 tanta:
3320 4934 3429 4990 fuit
3458 4933 3544 4990 di-

1873 5027 2114 5097 gnitatis
2145 5032 2199 5083 et
2225 5027 2474 5082 honoris
2505 5025 2851 5095 amorisque
2875 5029 2938 5078 ut
2966 5040 3158 5096 usque
3187 5023 3264 5080 ad
3327 5027 3542 5081 Roma-

1873 5131 2017 5171 nam
2052 5116 2254 5172 sedem
2279 5117 2410 5185 ejus
2440 5128 2648 5169 rumor
2678 5113 3034 5184 pervenerit,
3069 5113 3243 5186 eique
3275 5113 3542 5170 domnus

1875 5206 2190 5275 Gregorius
2218 5209 2501 5260 Romanis
2527 5201 2684 5257 sedis
2714 5201 2976 5258 ecclesiae
3007 5203 3370 5260 venerabilis
3398 5219 3545 5275 apo-

1874 5295 2117 5352 stolicus
2144 5297 2332 5349 Roma
2353 5291 2410 5347 in
2429 5307 2586 5364 pago
2607 5291 3009 5347 Cenomanico
3033 5307 3212 5347 suum
3229 5291 3544 5347 vestimen-

1876 5390 2002 5441 tum
2026 5380 2395 5439 sacerdotale
2429 5380 2671 5449 miserit,
2700 5380 2846 5435 illud
2865 5380 3086 5435 scilicet
3121 5379 3543 5436 vestimentum

1873 5489 1997 5548 quo
2019 5473 2077 5528 in
2110 5471 2339 5527 Pascha
2370 5469 2616 5526 indutus
2641 5470 2853 5525 fuerat.
2885 5469 3032 5524 Misit
3060 5469 3241 5525 etiam
3273 5469 3325 5526 ei
3357 5469 3542 5526 bacu-

1873 5563 2000 5618 lum
2017 5559 2508 5634 pastorale,quod
2534 5557 2721 5615 ferula
2735 5562 3270 5630 nuncupatur,una
3281 5575 3420 5616 cum
3440 5575 3551 5616 sua

1876 5651 2146 5725 epistola,
2171 5665 2396 5705 vocans
2411 5666 2550 5704 cum
2581 5653 2663 5711 ut,
2688 5646 2735 5701 si
2753 5647 3037 5718 possibile
3058 5648 3228 5716 foret,
3250 5664 3444 5722 usque
3469 5647 3551 5704 ad

1879 5758 2020 5799 eum
2048 5740 2404 5815 perveniret,
2435 5738 2610 5813 eique
2640 5736 2934 5794 concessit
2963 5741 3031 5794 ut
3058 5739 3556 5811 qualemcunque

3299 5841 3329 5892 3
