3944 6464
473 339 539 388 75
1561 325 1842 384 ALDRICI
1879 326 2425 385 CENOMANENSIS
2466 331 2770 388 EPISCOPI
3816 344 3868 395 76

467 455 812 528 petitionem
844 458 897 509 et
929 452 1404 509 benedictionem
1427 467 1461 506 a
1483 451 1621 505 sedc
1640 451 1822 506 sancti
1848 451 2000 505 Petri
2022 468 2116 507 ac-
2153 457 2200 509 A
2228 452 2522 526 episc0pis
2576 460 2632 511 et
2674 456 3087 511 sacerdotibus
3149 458 3665 532 subsequentibus
3708 462 3868 532 signis

466 546 660 617 cipere
693 543 883 612 vellet,
918 547 1020 598 aut
1047 558 1150 615 per
1183 541 1446 612 seipsum
1496 545 1597 595 aut
1628 557 1733 613 per
1775 558 1951 595 suum
1981 541 2117 595 niis-

465 651 600 689 sum
628 634 678 688 ei
702 631 1029 687 voluntarie
1070 634 1126 686 et
1151 630 1356 684 libenti
1388 629 1591 684 animo
1622 629 1876 684 mitteret
1935 636 2113 701 atque

463 721 829 778 concederet.
866 718 989 774 Fuit
1016 717 1176 773 enim
1220 722 1591 772 memoratus
1622 718 1941 790 episcopus
1971 733 2114 772 con-

462 810 717 867 ciliarius
765 806 1139 881 imperatoris
1170 810 1227 862 et
1258 823 1414 860 unus
1460 823 1531 861 ex
1574 806 1897 880 prioribus,
1930 823 2113 878 quem

457 900 579 951 tam
609 894 869 949 domnus
906 892 1233 964 imperator
1260 908 1445 961 quam
1477 896 1531 946 et
1572 890 1661 945 sui
1711 890 2027 962 optimates
2060 894 2116 945 ct

451 984 618 1051 regni
648 999 923 1056 proceres
946 981 1447 1052 obtemperabant
1468 984 1521 1034 et
1547 978 1771 1051 oppido
1792 979 2114 1033 credebant

451 1080 627 1145 atque
657 1072 718 1127 in
748 1071 1033 1128 omnibus
1058 1070 1406 1124 obedientes
1441 1068 1489 1123 ei
1516 1086 1574 1123 se
1605 1084 1734 1122 esse
1756 1072 1810 1123 et
1838 1067 2113 1122 benevoli

448 1164 730 1220 dicebant
759 1172 804 1216 τι.
842 1160 956 1218 Scd
986 1160 1123 1215 inde
1149 1159 1325 1214 valde
1362 1158 1883 1230 tristabaturquod
1907 1158 2115 1229 saepis-

448 1257 594 1309 sime
625 1270 767 1309 eum
790 1252 849 1307 in
877 1251 1098 1323 palatio
1126 1249 1483 1313 retinebant,
1512 1254 1567 1303 et
1592 1253 1905 1320 propterea
1933 1264 2110 1302 suum

446 1342 849 1400 ministerium
889 1341 938 1397 ci
971 1345 1034 1395 ut
1063 1337 1447 1394 desiderabat
1479 1342 1534 1392 et
1558 1337 1797 1392 volebat
1828 1337 2109 1410 perficere

443 1450 569 1491 non
616 1432 852 1495 licebat,
894 1429 1183 1502 quoniam
1215 1432 1339 1482 erat
1366 1443 1631 1499 persaepe
1676 1443 1861 1499 prope
1919 1443 2111 1481 unum

446 1539 678 1579 annum
709 1520 876 1592 quod
906 1518 979 1574 de
1006 1517 1227 1589 palatio
1254 1533 1377 1571 non
1396 1515 1843 1579 absolvcbatur,
1870 1516 1971 1569 scd
2004 1515 2106 1584 ibi,

443 1612 578 1666 licet
622 1609 865 1676 invitus,
897 1606 1280 1673 morabatur;
1323 1612 1377 1661 et
1406 1605 1539 1661 ideo
1584 1604 1773 1660 multa
1800 1619 2106 1659 remanse-

442 1706 581 1756 runt
612 1706 737 1755 tam
766 1698 826 1753 in
858 1714 966 1753 sua
997 1697 1227 1751 civitate
1255 1712 1442 1765 quam
1484 1699 1537 1749 et
1569 1694 1628 1749 in
1658 1694 1779 1747 suis
1812 1697 2108 1747 monaste-

2224 541 2575 610 humatum;
2605 561 2862 616 quorum
2890 547 3161 617 precibus
3193 548 3271 602 ab
3302 549 3595 604 omnibus
3624 551 3860 623 petituris

2226 630 2461 687 liberari
2506 634 2679 687 malis
2739 641 2795 689 et
2833 636 3059 690 cunctis
3098 636 3221 705 frui
3277 638 3637 695 zeternaliter
3686 640 3865 701 bonis,

2220 719 2356 791 ipso
2388 723 2728 789 auxiliante,
2761 725 2853 779 cui
2885 730 2966 779 est
3008 727 3202 781 honor
3246 732 3300 782 et
3350 728 3542 797 gloria
3567 729 3629 783 in
3676 730 3867 785 Saecula

2226 810 2605 866 saeculorum.
2645 814 2857 869 Amen.

2969 958 3122 1011 XLII.

2225 1058 2657 1136 Co_nstitut2'o__A
2672 1060 2850 1115 ldrim'
2888 1062 3056 1136 urbis
3084 1062 3498 1120 Cenomam’ca?
3529 1068 3785 1136 episcopi
3808 1071 3868 1123 de

2296 1132 2693 1187 tuminaribus
2726 1139 2776 1187 et
2810 1135 3142 1189 incensz‘bus
3183 1138 3441 1192 ἀπειθείας
3470 1132 3865 1194 εθφὲίονὶδέίπι-

2294 1204 2452 1257 tatis.

2292 1327 2689 1381 Constitutum
2729 1331 2782 1382 et
2814 1328 2891 1383 ab
2921 1328 3155 1384 Aldrico
3187 1333 3605 1388 Cenomanicae
3634 1335 3865 1389 civitatis

2220 1415 2503 1487 episcopo
2534 1419 2598 1469 ut
2628 1414 2878 1472 ardeant
2900 1433 3008 1489 per
3036 1418 3421 1491 quotidianae
3449 1428 3657 1477 noctes
3684 1423 3739 1477 in
3790 1440 3864 1477 se-

2204 1504 2371 1559 ‘niori
2397 1504 2647 1560 ecclesia
2678 1505 2750 1559 de
2778 1506 2909 1560 oleo
2942 1522 2977 1561 a
3004 1522 3245 1579 vespere
3277 1524 3383 1580 per
3415 1514 3607 1566 totam
3646 1517 3865 1569 noctem

2220 1609 2410 1665 usque
2442 1610 2619 1649 mane
2653 1594 2782 1662 tria,
2805 1600 2860 1649 et
2886 1594 2961 1651 de
2990 1611 3150 1667 cera,
3190 1598 3439 1668 quando
3468 1604 3712 1671 tempus
3760 1602 3865 1655 dic-

2220 1684 2446 1749 taverit,
2476 1700 2618 1750 una,
2646 1689 2702 1739 et
2754 1684 2832 1739 ad
2865 1691 3191 1741 nocturnas
3241 1688 3364 1742 sive
3423 1692 3754 1746 matutinas
3783 1707 3864 1744 ar-

443 1790 542 1844 riis
573 1789 695 1843 sive
718 1788 780 1843 in
803 1802 913 1841 sua
935 1784 1219 1858 paroehia
1242 1783 1608 1855 imperfecta,
1631 1782 1738 1836 sed
1758 1781 2105 1864 etquzedam
2146 1810 2186 1864 Β
2217 1772 2399 1828 deant
2430 1773 2750 1829 luminaria
2786 1790 2891 1846 per
2948 1775 3325 1845 quotidianas
3374 1784 3582 1833 noctes
3632 1780 3708 1835 de
3750 1781 3866 1835 oleo

443 1896 547 1934 nec
577 1878 859 1935 inchoata
888 1892 1024 1949 qua:
1063 1874 1142 1930 ad
1172 1873 1440 1929 divinum
1476 1872 1704 1927 cultum
1736 1871 2103 1944 explendum

443 1976 499 2026 et
552 1969 630 2025 ad
673 1968 916 2023 laudem
965 1965 1389 2036 omnipotentis
1442 1962 1540 2017 Dei
1591 1962 2102 2028 magniticandam

442 2067 620 2131 atque
651 2058 726 2113 ad
761 2058 1072 2123 utilitatem
1119 2059 1339 2109 sancta:
1390 2052 1762 2107 Deih‘cclesize
1794 2052 2103 2121 perticien-

441 2149 582 2203 dam
614 2147 806 2203 facere
840 2145 1163 2217 prudenter
1192 2142 1551 2213 disponebat
1574 2146 1629 2195 et
1650 2141 1851 2212 perlici
1875 2139 2103 2194 deside-

440 2238 632 2293 rabat.
665 2235 983 2291 Praedictus
1015 2250 1257 2305 quoque
1312 2231 1586 2285 Aldrieus
1623 2230 1941 2301 cpiscopus
1970 2229 2102 2283 fecit

439 2325 844 2382 ordinationes
867 2340 973 2396 per
1001 2323 1237 2378 diversa
1260 2328 1314 2376 et
1332 2320 1623 2375 canonica
1650 2324 1921 2390 tempora
1938 2334 2104 2374 sexa-

439 2416 624 2485 ginta.
658 2414 980 2486 Episcopos
1011 2427 1152 2479 ergo
1184 2409 1440 2465 sacravit
1466 2413 1715 2481 septem,
1756 2407 2097 2463 sacerdotes

436 2521 579 2562 vero
601 2505 993 2572 octingentos,
1024 2500 1252 2555 Levitas
1302 2504 1659 2566 nongentos.
1686 2496 2099 2551 Subdiaconos

439 2608 682 2666 quoque
709 2595 767 2646 et
812 2590 1074 2661 reliquos
1129 2587 1370 2643 ordines
1402 2592 1580 2658 prout
1610 2586 1930 2640 necessitas
1960 2602 2098 2657 pos-

440 2682 650 2748 cebat;
679 2695 940 2751 quorum
972 2676 1220 2732 nomina
1237 2680 1480 2748 prepter
1502 2675 1900 2746 prolixitatem
1929 2681 1984 2730 et
2006 2680 2099 2729 tie-

439 2771 610 2827 dium
640 2768 941 2840 scriptoris
967 2772 1146 2839 atque
1167 2765 1402 2820 lectoris
1433 2765 1529 2820 hic
1558 2782 1679 2820 non
1712 2764 2095 2827 inseruimus,

440 2859 547 2915 sed
570 2858 633 2913 in
657 2857 776 2914 alia
802 2855 1069 2925 scedula,
1090 2855 1152 2910 in
1182 2870 1303 2927 qua
1328 2853 1577 2909 nomina
1604 2870 1813 2909 eorum
1836 2857 1894 2909 et
1926 2858 2096 2908 testes

440 2953 496 3004 et
516 2946 715 3005 titulos
747 2950 803 3002 et
832 2950 1105 3016 tempora
1134 2948 1190 2999 et
1217 2944 1447 3015 reliqua
1469 2960 1601 3014 quae
1632 2944 1708 2998 ad
1753 2943 1866 2998 hoc
1917 2942 2096 3015 perti-

435 3043 584 3096 nent
631 3036 866 3109 plenius
897 3035 1258 3091 inseruimus
1293 3052 1305 3101 ;
1340 3037 1397 3089 et
1428 3034 1474 3087 si
1509 3034 1643 3105 quis
1676 3034 1802 3089 inec
1856 3033 2092 3105 plenius

435 3145 617 3186 nosse
642 3127 917 3196 voluerit,
946 3125 1011 3181 in
1043 3141 1115 3182 ea
1158 3124 1415 3197 reperire
1440 3124 1657 3191 valeat,
1696 3122 1783 3179 vel
1814 3123 1860 3178 si
1889 3124 2094 3196 aliqua

433 3218 737 3277 altercatio
762 3217 836 3273 de
857 3232 1067 3273 eorum
1087 3213 1460 3272 ordinatione
1486 3214 1697 3269 futuris
1722 3213 2095 3286 temporibus

434 3314 563 3365 orta
588 3307 868 3378 fuerit,in
917 3306 1051 3379 ipsa
1100 3304 1344 3360 scedula
1374 3308 1663 3376 appareat
1700 3303 1949 3374 pleniter
1988 3303 2092 3358 de-

435 3398 728 3454 claratum
757 3394 1011 3466 qualiter
1029 3398 1133 3449 aut
1160 3410 1283 3465 qua
1314 3398 1541 3448 ratione
1570 3394 1691 3446 sive
1717 3392 1797 3449 ad
1846 3409 2001 3465 quos
2034 3393 2096 3447 ti-

435 3487 590 3543 tulos
616 3482 874 3539 ordinati
904 3498 1033 3536 esse
1054 3487 1404 3537 noscuntur.
1446 3484 1649 3552 Ipsam
1690 3480 1852 3535 enim
1880 3481 2092 3536 scedu-

434 3576 558 3632 lam
579 3571 745 3645 apud
766 3570 1060 3627 seniorem
1082 3568 1394 3625 custodem
1424 3571 1627 3623 matris
1655 3573 1711 3623 et
1738 3569 1984 3623 civitatis
2006 3584 2097 3624 ec-

436 3664 629 3721 clesiae
684 3660 941 3733 reperire
998 3658 1213 3730 poterit
1242 3656 1289 3711 si
1342 3657 1476 3728 quis
1508 3656 1777 3712 voluerit.
1830 3657 2095 3713 Sacravit

434 3755 611 3809 etiam
636 3749 957 3823 praedictus
986 3746 1253 3820 pontifex
1286 3745 1541 3815 virgines
1583 3745 1732 3800 inter
1760 3747 2092 3802 monachas

433 3850 489 3901 et
519 3841 841 3899 canonicas
870 3854 977 3912 per
1001 3837 1238 3893 diversa
1264 3841 1317 3891 et
1349 3835 1642 3897 canonica
1668 3839 1938 3907 tempora
1960 3852 2093 3893 cen-

431 3940 559 3992 tum
598 3938 655 3989 et
682 3930 910 4002 viginti.
933 3933 996 3985 ln
1020 3926 1381 3984 monasterio
1410 3925 1687 3981 videlicet
1718 3928 2089 3982 lntramnen~

429 4026 478 4081 si
523 4022 856 4080 monachas
895 4020 1154 4089 virgines
1202 4015 1490 4073 canonice
1544 4016 1801 4073 sacravit
1830 4017 2090 4089 quadra-

431 4114 597 4184 ginta
643 4112 934 4183 quinque.
994 4112 1059 4163 Et
1104 4108 1168 4164 in
1219 4105 1585 4162 monasterio
1635 4108 1862 4162 Sanctae
1898 4107 2089 4164 Maria:

423 4204 598 4274 juxta
639 4200 853 4255 urbem
908 4213 1088 4270 super
1137 4195 1393 4251 ﬂuvium
1453 4195 1702 4266 Sarthae,
1748 4196 1916 4268 quod
1961 4197 2089 4269 ipse

429 4310 467 4350 a
510 4305 669 4347 novo
698 4288 973 4345 fundavit
1029 4290 1086 4342 et
1133 4285 1383 4351 ornavit,
1434 4287 1768 4342 monachas
1828 4286 2089 4355 virgines

429 4377 797 4438 consecravit
824 4377 1063 4446 triginta
1087 4379 1243 4443 octo,
1263 4380 1319 4431 et
1342 4375 1605 4447 reliquas
1629 4376 1955 4432 canonicas
1978 4376 2088 4431 vir-

429 4472 598 4543 gines
620 4485 728 4542 per
755 4468 991 4524 diversa
1015 4466 1151 4523 loca
1192 4466 1447 4522 Domino
1479 4466 1798 4523 militantes
1824 4471 2084 4538 septem-

425 4559 642 4617 decim.

1198 4678 1327 4731 XLI.

420 4789 508 4847 De
540 4787 940 4847 translatione
978 4784 1246 4853 corporis
1287 4783 1486 4838 sancti
1515 4783 1768 4839 Pavaciz’
1796 4788 1852 4839 et
1883 4784 2088 4841 dextri

889 4874 1123 4931 brachii
1142 4873 1341 4929 sancti
1368 4872 1614 4927 Liborz’i.

491 4985 665 5040 Anno
695 4982 1122 5041 incarnationis
1171 4980 1407 5037 Domini
1456 4979 1643 5035 nostri
1680 4982 1816 5035 Jesu
1866 4982 2080 5038 Christi

421 5073 547 5139 840,
597 5073 919 5128 indictione
966 5088 1049 5133 ιιι,
1111 5086 1274 5126 anno
1323 5085 1464 5124 vero
1518 5069 1755 5142 imperii
1800 5070 2081 5127 Ludovici

418 5162 676 5236 piissimi
713 5161 963 5231 Augusti
991 5176 1172 5229 xxvu,
1222 5164 1278 5213 et
1307 5174 1467 5214 anno
1506 5175 1606 5214 vm
1650 5159 1869 5215 Aldrici
1897 5162 2077 5231 hujus

416 5250 719 5324 parochiee
747 5248 1019 5321 episcopi
1072 5252 1249 5319 atque
1280 5247 1459 5317 hujus
1490 5248 1745 5303 cmnobii
1802 5249 2079 5305 fundato-

416 5341 519 5409 ris,
549 5358 631 5397 vn
658 5340 930 5396 videlicet
984 5336 1200 5393 iduum
1238 5337 1543 5394 Julianum
1592 5339 1709 5409 die,
1735 5338 2078 5395 solemniter

415 5430 777 5486 translatum
831 5431 920 5483 est
948 5443 985 5483 a
1028 5428 1372 5499 praescripto
1425 5428 1707 5501 episc'0po
1756 5433 1813 5484 et
1842 5429 1920 5485 ab
1946 5429 2075 5485 aliis

415 5518 713 5589 episcopis
772 5521 830 5572 et
869 5515 1281 5571 sacerdotibus
1313 5520 1369 5572 et
1392 5516 1635 5589 reliquis
1682 5518 1867 5573 sacris
1918 5518 2075 5575 ordi-

413 5607 594 5663 nibus
632 5623 852 5679 corpus
891 5606 1076 5663 sancti
1101 5607 1330 5663 Pavacii
1361 5612 1416 5663 et
1440 5607 1760 5663 brachium
1792 5608 2089 5663 dextrum-

416 5695 605 5751 sancti
635 5695 851 5752 Liborii
870 5695 932 5751 in
962 5696 1119 5751 hanc
1148 5696 1346 5752 Sancti
1378 5695 1699 5752 Salvatoris
1732 5695 2066 5757 ecclesiam,

411 5786 652 5858 hucque
699 5787 762 5841 in
804 5786 1179 5863 nobilissima
1229 5802 1380 5841 urna
1409 5786 1686 5841 decenter
1734 5801 1769 5842 a
1808 5785 2069 5856 praefixis

2214 1862 2511 1933 decem;et
2536 1862 2611 1918 de
2659 1880 2795 1919 cera
2823 1864 3109 1937 quinque,
3145 1866 3252 1921 tria
3278 1871 3414 1923 ante
3443 1869 3647 1924 senius
3675 1869 3864 1937 altare,

2213 1957 2269 2007 et
2293 1958 2576 2024 quartum
2619 1956 2754 2007 ante
2787 1953 2969 2008 altare
3003 1959 3223 2010 sanctae
3253 1955 3548 2013 Trinitatis
3577 1958 3677 2015 vel
3697 1959 3867 2015 cruci-

2212 2042 2423 2110 fixum,
2458 2046 2511 2096 et
2541 2042 2821 2113 quintum
2855 2047 2988 2096 ante
3020 2043 3201 2099 altare
3253 2046 3437 2100 sancti
3471 2049 3745 2103 Joannis.
3780 2048 3867 2103 Illa

2212 2146 2353 2186 vero
2374 2130 2694 2186 luminaria
2716 2148 2849 2202 quae
2878 2130 2950 2185 de
2982 2130 3113 2186 oleo
3144 2131 3293 2188 fiunt
3316 2135 3568 2190 ardeant
3599 2153 3712 2209 per
3737 2138 3867 2193 alta-

2212 2220 2299 2274 ria
2319 2224 2375 2274 et
2408 2219 2543 2274 loca
2593 2219 2909 2288 destinata,
2945 2236 3133 2275 unum
3165 2220 3315 2276 inter
3358 2223 3559 2277 senius
3590 2225 3776 2281 altare
3820 2231 3867 2282 et

2214 2308 2417 2364 sedem
2450 2307 2871 2380 episcopalem,
2900 2312 2955 2363 et
2987 2307 3147 2363 aliud
3179 2313 3314 2365 ante
3351 2310 3577 2379 gradus
3631 2315 3867 2370 senioris

2214 2397 2438 2453 altaris.
2470 2402 2525 2452 et
2560 2396 2793 2451 tertium
2826 2397 2886 2451 in
2917 2396 3117 2452 medio
3149 2399 3349 2467 choro,
3387 2404 3443 2455 et
3492 2408 3784 2473 quartum
3814 2405 3866 2459 in

2212 2486 2370 2542 exitu
2419 2487 2601 2552 chori,
2637 2485 2989 2557 etquintum
3020 2492 3153 2541 ante
3206 2487 3389 2543 altare
3422 2491 3611 2545 sancti
3643 2494 3867 2559 Georgii

2210 2581 2267 2631 et
2292 2576 2478 2630 sancti
2519 2575 2717 2630 Felicis
2749 2584 2925 2647 atque
2958 2575 3145 2631 sancti
3181 2578 3607 2649 Symphoriani
3639 2585 3697 2635 et
3737 2582 3865 2636 alio-

2210 2682 2345 2720 rum
2378 2668 2721 2719 sanctorum
2754 2679 3015 2735 quorum
3043 2663 3292 2719 nomina
3326 2682 3507 2738 super
3547 2683 3619 2723 eo
3654 2670 3867 2742 ascrip-

2212 2761 2270 2812 ta
2295 2755 2504 2810 adessc
2538 2753 2832 2822 videntur,
2862 2755 2917 2806 et
2967 2757 3203 2808 sextum
3230 2758 3367 2809 ante
3419 2755 3606 2812 altare
3652 2765 3867 2815 sanctae,

2208 2844 2449 2914 Agathae
2503 2846 2557 2896 et
2607 2846 2827 2895 sancta).
2890 2840 3196 2896 Felicitatis
3246 2846 3303 2898 et
3357 2849 3577 2901 sanctae
3636 2847 3867 2903 Sabinae

2208 2938 2263 2988 et
2296 2932 2551 2988 aliarum
2601 2935 2943 2984 sanctarum
2977 2930 3277 2997 virginum
3323 2949 3585 3005 quarum
3620 2938 3868 2991 nomina

2209 3037 2389 3093 super
2448 3019 2588 3074 illud
2649 3017 2868 3091 scripta
2918 3018 3131 3074 adesse
3187 3020 3501 3089 videntur,
3564 3026 3867 3096 septimun

2209 3115 2343 3166 ante
2386 3108 2565 3164 altare
2619 3113 2839 3162 sanctae
2899 3107 3230 3171 Trinitatis,
3286 3115 3341 3165 et
3397 3116 3685 3168 octavum
3737 3122 3867 3170 ante

2208 3216 2376 3255 aram
2433 3197 2620 3253 sancti
2667 3195 2915 3251 Joannis
2968 3196 3264 3269 Baptistae,
3319 3202 3376 3253 et
3443 3214 3681 3257 nonum
3737 3208 3869 3259 ante

2206 3289 2389 3345 altare
2418 3286 2689 3342 omnium
2718 3289 3082 3352 sanctorum,
3108 3292 3164 3341 et
3188 3286 3491 3343 decimum
3536 3295 3678 3345 ante
3702 3307 3867 3348 aram

2215 3378 2369 3433 santi
2398 3374 2802 3447 Cinistophori
2829 3378 2883 3429 et
2911 3374 3094 3429 sancti
3128 3375 3428 3447 Hyppoliti
3460 3383 3643 3451 atque
3679 3382 3869 3437 sancti

2207 3465 2509 3525 Saturnini
2558 3469 2614 3519 et
2657 3464 3026 3535 reliquorum
3070 3470 3417 3520 sanctorum
3460 3482 3730 3538 quorum
3772 3487 3871 3525 n0-

2202 3558 2367 3614 mina
2394 3570 2572 3627 super
2604 3552 2747 3608 illud
2782 3553 3001 3625 scripta
3030 3568 3157 3608 esse
3197 3553 3495 3623 videntur,
3538 3560 3594 3611 et
3626 3558 3869 3614 undeci-

2203 3660 2373 3700 mum
2422 3647 2558 3697 ante
2618 3640 2799 3696 altare
2853 3639 3041 3695 sancti
3074 3640 3313 3697 Victorii
3369 3647 3423 3697 et
3455 3644 3645 3699 sancti
3688 3646 3870 3702 Brixii

2202 3738 2380 3804 atque
2438 3730 2626 3785 sancti
2670 3728 2836 3783 Arvei
2896 3733 2952 3784 et
3001 3728 3368 3801 reliquorum
3420 3736 3773 3788 sanctorum
3810 3734 3867 3787 in

2202 3837 2463 3895 quorum
2510 3820 2736 3874 honore
2803 3823 3108 3875 sacratum
3159 3836 3287 3873 esse
3339 3822 3747 3889 cognoscitur.
3808 3828 3867 3878 ln

2202 3910 2521 3966 Dominicis
2576 3925 2713 3963 vero
2746 3908 3027 3963 omnibus
3071 3908 3347 3964 noctibus
3398 3914 3454 3964 et
3482 3910 3541 3965 in
3584 3910 3869 3968 festivita-

2199 4000 2359 4057 tibus
2404 4016 2470 4054 xx
2502 4003 2847 4053 sanctorum
2896 3998 3289 4054 constitutum
3338 4002 3426 4053 est
3477 4002 3545 4054 ut
3595 4002 3865 4074 amplius

2197 4088 2597 4147 incendantur
2627 4092 2683 4142 et
2740 4087 2989 4142 ardeant
3039 4086 3361 4144 luminaria
3404 4105 3526 4143 xxx
3576 4088 3651 4144 de
3708 4091 3864 4149 oleo.

2198 4185 2255 4235 et
2274 4178 2539 4253 quinque
2572 4177 2643 4231 de
2672 4192 2826 4241 cera,
2855 4181 2910 4232 et
2961 4175 3020 4230 in
3050 4177 3359 4233 festivitate
3393 4178 3585 4233 sancti
3613 4181 3868 4235 Jaannis

2199 4266 2454 4341 apOstoli
2509 4270 2564 4320 et
2616 4265 3020 4337 evangelistm,
3052 4270 3108 4320 et
3145 4266 3208 4321 in
3270 4266 3581 4323 festivitate
3629 4275 3870 4325 sancto-

2199 4375 2334 4414 rum
2390 4356 2823 4423 lnnocentiuin,
2856 4358 2913 4411 et
2969 4355 3030 4410 in
3078 4356 3306 4412 octavis
3357 4356 3613 4425 Domini,
3648 4358 3776 4415 sive
3810 4360 3869 4414 in

2199 4446 2425 4504 octavis
2460 4445 2826 4518 Epiphaniae,
2868 4449 2925 4500 ct
2951 4444 3014 4499 in
3044 4443 3360 4501 festivitate
3401 4451 3624 4503 sanctae
3665 4452 3867 4520 Agne-

2124 4522 2169 4577 D
2198 4539 2294 4607 tis,
2328 4552 2433 4591 seu
2459 4535 2520 4590 in
2551 4534 2861 4589 festivitate
2893 4539 3110 4591 sanctae
3142 4535 3413 4607 Agathaa,
3462 4539 3519 4591 et
3550 4536 3611 4591 in
3642 4536 3867 4594 festivi-

2198 4630 2315 4683 tate
2346 4624 2755 4698 apostolorum
2790 4623 3049 4697 Philippi
3079 4628 3135 4679 et
3190 4624 3418 4691 Jacobi,
3457 4629 3513 4681 et
3560 4624 3625 4682 in
3653 4626 3867 4683 inven-

2197 4716 2354 4772 tione
2376 4719 2594 4770 sanctre
2622 4714 2832 4780 crucis,
2869 4718 2923 4770 et
2978 4714 3039 4767 in
3072 4713 3383 4769 festivitate
3434 4715 3628 4770 sancti
3685 4717 3864 4788 Petri,

2195 4804 2461 4861 similiter
2490 4807 2547 4858 et
2593 4802 2654 4858 in
2684 4801 3001 4858 festivitate
3034 4802 3225 4858 sancti
3268 4802 3456 4870 Pauli,
3491 4818 3599 4858 seu
3645 4803 3712 4860 in
3742 4805 3866 4861 fes-

2192 4895 2413 4950 tivitate
2446 4891 2637 4948 sancti
2678 4891 2991 4959 Laurentii,
3026 4895 3083 4946 et
3124 4891 3184 4946 in
3216 4891 3615 4948 decollatione
3670 4895 3867 4951 sancti

2188 4983 2434 5048 Joannis
2460 4983 2758 5054 Baptistae,
2796 4982 2916 5036 sive
2946 4981 3007 5035 in
3038 4981 3350 5037 festivitate
3379 4982 3569 5037 sancti
3606 4983 3865 5040 Michae-

2187 5073 2259 5129 lis
2288 5071 2651 5141 archangeli,
2686 5076 2863 5143 atque
2911 5071 2973 5126 in
3022 5070 3337 5127 festivitate
3379 5070 3569 5126 sancti
3616 5074 3866 5130 Bartho-

2187 5160 2387 5218 lomaai
2444 5160 2723 5233 apostoli,
2756 5164 2811 5215 et
2864 5160 2927 5216 in
2983 5158 3295 5216 festivitate
3356 5160 3545 5216 sancti
3601 5163 3864 5218 Matthzei

2186 5250 2441 5323 apostoli
2473 5254 2529 5304 et
2557 5249 2949 5319 evangelista,
2986 5249 3106 5304 sive
3145 5248 3208 5303 in
3257 5248 3571 5304 festivitate
3612 5255 3866 5324 aposto-

2183 5340 2382 5395 lorum
2431 5338 2687 5394 Simonis
2721 5344 2776 5393 et
2804 5339 2990 5408 Judae,
3020 5354 3128 5394 nec
3160 5354 3283 5393 non
3329 5342 3383 5393 et
3433 5338 3495 5393 in
3537 5339 3865 5397 festivitate

2184 5430 2460 5486 omnium
2516 5434 2863 5485 sanctorum
2913 5428 3193 5484 Kalendis
3243 5428 3622 5499 Novembris,
3677 5437 3863 5505 atque

2182 5518 2244 5573 in
2272 5517 2581 5573 festivitate
2622 5517 2810 5573 sancti
2831 5517 3079 5583 Martini,
3104 5521 3161 5573 et
3188 5518 3249 5572 in
3280 5517 3595 5574 festivitate
3628 5526 3863 5576 sanctae

2182 5606 2424 5662 Caeciliae
2469 5607 2715 5677 virginis
2766 5612 2821 5662 et
2863 5606 3165 5679 martyris,
3211 5610 3395 5679 atque
3443 5606 3506 5662 in
3564 5607 3863 5666 festivita-

2180 5700 2234 5752 te
2289 5697 2477 5753 sancti
2530 5696 2777 5752 Andreze
2827 5695 3101 5769 apostoli.
3134 5697 3200 5752 In
3229 5697 3322 5753 his
3356 5714 3601 5771 quoque
3626 5699 3859 5755 festivi-

2180 5785 2400 5841 tatibus
2422 5784 2679 5858 amplius
2711 5791 2943 5855 agatur,
2984 5787 3046 5842 id
3076 5790 3184 5855 est,
3216 5787 3280 5845 in
3307 5788 3650 5860 Epiphania
3702 5794 3764 5846 et
3790 5790 3857 5845 in

484 5899 502 5924 ·
535 5894 671 5953 Vidc
695 5898 1067 5970 praeceptum
1096 5894 1379 5952 Ludovici
1406 5893 1490 5950 Pii
1519 5908 1631 5965 pro
1660 5892 1922 5953 ecclesiae
1954 5893 2415 5965 Cenomanensi,
2442 5893 2833 5965 Pati-alogias,
2861 5896 3025 5955 tomo
3053 5893 3186 5965 CIV,
3218 5893 3333 5957 col.
3366 5898 3523 5954 4296.

3530 6075 3557 6088 Α
