3944 6414
42 341 104 392 77

3410 358 3478 418 78

42 458 445 517 Puriﬁcatione
486 463 709 517 sanctae
750 461 940 518 Mariae
980 464 1037 518 et
1082 461 1158 556 in‘
1184 458 1547 556 Ascensione
1590 459 1702 556 Do-
1729 470 1776 525 Α
1813 458 2151 556 subjectum
2186 486 2315 527 esse
2345 469 2629 540 debebat,
2651 477 2708 531 et
2725 472 2842 532 hoc
2857 473 3093 549 legibus
3114 477 3481 556 afﬁrmabat,

40 550 200 621 mini,
234 566 349 606 seu
386 548 448 605 in
479 551 894 619 Pentecosten,
923 555 978 606 et
1018 550 1080 607 in
1123 550 1499 607 dedicatione
1547 548 1698 606 occi-

38 640 285 696 dentalis
334 640 522 714 partis
570 640 833 697 ecclesiae
873 641 1122 698 senioris
1168 645 1225 698 et
1267 641 1467 697 altaris
1508 640 1698 696 sancti

36 729 276 786 Joannis
309 729 609 804 Baptistae,
643 746 779 803 quae
810 736 899 787 est
920 748 979 787 χι
1005 731 1138 787 Kal.
1170 729 1328 796 Julii,
1357 735 1413 787 et
1442 729 1501 786 in
1539 731 1694 785 nati-

36 821 208 877 vitate
237 820 426 877 sancti
457 820 709 876 Joannis
737 822 1034 894 Baptistae,
1069 825 1126 877 et
1168 820 1229 876 in
1268 819 1696 893 Assumptione

37 915 249 967 sanctae
281 910 497 981 Mariae,
526 914 585 967 et
631 910 692 967 in
721 911 1023 967 nativitate
1072 916 1292 967 sanctae
1340 911 1553 980 Mariae,
1588 925 1697 966 seu

34 1000 88 1056 in
120 1000 319 1058 natale
349 1000 639 1074 episcopi,
673 1017 810 1074 qua:
865 1000 1062 1071 agitur
1107 1004 1168 1058 in
1220 1001 1316 1057 die
1369 999 1695 1057 festivitatis

36 1089 214 1146 sancti
238 1091 485 1147 Thomas
500 1090 778 1163 apostoli,
802 1094 982 1164 atque
1007 1091 1069 1147 in
1090 1090 1465 1148 dedicatione
1487 1089 1695 1146 matris

36 1185 85 1234 et
109 1178 358 1235 senioris
374 1178 643 1235 ecclesia),
664 1196 788 1235 suae
811 1179 1062 1237 senioris
1086 1180 1306 1237 altaris.
1325 1182 1388 1236 In
1409 1179 1504 1236 his
1518 1195 1692 1237 nam-

34 1284 144 1341 que
168 1266 598 1325 festivitatibus
620 1269 1007 1326 con'stitutum
1031 1275 1119 1326 est
1146 1273 1212 1325 ut
1242 1269 1496 1327 ardeant
1521 1269 1693 1325 lumi-

34 1357 193 1413 naria
214 1356 537 1431 triplicata.
565 1357 629 1413 id
656 1362 767 1427 est,
800 1358 877 1415 de
906 1359 1040 1416 oleo
1082 1359 1438 1430 nonaginta,
1466 1363 1525 1416 et
1557 1375 1695 1416 cera

34 1446 255 1520 decem,
277 1447 397 1503 hoc
441 1447 666 1505 scilicet
694 1453 937 1505 centum
973 1449 1070 1506 vel
1098 1467 1169 1506 eo
1195 1450 1482 1523 amplius,
1514 1452 1695 1524 prout

35 1537 445 1609 opportunitas
474 1542 534 1594 et
577 1537 747 1595 locus
791 1539 987 1597 fuerit.
1018 1542 1243 1598 Tamen
1289 1539 1458 1597 nullo
1506 1539 1692 1596 modo

35 1642 384 1682 concessum
414 1630 510 1683 est
539 1631 604 1684 ut
624 1629 844 1697 minus,
869 1629 975 1685 sed
997 1629 1277 1703 amplius.
1304 1633 1365 1686 In
1388 1629 1691 1686 nativitate

36 1721 223 1771 autem
253 1716 495 1773 Domini
525 1722 650 1774 tam
678 1718 885 1775 festive
917 1720 1303 1775 constitutum
1333 1723 1422 1776 est
1464 1719 1591 1775 fieri
1622 1720 1693 1775 si-

1812 554 2065 644 licontra
2133 560 2553 629 Sigismundus
2626 564 2865 621 dicebat
2936 567 3104 641 quod
3164 554 3481 644 proprium

1810 641 2022 734 domui
2048 646 2425 720 imperatoris
2457 668 2588 708 esse
2628 654 2907 719 debebat,
2938 660 2995 713 et
3042 641 3184 714 non?
3213 641 3301 717 de
3331 676 3482 734 prae-

1810 731 1971 789 dicta
2004 737 2292 795 ecclesia:
2358 740 2465 796 sed
2520 741 2750 800 nullam
2798 761 3004 802 veram
3061 731 3480 808 auctoritatem

1808 823 2023 881 exinde
2082 828 2457 898 ostendebat,
2486 831 2599 887 nisi
2649 836 2883 890 tantum
2930 850 3119 892 unam
3163 838 3480 911 epistolam
3546 903 3561 915 ,

1808 927 1996 984 quam
2018 916 2301 990 Pippinus
2330 924 2574 1002 propter
2602 922 2813 979 odium
2844 924 3180 983 Gauzioleni
3213 926 3480 1002 episcopi

1808 1002 2049 1060 cuidam
2068 1021 2177 1061 suo
2192 999 2493 1065 monacho
2511 1009 2751 1082 fecerat,
2767 1015 2832 1068 ut
2856 1012 2936 1069 illi
2960 999 3300 1087 subjectum
3323 999 3482 1075 esset

1809 1095 1867 1147 et
1888 1108 2011 1149 non
2036 1096 2392 1155 Gauzioleno
2419 1115 2431 1153 :
2460 1100 2648 1156 ethoc
2676 1106 2922 1175 propter
2942 1103 3152 1161 odium
3181 1106 3479 1164 Gauziole-

1805 1180 1867 1236 ni
1893 1181 2118 1240 factum
2140 1202 2267 1242 esse
2290 1193 2732 1260 perscrutatum
2755 1194 2863 1247 est.
2890 1192 3042 1258 Quia
3078 1196 3327 1267 quando
3371 1196 3481 1253 fuit

1806 1270 2097 1345 Pippinus
2122 1277 2603 1334 Cenomanicain
2632 1279 2849 1352 patria,
2872 1286 2928 1337 et
2949 1282 3024 1337 de
3046 1283 3318 1356 quadam
3347 1300 3478 1359 per-

1808 1364 2111 1419 secutione
2136 1363 2522 1423 inimicorum
2549 1383 2803 1425 suorum
2830 1385 3109 1427 reversus
3155 1388 3263 1445 per
3292 1376 3478 1432 Ceno-

1804 1450 2110 1508 manicam
2149 1454 2408 1527 patriam
2449 1458 2768 1525 transibat,
2809 1463 2953 1517 tunc
2998 1476 3142 1517 eum
3188 1461 3476 1536 praefatus

1807 1540 2200 1599 Gauziolenus
2225 1547 2281 1600 et
2302 1562 2447 1601 suus
2464 1545 2645 1603 frater
2661 1548 2935 1605 Harivius
2952 1566 3076 1607 non
3098 1553 3473 1625 receperunt,

1805 1630 1911 1685 sed
1934 1630 2091 1687 infra
2112 1632 2580 1693 Cenomanicain
2603 1637 2816 1694 urbem
2840 1655 2979 1695 cum
3010 1641 3295 1697 omnibus
3318 1656 3475 1715 quos

1803 1735 2011 1775 secum
2052 1721 2390 1779 conducere
2447 1730 2773 1798 potuerunt
2830 1745 2892 1784 se
2965 1729 3357 1799 recluserunt,
3419 1732 3476 1787 et

36 1812 123 1861 cut
140 1805 271 1862 illos
290 1805 424 1863 dies
451 1806 627 1865 decet
651 1827 665 1878 ;
699 1814 755 1865 et
773 1808 836 1865 in
856 1809 1167 1866 festivitate
1189 1815 1534 1867 sanctorum
1557 1812 1691 1866 Ger—
1724 1833 1769 1888 Β
1801 1810 2099 1868 domuum
2121 1812 2441 1887 Pippinum
2467 1830 2671 1887 regem
2698 1817 2837 1874 illuc
2882 1818 3124 1877 introire
3164 1836 3289 1878 non
3346 1836 3478 1895 per-

36 1895 170 1951 vasii
198 1900 255 1952 et
283 1897 539 1953 Protasii
570 1897 693 1954 sive
724 1898 916 1955 sancti
951 1899 1236 1972 Stephani
1266 1904 1447 1974 prout
1474 1899 1691 1956 melius

35 1985 278 2058 potuerit
328 1986 461 2044 ﬁat.
496 1990 597 2044 Est
652 1989 833 2045 etiam
887 1990 1280 2047 constitutum
1320 2007 1356 2047 a
1403 1991 1689 2064 praedicto

36 2076 304 2151 episcopo
335 2080 402 2133 ut
440 2077 760 2136 incensum
806 2079 954 2137 boni
1000 2081 1202 2137 odoris
1250 2081 1536 2139 offeratur
1582 2098 1691 2155 per

36 2165 256 2237 singula
308 2165 528 2226 altaria
576 2172 634 2226 et
687 2169 988 2227 deferatur
1044 2172 1330 2229 fratribus
1393 2173 1456 2229 in
1510 2173 1692 2229 eccle-

36 2257 173 2313 siam
204 2258 704 2316 convenientibus
734 2266 792 2318 et
817 2262 1060 2335 populis
1117 2263 1197 2321 ad
1235 2264 1546 2321 ecclesiam
1590 2281 1691 2321 ve-

36 2346 319 2403 nientibus
349 2346 434 2405 ad
460 2349 793 2407 matutinas
817 2355 875 2407 et
899 2351 976 2408 ad
1019 2353 1269 2410 missam
1298 2354 1420 2411 sive
1460 2354 1539 2411 ad
1565 2371 1694 2411 ves-

38 2452 195 2507 peras
236 2442 421 2513 atque
475 2440 962 2512 completorium.
1007 2445 1136 2500 Haec
1183 2448 1385 2501 autem
1426 2461 1535 2517 per
1578 2445 1694 2501 sin-

41 2525 193 2595 gulos
222 2528 622 2601 quotidianos
653 2530 781 2586 dies
830 2530 1234 2602 devotissime,
1267 2535 1328 2590 in
1371 2534 1693 2591 Dominicis

38 2631 160 2671 vero
184 2616 397 2675 diebus
424 2622 488 2676 et
517 2619 581 2676 in
627 2619 1046 2678 festivitatibus
1081 2623 1341 2698 amplius
1381 2627 1437 2681 et
1480 2623 1695 2681 solem-

38 2704 154 2761 nius
186 2712 420 2780 agatur.

763 2802 946 2859 XLIII.

96 2886 310 2945 Placuit
338 2889 531 2947 etiam
560 2890 625 2948 in
648 2891 764 2948 hac
795 2891 1204 2966 scedula,qute
1229 2892 1303 2949 de
1316 2893 1689 2967 quibusdam

40 2975 242 3034 actibus
284 2979 652 3052 pontiﬁcum
698 2982 1100 3040 Cenomanica
1147 2983 1208 3039 in
1263 2983 1411 3041 urbe
1469 2984 1689 3054 degen-

38 3066 163 3124 tium
193 3084 381 3142 usque
429 3069 518 3127 ad
567 3070 874 3128 Aldricum
924 3072 1196 3144 ejusdem
1241 3073 1409 3129 urbis
1461 3074 1690 3147 episco-

39 3171 166 3227 pum
186 3160 536 3234 conscripta
559 3177 690 3218 esse
720 3161 1114 3233 dignoscitur,
1145 3163 1407 3220 inserere
1449 3162 1687 3220 relatio-
1721 3194 1765 3254 ο

40 3260 157 3301 nem
184 3247 302 3305 sive
334 3250 697 3307 memoriale
745 3250 1003 3325 qualiter
1044 3251 1368 3325 praedictus
1410 3252 1687 3309 Aldricus

40 3335 321 3394 antedictis
352 3338 531 3395 urbis
580 3339 903 3414 episcopus
934 3343 1371 3399 monasterium
1409 3340 1686 3412 Anisolae,

40 3422 90 3478 in
123 3440 234 3496 quo
275 3433 526 3485 sanctus
579 3429 928 3503 Carilephus
983 3430 1292 3487 confessor
1346 3432 1689 3505 praecipuus

44 3528 262 3587 corpore
290 3518 641 3592 requiescit,
672 3524 808 3576 ante
834 3520 1132 3577 domuum
1180 3520 1551 3577 Ludovicum
1582 3521 1690 3577 im-

44 3610 345 3673 peratorem
365 3607 612 3681 legibus
629 3610 1018 3683 conquisivit:
1051 3615 1115 3666 ut
1133 3610 1181 3666 si
1211 3603 1462 3685 deinep's
1488 3610 1693 3684 aliqua

46 3690 315 3753 altercatio
371 3698 449 3754 de
501 3714 578 3755 eo
613 3702 745 3755 orta
796 3697 988 3767 fuerit,
1031 3700 1264 3773 praefati
1320 3699 1690 3757 memorialis

47 3784 318 3857 exemplar
340 3786 403 3844 in
429 3788 550 3844 hac
586 3787 833 3846 scedula
862 3790 1270 3863 conscriptum
1299 3789 1477 3847 bonis
1501 3790 1693 3845 homi-

48 3870 196 3927 nibus
221 3874 296 3931 ad
324 3875 710 3947 religendum
740 3883 1048 3951 appareat.
1084 3878 1256 3944 Quod
1288 3878 1336 3934 si
1362 3877 1577 3952 aliquis
1618 3896 1690 3935 ex

50 3959 139 4017 hoc
164 3963 421 4039 aliquam
460 3965 873 4040 pulsationem
903 3967 1203 4041 praedictae
1242 3968 1419 4024 matri
1449 3972 1506 4025 et
1554 3969 1691 4025 civi-

51 4050 156 4105 tatis
177 4053 435 4112 ecclesite
462 4055 756 4131 deinceps
787 4057 1032 4131 suisque
1072 4057 1522 4114 successoribus
1566 4058 1688 4115 ullo

50 4154 285 4214 unquam
315 4150 589 4220 tempore
616 4144 815 4204 facere
840 4147 1172 4217 tentaverit,
1205 4147 1266 4204 in
1300 4148 1413 4204 hac
1443 4147 1690 4205 scedula

50 4232 340 4301 reperiatur
377 4235 642 4310 qualiter
670 4234 1078 4294 evindicatum
1108 4235 1303 4307 fuerit,
1331 4240 1386 4293 et
1424 4236 1573 4311 quid
1602 4253 1690 4293 re-

54 4320 240 4387 petierit
268 4324 615 4383 evindicare
653 4341 779 4383 non
827 4325 1042 4394 valeat,
1069 4326 1175 4383 sed
1222 4326 1425 4383 subter
1467 4327 1689 4384 inserta

53 4408 367 4471 erindicatio
393 4415 579 4473 ﬁrma
608 4419 667 4473 et
693 4414 924 4473 stabilis
955 4416 1123 4473 omni
1156 4420 1425 4490 tempore
1454 4432 1690 4490 perma-

52 4504 178 4556 neat.

54 4585 233 4659 Incipit
253 4595 466 4652 relatio
500 4596 598 4653 vel
625 4593 987 4653 evindicatio
1016 4596 1139 4653 sive
1160 4596 1507 4654 memoriale
1544 4613 1688 4670 qua-

111 4678 228 4735 liter
260 4686 695 4742 monasterium
723 4684 994 4744 Anisolte
1024 4687 1105 4743 ad
1127 4687 1235 4756 jus
1276 4689 1689 4744 Cenomanicce

108 4773 292 4828 matris
318 4775 583 4833 ecclesiae
611 4780 755 4832 ante
784 4775 1066 4832 damnum
1097 4776 1466 4834 Ludovicum
1503 4778 1687 4840 impe-

112 4866 341 4921 ratorem
374 4864 451 4923 ab
468 4866 730 4922 Atdrico
755 4867 1027 4938 episcopo
1058 4868 1345 4926 canonice
1380 4873 1433 4925 et
1460 4867 1687 4939 legibus

113 4952 491 5013 evindicatum
514 4955 669 5027 fuit.

113 5036 166 5094 In
184 5043 414 5103 nomine
440 5042 683 5102 Domini
692 5044 883 5102 nostri
895 5045 927 5099 J
931 5061 1039 5103 esu
1050 5045 1688 5120 Christi.Temporibus

63 5123 298 5190 Ludovici
321 5134 587 5208 piissimi
623 5134 879 5207 Augusti
914 5134 1121 5193 subter
1156 5136 1380 5194 inserta
1417 5137 1687 5194 causatio

10 5224 19 5233 ‘
61 5214 132 5270 vel
148 5221 480 5283 evindicatio
510 5223 626 5282 fuit
649 5223 726 5281 de
745 5226 1113 5283 monasterio
1139 5224 1398 5283 Anisolte
1420 5224 1572 5283 inter
1587 5225 1687 5282 Al-

61 5300 250 5368 dricum
273 5313 637 5388 episcopum
675 5318 734 5372 et
764 5314 1220 5386 Sigismundum
1250 5314 1561 5387 abbatem,
1582 5315 1691 5389 qui

66 5390 178 5453 illud
196 5403 322 5461 tunc
349 5405 617 5463 tenebat.
648 5407 801 5462 Nam
830 5405 1116 5478 praefatus
1148 5405 1423 5463 Aldricus
1452 5405 1692 5463 dicebat

69 5488 109 5537 et
131 5489 334 5563 scriptis
358 5494 688 5552 ettestibus
708 5494 1094 5569 approbabat
1128 5495 1297 5571 quod
1317 5494 1391 5552 de
1407 5496 1541 5568 jure
1565 5512 1689 5552 suae

72 5574 190 5633 sedis
203 5581 451 5641 ecclesiae
464 5583 792 5660 praefatum
804 5584 1241 5643 monasterium
1253 5601 1393 5642 cum
1404 5584 1690 5642 omnibus

73 5661 129 5716 λά
150 5682 199 5722 se
214 5673 644 5742 pertinentibus
659 5689 792 5731 esse
812 5673 1155 5744 debebat,et
1170 5676 1262 5733 sui
1283 5678 1691 5733 antecessores

12 5820 27 5833 ,
75 5747 183 5811 il111d
206 5773 268 5817 ex
286 5764 462 5821 rebus
486 5763 910 5823 Cenomanicae
935 5765 1143 5823 matris
1171 5765 1435 5822 ecclesiae
1465 5780 1693 5836 magna

77 5851 128 5896 εἰ
150 5853 291 5917 Parte
312 5852 667 5921 fundarant,
684 5858 745 5913 et
774 5853 853 5913 ad
874 5854 1075 5928 ipsam
1101 5863 1362 5916 matrem
1377 5853 1693 5915 ecclesiam

1721 4558 1769 4617 D

1801 1899 2113 1968 miserunt,
2140 1902 2247 1958 sed
2277 1904 2575 1961 damnum
2596 1908 2649 1962 ei
2670 1905 2744 1963 de
2763 1908 2886 1964 suis
2906 1909 3258 1967 hominibus
3280 1908 3477 1967 facere

1800 1989 2164 2062 nitebantur,
2197 1995 2254 2049 et
2273 2009 2451 2050 suum
2476 1995 2832 2068 pincernam
2864 2012 3071 2055 coram
3092 2015 3164 2056 eo
3196 2000 3474 2071 stantem,

1801 2079 2093 2149 dum‘sua
2113 2085 2310 2139 castra
2346 2082 2409 2139 in
2442 2083 2623 2142 vinea
2663 2085 2853 2143 sancti
2884 2087 3034 2144 Petri
3058 2086 3231 2159 juxta
3260 2088 3478 2145 urbem

1802 2170 2269 2228 Cenomanicam
2301 2173 2500 2246 posita
2530 2179 2718 2244 erant,
2763 2175 3203 2249 interfecerunt,
3237 2182 3294 2235 et
3323 2178 3474 2236 alios

1802 2260 2083 2317 homines
2100 2260 2582 2320 vulneraverunt.
2612 2265 2829 2321 Videris
2852 2270 3054 2323 autem
3071 2266 3337 2325 domnus
3351 2268 3478 2343 Pip-

1803 2350 1984 2419 pinus
2000 2351 2167 2424 quod
2189 2353 2271 2408 ibi
2290 2353 2580 2426 proﬁcere
2597 2370 2721 2411 non
2754 2355 2967 2429 potuit,
2996 2360 3242 2415 vastans
3284 2362 3476 2416 totam

1803 2439 1971 2497 illam
1999 2441 2331 2513 regionem,
2359 2460 2607 2516 pergere
2641 2445 2821 2518 ccepit
2851 2446 2929 2502 ad
2956 2448 3287 2504 Franciam.
3312 2446 3477 2505 Tunc

1803 2529 1867 2585 in
1887 2530 2019 2604 ipso
2044 2530 2250 2588 itinere
2275 2534 2435 2589 venit
2464 2532 2541 2590 ad
2568 2533 2769 2607 ipsum
2795 2534 3153 2608 praedictum
3175 2543 3477 2595 monaste-

1803 2619 1961 2676 rium
1986 2622 2319 2693 Anisolam,
2342 2627 2399 2679 et
2427 2623 2713 2697 praecepit
2743 2624 2857 2680 illis
2888 2626 3206 2683 monachis
3238 2632 3303 2684 ut
3341 2626 3477 2685 nul-

1801 2708 1927 2765 lam
1955 2711 2365 2769 obedientiam
2388 2713 2649 2769 facerent
2663 2714 2794 2785 jam
2821 2714 2980 2771 dicto
2999 2717 3377 2789 Gauzioleno,
3403 2732 3475 2775 eo

1803 2801 1972 2876 quod
1989 2802 2039 2857 ei
2051 2801 2288 2858 rebellis
2304 2807 2477 2870 esset,
2504 2802 2608 2858 sed
2636 2803 2750 2859 sub
2783 2820 2893 2860 suo
2923 2806 3354 2864 mundeburdo
3379 2807 3477 2864 vel

1804 2891 1918 2947 sub
1967 2907 2079 2949 sua
2129 2892 2553 2948 tantummodo
2609 2892 2857 2950 tuitione
2909 2893 3005 2951 vel
3060 2895 3477 2955 dominatione

1803 2984 2249 3054 permanerent.
2272 2981 2338 3038 Et
2358 2986 2496 3037 tunc
2516 2981 2599 3037 eis
2627 2997 2697 3039 ac
2728 2983 3009 3039 Siebaldo
3026 2999 3237 3042 eorum
3268 2985 3477 3045 abbati

1802 3070 1984 3127 talem
2002 3070 2321 3143 epistolam
2352 3070 2538 3142 dedit,
2557 3072 2723 3146 quod
2749 3077 2995 3146 propter
3023 3072 3253 3140 odium,
3272 3075 3474 3133 utdic-

1803 3164 1897 3216 tus
1916 3165 2022 3229 est,
2044 3159 2402 3230 Gauzioleni,
2418 3165 2474 3215 et
2500 3174 2626 3216 non
2651 3166 2896 3234 propter
2920 3159 3108 3218 ullam
3140 3162 3323 3220 aliam
3343 3178 3475 3222 rem

1802 3254 1906 3306 aut
1933 3250 2287 3322 injustitiam
2317 3246 2540 3305 factum
2574 3265 2703 3306 esse
2728 3250 2933 3324 liquet.
2966 3251 3129 3308 Tunc
3159 3252 3320 3309 enim
3342 3252 3473 3327 ipse

1802 3338 2116 3395 Sicbaldus
2146 3354 2271 3394 non
2316 3336 2425 3394 fuit
2478 3353 2665 3395 ausus
2712 3337 2794 3395 ibi
2823 3354 3158 3409 remanere,
3193 3340 3299 3398 sed
3348 3357 3474 3401 una

1803 3447 1943 3487 cum
1975 3428 2231 3503 Pippino
2271 3443 2464 3501 usque
2509 3428 2569 3484 in
2604 3428 2916 3485 Franciam
2953 3431 3230 3502 perrexit.
3263 3433 3474 3490 Postea

1802 3536 1942 3577 vero
1971 3533 2343 3589 cognoscens
2390 3518 2675 3591 Pippinus
2705 3518 2873 3592 quod
2907 3518 3127 3591 injuste
3158 3519 3391 3577 fecisset
3416 3524 3473 3579 et

1803 3614 2048 3684 propter
2103 3608 2313 3665 odium
2364 3607 2700 3665 Gauzioleni
2750 3607 2865 3664 hoc
2914 3608 3156 3680 egisset,
3188 3610 3473 3684 praecepit

1802 3699 1925 3755 ﬁlio
1969 3716 2080 3756 suo
2110 3697 2322 3755 Carolo
2362 3701 2418 3753 et
2468 3696 2869 3769 jurejurando
2909 3703 3276 3755 contestatus
3315 3704 3473 3757 estut

1802 3789 2122 3864 praefatum
2146 3786 2586 3843 monasterium
2610 3786 2888 3843 redderet
2909 3788 3324 3866 Cenomanicae
3342 3805 3471 3847 ma-

1803 3879 1877 3935 tri
1906 3878 2191 3949 ecclesiae,
2224 3876 2399 3949 cujus
2422 3877 2580 3949 juste
2610 3892 2738 3933 esse
2782 3875 3063 3945 debebat,
3099 3892 3175 3933 ne
3220 3877 3471 3951 aliquod

1802 3968 2227 4025 detrimentum
2260 3982 2373 4022 sua
2400 3966 2604 4022 anima
2632 3981 2706 4021 ex
2734 3965 2850 4021 hoc
2874 3965 3143 4022 haberet.
3179 3968 3245 4022 Et
3275 3966 3357 4022 sic
3388 3965 3470 4023 fe-

1801 4060 1878 4116 cit
1902 4061 2110 4132 postea
2139 4056 2402 4112 domnus
2443 4054 2691 4111 Carolus
2739 4059 2795 4111 et
2843 4055 3137 4111 Franconi
3180 4056 3467 4130 episcopo

1800 4148 1948 4206 illud
1969 4145 2250 4217 reddidit,
2284 4150 2463 4219 atque
2492 4160 2599 4219 per
2630 4148 2998 4219 preeceptum
3018 4160 3195 4202 suum
3218 4145 3470 4219 praedio-

1800 4243 1872 4295 ιω
1905 4237 2081 4294 matri
2110 4235 2373 4292 ecclesiae
2404 4234 2804 4292 conﬁrmavit.
2838 4234 2997 4293 Multi
3037 4239 3241 4292 autem
3270 4235 3469 4294 hacte-

1800 4344 1915 4384 nus
1940 4326 2147 4383 vivunt
2175 4324 2281 4397 qui
2311 4322 2540 4379 domno
2584 4323 2794 4380 Carolo
2847 4324 2962 4380 hoc
3011 4321 3209 4381 dicere
3256 4324 3466 4382 audie-

1799 4420 1959 4485 runt,
1989 4414 2247 4490 qualiter
2270 4429 2416 4469 suus
2448 4416 2618 4487 pater
2646 4412 2910 4469 domnus
2940 4413 3229 4487 Pippinus
3268 4414 3322 4471 ei
3350 4415 3469 4472 hoc

1802 4504 2195 4564 contestando
2226 4503 2421 4561 facere
2450 4501 2750 4576 praecepit.
2783 4504 2851 4559 Et
2888 4500 3139 4576 quando
3162 4504 3293 4575 jam
3346 4504 3469 4562 dic-

1800 4602 1929 4654 tum
1951 4594 2384 4653 monasterium
2410 4592 2707 4649 Branconi
2750 4591 3028 4661 reddidit,
3073 4593 3248 4649 multi
3304 4594 3465 4650 vive-

1802 4687 1947 4743 bant
1974 4685 2079 4760 qui
2107 4684 2222 4740 hoc
2244 4683 2541 4739 domuum
2566 4681 2884 4755 Pippinum
2905 4681 3118 4739 Carolo
3139 4682 3466 4755 praecipere

1801 4782 1859 4834 et
1877 4775 2196 4833 contestari
2218 4773 2558 4831 audierunt.
2586 4776 2763 4829 Istam
2789 4786 2933 4827 vero
2953 4770 3248 4827 rationem
3272 4769 3465 4842 pleni-

1798 4873 1887 4925 ter
1903 4866 2224 4941 praedictus
2235 4863 2505 4920 Aldricus
2519 4862 2838 4936 episcopus
2849 4863 3286 4935 perscrutatam
3299 4859 3469 4933 apud

1797 4957 2093 5015 veridicos
2130 4953 2407 5012 homines
2445 4951 2730 5017 habebat,
2763 4954 2819 5005 et
2851 4949 2968 5006 hoc
3012 4948 3261 5004 testibus
3308 4949 3466 5006 veris

1800 5051 1856 5104 et
1882 5047 2061 5103 bonis
2090 5061 2295 5101 coram
2327 5041 2611 5098 omnibus
2651 5036 3014 5095 afﬁrmabat.
3047 5037 3260 5095 Taliter
3303 5039 3466 5097 enim

1800 5135 2077 5192 Aldricus
2100 5140 2157 5191 et
2188 5130 2610 5203 Sigismundus
2631 5128 3006 5197 altercantes,
3030 5134 3300 5203 pervenit
3327 5131 3467 5204 ipsa

1798 5227 1947 5285 ratio
1979 5239 2175 5298 usque
2205 5223 2285 5279 ad
2313 5221 2611 5276 domnum
2660 5217 3088 5295 imperatorem
3119 5237 3132 5288 ;
3200 5219 3305 5293 qui
3348 5219 3465 5276 hoc

1798 5310 2047 5369 ﬁrmiter
2074 5307 2440 5382 inquirerere
2470 5304 2773 5379 praecepit,
2803 5308 2859 5361 et
2897 5303 3190 5361 veraciter
3229 5302 3343 5359 sibi
3372 5317 3465 5360 re-

1799 5400 2074 5460 nuntiare
2098 5396 2297 5472 jussit.
2329 5393 2444 5449 Sed
2474 5397 2801 5468 antequam
2844 5394 2982 5467 ipsa
3020 5391 3287 5449 causatio
3328 5397 3466 5450 ante

1800 5495 2099 5553 domuum
2145 5489 2573 5562 imperatorem
2627 5486 2874 5555 veniret,
2926 5481 3212 5540 volebant
3255 5499 3468 5541 eorum

1800 5581 1977 5641 amici
2009 5583 2066 5637 et
2094 5577 2240 5635 boni
2269 5573 2545 5631 homines
2571 5589 2673 5629 eos
2708 5571 2848 5627 inde
2873 5587 3094 5645 pacare
3125 5576 3182 5629 et
3214 5587 3462 5630 concor-

1801 5672 1966 5730 dare.
1990 5669 2104 5727 Sed
2124 5665 2400 5723 Aldricus
2424 5663 2743 5736 episcopus
2766 5660 3227 5735 obtemperabat
3254 5676 3468 5719 eorum

1797 5761 1973 5837 justis
1985 5755 2395 5834 petitionibus,
2411 5758 2469 5811 et
2486 5749 2907 5823 Sigismundus
2926 5765 3050 5808 non
3070 5748 3470 5821 faciebat;sed

1804 5850 2105 5926 quidquid
2150 5852 2210 5906 et
2231 5848 2390 5920 juste
2418 5846 2475 5901 et
2500 5839 2934 5900 rationabiliter
2958 5840 3053 5898 sui
3082 5841 3261 5901 amici
3289 5850 3473 5911 agere
