3944 6450
479 339 551 392 το
1574 331 1856 389 ALDRICI
1898 331 2429 389 CENOMANENSIS
2469 335 2787 392 EPISCOP]
3841 340 3894 392 so

480 459 840 529 suadebant,
914 458 1232 531 praedictus
1304 454 1722 524 Sigismundus
1796 455 2136 529 spernebat.
2166 456 2214 510 Α
2255 455 2446 514 Habet
2480 458 2660 516 etiam
2684 459 2968 533 praeﬁxus
3001 458 3343 531 episcopus,
3373 474 3535 532 quos
3556 458 3840 516 videmus
3861 466 3903 517 et

482 548 783 605 Oﬁ‘erebat
811 547 967 603 enim
999 547 1050 602 ei
1088 548 1456 600 memoratus
1507 544 1777 600 Aldricus
1822 546 2141 617 episcopus

482 642 547 692 ut
574 636 833 709 aliquem
863 650 1106 689 censum
1138 633 1189 687 ei
1216 648 1286 687 ex
1310 631 1425 687 hoc
1455 631 1727 701 solveret,
1750 632 1901 688 sicut
1923 632 2015 687 sui
2039 648 2142 688 an-

481 730 804 782 tecessores
829 722 1095 795 praedicti
1132 720 1398 794 episcopi
1444 723 1923 778 antecessoribus
1969 721 2143 777 facie-

478 815 645 878 bant,
678 819 733 867 et
753 828 857 885 per
882 828 1059 866 suum
1081 810 1445 866 beneﬁcium
1483 810 1630 865 illud
1662 816 1879 878 tenere,
1904 815 1962 866 et
1989 825 2141 865 nun-

400 906 413 920 ’
476 917 660 974 quam
691 898 745 956 ei
772 899 986 954 diebus
1035 898 1169 953 vitae
1198 914 1322 953 suae
1350 898 1424 953 de
1450 898 1548 954 iUo
1600 898 1847 971 aliquod
1888 898 2138 971 impedi-

474 993 745 1046 mentum
764 988 960 1044 facere
993 987 1253 1049 volebat,
1289 987 1392 1042 sed
1422 988 1621 1060 quiete
1651 993 1707 1043 et
1744 987 1991 1059 paciﬁce
2017 1003 2141 1044 una

474 1096 611 1135 cum
634 1079 758 1133 suis
780 1078 1095 1134 monachis
1113 1094 1253 1133 eum
1274 1076 1561 1133 inibiesse
1581 1076 2137 1149 permittebat.0t1‘e-

470 1168 640 1224 rebat
659 1167 839 1223 etiam
859 1172 916 1222 et
938 1166 1119 1222 aliam
1142 1182 1389 1221 causam
1419 1165 1704 1239 praedicto
1730 1164 2131 1235 Sigismundo,

471 1257 867 1313 suadentibus
888 1256 1187 1327 praedictis
1217 1256 1425 1311 amicis
1455 1261 1511 1311 ct
1547 1255 1721 1310 bonis
1768 1254 2136 1320 hominibus,

466 1348 596 1418 jam
622 1347 817 1402 dictus
837 1345 1109 1401 Aldricus
1132 1345 1475 1417 episcopus,
1500 1349 1563 1399 ut
1594 1345 1640 1401 si
1680 1345 1836 1400 hanc
1871 1359 1993 1399 non
2022 1343 2139 1398 vel-

470 1436 570 1501 let,
594 1435 804 1490 saltem
829 1434 1007 1490 aliam
1032 1434 1267 1489 faceret.
1293 1434 1673 1489 Permittebat
1696 1438 1895 1490 autem
1918 1433 1969 1488 ei
1987 1433 2140 1488 duas

395 1554 399 1559 -
475 1529 581 1580 aut
609 1530 724 1579 tres
741 1523 933 1589 villas,
957 1523 1169 1595 quales
1192 1523 1306 1578 sibi
1336 1522 1595 1592 eligeret,
1615 1538 1723 1595 per
1757 1539 1933 1577 suum
1964 1522 2142 1577 bene-

473 1612 676 1668 ﬁcium
695 1612 941 1676 habere,
955 1617 1011 1667 et
1031 1628 1103 1667 ex
1124 1612 1215 1667 his
1236 1611 1465 1668 nullum
1489 1612 1795 1667 servitium
1813 1615 1917 1668 aut
1936 1610 2140 1681 aliqua

476 1702 641 1758 dona
661 1702 1004 1773 requireret,
1029 1700 1133 1756 sed
1157 1700 1455 1773 quidquid
1476 1717 1545 1755 ex
1578 1700 1671 1756 his
1699 1700 1871 1756 vellet
1896 1699 2136 1754 faceret.

2249 546 2553 617 audimus,
2576 564 2721 604 suos
2754 554 2928 605 testes
2956 564 3131 604 veros
3160 554 3217 604 et
3261 547 3479 611 bonos,
3512 548 3620 620 qui
3650 549 3767 605 has
3792 565 3905 605 auc-

2246 633 2509 691 toritates
2535 636 2741 692 ﬁrmas
2762 642 2818 693 et
2851 653 3020 693 veras
3059 652 3188 692 esse
3242 639 3553 703 testantur,
3586 641 3648 692 et
3690 637 3902 708 jureju-

2246 721 2439 778 rando
2458 740 2594 797 quae
2618 724 2826 780 dicunt
2840 723 3418 797 atﬁrmantlnsuper
3438 729 3739 781 testantur
3759 724 3903 798 quod

2244 810 2401 869 infra
2426 812 2691 882 legitimo
2735 819 3005 887 tempore
3057 813 3346 887 praedicta
3386 818 3579 870 mater
3625 818 3903 872 Cenoma-

2246 900 2394 956 nicee
2434 902 2685 958 civitatis
2730 902 2981 959 ecclesia
3028 903 3379 959 vestituram
3425 902 3769 973 legitimam
3815 905 3902 961 ha-

2243 986 2470 1045 buisset
2497 989 2572 1047 de
2601 991 2885 1063 praedicto
2912 991 3299 1057 monasterio,
3341 994 3398 1047 et
3442 991 3647 1049 adhuc
3674 992 3906 1063 triginta

2246 1078 2385 1133 anni
2440 1095 2564 1135 non
2620 1085 2759 1137 sunt
2808 1081 3086 1137 transacti
3126 1080 3292 1153 quod
3341 1096 3414 1136 ex
3465 1097 3538 1137 eo
3583 1082 3905 1152 legitimam

2243 1166 2592 1224 vestituram
2634 1167 2865 1232 habuit,
2907 1173 2966 1225 et
3016 1173 3334 1241 propterea
3382 1169 3523 1225 inde
3576 1170 3688 1226 fuit
3735 1171 3907 1227 modo

2243 1254 2568 1312 alienatum
2597 1257 2763 1330 quod
2796 1260 3019 1313 France
3046 1258 3366 1330 episcopus
3397 1258 3706 1331 praedictae
3732 1260 3907 1315 eccle-

2246 1345 2343 1399 siae
2373 1361 2482 1401 suo
2508 1345 2853 1419 propinquo
2894 1346 3240 1417 Adalghyso
3287 1346 3439 1402 illud
3481 1347 3904 1419 impetraverit,

2246 1436 2311 1489 ut
2338 1449 2448 1506 pro
2473 1432 2572 1489 illo
2601 1434 2826 1504 regalia
2865 1434 3104 1489 servitia
3143 1438 3199 1489 et
3243 1434 3456 1490 itinera
3498 1434 3746 1501 faceret,
3777 1452 3905 1509 qua:

2244 1520 2340 1577 ille
2370 1537 2480 1593 pro
2508 1538 2619 1579 sua
2649 1520 2991 1579 inﬁrmitate
3022 1527 3076 1578 et
3108 1528 3407 1579 senectute
3439 1523 3637 1579 facere
3667 1540 3791 1580 non
3820 1540 3907 1580 va-

2245 1609 2423 1666 lebat.
2440 1609 2951 1667 Afﬁrmantetiam
2972 1611 3257 1668 eumdem
3280 1614 3652 1668 Franconem
3676 1612 3908 1687 aliquas

2248 1697 2483 1776 villulas
2514 1703 2572 1754 et
2599 1699 2902 1771 quosdam
2954 1699 3250 1756 vassallos
3281 1704 3661 1774 casatosque,
3695 1706 3765 1757 ut
3812 1718 3911 1757 no-

476 1792 574 1847 His
589 1791 871 1846 omnibus
891 1806 927 1846 a
950 1790 1335 1859 Sigismundo
1349 1789 1765 1861 spretis,e(epit
1782 1787 2140 1860 saepedictus
2177 1808 2218 1863 Β
2248 1787 2501 1857 minant,
2517 1803 2590 1843 ex
2615 1788 2860 1861 praeﬁxo
2877 1788 3242 1849 monasterio
3261 1788 3336 1845 ad
3361 1806 3541 1844 suum
3570 1790 3909 1863 Opus,dum

475 1881 799 1953 episcopus
815 1896 983 1936 suam
999 1878 1288 1949 justitiam
1302 1879 1322 1949 j
1334 1882 1458 1933 uste
1472 1883 1527 1933 et
1541 1877 1968 1934 rationabiliter
1981 1892 2143 1949 quae-

471 1986 622 2041 rere,
645 1969 789 2042 quia
811 1968 1054 2040 plenam
1074 1972 1131 2022 et
1137 1967 1159 2037 j
1171 1972 1366 2023 ustam
1378 1968 1672 2022 rationem
1690 1966 1803 2022 sibi
1823 1966 1885 2021 in
1904 1966 2019 2022 hoc
2035 1966 2141 2021 ha-

468 2059 610 2115 bere
631 2058 963 2115 videbatur.
990 2057 1270 2129 Praecepit
1285 2056 1445 2113 enim
1463 2058 1620 2112 hanc
1637 2054 2141 2128 justitiaminqui-

466 2164 597 2203 rere
616 2146 879 2202 domnus
900 2146 1226 2217 imperator
1260 2143 1518 2200 Ebroino
1552 2142 1937 2199 Pictaviensis
1972 2141 2136 2199 urbis

469 2237 773 2310 episcopo,
798 2239 854 2290 et
873 2233 1238 2290 Erchinrado
1258 2233 1568 2290 Parisiacae
1587 2233 1839 2289 civitatis
1852 2231 2135 2306 episcopo

468 2330 525 2381 et
544 2323 823 2394 Rorigoni
840 2322 1059 2392 comiti,
1078 2328 1134 2378 et
1150 2322 1417 2378 Altmaro
1436 2320 1868 2377 seneschalcho
1896 2319 2135 2375 domnae

464 2414 665 2469 Judith
685 2410 1099 2484 imperatricis,
1124 2414 1182 2466 et
1202 2410 1384 2465 misso
1406 2410 1671 2482 palatino
1695 2425 1818 2465 una
1841 2425 1980 2464 cum
2002 2407 2131 2464 aliis

464 2502 654 2558 vassis
678 2499 1020 2556 dominicis.
1045 2498 1159 2555 Sed
1172 2499 1320 2553 dum
1341 2499 1467 2553 haec
1491 2515 1584 2553 res
1606 2498 1684 2553 ad
1699 2498 1976 2553 elfectum
1994 2501 2133 2553 tunc

466 2590 715 2644 minime
738 2588 1008 2661 pervenit
1049 2592 1292 2659 propter
1317 2586 1466 2642 alias
1502 2587 1901 2652 necessitates,
1933 2590 1988 2642 et
2020 2586 2133 2641 hoc

465 2678 694 2734 domno
720 2676 1065 2749 imperatori
1097 2676 1503 2731 renuntiatum
1536 2680 1709 2741 esset,
1740 2675 2022 2748 prteccpit
2068 2678 2133 2730 ut

467 2772 605 2825 ante
646 2783 710 2823 se
758 2767 819 2823 in
870 2783 979 2822 suo
1029 2765 1251 2839 palatio
1302 2766 1437 2839 ipsa
1492 2765 1795 2821 altercatio
1842 2763 2128 2820 ﬁniretur.

465 2861 627 2913 Tunc
657 2872 801 2927 ergo
844 2855 1021 2927 jussit
1062 2854 1326 2910 domnus
1375 2855 1700 2926 imperator
1738 2859 1803 2909 ut
1843 2853 2135 2910 haberent

465 2948 649 3003 ambo
681 2962 893 3001 eorum
920 2944 1302 3000 auctoritates
1322 2948 1379 2999 et
1409 2943 1748 2999 testimonia
1770 2943 2131 3016 Aquisgrani

462 3035 686 3110 palatio
716 3035 794 3091 ad
829 3051 1006 3090 suum
1039 3033 1325 3106 placitum
1366 3033 1533 3105 quod
1562 3032 1645 3088 ibi
1688 3036 1955 3105 tempore
1985 3048 2131 3104 qua-

2249 1876 2496 1947 advixit,
2528 1876 2798 1943 retinere,
2828 1876 2933 1933 sed
2960 1876 3075 1933 illis
3106 1877 3407 1934 ambobus
3438 1878 3739 1934 defunctis
3790 1896 3909 1935 non

2248 1964 2355 2022 fuit
2385 1964 2464 2020 ad
2491 1981 2755 2038 praesens
2778 1966 3097 2039 episcopus
3128 1966 3401 2037 ejusdem
3432 1967 3591 2023 sedis
3617 1967 3721 2041 qui
3746 1968 3910 2025 dom-

2246 2071 2396 2110 num
2418 2053 2842 2127 imperatorem
2872 2056 3241 2112 Ludovicum
3268 2073 3340 2113 ex
3365 2056 3481 2113 hoc
3508 2056 3911 2130 interpellaret

2247 2143 2324 2200 ad
2357 2148 2630 2216 tempus;
2668 2149 2724 2200 et
2749 2145 2833 2200 sic
2861 2144 3071 2201 datum
3098 2150 3187 2201 est
3218 2145 3359 2214 alio,
3384 2152 3442 2202 et
3462 2146 3565 2202 tali
3592 2148 3909 2205 occasione

2247 2232 2551 2288 sublatum
2583 2237 2671 2289 est
2702 2233 2776 2289 de
2805 2233 3050 2306 praeﬁxa
3077 2234 3238 2290 sede.
3266 2235 3379 2292 Sed
3401 2239 3457 2290 et
3485 2236 3603 2291 hoc
3623 2237 3795 2309 quod
3818 2237 3911 2292 isti

2245 2321 2531 2377 monachi
2586 2321 2794 2377 dicunt
2839 2322 3007 2395 quod
3054 2330 3322 2379 vestrum
3364 2324 3681 2396 proprium
3735 2330 3906 2392 esset,

2245 2409 2511 2483 praedicti
2547 2415 2721 2466 testes
2745 2411 2963 2467 Aldrici
2981 2411 3245 2485 episcopi
3266 2428 3374 2485 per
3403 2428 3615 2469 eorum
3647 2414 3907 2469 auctori-

2245 2504 2393 2555 tates
2422 2504 2479 2555 et
2506 2516 2612 2571 per
2637 2506 2865 2556 vestros
2895 2500 3187 2556 vassallos
3220 2506 3276 2558 et
3334 2500 3482 2557 alios
3525 2501 3827 2559 veridicos
3859 2509 3910 2559 et

2242 2587 2436 2643 bonos
2470 2588 2746 2669 homines
2778 2588 3085 2646 afﬁrmant
3115 2606 3238 2646 non
3271 2605 3421 2646 esse.
3458 2590 3671 2646 Dicunt
3701 2592 3904 2658 etiam,

2246 2678 2296 2732 si
2329 2682 2593 2733 vestrum
2622 2678 2937 2751 proprium
2991 2683 3167 2742 esset,
3192 2696 3285 2735 res
3316 2680 3508 2752 ipsius
3556 2682 3909 2737 monasterii

2245 2767 2575 2822 secundum
2598 2767 2791 2836 legem
2812 2768 3061 2824 Salicem
3085 2774 3190 2825 aut
3210 2769 3558 2825 Ribuariam
3576 2775 3906 2837 tuerentur,

2245 2856 2397 2911 sicut
2427 2856 2541 2911 alia
2570 2856 2703 2912 loca
2732 2862 2788 2911 et
2834 2873 2928 2912 res
2958 2873 3095 2929 quae
3121 2856 3196 2913 de
3226 2863 3424 2914 vestro
3469 2862 3610 2913 sunt
3656 2861 3910 2931 proprio

2242 2945 2486 3013 faciunt,
2511 2951 2567 3001 et
2597 2946 2900 3017 mancipia
2929 2962 3051 3001 non
3079 2946 3462 3019 partirentur,
3487 2946 3640 3002 sicut
3664 2947 3742 3004 de
3774 2948 3910 3003 aliis

2238 3031 2383 3089 locis
2414 3039 2470 3089 et
2500 3033 2678 3089 rebus
2709 3050 2844 3107 quae
2893 3033 2967 3089 de
3015 3038 3210 3091 vestro
3261 3040 3399 3090 sunt
3427 3036 3676 3108 proprio
3712 3036 3773 3092 in
3807 3038 3911 3094 i'la

460 3122 847 3196 dragesimali
876 3140 1015 3180 cum
1042 3122 1339 3196 episcopis
1378 3126 1435 3178 et
1476 3121 1799 3179 abbatibus
1838 3126 1895 3178 et
1942 3120 2129 3177 comi-
2163 3157 2203 3212 ο
2238 3122 2480 3191 regione
2509 3127 2597 3178 est
2620 3124 2992 3179 consuetudo
3020 3123 3213 3179 facere
3239 3141 3251 3190 ;
3277 3123 3384 3179 sed
3412 3124 3487 3179 de
3521 3124 3653 3181 istis
3700 3128 3908 3182 causis

458 3216 616 3271 tibus
643 3218 701 3271 et
724 3213 949 3270 caeteris
991 3212 1272 3268 ﬁdelibus
1303 3211 1426 3267 suis
1467 3210 1753 3283 habebat,
1782 3215 1847 3267 ut
1876 3210 1956 3266 ibi
2002 3210 2125 3283 ple-
2173 3210 2186 3212 “
2237 3211 2297 3267 in
2336 3212 2515 3267 rebus
2544 3212 2732 3268 sancti
2758 3211 3048 3284 Carilephi
3084 3211 3235 3268 sicut
3265 3212 3323 3267 in
3367 3212 3628 3286 propriis
3689 3213 3911 3271 domui

454 3305 607 3361 niter
629 3304 879 3378 praeﬁxa
908 3302 1212 3359 altercatio
1257 3303 1442 3358 tinem
1485 3301 1833 3374 perciperet.
1880 3300 1993 3357 Sed
2046 3299 2127 3357 Si-

458 3395 816 3464 gismundus
848 3394 973 3463 jam
1003 3396 1249 3448 vocatus
1279 3393 1355 3446 ad
1388 3391 1587 3463 ipsum
1627 3390 1914 3463 placitum
1953 3389 2128 3445 mini-

457 3501 553 3539 me
584 3482 870 3556 pervenit.
906 3483 1037 3546 Qua
1064 3480 1140 3536 de
1166 3498 1230 3536 re
1260 3481 1472 3536 iterum
1506 3480 1768 3536 domnus
1799 3480 2124 3553 imperator

455 3589 563 3645 per
593 3587 769 3627 suam
802 3569 1117 3642 epistolam
1155 3585 1297 3626 eum
1324 3569 1554 3625 voczuit
1598 3574 1662 3623 ut
1709 3573 1844 3642 post
1892 3570 2123 3625 Pascha

453 3661 700 3716 veniret.
749 3658 859 3725 Qui
908 3662 965 3714 et
1012 3658 1128 3713 hoc
1159 3672 1444 3725 renuens,
1466 3657 1595 3727 jam
1657 3658 1825 3713 tertio
1870 3662 2119 3713 vocatus

452 3749 701 3805 minime
756 3747 936 3817 venit,
972 3762 1169 3819 neque
1214 3746 1468 3802 missum
1499 3744 1762 3817 aliquem
1810 3745 1974 3801 misit
2016 3763 2123 3802 cur

450 3838 566 3895 hoc
604 3837 942 3894 dimitteret.
978 3839 1139 3893 Tunc
1195 3850 1444 3891 cernens
1488 3833 1752 3888 domnus
1798 3833 2121 3906 imperator

450 3940 624 3979 suam
654 3920 1124 3979 inobedientiam
1169 3924 1227 3975 et
1268 3919 1733 3989 contumaciam,
1789 3920 2121 3990 expectavit

447 4017 650 4069 tamen
694 4011 894 4067 adhuc
943 4013 1085 4082 post
1136 4009 1373 4066 tertium
1430 4007 1775 4064 condictum
1829 4008 2115 4080 placitum

447 4100 795 4174 quindecim
818 4099 945 4155 dies
972 4102 1037 4154 ut
1060 4098 1289 4155 veniret
1314 4115 1328 4164 ;
1372 4096 1476 4152 sed
1507 4112 1758 4152 cernens
1802 4114 1941 4153 cum
1984 4097 2115 4168 jam

446 4188 648 4245 venire
669 4203 793 4243 non
821 4186 993 4256 velle,
1017 4201 1214 4257 neque
1241 4200 1417 4240 suam
1447 4185 1743 4241 rationem
1768 4186 1926 4256 juste
1959 4185 2114 4241 difﬁ-

445 4278 595 4345 nire,
618 4276 762 4348 quia
780 4274 1028 4331 minime
1057 4275 1172 4330 hoc
1197 4273 1625 4330 rationabiliter
1656 4280 1713 4330 et
1744 4275 2030 4331 veraciter
2051 4291 2114 4331 se

443 4367 639 4423 facere
669 4365 1030 4435 conﬁdebat,
1063 4370 1117 4420 et
1138 4369 1454 4438 propterea
1485 4365 1683 4421 venire
1714 4365 1794 4421 ad
1823 4365 2112 4437 placitum

442 4455 708 4525 nolebat,
742 4459 881 4510 tunc
911 4454 1172 4510 domnus
1200 4454 1526 4526 imperator
1553 4453 1941 4520 interrogavit
1969 4469 2110 4509 suos

444 4543 817 4600 consiliarios
842 4547 900 4599 et
927 4542 1242 4615 episcopos
1283 4542 1407 4597 sive
1453 4541 1706 4597 abbates
1753 4546 1810 4597 et
1860 4542 2107 4599 comites

441 4638 499 4691 et
521 4633 785 4706 reliquos
811 4631 1018 4687 ﬁdeles
1041 4648 1183 4687 suos
1214 4630 1364 4703 quid
1395 4647 1467 4686 ex
1483 4630 1598 4685 hoc
1622 4629 1815 4686 facere
1841 4630 2105 4702 deberet,

435 4728 495 4781 et
523 4723 700 4796 quale
731 4721 1047 4780 consilium
1094 4737 1168 4776 ex
1211 4721 1328 4776 hoc
1364 4720 1417 4775 ei
1462 4718 1694 4789 darent,
1736 4725 1793 4775 et
1837 4720 1982 4792 quid
2031 4721 2105 4777 de

436 4817 560 4870 tam
608 4811 989 4868 inobediente
1062 4826 1172 4865 suo
1232 4812 1532 4881 praecepto
1599 4807 1864 4864 facturus
1929 4813 2100 4864 esset.

434 4904 596 4957 Tunc
624 4900 1057 4973 respondentes
1087 4898 1370 4954 dixerunt
1399 4896 1707 4968 utriusque
1732 4897 1957 4952 ordinis
1977 4914 2106 4954 om-

434 5005 541 5044 nes
570 5009 583 5044 :
625 4989 892 5045 Vidimus
919 4988 1085 5061 quod
1114 4987 1223 5042 iste
1255 4985 1574 5058 episcopus
1607 4992 1793 5041 vester
1832 4986 2102 5044 Aldricus

431 5075 615 5131 habet
644 5093 783 5132 suas
813 5077 1192 5132 auctoritates
1209 5078 1267 5130 et
1290 5079 1588 5146 praecepta
1607 5076 1830 5143 regalia
1852 5081 1973 5132 tam
1997 5092 2099 5145 ge-

432 5162 640 5220 nitoris
670 5163 853 5219 vestri
878 5178 1064 5235 quam
1090 5168 1148 5217 et
1176 5162 1428 5217 aliorum
1458 5167 1790 5218 vestrorum
1830 5169 2098 5220 anteces-

432 5268 658 5320 sorum,
684 5249 962 5306 videlicet
988 5265 1201 5319 regum
1232 5251 1619 5317 Francorum,
1648 5250 1708 5306 in
1747 5252 1990 5324 quibus,
2034 5258 2097 5310 ut

431 5358 638 5398 coram
670 5335 847 5396 nobis
895 5336 1167 5394 relictum
1212 5344 1320 5408 est,
1355 5340 1687 5396 continetm‘
1716 5342 2005 5397 insertum
2037 5347 2095 5398 et

430 5434 781 5485 sanctorum
805 5427 1185 5483 sacerdotum
1208 5444 1276 5483 ac
1290 5444 1497 5498 regum
1527 5429 1807 5485 manibus
1833 5430 2093 5503 propriis

428 5517 901 5581 corroboratam,
929 5517 1091 5590 quod
1143 5519 1577 5573 monasterium
1608 5520 1886 5583 Anisolae,
1927 5520 2089 5575 unde

427 5608 623 5675 agitur
647 5605 775 5662 haec
801 5606 1046 5678 justitia,
1063 5608 1475 5665 Cenomanlcae
1495 5609 1671 5665 matri
1694 5609 1956 5665 ecclesiae
1980 5614 2090 5665 tra-

425 5695 617 5750 ditum
638 5693 746 5750 fuit
765 5699 822 5750 et
841 5695 917 5751 ab
947 5695 1241 5769 episcopis
1274 5696 1547 5767 ejusdem
1573 5696 1778 5751 matris
1822 5696 2087 5753 ecclesiae

423 5787 828 5841 constructum
856 5788 913 5841 et
948 5790 1228 5841 ornatum
1257 5788 1438 5857 amue
1452 5783 1689 5854 legibus
1711 5800 2085 5856 possessum.

2236 3300 2611 3373 imperatoris
2642 3301 2963 3356 observare
3003 3300 3171 3373 apud
3219 3317 3322 3357 eos
3373 3306 3461 3357 est
3521 3306 3911 3361 consuetudo

2234 3389 2378 3445 nihil
2409 3405 2679 3461 unquam
2712 3394 3133 3445 conservatum
3154 3389 3292 3458 fuit;
3317 3396 3373 3446 et
3402 3406 3514 3464 pro
3544 3391 3673 3447 istis
3701 3396 3911 3449 causis

2233 3477 2537 3535 afﬁrmant
2565 3484 2619 3534 et
2649 3477 2981 3534 defendunt
3007 3479 3106 3550 jac
3131 3479 3272 3534 dicti
3301 3484 3472 3535 testes
3501 3481 3909 3553 seepedictum

2232 3567 2664 3623 monasterium
2696 3582 2818 3623 non
2849 3572 3114 3623 vestrum
3143 3568 3457 3641 proprium
3485 3574 3589 3625 aut
3639 3569 3908 3644 alicujus

2231 3673 2380 3727 esse,
2411 3657 2516 3712 sed
2543 3657 2617 3712 de
2640 3657 2772 3728 jure
2803 3658 3215 3713 Cenomanicae
3247 3658 3453 3714 matris
3493 3659 3790 3730 ecclesiae,
3826 3661 3907 3717 de

2231 3747 2403 3817 cujus
2460 3746 2639 3801 rebus
2697 3752 2785 3801 est
2834 3746 3175 3810 fundatum,
3198 3746 3344 3802 illud
3375 3763 3507 3803 esse
3564 3747 3903 3817 afﬁrmant,

2230 3834 2392 3906 quod
2427 3839 2482 3889 et
2509 3834 2941 3890 rationabiliter
2970 3839 3027 3890 et
3050 3835 3308 3904 legibus,
3339 3840 3403 3891 ut
3429 3835 3608 3892 nobis
3636 3838 3903 3908 videtur,

2229 3922 2423 3979 facere
2450 3929 2722 3995 possunt.
2753 3924 3071 3979 Testautur
3097 3924 3278 3980 etiam
3332 3941 3516 3997 supra
3572 3929 3902 3984 memorati

2228 4016 2406 4069 testes
2437 4013 2603 4085 quod
2634 4029 2847 4069 omnes
2877 4013 3142 4087 episcopi
3190 4014 3294 4087 qui
3323 4014 3385 4070 in
3424 4014 3719 4087 praedicta
3750 4018 3904 4073 civi-

2227 4104 2342 4157 tate
2375 4101 2517 4157 etin
2544 4102 2672 4172 jam
2703 4101 2862 4158 dicta
2901 4103 3043 4158 sede
3092 4119 3129 4159 a
3175 4106 3444 4175 tempore
3472 4105 3660 4160 sancti
3719 4108 3906 4162 Inno-

2224 4189 2408 4244 centis
2440 4190 2705 4262 episcopi
2736 4190 3007 4259 secundi,
3039 4191 3403 4249 successoris
3441 4191 3722 4248 videlicet
3753 4211 3906 4250 san-

2222 4278 2299 4334 cti
2326 4279 2590 4345 Victurii,
2616 4284 2672 4334 et
2698 4295 2733 4335 a
2756 4284 3022 4351 tempore
3044 4282 3233 4336 sancti
3258 4279 3553 4352 (‘arilephi
3580 4282 3904 4339 confesso-

2220 4368 2300 4423 ris
2330 4367 2529 4423 eximii
2561 4368 2820 4438 fuerunt,
2864 4370 3221 4441 prmdietum
3276 4370 3719 4427 monasterium
3753 4373 3909 4428 sub-

2215 4457 2440 4527 jectum
2470 4457 2841 4521 habuissent,
2875 4459 3136 4530 exceptis
3162 4458 3423 4525 duobus,
3450 4460 3620 4531 quod
3640 4468 3904 4533 propter

2218 4546 2571 4618 praedictum
2602 4546 2810 4602 odium
2842 4553 2899 4603 et
2927 4563 3037 4619 pro
3067 4548 3270 4620 aliqua
3316 4547 3685 4618 negligentia
3717 4565 3901 4607 vera-

2216 4635 2358 4691 citer
2387 4634 2609 4690 factum
2658 4650 2787 4690 esse
2834 4635 3188 4709 inquisitum
3214 4642 3320 4693 est.
3353 4638 3671 4692 Testantur
3700 4639 3897 4695 etiam

2213 4724 2380 4797 quod
2407 4724 2543 4796 plus
2575 4724 2655 4779 ad
2695 4725 2794 4795 jus
2826 4728 2882 4780 et
2932 4726 3369 4797 subjectionem
3400 4725 3706 4798 praedicta
3758 4744 3900 4785 ma-

2214 4813 2315 4868 tris
2383 4813 2650 4868 ecclesiae
2704 4813 3025 4885 praefatum
3081 4814 3517 4871 monasterium
3584 4815 3903 4886 pertineat

2212 4916 2397 4973 quam
2423 4900 2501 4955 ad
2524 4898 2790 4957 vestrum
2816 4903 3133 4975 proprium
3155 4907 3260 4959 aut
3281 4902 3359 4959 ad
3390 4903 3573 4959 aliam
3605 4903 3900 4977 aliquam

2211 5004 2463 5045 causam
2489 5006 2501 5055 ;
2537 4988 2753 5056 ethoc,
2777 4988 2824 5044 si
2853 4989 3036 5062 aliqui
3058 4994 3234 5046 testes
3265 4995 3474 5047 contra
3499 5007 3564 5046 se
3586 4993 3895 5059 venerint,

2209 5078 2397 5134 falsos
2439 5094 2562 5143 eos,
2590 5077 2845 5149 qualiter
2873 5079 3293 5151 preeceperitis,
3329 5079 3523 5135 facere
3554 5096 3741 5153 posse
3771 5087 3896 5137 tes-

2208 5168 2426 5232 tantur,
2452 5165 2820 5240 ﬁrmitcrque
2849 5168 3173 5224 afﬁrmant.
3209 5168 3567 5240 Supradicta
3608 5185 3759 5225 vero
3792 5188 3897 5226 ra-

2210 5255 2364 5310 tione
2391 5255 2547 5312 hanc
2566 5256 2859 5327 justitiam
2884 5258 3339 5328 diligentissime
3370 5258 3748 5328 ventilatam,
3799 5261 3896 5316 rei

2202 5343 2512 5398 veritatem
2542 5352 2995 5416 cognoscentes,
3028 5347 3280 5420 pleniter
3325 5351 3383 5405 et
3434 5348 3897 5405 rationabiliter

2201 5430 2353 5500 legis
2384 5431 2603 5489 divinae
2660 5440 2716 5490 et
2768 5435 3095 5492 mundanae
3148 5452 3261 5492 nos
3294 5437 3607 5510 utriusque
3641 5437 3892 5493 ordinis

2202 5520 2378 5575 vestri
2405 5520 2611 5577 ﬁdeles
2643 5525 2992 5581 auctoritate
3023 5525 3313 5589 instructi,
3338 5530 3395 5582 et
3424 5526 3610 5598 plena
3638 5528 3891 5585 ratione

2200 5607 2445 5679 suffulti,
2472 5609 2823 5681 judicamus
2854 5630 3080 5687 vosque
3108 5615 3424 5671 hortamur
3451 5618 3519 5671 ut
3548 5615 3598 5671 ei
3634 5616 3893 5674 aufera-

2196 5699 2293 5753 tur
2333 5697 2438 5769 qui
2482 5699 2655 5754 vobis
2705 5701 3061 5759 inobediens
3106 5704 3324 5760 exstitit
3369 5709 3426 5760 et
3469 5704 3551 5760 ad
3593 5712 3889 5763 vestrum

2196 5784 2485 5858 placitum
2514 5802 2638 5846 non
2671 5791 2867 5848 solum
2899 5792 3084 5849 semel
3105 5797 3211 5850 aut
3236 5793 3331 5850 bis
3359 5793 3456 5850 vel
3484 5798 3575 5850 ter
3618 5800 3888 5853 vocatus
