3944 6418
73 259 127 323 οι
1693 258 1877 317 νιτΑ.

68 384 248 445 venire
268 379 651 454 contempsit,
673 380 821 455 quia
848 380 925 438 de
955 398 1067 439 sua
1095 380 1373 439 absentia
1393 379 1714 455 culpabilis
1742 384 1793 439 Α
1824 383 1992 444 dulto
2048 394 2105 446 et
2151 390 2425 461 delegato
2451 391 2680 463 judicio
2709 391 3013 465 purgandi
3068 407 3130 448 se
3179 392 3497 449 occasione

68 480 116 532 et
142 471 434 529 convictus
456 486 596 527 esse
627 470 1035 541 cognoscitur,
1054 475 1112 527 et
1149 470 1204 528 ei
1231 474 1433 528 vestra
1452 472 1713 528 auctori-

68 568 171 620 tate
199 566 525 633 nostroque
548 558 780 631 judicio
809 559 1099 618 reddatur
1118 560 1439 634 praefatum
1468 576 1713 617 monas-

66 652 260 708 terium
271 649 374 723 qui
393 647 571 705 vobis
599 646 956 706 inobediens
984 664 1109 707 non
1138 648 1265 712 fuit,
1289 664 1401 705 nec
1421 648 1501 705 ad
1524 648 1712 723 placi-

66 747 179 798 tum
216 739 414 794 venire
450 738 668 801 renuit,
704 737 813 794 sed
845 754 1088 811 semper
1112 754 1380 812 praesens
1411 754 1552 795 cum
1582 739 1707 795 suis

66 826 502 885 auctoritatibus
531 831 588 883 et
619 826 926 883 nobilibus
964 827 1215 885 testibus
1253 827 1466 893 adfuit,
1502 833 1560 884 et
1594 828 1712 884 hoc

64 917 296 993 pleniter
321 921 377 972 et
404 915 682 987 legaliter
712 916 1057 992 approbare
1107 921 1195 973 est
1242 920 1495 990 paratus
1543 916 1712 990 quod

65 1023 175 1062 sum
196 1003 354 1061 sedis
376 1003 643 1061 ecclesiae
664 1005 985 1078 praefatum
1008 1005 1446 1062 monasterium
1458 1022 1591 1062 esse
1612 1005 1714 1063 de-

62 1096 168 1152 bet.
204 1097 266 1151 Et
285 1097 610 1167 propterea
650 1093 903 1168 praefato
958 1094 1198 1151 Aldrico
1223 1094 1510 1168 episcopo
1532 1093 1713 1152 ﬁrma

64 1183 395 1241 auctoritate
445 1180 526 1239 ad
566 1183 670 1254 jus
699 1198 824 1239 sua:
869 1182 1031 1239 sedis
1080 1183 1349 1240 ecclesia
1388 1183 1710 1258 praefatum

61 1271 477 1330 monasterium
499 1287 645 1327 cum
664 1271 829 1329 omni
860 1271 1199 1344 integritate
1222 1276 1290 1329 ut
1312 1273 1605 1330 reddatur
1620 1274 1714 1346 ju-

60 1362 336 1419 dicamus.
358 1359 624 1427 Quidam
657 1366 859 1417 autem
876 1376 1087 1419 eorum
1113 1361 1390 1419 dixerunt
1408 1381 1421 1418 :
1437 1363 1519 1418 De
1534 1362 1712 1419 nobis

59 1452 191 1527 ipsis
220 1449 386 1506 aliter
410 1450 690 1522 judicare
710 1465 834 1507 non
854 1466 1203 1524 possumus,
1234 1451 1401 1525 quod
1427 1451 1474 1507 si
1494 1451 1709 1526 aliquis

61 1546 312 1597 nostrum
331 1539 471 1596 licet
498 1539 742 1596 nemine
767 1544 1094 1614 quaerente,
1128 1545 1231 1596 aut
1262 1541 1469 1614 aliqua
1498 1557 1711 1598 causa-

62 1629 203 1685 tione
225 1626 529 1701 pulsante.
556 1632 812 1684 vocatus
844 1628 925 1684 ad
952 1632 1218 1684 vestrum
1233 1628 1524 1702 placitum
1547 1628 1706 1684 veni-

59 1734 114 1774 re
141 1716 579 1789 contempserit,
607 1716 670 1773 ni
699 1715 1019 1775 inﬁrmitas
1046 1722 1150 1773 aut
1168 1716 1437 1789 legitima
1477 1716 1706 1775 somnis
1745 1747 1787 1803 Β

60 1823 181 1863 eum
209 1806 546 1875 detinuerit,
581 1811 639 1861 et
669 1806 718 1861 si
741 1805 950 1879 aliqua
978 1806 1229 1878 somnis,
1258 1811 1363 1863 aut
1388 1806 1707 1863 inﬁrmitas

60 1912 180 1953 eum
205 1895 540 1963 detinuerit,
563 1895 627 1951 ni
651 1897 780 1970 ipse
801 1912 982 1952 suum
1011 1895 1377 1953 advocatum
1401 1901 1505 1953 aut
1526 1912 1706 1952 suam

60 1985 488 2041 excusationem
510 1984 937 2042 rationabilem
961 1985 1040 2041 ad
1065 2001 1175 2042 vos
1204 1984 1452 2058 miserit,
1475 1986 1634 2057 juste
1648 1989 1705 2042 et

59 2074 219 2147 plena
240 2073 470 2130 ratione
503 2073 758 2147 perdere
786 2072 965 2130 debet
990 2075 1408 2148 unusquisque
1428 2080 1703 2132 nostrum

59 2162 205 2236 quod
232 2162 305 2219 de
329 2167 531 2219 vestro
562 2162 767 2220 habet.
802 2165 870 2220 Et
896 2168 1219 2236 propterea
1248 2164 1400 2221 sicut
1427 2163 1575 2220 etde
1598 2179 1705 2220 no-

58 2251 154 2318 bis,
186 2251 263 2308 sic
291 2256 348 2308 et
374 2252 453 2308 de
484 2250 591 2307 illo
612 2251 997 2323 judicamus;
1036 2253 1187 2325 quia
1232 2260 1514 2309 neutrum
1545 2253 1699 2320 fecit,

59 2356 152 2396 nec
180 2341 304 2413 ipse
326 2341 513 2404 venit,
547 2356 659 2397 nec
680 2341 978 2397 mandare
1009 2342 1237 2397 studuit
1293 2358 1400 2398 cur
1426 2341 1575 2398 illud
1619 2341 1704 2397 di-

59 2430 212 2486 misit.
233 2429 344 2487 Sed
364 2429 520 2487 sicut
545 2428 641 2485 isti
662 2430 939 2487 homines
964 2430 1070 2504 qui
1084 2446 1315 2503 praeses
1324 2435 1412 2487 tes
1431 2431 1698 2501 adstant,

59 2517 109 2572 id
125 2523 205 2573 est
230 2517 487 2588 Hagano
518 2522 577 2574 et
608 2516 959 2575 Benedictus
984 2523 1044 2575 et
1071 2517 1191 2583 alii,
1219 2518 1429 2576 dicunt
1456 2524 1512 2575 et
1542 2517 1702 2576 aﬂir-

58 2623 203 2663 mare
229 2606 438 2663 volunt
478 2606 982 2682 qualitercuuque
1029 2608 1201 2664 vobis
1233 2608 1546 2682 placuerit,
1575 2607 1700 2664 sive

60 2697 98 2750 si
124 2696 325 2769 aliquis
355 2712 431 2753 ex
461 2696 642 2753 vobis
673 2696 844 2753 aliter
871 2697 1106 2769 dixerit,
1152 2697 1457 2768 singulare
1513 2701 1699 2754 certa-

60 2801 176 2841 men
199 2801 332 2841 cum
360 2801 434 2842 eo
466 2785 735 2859 prteliari
762 2785 889 2842 sive
914 2786 975 2842 in
1000 2786 1250 2858 judicio,
1284 2786 1331 2843 si
1363 2787 1536 2843 vobis
1566 2787 1698 2860 pla-

58 2874 233 2943 cuerit,
265 2890 370 2931 seu
398 2890 548 2931 cum
569 2879 954 2932 sacramento
979 2892 1189 2932 verum
1221 2876 1417 2932 facere
1466 2876 1700 2933 nullam

58 2962 123 3018 ob
146 2962 318 3019 aliam
342 2978 607 3021 causam
636 2964 958 3037 priefatum
981 2964 1441 3036 Sigismundum
1466 2980 1703 3022 reman-

58 3053 201 3121 sisse,
246 3069 442 3127 neque
486 3058 738 3127 propter
768 3053 1201 3125 infirmitatem,
1234 3070 1431 3127 neque
1458 3059 1703 3129 propter

60 3140 215 3196 aliam
242 3141 689 3210 necessitatem,
716 3141 831 3197 nisi
856 3142 1023 3216 quod
1050 3142 1269 3215 venire,
1292 3158 1367 3197 ne
1390 3143 1704 3199 convince-

56 3236 209 3302 retur,
238 3231 444 3294 noluit,
466 3231 622 3304 quia
642 3231 876 3287 nullam
889 3231 1187 3304 justitiam
1208 3247 1405 3306 neque
1429 3232 1698 3306 aliquam

52 3320 249 3388 justam
280 3325 382 3377 aut
405 3319 842 3377 rationabilem
873 3336 1129 3377 causam
1169 3321 1462 3394 praedicta
1499 3336 1702 3393 quaes-

57 3410 188 3465 tione
206 3428 265 3466 se
292 3411 520 3467 habere
550 3410 921 3467 conﬁdebat.
955 3413 1021 3466 Et
1049 3412 1176 3467 haec
1204 3410 1476 3483 prtedicti
1502 3410 1701 3465 homi-

60 3513 145 3552 nes
158 3499 413 3572 quotidie
435 3503 582 3555 ante
609 3515 718 3555 vos
740 3504 798 3556 et
828 3503 966 3555 ante
991 3515 1105 3556 nos
1126 3504 1183 3556 et
1205 3499 1470 3572 reliquos
1492 3498 1701 3554 ﬁdeles

58 3593 254 3643 vestros
280 3588 577 3651 clamant,
612 3592 672 3644 et
700 3588 1062 3661 approbare,
1124 3588 1277 3643 sicut
1322 3587 1698 3661 praedictum,

59 3682 147 3739 est,
168 3676 252 3733 vel
272 3677 533 3751 qualiter
547 3693 659 3733 vos
680 3677 974 3751 placuerit
997 3681 1054 3734 et
1074 3678 1161 3734 eis
1182 3682 1554 3751 praeceptum
1577 3675 1702 3732 fue-

57 3765 116 3821 rit
137 3766 343 3823 volunt.
376 3770 445 3823 Et
473 3768 595 3823 hoc
618 3767 947 3841 saepissime
969 3767 1287 3841 publiciter
1305 3767 1366 3822 in
1395 3768 1511 3822 hoc
1532 3765 1703 3839 pala-

60 3854 122 3909 tio
144 3861 223 3910 est
246 3856 658 3913 acclamatum
680 3861 740 3913 et
758 3857 1158 3931 perquisitum
1187 3856 1364 3912 nobis
1394 3860 1451 3911 et
1475 3854 1701 3911 caeteris

59 3943 301 4002 ﬁdelibus
329 3947 552 4003 vestris
580 3946 968 4004 audientibus
998 3964 1012 4001 :
1040 3946 1147 4003 sed
1174 3961 1357 4002 nemo
1373 3950 1465 4001 est
1489 3945 1593 4018 qui
1616 3944 1702 4000 eis

60 4035 430 4092 contradicere
463 4041 575 4093 aut
629 4035 901 4092 resistere
957 4035 1117 4106 velit,
1149 4036 1255 4091 sed
1307 4035 1443 4108 plus
1491 4036 1703 4090 dicunt

58 4138 236 4181 omnes
262 4142 366 4182 eos
384 4126 708 4182 veritatem
737 4126 952 4193 dicere,
971 4126 1138 4199 quod
1169 4130 1225 4182 et
1254 4124 1569 4180 verisimile
1589 4138 1700 4179 no-

60 4211 130 4264 bis
155 4228 273 4269 esse
320 4215 581 4271 videtur.
613 4215 707 4269 Sic
736 4230 843 4271 vos
882 4215 1014 4286 jam
1054 4214 1400 4286 quindecim
1433 4212 1559 4268 dies
1594 4226 1703 4285 per

63 4300 197 4356 aliud
213 4303 499 4375 placitum
516 4302 614 4359 vel
634 4303 875 4359 tertium
892 4310 949 4360 et
968 4318 1324 4359 concessum
1349 4306 1701 4374 exspectan-

62 4394 146 4458 tes,
167 4406 351 4464 neque
392 4408 581 4449 suum
614 4392 980 4449 advocatum
1009 4396 1113 4448 aut
1141 4407 1285 4448 suas
1315 4391 1700 4447 auctoritates

1822 492 1946 533 non
1986 478 2187 536 utitur.
2222 481 2374 538 Nihil
2400 482 2560 537 enim
2588 483 2832 537 interest
2862 486 3064 537 utrum
3094 482 3156 538 in
3209 483 3493 555 praesenti

1823 569 2098 624 examine
2129 571 2337 627 omnia
2362 587 2497 644 quze
2522 571 2682 627 dicta
2714 575 2856 627 sunt
2884 571 2960 627 de
2991 588 3062 627 eo
3089 572 3494 644 comproben-

1823 661 1935 725 tur,
1962 675 2103 715 cum
2130 659 2263 733 ipsa
2291 660 2564 718 absentia
2610 677 2721 734 pro
2771 661 3149 718 confessione
3181 666 3416 718 constet
3443 671 3490 719 ι.

1964 769 2112 825 Item
2144 784 2219 826 ex
2243 769 2496 826 decretis
2526 771 2789 840 ejusdem
2813 770 3125 841 Bonifacii
3138 784 3342 840 papae.

1893 874 2045 931 Nulli
2079 875 2334 932 dubium
2391 882 2479 933 est
2517 876 2685 950 quod
2740 894 2878 933 reus
2926 877 3224 950 judicium
3262 893 3489 933 nocens

1821 961 2198 1038 subterfugit,
2230 967 2754 1039 quemadmodum
2781 972 2847 1023 ut
2876 967 3229 1023 absolvatur
3276 967 3379 1039 qui
3405 971 3492 1022 est

1819 1054 2111 1111 innocens
2165 1054 2396 1129 quaerit.
2456 1056 2781 1113 Conﬁtetur
2855 1057 3015 1113 enim
3074 1056 3149 1112 de
3203 1056 3488 1112 omnibus

1819 1144 2099 1219 quisquis
2156 1162 2218 1202 se
2262 1145 2681 1217 subterfugere
2729 1146 3029 1218 judicium
3097 1145 3488 1203 dilationibus

1818 1238 2013 1309 putat.

2207 1328 2355 1385 Item
2383 1328 2645 1398 ejusdem
2680 1329 2854 1397 cujus
2884 1341 3091 1396 supra.

1893 1433 2243 1490 Cavendum
2277 1437 2366 1490 est
2396 1439 2461 1490 ut
2485 1433 2535 1489 si
2565 1433 2701 1506 quis
2732 1432 2946 1489 adesse
2966 1431 3311 1503 neglexerit,
3343 1432 3487 1488 dila-

1818 1521 2044 1579 tionem
2100 1523 2409 1579 sententiae
2458 1522 2533 1579 de
2563 1520 2843 1578 absentia
2875 1536 2999 1577 non
3028 1520 3324 1588 lucretur;
3380 1520 3486 1575 sed

1816 1628 1954 1685 quae
1982 1612 2139 1669 male
2166 1612 2493 1685 pullulasse
2519 1615 2875 1679 noscuntur,
2906 1609 3194 1667 radicitus
3226 1608 3485 1666 evellan-

1817 1705 1912 1759 tur
1931 1707 1988 1759 et
2015 1704 2430 1760 emendentur.

2191 1793 2288 1849 Ea:
2317 1793 2568 1849 decretis
2592 1790 2901 1848 CteIestini
2918 1804 3119 1860 papae.

1888 1903 2015 1956 Non
2044 1904 2205 1957 caret
2233 1898 2396 1955 enim
2426 1898 2766 1971 suspicione
2788 1896 2895 1970 qui
2926 1896 3007 1953 ad
3054 1895 3353 1967 judicium
3383 1910 3485 1950 ve-

1816 1989 1943 2045 nire
1992 1987 2415 2062 contempserit
2468 1992 2525 2044 et
2578 1987 2825 2061 purgari
2885 2002 2950 2041 se
2978 1984 3291 2055 distulerit,
3341 1983 3487 2056 quia

1815 2081 1949 2153 ipsa
1974 2078 2250 2134 absentia
2280 2093 2393 2134 sua
2421 2082 2509 2134 est
2537 2075 2975 2149 comprobatio.
3007 2075 3258 2146 Insuper
3277 2089 3485 2129 occur-

1816 2173 1903 2226 ret
1931 2167 2171 2234 veritas,
2226 2166 2273 2223 si
2331 2166 2561 2223 falsitas
2620 2164 2916 2237 displicet.
2972 2162 3171 2220 Merito
3215 2178 3483 2234 namque

1817 2270 2006 2311 causa
2055 2267 2168 2309 nos
2225 2251 2464 2324 respicit
2522 2251 2573 2306 si
2625 2249 2858 2305 silentio
2905 2248 3218 2304 faveamus
3275 2246 3480 2302 errori.

1818 2345 1971 2413 Ergo
2002 2340 2400 2414 corripiantur
2441 2338 2547 2412 qui
2575 2337 2933 2410 hujusmodi
2964 2339 3107 2392 sunt
3130 2335 3330 2391 modis
3355 2351 3484 2391 om-

1817 2432 2019 2497 nibus,
2078 2434 2145 2487 ut
2189 2430 2409 2486 veritas
2441 2444 2652 2485 eorum
2705 2426 2980 2483 versutiis
3032 2441 3158 2482 non
3187 2425 3480 2498 sopiatur,

1820 2522 1927 2579 sed
1954 2524 2154 2577 astuta
2173 2535 2384 2576 eorum
2413 2517 2712 2575 cavillatio
2743 2516 3056 2589 aptissime
3082 2519 3137 2571 et
3158 2514 3485 2588 prudenter

1818 2612 2103 2671 omnibus
2127 2609 2542 2667 manifestatur
2571 2612 2628 2664 et
2655 2606 3029 2673 emendetur,
3089 2610 3270 2678 atque
3320 2603 3486 2659 resti-

1818 2703 2017 2755 tuatur
2071 2698 2238 2772 quod
2310 2697 2604 2754 hactenus
2658 2694 2960 2752 occultum
3028 2697 3087 2750 et
3141 2692 3484 2764 neglectum

1813 2787 1944 2846 fuit.

1873 2899 2023 2953 Item
2053 2901 2399 2967 excerptum
2422 2910 2497 2951 ex
2525 2894 2778 2951 decretis
2806 2907 2986 2963 papa
3008 2891 3345 2948 Innocentii
3375 2890 3422 2945 iv.

1885 3003 2114 3059 Veritas
2146 3001 2365 3075 saepius
2405 2998 2703 3070 exagitata
2734 2997 2932 3068 magis
2993 2996 3373 3069 splendescet
3400 2995 3482 3051 ad

1743 3109 1785 3167 ο
1812 3092 2034 3163 lucem,
2088 3096 2145 3147 et
2171 3090 2464 3164 pernicies
2492 3091 2770 3144 revocata
2802 3086 2864 3141 in
2891 3086 3190 3157 judicium
3238 3084 3484 3155 gravius

1813 3182 2271 3241 condemnatur.
2326 3183 2477 3235 Nam
2506 3176 2735 3232 fructus
2787 3175 3029 3231 divinus
3073 3172 3484 3244 estjustitiam

1813 3272 2033 3345 saepius
2061 3268 2378 3335 recenseri,
2436 3273 2493 3323 et
2520 3270 2718 3322 errata
2768 3263 3087 3335 corrigere,
3135 3261 3338 3317 ablata
3365 3277 3484 3317 res-

1812 3367 2068 3419 taurare.
2103 3364 2218 3416 Nec
2247 3359 2439 3415 otiosa
2467 3372 2610 3429 ergo
2641 3354 2932 3410 Dominus
2957 3351 3147 3424 judex
3187 3356 3390 3408 noster
3419 3350 3483 3407 in

1809 3452 1988 3509 nobis
2014 3467 2143 3507 esse
2169 3450 2391 3523 patitur
2417 3464 2553 3521 quae
2581 3444 2938 3512 exercenda,
2965 3459 3088 3499 non
3119 3441 3485 3513 negligenda

1809 3540 2055 3599 donavit
2072 3551 2114 3596 ο.

1880 3632 2201 3704 Sequentia
2234 3644 2371 3686 vero
2402 3628 2676 3698 capitula
2725 3625 2807 3681 ad
2864 3624 3129 3681 eamdem
3181 3622 3478 3678 rationem

1807 3724 2176 3794 pertinentia
2204 3737 2243 3777 a
2271 3718 2641 3790 sapientibus
2670 3716 2981 3773 comitibus
3012 3720 3068 3769 et
3099 3714 3356 3770 scabinis
3382 3711 3483 3767 doc

1810 3815 2046 3869 minicis
2075 3817 2214 3868 sunt
2239 3811 2523 3881 prolata;
2559 3813 2614 3865 et
2641 3823 2753 3877 per
2771 3806 3080 3877 judicium
3100 3809 3316 3860 "coram
3360 3818 3481 3857 om-

1809 3904 1986 3959 nibus
2009 3907 2150 3958 sunt
2174 3903 2452 3957 recitata.

1884 4012 2016 4065 Haec
2044 4006 2309 4082 capitula
2340 4021 2476 4079 quas
2508 4003 2965 4075 subsequuntur
3013 3999 3088 4056 de
3136 3998 3266 4067 lege
3299 3998 3407 4053 Ro-

2288 4111 2475 4151 mana
2504 4098 2645 4150 sunt
2674 4096 3006 4164 assumpta.

1882 4211 2223 4277 Imperator
2264 4204 2721 4261 Valentinianus
2774 4202 2933 4256 inter
2961 4205 3177 4256 caetera
3202 4198 3476 4254 Firmino

1808 4300 2093 4369 praefecto
2114 4296 2405 4367 praetoria
2433 4299 2488 4350 et
2512 4294 2778 4363 patrima
2808 4292 2955 4347 data
2973 4290 3019 4343 ἀ.
3051 4289 3108 4346 Si
3161 4289 3298 4362 quis
3348 4288 3476 4359 pul-

1812 4396 1982 4445 satus
2028 4388 2091 4442 in
2130 4386 2359 4457 judicio
2386 4382 2602 4440 adesse
2654 4381 2932 4449 noluerit,
2973 4385 3110 4453 post
3140 4378 3476 4434 secundam

62 4479 209 4545 misit,
230 4463 424 4555 neque
455 4481 649 4538 ullam
674 4482 1130 4538 excusationem
1169 4482 1245 4537 de
1278 4497 1339 4536 se
1369 4480 1460 4535 vel
1484 4480 1558 4535 de
1587 4495 1697 4535 suo
1736 4463 1779 4518 θ
1810 4483 1914 4535 aut
1971 4477 2202 4533 tertiam
2258 4475 2715 4530 conventionem
2776 4473 2926 4527 sciat
2981 4488 3046 4525 se
3100 4468 3476 4525 contumacis

62 4576 372 4643 contemptu
399 4570 606 4628 facere
633 4570 841 4627 noluit.
897 4570 1123 4627 Idcirco
1151 4571 1224 4626 de
1253 4584 1364 4626 sua
1421 4568 1700 4625 absentia

64 4655 132 4711 vel
154 4662 530 4718 contumacia
573 4662 708 4733 jam
737 4661 1082 4718 convictum
1130 4665 1309 4733 atque
1335 4660 1699 4715 damnatum

62 4760 174 4802 eum
193 4765 316 4805 esse
340 4750 583 4822 legibus
598 4752 621 4823 j
634 4750 967 4818 udicamus,
988 4750 1149 4806 itaut
1169 4766 1276 4805 nec
1298 4750 1428 4821 ejus
1444 4764 1557 4804 vox
1577 4765 1702 4804 am-

64 4832 189 4903 plius
207 4837 277 4894 de
304 4839 422 4897 bac
462 4856 657 4896 causa
681 4840 982 4896 audiatur.
1018 4841 1084 4895 Et
1124 4842 1190 4894 ut
1213 4839 1328 4895 hoc
1358 4837 1526 4911 quod
1558 4836 1702 4892 dici-

63 4938 172 4980 mus
212 4930 641 5000 etjudicamus
697 4930 1049 4986 auctoritate
1108 4945 1415 4985 canonum
1447 4933 1503 4983 ct
1551 4928 1700 4998 legis

67 5013 260 5082 plenius
288 5020 751 5090 conﬁrmemus,
784 5035 1106 5093 precamur
1138 5025 1200 5074 ut
1236 5018 1540 5075 nonnullae
1569 5033 1701 5073 sen-

67 5107 223 5163 tentiae
244 5111 316 5165 ad
340 5112 456 5167 hoc
484 5111 855 5185 pertinentes
884 5125 1190 5165 canonum
1224 5114 1281 5165 et
1325 5109 1529 5179 legum
1562 5112 1700 5163 ante

66 5207 148 5249 Vos
167 5196 349 5268 legere
362 5201 658 5273 jubeatis.
678 5203 741 5256 Et
756 5205 899 5257 tunc
925 5200 1163 5273 publice
1182 5215 1389 5255 coram
1413 5198 1699 5254 omnibus

65 5286 283 5344 Γερίῐόῐὶἓ
312 5298 455 5348 sunt
476 5293 574 5347 hae
602 5291 911 5346 sententiae
942 5294 1333 5346 canonumet
1362 5288 1591 5359 legum.

67 5371 287 5448 Etcerpt
295 5397 390 5437 um
407 5396 489 5438 ea:
499 5381 759 5437 decretis
766 5396 944 5451 papae
955 5381 1151 5450 Bonil‘
1146 5381 1265 5436 acii
1270 5419 1282 5442 ,
1300 5380 1567 5449 capitulo
1587 5380 1697 5434 III.

120 5464 471 5527 Manifestum
503 5475 599 5526 est
623 5468 897 5525 conﬁteri
922 5485 1063 5525 eum
1095 5468 1171 5524 de
1202 5467 1451 5525 crimine
1480 5467 1591 5541 qui
1614 5468 1702 5524 in~

121 5613 142 5687 ξ
175 5610 286 5687 ιρι).
319 5628 354 5666 v
375 5612 753 5687 Capitul.,Ac,
781 5616 883 5682 37;
915 5612 1019 5669 lib.
1050 5627 1145 5681 vn,
1175 5615 1336 5668 c.43.

122 5675 146 5715 "
180 5679 412 5741 Decreta
438 5675 630 5741 lhnoc
652 5675 704 5747 Ἰ,
725 5675 779 5739 c.
811 5675 902 5741 35.

125 5758 143 5787 ‘
172 5752 381 5819 Deci-et.
411 5756 720 5813 leestini
749 5756 791 5825 l,
820 5771 871 5812 ο.
902 5754 983 5813 12.

1812 4566 2168 4624 sententiam
2197 4564 2560 4629 subiturum,
2587 4562 2649 4619 id
2677 4567 2766 4618 est
2806 4568 2868 4618 ut
2906 4559 3225 4633 quidquid,
3260 4558 3308 4613 si
3337 4557 3477 4612 fuis-

1810 4661 1903 4715 set
1930 4658 1989 4713 in
2017 4655 2244 4729 judicio
2293 4652 2669 4711 addicendus
2725 4656 2872 4721 erat,
2926 4649 3149 4722 petenti
3193 4644 3477 4715 litigatori

1808 4747 1984 4822 quasi
2008 4751 2197 4803 Victus
2227 4743 2516 4801 exsolvat.
2566 4745 2714 4799 Data
2764 4757 2865 4797 vn.
2916 4738 3051 4795 Kal.
3084 4736 3215 4793 Maii
3249 4739 3473 4799 Romus,

1810 4836 2147 4894 Herculano
2177 4838 2238 4891 V.
2266 4835 2327 4891 C.
2358 4848 2526 4889 cons.

1883 4927 2156 4998 Quinque
2176 4924 2448 4994 capitula
2470 4922 2543 4978 de
2571 4922 2784 4990 e/fectu
2804 4916 3238 4973 sententiarum
3261 4926 3310 4969 et
3340 4913 3475 4980 ﬁni-

1812 5020 1917 5076 bus
1950 5020 2147 5074 litium
2169 5015 2353 5071 Pauli
2387 5013 2822 5067 sententiarum
2847 5006 2948 5061 lib.
2982 5020 3018 5059 v
3047 5012 3091 5059 °.
3121 5003 3474 5074 Quicunque

1809 5109 1999 5165 tribus
2026 5102 2479 5162 auctoritatibus
2515 5096 2738 5169 judicis
2768 5098 3120 5162 conventus,
3176 5098 3281 5151 aut
3310 5094 3476 5150 trinis

1809 5197 2015 5253 litteris
2030 5194 2126 5249 vel
2148 5192 2338 5248 tribus
2354 5188 2561 5243 edictis
2579 5186 2689 5257 adj
2703 5185 2967 5241 udicium
2993 5184 3169 5241 fuerit
3189 5200 3480 5256 provoca-

1812 5293 1927 5353 tus,
1947 5288 2052 5340 aut
2072 5298 2194 5339 uno
2217 5296 2325 5353 pro
2346 5277 2631 5333 omnibus
2666 5275 3091 5349 peremptorio,
3109 5274 3171 5330 id
3192 5277 3285 5328 est
3308 5273 3478 5344 quod

1811 5390 2061 5433 causam
2087 5367 2434 5439 exstinguit,
2457 5367 2630 5423 fuerit
2648 5371 2955 5435 evocatus,
2984 5370 3042 5421 et
3089 5362 3478 5437 praesentiam

1814 5481 1992 5523 suam
2011 5460 2177 5536 apud
2199 5475 2339 5516 eum
2354 5458 2624 5530 judicem
2643 5473 2681 5514 a
2709 5471 2834 5529 quo
2882 5454 2936 5510 ei
2977 5452 3358 5510 denutiatum
3388 5459 3482 5514 est

1885 5609 1911 5644 ιι
1944 5601 2376 5681 Novell_.__unic_a
2405 5600 2479 5681 de
2506 5601 2687 5681 episc,
2716 5595 2945 5681 judicio
2974 5595 3037 5652 in
3066 5597 3368 5681 interpret.

1884 5687 1905 5713 ο
1948 5677 2108 5739 Paul.
2139 5674 2244 5733 lib.
2272 5690 2308 5727 v
2329 5676 2511 5742 Sent.,
2546 5674 2629 5729 tit.
2654 5677 2684 5727 5
2715 5674 2777 5728 in
2803 5674 3017 5751 interp.
