3944 6410
458 233 531 291 83
1564 226 1848 283 ALDRICI
1888 219 2425 283 CENOMANENSIS
2464 220 2778 278 EPISCOPI
3825 222 3880 280 84

457 352 740 409 exhibere
766 353 1037 419 voluerit,
1069 351 1360 409 adversus
1392 366 1530 406 eum
1576 350 1749 425 quasi
1803 350 1863 405 in
1911 350 2116 403 contu-
2144 347 2192 405 Α
2231 343 2753 415 comprobandam
2801 343 3005 411 defuit,
3049 347 3249 401 vestra
3277 343 3633 400 auctoritate
3684 346 3885 398 vestro-

456 457 695 498 macem
743 442 1000 512 judicari
1058 444 1270 514 potest.
1325 440 1602 506 Quinimo
1650 455 1760 494 nec
1812 436 2118 494 retractari

456 544 566 601 per
594 529 1059 601 appellationem
1080 527 1321 597 negotia
1345 532 1622 600 possunt,
1646 527 1879 600 quoties
1902 527 1962 582 in
1983 540 2121 581 con-

458 623 761 675 tumacem
789 617 963 674 fuerit
986 617 1345 688 judicatum.

531 726 677 781 Item
712 725 1067 782 Theodosius
1100 725 1254 779 libro
1293 731 1509 796 quarto
1541 724 1612 781 de
1640 724 1945 782 sententiis
1978 738 2051 778 ea:

968 813 1243 883 periculo
1273 814 1612 869 recitatum.

533 902 926 972 Imperatores
949 903 1298 967 Gratianus,
1361 903 1817 957 Valentinianus
1847 906 1902 956 et
1950 899 2126 953 Theo-

460 992 657 1047 dosius
680 992 868 1046 AAA.
904 990 1199 1048 Clearcho
1215 992 1517 1060 praefecto.
1545 991 1847 1063 Quidquid
1870 1003 2127 1061 praesen-

456 1081 617 1137 tibus
648 1080 918 1153 partibus
947 1080 1009 1135 in
1058 1079 1258 1137 causis
1299 1079 1470 1134 fuerit
1520 1079 1887 1148 ordinatum,
1938 1077 2124 1132 habe-

457 1169 545 1225 bit
606 1169 1021 1241 plenissimam
1072 1168 1438 1235 ﬁrmitatem,
1484 1184 1595 1223 nec
1642 1168 1856 1240 poterit
1905 1167 2125 1222 immu-

457 1258 592 1315 tari.
648 1259 797 1314 Data
851 1257 979 1314 Kal.
1040 1257 1247 1330 April.,
1309 1257 1570 1313 Honorio
1637 1261 1751 1313 Vill
1817 1261 1874 1314 et
1924 1255 2129 1312 Boetio

461 1363 661 1403 CODSS.

459 1457 750 1527 Sequitur
777 1454 1071 1511 sententia
1094 1453 1167 1509 de
1193 1454 1395 1510 eadem
1426 1456 1552 1525 lege
1570 1457 1839 1511 Romana
1868 1454 1940 1511 de
1973 1454 2125 1510 libro

1018 1543 1210 1599 Pauli
1236 1550 1568 1613 assumpta.

539 1650 597 1707 Si
626 1650 785 1705 enim
805 1649 1111 1721 judicibus
1136 1649 1277 1706 talia
1302 1650 1732 1720 conceduntur,
1751 1654 1977 1723 quanto
2001 1667 2124 1705 ma-

466 1740 556 1810 gis
585 1738 827 1808 regibus
854 1743 910 1796 et
934 1738 1395 1811 imperatoribus
1413 1739 1581 1795 frena
1606 1744 1661 1795 et
1680 1739 1808 1796 lora
1833 1738 2127 1812 ampliora

466 1833 524 1884 et
549 1827 763 1884 latiora
792 1828 1152 1895 relaxantur,
1180 1828 1470 1902 quoniam
1510 1829 1584 1884 de
1615 1828 1861 1884 crimine
1912 1828 2125 1898 majes-

464 1917 600 1972 tatis
644 1917 880 1985 gravius
921 1916 1265 1988 iudicantur
1304 1916 1388 1972 rei
1430 1921 1487 1972 et
1532 1917 1891 1972 incriminati
1940 1933 2125 1988 quam

465 2005 706 2062 alterius
749 2005 1001 2077 alicujus
1062 2004 1294 2075 generis
1351 2006 1682 2061 saecularis:
1738 2006 1881 2079 quia
1933 2006 2127 2061 honor

463 2092 677 2167 capitis
708 2093 893 2150 decus
922 2098 1014 2151 est
1042 2094 1298 2151 aliorum
1329 2094 1766 2166 membrorum,
1786 2098 1841 2151 et
1861 2094 2125 2150 dedecus

462 2182 672 2257 capitis
702 2183 1034 2255 ignominia
1078 2188 1168 2240 est
1198 2183 1451 2240 aliorum
1482 2184 1914 2240 membrorum.
1945 2187 2124 2239 Porro

461 2271 608 2345 quia
658 2271 863 2330 omnia
927 2271 1203 2329 membra
1261 2276 1594 2347 sequuntur
1649 2278 1848 2346 caput,
1906 2271 2125 2327 scilicet

461 2364 526 2416 ut
573 2361 637 2417 in
693 2361 1141 2435 comparatione
1193 2362 1707 2434 praedecessorum
1756 2366 2121 2429 nostrorum,

459 2465 628 2507 more
661 2434 936 2506 videlicet
985 2450 1394 2523 antiquorum,
1439 2450 1783 2522 loquamur,
1841 2450 1994 2505 sicut
2046 2450 2124 2505 ab

457 2537 574 2594 illis
613 2554 739 2594 non
785 2538 972 2594 semel
1013 2543 1117 2595 aut
1160 2538 1255 2593 bis
1301 2538 1397 2594 vel
1443 2543 1529 2594 ter
1572 2539 1678 2593 sed
1709 2554 1977 2611 persmpe
2027 2538 2125 2593 ﬁr-

459 2630 693 2683 matum
726 2631 783 2682 et
809 2626 1123 2682 deﬁnitum
1162 2643 1289 2682 esse
1331 2626 1609 2697 legimus,
1651 2626 2043 2683 dehonoratio
2070 2631 2126 2684 et

460 2714 763 2787 despectio
813 2715 1120 2771 seniorum
1180 2720 1237 2771 et
1277 2715 1701 2785 magistrorum
1733 2719 1789 2771 et
1810 2720 2122 2773 contuma-

462 2803 554 2859 cia
618 2819 828 2859 eorum
886 2803 1249 2860 contumelia
1287 2808 1375 2859 est
1423 2803 1801 2859 subditorum
1847 2808 1903 2860 et
1928 2805 2121 2876 junio~

458 2908 618 2961 rum,
651 2895 708 2947 et
730 2892 925 2949 honor
952 2896 1010 2949 et
1053 2892 1329 2949 exaltatio
1380 2897 1559 2965 atque
1605 2892 2022 2951 benevolentia
2068 2897 2125 2949 et

458 2980 801 3038 obedienda
830 2982 1134 3038 seniorum
1150 2987 1205 3038 et
1226 2981 1653 3053 magistrorum
1675 2983 1869 3039 honor
1890 2988 1946 3039 et
1965 2982 2122 3040 exal-

456 3070 603 3127 tatio
630 3075 718 3126 est
747 3071 1128 3128 subditorum
1157 3076 1213 3127 et
1236 3071 1569 3142 juniorum,
1615 3071 1762 3144 quia
1808 3076 1863 3128 et
1910 3072 1992 3128 illi
2041 3072 2121 3128 ab
2150 3056 2194 3123 (ἶ

453 3159 580 3215 istis
609 3164 666 3215 et
692 3159 786 3216 isti
816 3160 1026 3217 abillis
1058 3164 1268 3216 mutuo
1297 3160 1571 3217 foventur
1597 3166 1653 3217 et
1678 3160 2033 3232 exaltantur,
2065 3166 2123 3219 et

451 3249 622 3318 regni
648 3253 706 3305 et
732 3249 1099 3322 populorum
1128 3249 1471 3322 ampliatur,
1520 3254 1575 3307 et
1603 3250 1691 3305 vis
1735 3254 1916 3323 atque
1953 3250 2123 3322 justi-

452 3337 538 3393 tia
566 3353 776 3393 eorum
807 3338 1016 3394 crescit
1040 3343 1098 3394 et
1121 3339 1385 3412 populus
1414 3337 1679 3395 salvetur
1718 3344 1775 3395 et
1804 3339 2116 3395 exaltatur.

454 3425 514 3479 Si
538 3426 674 3496 quis
706 3430 906 3482 autem
932 3430 1140 3482 contra
1167 3428 1298 3483 haec
1325 3427 1472 3482 inire
1505 3431 1610 3483 aut
1647 3427 1850 3501 aliqua
1894 3428 2123 3485 machi-

452 3514 696 3568 natione
727 3512 955 3584 aliquid
981 3529 1157 3582 agere
1186 3514 1657 3587 praesumpserit,
1689 3515 2016 3573 damnatus
2055 3517 2119 3574 in

454 3600 738 3656 omnibus
764 3604 821 3656 et
848 3600 926 3656 ab
956 3601 1240 3657 omnibus
1269 3601 1515 3659 interius
1565 3603 1945 3676 exteriusque
1988 3620 2119 3661 sen-

453 3690 639 3747 tentia
664 3690 904 3746 ultionis
927 3689 1190 3758 feriatur,
1225 3707 1299 3747 ne
1329 3691 1392 3746 in
1434 3696 1740 3763 posterum
1793 3693 2117 3765 quisquam

451 3778 596 3835 talia
625 3794 801 3850 agere
830 3784 1180 3852 praesumat,
1212 3784 1271 3836 et
1295 3779 1344 3835 si
1371 3779 1511 3852 quis
1543 3779 1737 3835 facere
1781 3782 2116 3853 tentaverit,

452 3868 720 3926 similiter
743 3865 1085 3939 damnetur,
1119 3874 1177 3926 et
1202 3869 1441 3926 ultionis
1486 3869 1842 3927 sententiam
1884 3886 2007 3928 non
2038 3871 2117 3927 ef-

450 3957 660 4029 fugiat.

549 4065 700 4121 Item
732 4066 890 4122 unde
919 4081 1127 4136 supra,
1153 4066 1208 4121 si
1234 4065 1366 4136 quis
1398 4064 1479 4122 ad
1496 4066 1794 4136 placitum
1817 4069 2018 4123 venire

1120 4154 1448 4212 distulerit.

526 4259 584 4316 Si
612 4258 748 4334 quis
773 4259 1263 4330 subterfugiendo
1285 4261 1572 4333 placitum
1596 4262 1715 4319 huc
1730 4262 1990 4335 illucque
2017 4280 2115 4321 va-

450 4349 556 4417 dit,
616 4353 673 4406 et
719 4349 1009 4423 placitum
1051 4350 1253 4408 venire
1294 4351 1605 4423 distulerit,
1651 4358 1708 4409 et
1753 4354 2017 4410 maxime
2065 4354 2115 4411 si

449 4442 701 4494 vocatus
732 4455 768 4494 a
791 4438 1099 4511 judicibus
1146 4439 1341 4509 tuerit,
1384 4441 1751 4497 omnimodis
1797 4441 2113 4513 providen-

449 4526 599 4583 dum
629 4533 716 4583 est
743 4542 821 4584 ne
850 4544 1127 4600 quaerens
1154 4545 1327 4585 suam
1351 4529 1642 4600 justitiam
1667 4546 1778 4603 pro
1810 4530 1910 4586 tali
1939 4547 2115 4588 occa-

448 4616 615 4674 sione
642 4616 876 4691 perdat,
909 4617 1015 4673 sed
1043 4618 1219 4690 quasi
1251 4618 1557 4674 convictus
1580 4619 1676 4675 ille
1724 4619 1830 4691 qui
1871 4620 1951 4675 ad
1992 4620 2117 4693 pla-

447 4707 631 4764 citum
660 4708 862 4764 venire
911 4706 1235 4776 distulerit,
1268 4707 1411 4764 item
1460 4708 1776 4780 culpabilis
1819 4714 1876 4766 et
1916 4710 2116 4768 convi-

446 4799 576 4852 ctus
605 4796 680 4853 de
706 4813 816 4853 sua
846 4795 1119 4853 absentia
1144 4796 1466 4868 judicetur,
1488 4800 1545 4851 et
1571 4796 1855 4869 deinceps
1882 4797 1998 4855 hoc
2020 4815 2113 4856 re-

447 4899 669 4956 cupare
700 4901 823 4941 non
848 4884 1067 4953 valeat,
1101 4886 1211 4941 sed
1241 4884 1439 4954 magis
1463 4884 1720 4940 metallis
1750 4890 1807 4941 et
1833 4886 1963 4942 aliis
1993 4902 2114 4959 pm.

2228 450 2345 507 quc
2369 432 2595 503 judicio
2624 433 2975 493 reddantur.
3009 437 3075 491 Et
3102 432 3149 489 si
3191 433 3323 490 talis
3374 432 3633 488 firmitas
3667 448 3741 487 ex
3787 432 3885 487 hoc

2228 521 2385 578 facta
2432 521 2505 577 sit
2557 538 2694 594 qua:
2745 521 2806 578 in
2862 526 3175 597 posterum
3217 524 3532 596 appareat,
3577 536 3886 595 nunquam

2229 610 2513 683 deinceps
2542 610 2615 667 de
2654 611 2768 668 hoc
2798 611 3084 683 praedicta
3113 610 3365 669 ecclesia
3404 609 3519 667 sibi
3573 610 3888 665 commissa

2231 698 2478 772 aliquod
2507 700 2802 757 damnum
2834 706 2935 756 aut
2965 700 3319 759 scandalum
3347 703 3453 756 aut
3475 698 3671 755 ullam
3694 714 3888 755 causa-

2230 788 2451 847 tionem
2484 788 2761 862 patiatur.
2797 792 2862 846 Et
2892 790 2939 844 si
2964 788 3199 862 aliquis,
3224 788 3391 863 quod
3421 804 3548 844 non
3575 788 3886 856 credimus,

2232 893 2304 933 ex
2332 877 2445 933 hoc
2466 877 2751 951 deinceps
2779 878 3045 951 aliquam
3062 878 3465 952 pulsationem
3481 882 3589 933 aut
3609 876 3889 932 causatio

2231 982 2371 1021 nem
2395 966 2443 1021 ei
2466 967 2660 1022 facere
2692 967 2939 1023 voluerit
2960 971 3063 1024 aut
3084 966 3205 1023 suis
3238 964 3889 1033 successoribus,evin-

2232 1054 2431 1111 dicare
2474 1071 2596 1110 non
2636 1055 2854 1125 valeat,
2887 1072 2995 1110 nec
3029 1056 3160 1128 ejus
3207 1070 3323 1111 vox
3348 1055 3593 1129 penitus
3622 1054 3893 1111 audiatur

2232 1144 2336 1215 qui
2364 1143 2478 1200 hoc
2510 1144 2702 1200 facere
2732 1146 3060 1212 tentaverit,
3091 1144 3198 1200 sed
3226 1144 3341 1200 hoc
3384 1143 3693 1214 judicium
3739 1144 3893 1216 quod

2232 1232 2416 1289 modo
2448 1232 2662 1303 agitur,
2692 1238 2890 1291 ratum
2920 1233 3130 1290 futuris
3156 1237 3399 1290 maneat
3426 1232 3827 1306 temporibus,
3846 1236 3894 1288 et

2232 1326 2424 1377 vestra
2454 1322 2705 1379 redditio
2727 1321 2905 1380 ﬁrma
2931 1327 2986 1379 et
3017 1321 3241 1379 stabilis
3272 1326 3649 1395 permaneat.
3688 1321 3790 1375 His
3817 1326 3893 1377 ta-

2231 1409 2362 1467 liter
2386 1411 2661 1484 peractis,
2697 1412 2813 1467 boc
2851 1411 3181 1468 divisimus.
3209 1413 3371 1468 Tunc
3415 1409 3689 1467 domnus
3726 1409 3895 1484 impe-

2232 1504 2395 1556 rator
2418 1515 2623 1557 coram
2643 1499 2755 1557 illis
2784 1500 3041 1558 reddidit
3066 1498 3301 1557 Aldrico
3327 1499 3579 1573 praeﬁxo
3614 1499 3893 1575 episcopo

2232 1603 2339 1659 per
2381 1604 2592 1644 eorum
2633 1588 2929 1660 judicium
2967 1588 3146 1663 plena
3198 1588 3548 1647 auctoritate
3599 1592 3895 1645 monaste-

2158 1700 2199 1761 Β
2233 1680 2390 1733 rium
2419 1677 2694 1745 AniSOltB,
2727 1677 2789 1734 in
2819 1694 2941 1750 quo
2967 1678 3231 1736 domnus
3264 1677 3617 1751 Carilephus
3651 1694 3893 1752 corpore

2232 1766 2549 1838 requiescit
2574 1766 2653 1822 ad
2676 1767 2776 1838 jus
2806 1767 3217 1825 Cenomanicae
3248 1767 3459 1823 matris
3487 1766 3763 1825 ecclesiae
3788 1767 3892 1833 cui,

2232 1855 2516 1927 prtefatus
2563 1855 2882 1928 episcopus
2934 1861 3203 1927 praeerat,
3251 1854 3466 1913 futuris
3527 1855 3895 1929 temporibus

2232 1944 2690 2019 possidendum,
2721 1951 2778 2001 et
2796 1946 3013 2001 missos
3034 1946 3086 2001 ei
3108 1945 3271 2003 dedit
3292 1946 3397 2023 qui
3417 1945 3471 2003 ei
3492 1944 3637 2001 inde
3660 1945 3895 2018 plenam

2233 2034 2579 2091 vestituram
2608 2033 2886 2104 facerent,
2932 2034 3271 2103 Fulconem,
3301 2035 3543 2102 scilicet,
3594 2035 3895 2092 comittem

2232 2121 2459 2194 palatii,
2491 2127 2548 2179 et
2572 2123 2905 2181 Arduinum
2931 2130 2988 2181 et
3017 2124 3365 2183 Gaufridum
3398 2124 3680 2193 comites,
3705 2128 3764 2181 et
3786 2122 3896 2179 Fol-

2235 2210 2485 2267 cradum
2506 2228 2754 2267 vassum
2777 2211 3279 2285 dominicum,qui
3295 2216 3526 2285 postea,
3551 2212 3711 2268 sicut
3734 2210 3895 2267 dom-

2234 2315 2350 2355 nus
2390 2300 2715 2373 imperator
2743 2301 2827 2357 eis
2853 2301 3049 2373 jussit,
3080 2301 3323 2373 plenam
3354 2306 3411 2358 et
3439 2301 3704 2373 legalem
3733 2300 3897 2357 vesti-

2236 2392 2431 2446 turam
2475 2405 2582 2464 per
2628 2389 2858 2447 cloccas
2897 2395 2954 2446 et
2994 2391 3161 2465 ostia,
3179 2390 3428 2449 senioris
3457 2390 3654 2464 ipsius
3687 2405 3891 2453 mona-

2234 2477 2392 2534 sterii
2446 2478 2731 2546 ecclesite,
2781 2479 2841 2535 in
2884 2495 3008 2552 qua
3036 2480 3215 2539 etiam
3248 2483 3491 2536 sanctus
3544 2478 3893 2552 Carilephus

2234 2565 2618 2639 corporaliter
2647 2568 2983 2641 requiescit,
3015 2572 3071 2624 et
3099 2584 3205 2641 per
3232 2572 3437 2643 portas
3466 2567 3664 2642 ipsius
3696 2583 3893 2625 mona-

2233 2656 2389 2713 sterii
2413 2657 2543 2728 jam
2567 2657 2726 2714 dicto
2757 2658 2995 2715 Aldrico
3027 2659 3311 2735 episcOpo
3332 2658 3537 2717 multis
3557 2674 3771 2717 coram
3792 2663 3891 2715 tes-

2231 2746 2390 2803 tibus
2420 2747 2482 2803 in
2508 2746 2640 2820 ipso
2672 2748 3035 2804 monasterio
3067 2748 3410 2808 solemniter
3453 2749 3750 2807 fecerunt.
3786 2752 3892 2807 Hoc

2232 2840 2434 2893 autem
2487 2835 2714 2894 factum
2755 2842 2842 2893 est
2886 2853 3047 2895 anno
3096 2838 3526 2895 incarnationis
3570 2838 3892 2895 DOIDiDiCtB

2232 2928 2355 2988 838,
2386 2925 2709 2983 indictione
2740 2943 2797 2995 ιι,
2831 2931 2887 2983 et
2924 2944 3085 2983 anno
3132 2927 3367 3002 imperii
3405 2927 3644 3002 praefati
3693 2927 3894 2987 domui

2232 3014 2513 3070 Ludovici
2541 3015 2797 3088 piissimi
2822 3016 3197 3090 imperatoris
3228 3033 3354 3086 xxv,
3386 3032 3549 3075 anno
3567 3034 3716 3075 vero
3749 3017 3893 3075 ordi-

2229 3103 2489 3161 nationis
2542 3104 2842 3176 saepedicti
2905 3104 3125 3161 Aldrici
3178 3105 3412 3180 epicopi
3459 3112 3655 3165 sexto.
3714 3106 3894 3164 Pridie

2229 3209 2472 3267 quoque
2502 3194 2913 3251 Kalendarum
2943 3195 3229 3253 Maiarum
3271 3196 3640 3269 Aquisgrani
3678 3196 3892 3270 palatio

2228 3282 2583 3355 praadictum
2597 3284 2896 3355 judicium
2926 3289 3015 3342 est
3038 3290 3260 3354 actum,
3288 3290 3346 3342 et
3371 3286 3433 3343 in
3462 3286 3600 3359 ipsa
3625 3286 3728 3343 die
3768 3287 3894 3358 ipsa

2227 3373 2377 3429 ratio
2408 3389 2444 3429 a
2469 3373 2719 3446 praefixo
2748 3373 3109 3445 imperatore
3154 3375 3389 3446 legibus
3426 3380 3517 3432 est
3563 3376 3893 3450 adiuipleta

2227 3467 2285 3518 et
2308 3462 2488 3535 plena
2516 3463 2743 3519 ratione
2773 3468 3035 3536 peracta.
3081 3467 3400 3537 Propterea
3426 3480 3571 3536 ergo
3619 3466 3744 3525 hoc
3774 3481 3892 3523 me-

2226 3553 2473 3609 moriale
2505 3553 2879 3609 conscribere
2907 3554 3081 3611 libuit
3126 3558 3192 3611 ut
3239 3554 3291 3611 si
3338 3554 3541 3627 aliqua
3589 3556 3891 3613 altercatio

2225 3642 2508 3714 deinceps
2533 3648 2740 3699 exorta
2768 3643 2939 3699 fuerit
2966 3642 3222 3716 qualiter
3245 3645 3374 3701 haec
3402 3660 3496 3700 res
3527 3650 3666 3703 acta
3693 3646 3890 3718 sit,per

2224 3730 2340 3787 hoc
2370 3732 2719 3789 memoriale
2747 3731 3120 3790 declaratum
3148 3737 3475 3806 appareat:
3508 3739 3573 3789 ut
3600 3734 3652 3790 si
3677 3734 3888 3807 aliquis

2225 3834 2299 3876 ex
2325 3819 2441 3876 hoc
2476 3820 2742 3892 aliquam
2772 3821 3082 3894 querelam
3118 3822 3313 3880 facere
3364 3824 3682 3881 tentaverit
3734 3823 3887 3883 evin-

2224 3908 2425 3965 dicare
2456 3908 2704 3965 minime
2746 3909 2962 3966 valeat.
3008 3912 3224 3968 Actum
3255 3914 3437 3983 atque
3479 3912 3887 3985 conscriptum

2223 4002 2312 4054 est
2334 3997 2448 4053 hoc
2478 3998 2824 4055 memoriale
2855 4000 3220 4071 Aquisgrani
3246 4000 3471 4073 palatio
3500 4000 3635 4057 Kal.
3673 4002 3805 4060 Maii
3831 4001 3888 4057 in

2224 4087 2489 4145 sacrario
2504 4092 2724 4143 sanctae
2742 4089 3248 4159 Mariaea'egnante
3256 4089 3512 4147 Domino
3527 4096 3740 4149 nostro
3756 4092 3888 4147 Jesu

2224 4175 2451 4234 Christo
2477 4176 2538 4232 in
2560 4182 2940 4249 perpetuum.
2972 4181 3067 4234 Hae
3095 4195 3237 4236 vero
3261 4180 3483 4236 chartas
3510 4184 3570 4236 et
3592 4180 3727 4238 haec
3747 4197 3888 4253 pree-

2225 4270 2395 4337 cepta
2419 4264 2656 4337 publice
2684 4265 2902 4323 reiecta
2928 4271 2984 4322 et
3005 4268 3250 4325 recitata
3270 4272 3410 4325 sunt
3428 4272 3567 4324 ante
3587 4268 3885 4327 damnum

2224 4352 2648 4425 imperatorem
2678 4358 2734 4410 et
2762 4356 3100 4424 Drogonem
3130 4356 3262 4426 ejus
3314 4356 3558 4415 fratrem
3604 4362 3666 4414 et
3703 4358 3887 4425 archi-

2227 4442 2629 4515 capellanum,
2678 4444 2797 4499 sive
2853 4444 3033 4502 etiam
3077 4448 3213 4500 ante
3279 4462 3420 4502 suos
3465 4446 3685 4503 missos
3735 4463 3884 4520 quos

2223 4531 2485 4587 domnus
2514 4530 2837 4604 imperator
2866 4532 2947 4589 ad
2970 4534 3127 4590 hanc
3157 4549 3406 4591 causam
3429 4534 3803 4593 audiendam
3831 4539 3884 4593 et

2222 4620 2683 4678 discernendam
2746 4622 3067 4691 constituit,
3144 4638 3251 4681 seu
3314 4628 3455 4681 ante
3511 4626 3883 4698 conscriptos

2222 4709 2579 4782 episcopos,
2660 4712 2907 4768 comites
2984 4715 3041 4767 et
3103 4711 3407 4770 ministros
3472 4729 3543 4771 ac
3626 4714 3880 4786 judices,

2220 4799 2469 4872 quando
2507 4800 2622 4857 hoc
2642 4799 2935 4871 judicium
2986 4801 3046 4857 in
3087 4802 3435 4874 praescripto
3474 4803 3702 4875 palatio
3725 4803 3882 4875 judi-

2221 4894 2423 4944 catum
2462 4893 2568 4957 est,
2601 4895 2657 4946 et
2685 4890 2931 4963 quando
2968 4891 3284 4962 praefatum
3314 4894 3753 4950 monasterium
3805 4893 3879 4950 ad

445 4972 539 5027 nis
562 4973 897 5046 deputetur,
928 4991 1004 5031 ne
1062 4974 1323 5048 amplius
1367 4976 1697 5047 quisquam
1747 4974 1890 5031 talia
1936 4991 2111 5045 agere
2212 4978 2315 5048 jus
2347 4980 2605 5050 praeﬁxae
2652 4979 3067 5035 Cenomanicae
3113 4982 3321 5038 matris
3370 4981 3640 5037 Ecclesiae
3687 4988 3779 5039 est
3806 4982 3881 5037 1e-

445 5066 795 5132 praesumat,
838 5067 897 5117 et
920 5062 1015 5118 ille
1058 5063 1135 5119 de
1165 5080 1278 5119 sua
1306 5061 1569 5119 versutia
1614 5066 1670 5117 et
1718 5062 1991 5120 absentia
2028 5065 2110 5120 vi-

446 5148 595 5204 cisse
624 5164 749 5205 non
775 5149 1055 5216 lucretur,
1104 5168 1302 5224 neque
1351 5150 1777 5221 subterfugisse
1826 5154 2106 5223 gaudeat,

442 5253 642 5310 neque
673 5254 848 5294 suam
874 5239 1169 5310 justitiam
1199 5240 1432 5311 perdat.
1474 5242 1623 5297 Data
1651 5257 1722 5298 1x.
1775 5242 1899 5299 Kal.
1954 5244 2102 5301 Maii.

2219 5067 2394 5136 gibus
2433 5068 2734 5124 redditum
2785 5072 2841 5124 et
2890 5068 3233 5140 supradicto
3263 5076 3551 5142 praetextu
3583 5072 3880 5128 evindica-

2216 5159 2344 5212 tum
2372 5173 2384 5223 ;
2418 5155 2480 5211 id
2506 5161 2597 5212 est
2633 5174 2645 5212 :

2287 5248 2327 5299 Ι.
2361 5245 2616 5301 Traditio
2649 5247 2837 5303 sancti
2868 5247 3162 5320 Carilephi
3190 5264 3379 5321 quam
3400 5247 3537 5304 fecit
3557 5253 3768 5306 sancto
3792 5251 3877 5304 In-

516 5326 617 5380 His
645 5330 704 5381 et
724 5326 854 5383 aliis
883 5326 1339 5383 auctoritatibus
1366 5331 1710 5386 sanctorum
1755 5332 1994 5387 Patrum
2049 5336 2108 5389 et
2213 5333 2451 5390 nocenti
2476 5334 2765 5408 episcopo
2791 5352 2899 5410 per
2921 5336 3225 5395 licentiam
3254 5341 3311 5395 et
3339 5353 3707 5396 consensum
3732 5337 3879 5396 Chil-

443 5428 753 5470 canonum
780 5419 962 5487 atque
988 5414 1193 5484 legum
1213 5415 1919 5477 rationabiliterinstructi
1948 5420 2106 5493 judi-

445 5501 715 5557 cavimus
745 5507 803 5558 et
820 5503 1035 5558 iterum
1060 5502 1403 5575 judicamus
1428 5510 1493 5563 ut
1520 5507 1756 5564 Aldrico
1782 5510 2101 5581 saepedicto

444 5590 728 5663 episcopo
744 5591 873 5661 jam
894 5592 1063 5648 dictte
1086 5610 1200 5665 res,
1228 5596 1330 5669 qui
1353 5613 1590 5671 semper
1617 5598 1867 5670 pleniter
1886 5601 2099 5654 instru-

2212 5421 2440 5479 deberti
2466 5422 2642 5491 regis.

2286 5511 2349 5565 ΙΙ.
2367 5512 2583 5567 Charta
2595 5513 3135 5570 commendationis
3148 5514 3401 5587 qualiter
3416 5531 3477 5571 se
3489 5515 3757 5571 domnus
3776 5518 3876 5572 Ca-

2209 5598 2472 5672 rilephus
2484 5600 2899 5673 perlicentiam
2915 5604 3005 5659 sui
3018 5604 3630 5672 abbatis,exhortante
3644 5604 3870 5661 domno

445 5682 575 5737 ctus
596 5696 861 5754 praesens
886 5682 1093 5757 adfuit,
1111 5689 1499 5760 etnunquam
1522 5687 1600 5745 ad
1616 5703 1791 5745 suam
1806 5690 2098 5760 justitiam
2208 5689 2400 5761 Avito,
2427 5705 2551 5749 una
2579 5706 2720 5748 cum
2750 5693 2872 5750 suis
2899 5694 3279 5756 monachulis
3311 5693 3579 5755 subdidit
3607 5694 3869 5757 ecclesiae
