3944 6414
70 240 127 291 85
1655 235 1682 289 ἶ

3425 240 3492 294 86

68 359 314 429 civitatis,
342 358 486 415 etin
519 374 740 416 manus
790 360 985 415 sancti
1046 361 1385 417 Innocentis
1438 360 1711 435 episcopi
1741 365 1790 417 Α
1826 360 1979 418 riam
2006 364 2329 436 praedictus
2361 380 2464 419 rex
2520 362 2880 420 Gauzioleno
2937 365 3275 418 memorato
3329 362 3485 436 epis~

66 451 284 506 duabus
307 448 543 504 vicibus
577 465 639 505 se
669 447 938 505 tradidit.

130 540 208 595 III.
242 539 513 595 Precaria
541 555 730 612 quam
754 543 1001 595 sanctus
1036 539 1385 613 Carilepbus
1424 541 1653 615 accepit
1677 557 1713 599 a

64 634 254 685 sancto
286 632 604 685 Innocente
637 628 713 684 de
746 628 960 685 eadem
993 645 1076 686 re.

126 721 205 776 IV.
233 719 606 791 Praeceptum
629 717 986 776 Childeberti
1018 719 1176 790 regis
1208 720 1375 792 quod
1403 720 1585 792 jussit
1617 720 1707 777 fa-

62 826 180 865 ccre
210 824 386 881 super
414 808 800 863 traditionem
829 808 1018 865 sancti
1067 809 1358 881 Carilephi
1414 813 1471 866 et
1527 826 1709 882 super

1822 468 1976 524 (δορο
2003 458 2059 508 et
2090 453 2301 508 Didoni
2333 452 2540 509 abbati
2566 470 2694 507 suo.

1892 541 2021 597 XIX.
2044 545 2412 614 Praeceptum
2445 540 2790 598 emunitatis
2819 539 2987 614 quod
3012 538 3149 596 fecit
3168 539 3484 596 Theodori—

1820 647 1927 686 cus
1954 647 2059 687 rex
2088 630 2328 687 Berario
2360 632 2646 705 episcopo
2671 631 2745 687 de
2773 618 2997 687 cellulis
3027 633 3084 686 et
3114 628 3332 685 villulis
3390 628 3481 685 sui

1818 720 2105 793 episcOpii
2131 724 2187 777 et
2217 721 2581 777 nominatim
2612 720 2686 776 de
2724 717 3090 776 monasterio
3137 717 3401 775 Anisola.

1888 809 2020 866 XX.
2057 813 2421 882 Praeceptum
2480 810 2822 866 emunitatis
2880 808 3048 882 quod
3099 807 3235 865 fecit
3284 809 3475 878 Dago-

60 898 375 971 precariam
404 914 597 970 quam
626 896 759 970 ipse
791 902 1040 955 sanctus
1070 898 1424 971 Carilephus
1476 900 1707 974 accepit
1812 897 2021 954 bertus
2080 915 2184 954 rex
2237 899 2522 972 episcopo
2582 899 2984 955 Ilerlemundo
3044 898 3118 954 de
3159 897 3386 953 cellulis
3418 902 3474 954 et

61 1006 92 1044 ο.
122 992 317 1044 sancto
349 992 691 1043 Innocente.

124 1080 179 1133 V.
228 1076 439 1134 Charta
496 1076 844 1133 donationis
892 1076 967 1133 de
1017 1077 1200 1133 rebus
1258 1082 1315 1133 et
1360 1077 1599 1146 villulis,
1646 1082 1702 1136 et

1812 987 2029 1043 villulis
2051 988 2125 1043 de
2159 1004 2268 1044 suo
2296 988 2648 1062 episcopatu
2682 1007 2694 1058 ;
2728 988 2833 1044 ubi
2868 992 2924 1045 et
2976 987 3470 1044 monasteriolum

1812 1076 2054 1133 Anisola
2085 1082 2543 1149 commemorat,
2577 1082 2635 1134 et
2657 1094 2779 1133 sua:
2811 1077 2970 1133 sedis
3011 1077 3277 1133 ecclesiae
3332 1093 3468 1133 esse

61 1184 193 1222 auro
219 1170 277 1222 et
325 1170 575 1235 argento
609 1170 665 1222 et
695 1166 1066 1223 vestimentis
1112 1171 1239 1223 tam
1284 1167 1700 1226 ecclesiasticis
1812 1165 2090 1223 afﬁrmat.

59 1272 228 1329 quam
258 1260 313 1312 et
343 1255 494 1326 aliis,
529 1255 656 1312 sive
682 1254 849 1312 libris
870 1260 928 1313 et
953 1256 1233 1313 crucibus
1261 1262 1317 1313 et
1347 1258 1546 1331 capsis
1604 1258 1701 1314 vel

58 1346 300 1418 reliquiis
330 1349 680 1402 sanctorum
713 1345 1042 1402 multorum
1062 1363 1198 1419 quae
1225 1346 1488 1402 domnus
1520 1351 1696 1404 Inno-

59 1452 182 1490 cens
230 1435 289 1491 in
347 1434 720 1505 adjutorium
778 1435 857 1493 ad
935 1436 1373 1493 monasterium
1436 1436 1696 1493 Anisolas

59 1524 512 1581 construendum
544 1528 602 1580 et
629 1524 974 1581 ornandum
1005 1525 1233 1581 domno
1268 1526 1580 1599 Carilepho
1639 1530 1697 1583 et

61 1614 167 1668 suis
194 1613 573 1670 monachulis
604 1631 711 1687 per
742 1615 1101 1687 scripturam
1142 1614 1403 1671 tradidit.

1881 1258 2009 1312 XXI.
2070 1258 2521 1313 Monumentum
2580 1255 2655 1311 de
2704 1255 2828 1313 vita
2883 1255 3073 1313 sancti
3128 1255 3466 1313 Innocentis

1809 1344 2096 1419 epiSCOpi.

1878 1437 2030 1491 XXII.
2065 1433 2385 1507 Exemplar
2414 1433 2489 1490 de
2506 1433 2629 1491 vita
2659 1438 2715 1492 et
2742 1434 2976 1491 actibus
3008 1434 3199 1492 sancti
3259 1435 3461 1491 Turibi

1806 1522 2097 1596 episcopi.
2750 1585 2767 1591 ,

1873 1616 2053 1669 XXIII.
2089 1615 2460 1687 Praeceptum
2492 1613 2659 1686 quod
2702 1611 2840 1669 fecit
2886 1612 3151 1669 domnus
3209 1612 3455 1670 Carolus

120 1707 195 1759 VI.
222 1705 433 1761 Charta
463 1704 539 1760 de
574 1704 1074 1761 conventionibus
1111 1704 1299 1761 sancti
1358 1706 1693 1762 Innocentis
1733 1728 1775 1782 Β
1806 1702 2101 1758 Franconi
2129 1704 2414 1777 episcopo
2449 1704 2699 1777 quando
2730 1701 2783 1759 ei
2833 1703 3272 1760 monasterium
3318 1704 3458 1759 Ani-

60 1798 105 1848 et
129 1794 303 1849 sancti
337 1792 639 1866 Carilephi
668 1793 835 1850 miras
864 1794 1302 1863 magnitudinis
1333 1795 1692 1869 conscripta,

61 1890 107 1939 et
129 1900 161 1940 a
184 1882 527 1957 quindecim
555 1882 857 1957 episcopis
902 1884 1163 1953 ﬁrmata,
1213 1888 1278 1940 ut
1310 1901 1519 1940 eorum
1549 1901 1693 1942 con-

62 1972 339 2029 ventiones
369 1972 540 2029 nullo
572 1982 759 2029 modo
792 1972 973 2030 irritae
1010 1972 1242 2041 ﬁerent,
1267 1973 1375 2030 sed
1402 1990 1509 2047 per
1562 1990 1693 2031 om-

61 2062 145 2118 nia
170 2062 401 2119 stabiles
430 2066 880 2136 permanerent.

121 2152 220 2207 VII.
248 2152 522 2208 Precaria
548 2168 738 2224 quam
780 2154 1024 2209 sanctus
1082 2152 1413 2209 Domnolus
1466 2156 1695 2228 episco-

61 2256 158 2311 pus
182 2240 379 2298 abbati
407 2257 523 2299 suo
556 2241 721 2298 Gallo
777 2240 916 2298 fecit
966 2241 1041 2298 de
1090 2242 1454 2300 monasterio
1504 2244 1695 2302 sancti

62 2331 346 2404 Carilephi.

117 2422 240 2476 VIII.
274 2421 653 2494 Praeceptum
683 2422 850 2494 quod
900 2420 1268 2494 Chilpericus
1322 2438 1428 2478 rex
1485 2427 1694 2478 sancto

62 2510 325 2566 Domnolo
349 2512 643 2584 episcopo
676 2510 811 2567 fecit
866 2515 922 2567 et
980 2526 1089 2566 suo
1148 2511 1353 2567 abbati
1409 2511 1574 2568 Gallo
1618 2511 1693 2568 de

62 2600 397 2657 monasterio
426 2599 722 2657 Anisolee.

118 2710 188 2763 IX.
215 2710 585 2781 Praeceptum
623 2706 969 2763 emunitatis
993 2707 1160 2780 quod
1220 2707 1358 2763 fecit
1412 2708 1694 2780 Chilperi-

60 2813 143 2851 cus
169 2813 263 2853 rex
296 2802 516 2854 sancto
547 2796 845 2853 Domnolo
878 2796 1166 2870 episcopo
1191 2797 1265 2853 de
1324 2798 1691 2855 monasterio

58 2887 278 2943 Anisolae
307 2891 363 2943 et
382 2888 458 2944 de
490 2886 785 2943 omnibus
822 2885 1037 2943 villulis
1087 2890 1144 2943 et
1185 2886 1367 2943 rebus
1418 2887 1496 2944 ad
1550 2904 1691 2944 eum

58 2976 474 3047 pertinentibus.

114 3086 167 3139 Χ.
213 3086 480 3141 Precaria
552 3099 746 3157 quam
803 3083 1157 3140 Haduindus
1230 3081 1550 3156 episcopus
1615 3084 1691 3141 de
1731 3092 1772 3146 C

61 3175 385 3231 monasterio
417 3173 614 3232 sancti
664 3172 959 3248 Carilephi
1003 3173 1298 3245 Sigranno
1339 3172 1546 3230 abbati
1606 3173 1690 3231 fe-

62 3262 142 3318 cit.

117 3374 188 3426 XI.
215 3374 583 3446 Praeceptum
617 3367 785 3444 quod
821 3386 926 3427 rex
982 3369 1314 3427 Chlotarius
1364 3368 1689 3427 Haduindo

61 3460 303 3533 episcopo
333 3467 391 3519 et
413 3463 723 3534 Sigranno
754 3459 964 3517 abbati
1008 3460 1084 3517 de
1139 3459 1510 3517 monasterio
1546 3460 1687 3516 Ani-

61 3549 163 3605 sola
198 3550 343 3607 fecit.

115 3659 606 3732 XII.Praaceptum
634 3636 979 3714 emunitatis
1038 3656 1206 3730 quod
1256 3656 1393 3713 fecit
1449 3655 1686 3714 Chlota-

59 3747 154 3799 rius
177 3764 270 3803 rex
294 3748 622 3805 Haduindo
654 3748 941 3820 episcopo
984 3746 1059 3803 de
1114 3745 1479 3803 monasterio
1552 3747 1688 3803 Ani-

60 3835 159 3891 sola
184 3843 234 3893 et
260 3838 333 3894 de
362 3838 661 3895 omnibus
686 3835 904 3894 villulis
931 3840 987 3894 et
1016 3836 1198 3893 rebus
1230 3836 1307 3894 ad
1333 3835 1480 3893 illud
1512 3836 1684 3909 perti-

61 3925 319 3983 nentibus.
1593 3929 1599 3935 ’

112 4034 225 4090 XIII.
254 4034 529 4092 Precaria
562 4050 755 4109 quam
810 4033 1073 4091 domnus
1125 4033 1397 4089 Berarius
1455 4031 1685 4106 episco—

58 4137 144 4191 pus
167 4123 233 4179 de
261 4125 638 4182 monasterio
668 4124 862 4181 sancti
912 4122 1208 4197 Carilephi
1254 4121 1542 4179 Ibboleno
1572 4122 1680 4179 ab-

59 4209 151 4267 bati
176 4213 320 4271 fecit.

106 4322 221 4377 XIV.
249 4324 630 4398 Praeceptum
666 4320 985 4393 Dagoberti
1024 4321 1181 4391 regis
1234 4335 1417 4396 super
1473 4335 1681 4393 preca-

60 4407 175 4466 riam
202 4410 461 4470 lbboleni
513 4411 763 4470 abbatis
819 4427 1008 4485 quam
1068 4428 1106 4467 a
1155 4410 1385 4468 domno
1440 4410 1676 4468 Berario

60 4499 296 4574 episcopo
326 4502 400 4559 de
432 4501 809 4560 monasterio
841 4500 1086 4558 Anisola
1116 4500 1365 4573 accepit.

112 4607 203 4663 XV.
227 4609 599 4683 Praeceptum
634 4609 982 4666 emunitatis
1011 4608 1177 4681 quod
1203 4608 1341 4665 fecit
1373 4607 1677 4678 Dagober-

61 4695 130 4747 tus
152 4713 240 4754 rex
267 4700 493 4757 domno
526 4699 792 4767 Berario,
842 4699 1131 4772 episcopo
1180 4698 1256 4755 de
1314 4698 1678 4755 monasterio

62 4785 253 4843 Amisola
285 4793 338 4846 et
366 4790 443 4848 de
473 4788 772 4848 omnibus
802 4788 1022 4846 villulis
1056 4792 1112 4844 et
1159 4787 1343 4845 rebus
1398 4787 1479 4844 ad
1530 4787 1678 4845 illud

62 4876 460 4939 pi'rtinentibus.

115 4981 502 5044 XVI.Precaria
528 5002 725 5061 quam
769 4984 1160 5042 Gauziolenus
1219 4985 1542 5057 episcopus
1600 4983 1676 5041 de

65 5077 369 5132 monasterio
398 5078 596 5134 sancti
629 5074 927 5148 Carilephi
962 5074 1174 5131 Didoni
1205 5074 1411 5131 abbati
1443 5074 1597 5131 fecit.

116 5178 241 5236 XVII.
292 5185 669 5257 Praeceptum
726 5182 1038 5256 Chilperici
1108 5181 1268 5252 regis
1320 5181 1488 5255 quod
1541 5180 1678 5237 fecit

67 5266 365 5330 Gauzioleno
395 5275 695 5348 episcopo
713 5277 770 5328 et
800 5271 1082 5328 Sicbaldo
1105 5271 1311 5328 abbati
1335 5286 1518 5344 super
1538 5287 1676 5345 pre-

66 5357 238 5417 cariam
272 5379 479 5420 eorum
508 5369 587 5420 de
622 5362 993 5419 monasterio
1023 5362 1286 5419 Anisola.

118 5465 260 5525 XVIII.
292 5471 671 5545 Praeceptum
698 5468 1009 5544 Chilperici
1036 5469 1195 5540 regis
1222 5467 1335 5525 sub
1378 5468 1676 5527 emunita-

70 5548 355 5618 listuitione
394 5561 824 5618 Cenomanicae
884 5559 1061 5616 sedis.
1126 5558 1398 5616 Ecclesire
1450 5559 1678 5617 factum

74 5640 359 5707 tiauzioleno
389 5654 708 5726 episcopo.
746 5649 935 5706 Simul
967 5653 1024 5707 et
1046 5648 1426 5706 conﬁrmatio
1454 5648 1515 5705 in
1564 5649 1678 5706 hoc

74 5728 167 5799 ipso
186 5748 465 5819 praecepto
492 5740 843 5802 continetur
864 5756 1055 5823 quam
1079 5739 1217 5800 fecit
1247 5755 1428 5815 super
1474 5755 1681 5816 preca-

1805 1791 1934 1847 sola
1962 1809 2070 1865 per
2093 1792 2393 1864 judicium
2419 1798 2475 1849 et
2503 1792 2748 1865 plenam
2807 1793 3222 1849 auctoritatem
3263 1794 3460 1851 reddi-

1804 1879 1890 1937 dit
1915 1886 1971 1938 et
2002 1898 2125 1937 suae
2148 1882 2305 1937 sedis
2335 1881 2600 1939 ecclesiae
2628 1880 3026 1951 conﬁrmavit,
3073 1881 3223 1940 sicut
3270 1883 3331 1939 in
3385 1900 3457 1941 eo

1805 1971 2140 2027 continetur
2167 1970 2478 2028 insertum.

1876 2061 2051 2116 XXIV.
2084 2061 2458 2133 Praeceptum
2488 2060 2657 2133 quod
2686 2060 2824 2117 fecit
2879 2060 3145 2116 domnus
3198 2060 3457 2117 Ludovi-

1805 2165 1913 2205 cus
1935 2149 2261 2223 imperator
2310 2150 2604 2206 Franconi
2661 2149 2949 2223 episcopo
3004 2149 3079 2205 de
3136 2150 3456 2223 mancipiis

1807 2244 2027 2295 sanctae
2055 2238 2247 2296 Mariae
2283 2244 2337 2295 et
2361 2238 2549 2295 sancti
2577 2238 2890 2314 Carilephi,
2921 2238 2984 2294 in
3014 2254 3137 2311 quo
3196 2240 3460 2297 contine-

1805 2332 1901 2384 tur
1933 2328 2368 2385 monasterium
2400 2327 2658 2384 Anisolze
2693 2328 3036 2400 subjectum
3059 2344 3193 2385 esse
3235 2329 3456 2386 debere

1806 2418 2221 2475 Cenomanica:
2242 2418 2420 2474 matri
2444 2418 2740 2474 Ecclesiae.

1874 2510 2023 2563 XXV.
2076 2510 2442 2581 Praeceptum
2495 2507 2663 2580 quod
2710 2506 2845 2564 fecit
2892 2506 3156 2564 domnus
3208 2507 3457 2565 Carolus

1802 2597 2096 2654 Franconi
2128 2597 2412 2670 episcopo
2434 2596 2683 2671 quando
2713 2597 2767 2653 ei
2797 2597 3093 2654 concessit
3137 2602 3201 2654 ut
3253 2598 3457 2655 hostes

1803 2690 1860 2742 et
1888 2685 2099 2742 itinera
2127 2686 2296 2743 nulla
2325 2687 2566 2754 faceret,
2600 2686 2708 2743 sed
2738 2686 3099 2756 Adalgbisus
3126 2704 3272 2745 suus
3320 2705 3458 2762 pro-

1800 2776 2068 2849 pinquus
2095 2776 2300 2832 omnia
2329 2776 2555 2846 regalia
2583 2775 2819 2833 servitia
2841 2792 2952 2850 pro
2985 2791 3059 2833 eo
3106 2776 3346 2847 faceret,
3401 2782 3459 2836 et

1801 2881 1910 2938 per
1932 2864 2235 2921 licentiam
2268 2866 2590 2922 Franconis
2625 2866 2893 2939 aliquam
2918 2871 3152 2940 partem
3198 2867 3456 2925 abbatias

1803 2954 1992 3009 sancti
2025 2953 2320 3028 Carilephi
2352 2959 2593 3022 teneret,
2629 2958 2683 3011 ct
2707 2958 2845 3028 post
2870 2954 3103 3012 obitum
3148 2957 3457 3029 Adalghisi

1801 3042 1880 3098 ad
1907 3043 2007 3114 jus
2038 3047 2095 3099 et
2139 3043 2412 3113 regimen
2470 3045 2887 3101 Cenomanicae
2937 3045 3144 3101 matris
3192 3046 3456 3103 ecclesia

1801 3132 2033 3205 absque
2066 3131 2186 3188 ulla
2216 3133 2687 3188 contradictione
2717 3137 3062 3206 revertetur,
3098 3137 3251 3191 sicut
3292 3135 3355 3191 in
3384 3151 3454 3191 eo

1801 3221 2139 3277 continetur
2175 3221 2486 3279 insertum.
3096 3272 3103 3279 κ

1874 3312 2019 3368 Huic
2044 3311 2272 3384 judicio
2303 3316 2359 3368 et
2382 3311 2701 3368 redditioni
2728 3311 3045 3369 interfuere
3101 3313 3307 3370 subter
3361 3313 3453 3371 in-

1800 3402 1936 3458 serti
1960 3401 2071 3458 viri
2107 3419 2119 3457 :
2152 3402 2356 3458 Iudith
2385 3402 2754 3475 Imperatrix,
2801 3403 3046 3459 Carolus
3099 3403 3454 3474 gloriosissi-

1800 3492 1991 3547 simus
2016 3508 2138 3561 rex,
2173 3494 2370 3563 Drogo
2403 3492 2888 3565 archiepiscopus
2948 3496 3127 3566 atque
3186 3493 3453 3551 archica-

1796 3580 2093 3654 pellanus,
2125 3580 2438 3636 Autcarius
2469 3580 2981 3655 archiepiscopus,
3041 3581 3453 3657 Hadalboldus

1796 3670 2306 3742 archiepiscopus,
2340 3670 2734 3727 Amaluvinus
2759 3671 3274 3745 archiepiscopus,
3295 3670 3453 3728 Aiul-

1793 3759 1952 3832 phus
1977 3759 2493 3834 archiepiscopus,
2545 3760 2831 3817 Rataldus
2879 3762 3221 3834 episcopus,
3282 3762 3453 3818 Ecar—

1793 3849 1908 3904 dus
1938 3850 2286 3923 episcopus,
2316 3850 2574 3907 Erardus
2602 3850 2941 3923 episcopus,
2965 3850 3263 3906 Ebruinus
3297 3850 3452 3922 epis-

1793 3955 2007 4011 COpus,
2038 3939 2328 3996 Wiliricus
2359 3938 2701 4013 episcopus,
2750 3938 3057 3996 Albericus
3105 3939 3447 4013 episcopus,

1793 4027 2108 4084 Ghefridus
2159 4029 2501 4103 episcOpus,
2551 4029 2694 4085 item
2740 4029 3048 4086 Albericus
3105 4029 3445 4103 episcopus,

1791 4118 2032 4173 Simeon
2062 4118 2405 4193 episcopus,
2438 4119 2818 4176 Ercanradus
2871 4119 3213 4193 episcopus,
3267 4119 3448 4176 Ionas

1790 4208 2136 4280 episcopus,
2168 4207 2455 4264 Vuiladus
2487 4209 2829 4282 episcopus.
2881 4209 3272 4281 Ansigaudus
3329 4210 3449 4283 epi-

1791 4298 2383 4372 scopus,Adalardus
2414 4314 2640 4371 comes,
2670 4299 2960 4371 Badulfus
3010 4316 3236 4367 comes,
3266 4303 3448 4357 Bone-

1791 4386 1982 4444 facius
2005 4404 2227 4452 comes,
2261 4388 2618 4447 Adalbertus
2639 4406 2862 4459 comes,
2896 4390 3193 4447 Vuarinus
3218 4405 3443 4464 comes,

1714 4456 1760 4511 D
1789 4477 2114 4535 Herbertus
2147 4495 2369 4547 comes.
2392 4479 2689 4536 Audullus
2720 4456 2943 4551 comes,
2970 4480 3309 4553 Stephanus
3347 4456 3445 4537 co:

1789 4584 1938 4637 mes,
1965 4567 2292 4625 Rainaldus
2322 4586 2546 4639 comes,
2568 4570 2925 4629 Cislebertus
2945 4587 3169 4641 comes,
3202 4571 3446 4628 Landri-

1790 4674 1896 4714 cus
1926 4674 2150 4729 comes,
2185 4660 2480 4717 Gerardus
2531 4677 2757 4731 comes,
2808 4660 2984 4717 Abbo
3027 4677 3251 4727 comes,
3307 4662 3446 4716 Teo-

1789 4750 1848 4803 to
1903 4764 2129 4816 comes,
2170 4750 2382 4823 Poppo
2435 4766 2659 4817 comes,
2718 4751 2996 4806 Erminus
3053 4765 3279 4812 comes,
3326 4750 3445 4802 An-

1787 4836 1992 4893 fredus
2054 4854 2257 4894 comes
2290 4879 2304 4902 ,
2373 4839 2729 4910 Adalgarius
2794 4853 2998 4894 comes
3035 4880 3048 4905 ,
3137 4835 3442 4893 Gebuinus

1788 4943 2011 4996 comes,
2075 4926 2420 4998 Tetghildus
2487 4944 2725 4996 comes,
2802 4924 3113 4984 Troandus
3196 4941 3439 4995 comes,

1786 5017 2088 5074 Ardoinus
2175 5034 2420 5086 comes,
2487 5015 2819 5073 Rumaldus
2898 5031 3144 5085 comes,
3215 5016 3442 5073 Herloi-

1786 5121 1903 5162 nus
1955 5124 2177 5178 comes,
2207 5106 2550 5176 Hungarius
2616 5121 2839 5176 comes,
2880 5105 3284 5164 Theodoricus
3348 5124 3444 5164 co-

1786 5213 1936 5267 mes,
1980 5196 2226 5252 Ricboto
2282 5195 2497 5262 abbas,
2562 5194 2897 5252 Ludovicus
2945 5195 3156 5265 abbas,
3214 5196 3443 5269 Stplido

1788 5286 2003 5353 abbas,
2038 5284 2351 5340 Hilduinus
2401 5283 2613 5352 abbas,
2646 5286 3023 5343 Burchardus
3052 5286 3267 5355 abbas,
3296 5289 3445 5341 Lan-

1787 5381 2061 5433 tramnus
2087 5374 2305 5445 abbas,
2336 5373 2686 5431 Godolricus
2713 5375 2928 5447 abbas,
2970 5374 3179 5431 Daniel
3224 5374 3442 5444 abbas,

1790 5466 2076 5537 Georgius
2102 5464 2315 5533 abbas,
2346 5463 2699 5521 Elmeradus
2748 5464 2965 5536 abbas,
3006 5463 3443 5537 Vuaringarius

1788 5556 2002 5628 abbas,
2048 5553 2318 5611 Aldricus
2355 5553 2571 5622 abbas,
2610 5554 2912 5611 Eribertus
2971 5554 3185 5622 abbas,
3214 5554 3445 5611 Tethal-

1792 5647 1906 5703 dus
1934 5644 2151 5714 abbas,
2183 5645 2569 5704 Marcoardus
2592 5645 2807 5713 abbas,
2837 5645 3198 5704 Humbertus
3229 5644 3444 5713 abbas,

1791 5736 2128 5809 Eginardus
2148 5736 2363 5807 abbas,
2380 5734 2557 5795 Fulco
2569 5752 2786 5795 vassus
2808 5736 3149 5796 dominicus
3170 5741 3229 5793 et
3245 5750 3449 5791 comes
