3944 6410
424 294 493 348 87

1525 279 1805 337 ALDRlCl
1838 272 2375 331 CENOMANENSIS
2414 272 2725 329 EPISCOPI

427 411 659 487 palatii,
690 407 1063 480 Ragenarius
1118 421 1330 462 vassus
1376 401 1717 459 dominicus
1764 404 1822 497 et
1862 413 2078 497 comes
2109 400 2148 451 Α
2184 396 2313 497 ejus
2342 396 2635 497 animi-fit
2662 410 2754 497 ille
2786 396 3000 497 (ίοαης.
3015 412 3113 451 νισι
3128 400 3217 497 3f)
3236 394 3856 497 _;.0b‘1.iﬁq1_l°‘8P°Si°'.

429 500 658 576 palatii,
690 496 1020 556 Teutfridus
1065 510 1273 549 vassus
1325 491 1684 558 dominicus,
1733 487 2078 544 Adalelmus

431 605 645 646 vassus
688 584 1050 650 dominicus,
1104 581 1391 636 Henricus
1440 596 1662 636 vassus
1713 577 2075 641 dominicus,

435 674 841 747 Engiscardus
871 687 1081 727 vassus
1107 669 1466 734 dominicus,
1494 669 1627 723 Diso
1653 682 1863 723 vassus
1892 664 2081 720 domi-

436 766 630 833 nicus,
677 764 905 817 Franco
964 775 1181 814 vassus
1238 757 1605 826 dominicus,
1649 758 1828 812 Teoto
1868 769 2081 809 vassus

438 851 795 914 dominicus,
830 847 1154 903 Folcradus
1210 862 1429 902 vassus
1488 845 1846 910 dominicus,
1904 845 2081 898 Teoto

435 957 644 998 vassus
699 937 1063 1004 dominicus,
1099 935 1425 991 Folcradus
1462 950 1672 991 vassus
1721 931 2081 1000 dominicus,

436 1027 767 1085 Bernuinus
823 1041 1040 1081 vassus
1098 1023 1460 1092 dominicus,
1518 1021 1817 1077 Evrardus
1869 1036 2085 1076 vassus

436 1115 795 1181 dominicus,
826 1113 1109 1170 Salaman
1142 1127 1355 1168 vassus
1384 1110 1746 1175 dominicus,
1782 1109 2087 1179 Egibertus

435 1222 648 1262 vassus
668 1202 1035 1270 dominicus,
1067 1201 1472 1255 Vuinitmarus
1490 1215 1710 1254 vassus
1726 1198 2087 1264 dominicus,

436 1291 791 1350 Vuitbaldus
832 1305 1047 1345 vassus
1074 1288 1439 1354 dominicus,
1469 1286 1819 1359 Radulphus
1871 1302 2089 1341 vassus

440 1380 804 1446 dominicus,
832 1380 1035 1435 Gunzo
1082 1394 1298 1433 vassus
1345 1376 1708 1443 dominicus,
1770 1375 2088 1431 Odorricus

439 1485 657 1526 vassus
688 1466 1056 1537 dominicus,
1090 1465 1294 1522 Cadilo
1322 1481 1537 1521 vassus
1580 1464 1938 1521 dominicus.
1994 1466 2093 1518 Le-

444 1559 625 1615 tricus
653 1572 869 1612 vassus
898 1554 1269 1618 dominicus,
1302 1555 1617 1610 Nantarius
1646 1568 1860 1609 vassus
1902 1552 2092 1608 domi-

446 1647 638 1712 nicus,
694 1644 988 1700 Bobertus
1034 1659 1247 1698 vassus
1304 1642 1660 1710 dominicus,
1687 1646 1852 1698 lsaac
1881 1656 2095 1697 vassus

2183 482 2311 537 lica:
2343 482 2646 538 sententiae
2675 484 2756 541 ita
2786 483 3081 541 dicentis:
3134 486 3409 555 Subjecli
3463 490 3648 542 estote
3702 486 3853 542 omni

2187 578 2503 635 creaturae,
2532 573 2652 629 sive
2672 574 2802 643 regi
2831 575 3008 645 quasi
3023 574 3424 644 praecellenti,
3446 575 3573 631 sive
3600 575 3849 631 ducibus

3930 358 3936 535 ι

3931 582 3936 609 t

2190 667 2476 732 tanquam
2510 661 2584 717 ab
2616 678 2679 718 eo
2710 663 2901 719 missis
2930 663 2987 733 (Ι
3007 664 3175 720 Petr.
3210 679 3272 723 ιι.
3310 664 3419 733 t3).
3457 665 3525 719 Et
3571 663 3690 720 hoc
3743 679 3854 719 non
3934 674 3935 681 ‘

2189 748 2268 804 ob
2301 746 2464 804 aliud
2486 748 2751 805 fecerunt
2781 748 2894 806 nisi
2954 749 3122 823 quod
3170 750 3364 807 abbas
3424 767 3638 807 eorum
3690 751 3853 808 nobis

2189 836 2545 892 inobediens
2578 838 2879 911 apparuit,
2912 844 2968 894 et
3014 854 3127 895 nos
3186 839 3383 896 eidem
3447 839 3661 896 abbati
3708 838 3855 895 idem

2192 925 2622 988 monasterium
2655 926 2918 993 tulimus,
2966 932 3024 983 et
3069 926 3218 983 illud
3272 928 3511 985 Aldrico
3567 928 3857 1001 episcopo

2194 1016 2576 1092 ecclesizeque
2605 1015 2717 1071 sibi
2747 1015 3087 1072 commissae
3112 1014 3401 1086 legaliter,
3450 1017 3610 1073 sicut
3664 1034 3702 1075 a
3745 1019 3861 1075 suis

2195 1104 2739 1177 praedecessoribus
2770 1120 3122 1178 possessum
3169 1110 3225 1160 et
3267 1112 3688 1162 constructum
3738 1106 3862 1176 fuit,

2194 1193 2591 1262 reddidimus,
2627 1192 2777 1248 sicut
2815 1192 2969 1247 lator
2995 1192 3127 1263 ejus
3184 1192 3455 1265 epistolae
3513 1193 3621 1250 tibi
3673 1194 3863 1251 dicere

2196 1281 2429 1355 poterit,
2464 1281 2618 1355 quia‘
2635 1281 2935 1354 prolixum
2965 1287 3051 1336 est
3099 1280 3276 1337 nobis
3327 1282 3391 1337 in
3443 1282 3560 1339 hac
3619 1283 3866 1357 epistola

3928 750 3936 852 ἕ

2198 1371 2405 1427 omnia
2432 1370 2690 1426 inserere
2718 1369 2972 1443 qualiter
3001 1375 3202 1426 actum
3225 1375 3281 1426 et
3310 1369 3637 1428 definitum
3693 1373 3864 1429 ratio-
3929 1436 3936 1453 η

2198 1459 2476 1516 nabiliter
2491 1459 2619 1525 fuit,
2644 1464 2702 1515 et
2725 1459 2869 1531 quia
2893 1460 2953 1514 in
2977 1459 3144 1515 nullo
3168 1459 3462 1516 sentimus
3491 1461 3861 1518 contrarium

2200 1564 2329 1605 esse
2391 1547 2726 1605 auctoritati
2795 1563 3099 1604 canonum
3177 1548 3514 1605 monachos
3571 1550 3872 1623 subjectos

2201 1638 2499 1711 episcopis
2522 1638 2650 1694 fieri
2676 1637 2915 1694 debere.
2945 1640 3323 1711 Quapropter
3342 1639 3631 1695 volumus
3648 1645 3717 1695 ut
3736 1639 3868 1696 mis-

447 1732 808 1797 dominicus,
841 1735 1006 1802 Hugo
1047 1746 1263 1787 vassus
1311 1730 1669 1795 dominicus,
1726 1728 2096 1800 Dagobertus
2128 1748 2165 1802 Β
2202 1743 2308 1782 sus
2338 1731 2542 1782 noster
2572 1726 2651 1781 sis
2677 1742 2799 1782 una
2822 1743 2959 1781 cum
2989 1726 3239 1783 Henrico
3266 1726 3511 1798 abbate,
3538 1732 3599 1785 et
3624 1728 3870 1785 eosdem

448 1839 661 1880 vassus
685 1821 1047 1890 dominicus,
1081 1820 1375 1875 Ebruinus
1408 1836 1623 1875 vassus
1644 1819 2008 1886 dominicus,
2040 1823 2097 1875 et

451 1910 664 1984 reliqui
719 1908 1189 1966 innumerabiles
1238 1924 1498 1981 quorum
1558 1908 1808 1965 nomina
1852 1913 2097 1982 propter

450 1998 849 2073 prolixitatem
882 1998 977 2054 hic
1002 2014 1126 2054 non
1152 1996 1435 2053 inseruim
1447 2012 1534 2053 us.

1178 2086 1354 2143 XLIV.

450 2195 787 2263 Exemplar
807 2193 1286 2266 repistolaiqquam
1320 2162 1571 2248 domnus
1611 2195 1939 2263 imperator
1984 2158 2113 2248 La:

525 2267 767 2321 dovicus
792 2265 951 2320 Iona
998 2264 1164 2320 urbis
1217 2266 1673 2320 Aurelianensis
1721 2267 1991 2335 episcopo
2042 2268 2096 2320 et

521 2337 784 2392 Henrico
815 2336 1023 2392 abbati
1045 2337 1190 2404 fecit
1220 2336 1294 2391 de
1322 2350 1511 2390 causa
1536 2336 1779 2391 Aldrici
1807 2337 2097 2391 Cenoma-

521 2409 671 2463 nicae
696 2407 862 2487 urbis
895 2407 1547 2487 episcopidsuorumque
1572 2407 2001 2487 monachorum

522 2478 885 2557 monasterio
916 2479 1114 2557 sancti
1143 2477 1474 2557 Carilephi,
1521 2477 1777 2557 quando
1833 2477 1994 2557 illud
2045 2477 2101 2533 ei

525 2550 777 2604 domnus
808 2548 1376 2619 imperatorqplena
1434 2548 1668 2602 ratione
1723 2549 2101 2619 ecclesiwque

527 2620 643 2675 sibi
670 2619 994 2674 commissa!
1022 2617 1241 2683 reddit,
1274 2623 1326 2673 et
1347 2625 1687 2686 propterea
1713 2620 1957 2689 quidam
1982 2617 2100 2674 mo-

528 2690 710 2745 nachi
738 2689 1075 2743 inconsulte
1132 2694 1344 2743 contra
1399 2704 1628 2744 onmem
1682 2691 2099 2746 auctoritatem

529 2761 884 2816 canonicam
915 2766 968 2815 et
995 2760 1337 2829 regularem
1365 2774 1439 2814 ea:
1467 2774 1531 2815 eo
1561 2766 1698 2815 sunt
1756 2762 1994 2830 egressi.
2045 2767 2100 2816 et

530 2846 623 2887 res
654 2831 1081 2887 ecclesiasticas
1110 2846 1229 2884 non
1256 2845 1485 2899 paucas
1514 2831 1636 2887 sive
1656 2838 1900 2887 sacrata
1958 2846 2103 2887 vasa

530 2916 719 2958 aurea
747 2908 801 2957 et
830 2907 1113 2972 argentea
1142 2902 1360 2971 furtim
1415 2903 1554 2957 inde
1608 2907 2100 2972 exportaverant.

529 2992 595 3045 In
621 2989 865 3045 nomine
897 2988 1132 3045 Domini
1157 2988 1253 3044 Dei
1285 2992 1342 3045 et
1374 2989 1694 3047 Salvatoris
1723 2991 1905 3047 nostri
1961 2992 2103 3048 Jesu

459 3077 695 3134 Christi.
718 3078 1074 3146 Ludovicus,
1094 3077 1298 3134 divina
1316 3078 1740 3152 repropitiante
1766 3080 2102 3147 clementia,
2136 3099 2177 3155 ρ

455 3156 784 3241 imperator
832 3169 1158 3237 Augustus,
1205 3167 1373 3223 Jonas
1422 3168 1751 3225 venerabili
1819 3170 2106 3243 episcopo

457 3256 737 3313 salutem.

528 3348 745 3400 Notum
771 3343 873 3399 tibi
894 3359 1024 3399 esse
1055 3343 1337 3400 volumus
1360 3345 1505 3417 quia
1535 3352 1888 3418 perventum
1915 3353 2003 3403 est
2027 3348 2104 3404 ad

458 3446 573 3487 nos
597 3430 764 3503 quod
791 3431 1074 3487 monachi
1100 3447 1173 3486 ex
1202 3433 1567 3488 monasterio
1595 3434 1786 3491 sancti
1810 3435 2106 3509 Carilephi

458 3518 525 3574 in
553 3532 799 3587 egressu
823 3519 1251 3590 praesumptivo
1276 3519 1437 3575 idem
1468 3523 1898 3579 monasterium
1922 3541 1989 3579 ex
2000 3541 2105 3597 po-

460 3606 708 3663 liassent
736 3606 1105 3662 ornamentis
1133 3607 1546 3664 ecclesiasticis
1580 3614 1705 3665 tam
1732 3611 1791 3666 in
1827 3611 2107 3669 thesauro

461 3711 774 3768 quamque
801 3695 862 3751 in
896 3696 1050 3752 vasis
1076 3711 1181 3751 seu
1200 3696 1594 3767 vestimentis,
1622 3714 1732 3754 nec
1782 3715 1902 3755 non
1936 3707 1993 3757 et
2038 3702 2105 3757 1i-

459 3783 605 3840 bris.
636 3785 1011 3858 Quapropter
1034 3784 1135 3840 tibi
1163 3785 1548 3858 praecipimus
1592 3792 1648 3843 et
1701 3788 1952 3845 Henrico
2006 3791 2108 3847 ab-

459 3872 585 3929 bati
610 3878 676 3930 ut
698 3890 807 3929 vos
824 3874 990 3930 omni
1015 3872 1324 3943 diligentia
1354 3873 1503 3930 illud
1532 3874 1865 3948 inquiraiis,
1892 3883 2103 3935 etcum

460 3961 629 4019 omni
646 3962 979 4032 integritate
1008 3977 1102 4017 res
1126 3962 1560 4019 ecclesiasticas
1618 3964 1813 4020 eidem
1844 3966 2106 4023 ecclesia:

459 4049 766 4106 restituere
795 4048 1050 4106 faciatis.
1083 4049 1240 4120 Vale,
1274 4066 1347 4105 ex
1403 4051 1517 4106 hoc
1566 4050 1786 4107 habeto
1840 4054 2103 4110 studium

463 4135 617 4192 sicut
642 4135 718 4192 de
750 4140 803 4192 te
827 4137 981 4193 bene
1003 4136 1391 4209 conﬁdimus,
1424 4144 1477 4194 et
1509 4140 1660 4197 sicut
1686 4140 1748 4196 in
1800 4141 1914 4198 hoc
1971 4159 2107 4199 nos-

463 4227 620 4280 tram
646 4224 963 4294 cognoscis
981 4226 1373 4283 voluntatem.

454 4399 607 4475 Item
628 4402 941 4471 exemplar
961 4404 1211 4460 alterius
1259 4407 1520 4475 epistola:
1566 4408 1775 4464 damni
1816 4410 2111 4467 Ludovici

545 4472 925 4541 imperatoris
975 4475 1049 4530 de
1073 4472 1369 4544 praedicta
1409 4492 1495 4547 re,
1523 4478 1605 4533 ad
1628 4494 1773 4548 quos
1802 4496 2008 4550 supra.

526 4562 592 4616 In
621 4560 866 4617 nomine
908 4563 1142 4619 Domini
1166 4565 1266 4620 Dei
1288 4569 1344 4621 et
1364 4566 1687 4622 Salvatoris
1743 4569 1927 4624 nostri
1970 4575 2104 4627 Jcsu

451 4649 687 4722 Christi,
722 4650 1077 4722 Ludovicus,
1094 4652 1299 4710 divina
1320 4654 1743 4727 repropitiante
1769 4656 2102 4731 clementia,

446 4736 774 4812 imperator
825 4744 1152 4812 Augustus,
1224 4743 1390 4799 Jonee
1441 4743 1769 4801 venerabili
1821 4747 2103 4823 episcopo

447 4826 719 4885 salutem.

516 4918 731 4973 Notum
761 4918 867 4976 tibi
895 4936 1028 4977 esse
1056 4919 1337 4979 volumus
1364 4923 1508 4996 quia
1531 4929 1888 4997 perventum
1919 4931 2005 4983 est
2024 4927 2103 4985 ad

441 5015 557 5056 nos
576 5005 741 5076 quod
773 5010 1055 5067 monachi
1084 5028 1158 5067 ex
1187 5013 1557 5068 monasterio
1588 5014 1777 5069 sancti
1809 5015 2101 5089 Carilephi

441 5092 668 5159 egressi
697 5099 836 5150 sunt
855 5095 932 5152 de
978 5100 1223 5171 proprio
1272 5102 1658 5172 monasterio,
1719 5102 1913 5160 aliena
1968 5104 2102 5162 loca

438 5183 796 5251 quaerentes,
834 5183 1220 5243 immemores
1247 5190 1506 5261 propriae
1539 5191 1953 5264 promissionis
2004 5213 2100 5251 eo-

434 5292 593 5345 rum,
620 5278 681 5334 in
710 5295 835 5351 qua
866 5281 1270 5354 promiserunt
1298 5286 1703 5345 obedientiam
1755 5296 1811 5347 et
1869 5293 2094 5348 stabili-

432 5366 615 5422 tatem
644 5369 903 5441 propriaa
934 5371 1352 5443 promisstonis
1380 5376 1511 5444 loci,
1546 5384 1726 5453 atque
1787 5383 2094 5439 renuntia-

430 5458 647 5509 verunt
673 5458 933 5528 propriis
975 5458 1381 5522 voluntatibus
1435 5470 1769 5527 secundum
1817 5472 2091 5541 regulam

429 5541 631 5633 sancti
650 5544 972 5619 Benedicti,
1001 5548 1165 5608 obliti
1192 5554 1367 5613 etiam
1397 5562 1749 5617 sententiam
1783 5561 2087 5633 evangeli-

429 5642 586 5723 cam,
616 5630 677 5687 in
707 5648 831 5723 qua
878 5638 1253 5700 Dominicum
1316 5651 1628 5723 exemplar
1684 5630 2031 5711 audivimus
2066 5667 2080 5708 :

423 5715 559 5775 Non
589 5722 741 5785 veni.
770 5723 980 5799 inquit,
1012 5729 1219 5799 facere
1273 5715 1645 5799 voluntatem
1705 5753 1919 5807 meam,
1977 5741 2082 5808 seti

2203 1815 2538 1871 monachos
2569 1814 2749 1887 plena
2784 1814 3133 1871 auctoritate
3166 1830 3474 1873 canonum
3506 1822 3565 1873 et
3616 1816 3875 1888 regulari

2204 1908 2383 1978 atque
2414 1909 2623 1960 nostra
2683 1903 2761 1959 ad
2817 1903 3132 1977 proprium
3185 1905 3625 1962 monasterium
3684 1896 3875 1962 redire

2206 1992 2604 2066 compellatis.
2668 1993 2728 2051 Si
2773 2008 2917 2049 vero
2964 1992 3268 2067 quispiam
3320 2009 3536 2051 eorum
3582 2010 3700 2051 vos
3756 2010 3874 2051 non

2205 2081 2547 2138 obaudierit
2575 2081 2856 2137 volumus
2887 2085 2952 2138 ut
2979 2081 3352 2154 compellatis
3377 2098 3519 2138 eum
3545 2084 3760 2140 venire
3801 2084 3875 2140 ad

2203 2174 2474 2226 nostram
2502 2169 2885 2243 praesentiam
2916 2170 2977 2226 in
3003 2170 3279 2244 proximo
3301 2171 3521 2245 placito
3551 2172 3729 2246 quod
3773 2172 3873 2227 ha-

2204 2259 2387 2316 bituri
2409 2275 2641 2331 sumus,
2664 2250 2919 2318 Domino
2942 2264 3264 2330 annuente,
3283 2260 3451 2334 apud
3476 2262 3871 2319 Carisiacum.

2208 2351 2361 2405 Bene
2387 2348 2541 2420 vale,
2573 2353 2631 2405 et
2656 2364 2763 2405 ora
2793 2365 2902 2421 pro
2930 2349 3105 2404 nobis
3138 2349 3483 2406 Dominum.

2924 2456 3122 2511 .XLVI.

2205 2543 2437 2600 Notitiu
2456 2544 2922 2617 demonasterio
2943 2545 3142 2617 sancti
3162 2544 3478 2614 Carilephi
3503 2547 3565 2602 in
3597 2548 3878 2617 generali

2274 2615 2501 2685 synodo
2531 2616 2596 2670 in
2629 2616 2934 2671 Carisiaco
2956 2616 3192 2684 palatio
3222 2617 3408 2686 regio,
3430 2615 3618 2686 facta
3634 2619 3716 2674 ab
3767 2620 3873 2673 Al-

2277 2687 2443 2741 drico
2473 2686 2743 2759 episcopo
2766 2702 2877 2755 per
2891 2686 3194 2756 judicium
3224 2690 3644 2757 episcoporum
3675 2705 3879 2759 accep-

2279 2762 2362 2825 ta,
2393 2759 2547 2813 sicut
2578 2758 2641 2813 in
2672 2772 2742 2814 ea
2768 2759 3113 2814 continetur
3141 2759 3455 2815 insertum.

2595 2844 2757 2914 (Vide
2784 2845 2884 2902 ubi
2915 2862 3122 2920 supra,
3153 2846 3265 2903 col.
3305 2852 3487 2914 £290.)

2939 2934 3152 2991 XLVII.

2211 3040 2298 3097 De
2324 3041 2706 3116 responsione
2750 3041 3043 3098 Ludovici
3091 3042 3472 3112 imperatoris
3528 3050 3584 3101 et
3638 3047 3882 3116 judicio

2284 3114 2636 3186 optirnatum
2661 3128 2906 3168 suorum
2936 3118 3148 3186 contra
3173 3121 3482 3184 praecepta
3502 3114 3656 3186 quae
3676 3133 3885 3174 mona-

2285 3184 2387 3238 chi
2412 3183 2493 3259 de
2507 3185 2866 3259 monasterio
2895 3185 3160 3259 AAnisolae
3191 3183 3531 3259 attulerunt
3554 3203 3769 3245 coram
3800 3205 3882 3259 eo,

2285 3254 2526 3331 quando
2563 3255 3148 3331 contra_A_ldricu_m
3208 3257 3549 3325 episcopum
3608 3260 3687 3317 de
3729 3254 3885 3331 pm»;

2287 3326 2446 3380 dicto
2477 3327 2840 3382 monasterio
2870 3328 2935 3382 in
2965 3328 3229 3385 rationes
3261 3334 3574 3384 venerunt.

2286 3430 2541 3497 Quando
2566 3431 2923 3504 Aquisgrani
2954 3433 3176 3506 palatio
3196 3449 3360 3491 anno
3390 3434 3630 3509 imperii
3670 3437 3887 3495 domni

2215 3520 2497 3576 Ludovici
2529 3522 2781 3593 piissimi
2811 3523 3061 3591 Augusti
3080 3538 3220 3590 xxv,
3246 3539 3454 3580 coram
3476 3540 3550 3582 eo
3580 3530 3641 3583 et
3665 3528 3889 3600 princi-

2213 3608 2393 3682 pibus
2423 3609 2547 3664 suis
2571 3614 2691 3665 tam
2723 3610 3135 3668 ecclesiasticis
3161 3627 3351 3685 quam
3372 3618 3431 3669 et
3486 3615 3887 3673 saecularibus

2212 3697 2276 3754 in
2299 3698 2562 3768 generali
2591 3704 2891 3755 conventu
2920 3699 3165 3772 querela
3187 3700 3263 3756 de
3317 3704 3695 3761 monasterio
3752 3705 3888 3762 Ani-

2214 3786 2356 3843 solaa
2386 3793 2444 3844 et
2472 3787 2651 3844 rebus
2682 3788 2806 3845 suis
2835 3789 2987 3845 inter
3005 3789 3310 3847 Aldricum
3328 3794 3760 3850 Cenomanicaa
3791 3811 3889 3851 ur-

2215 3875 2308 3931 bis
2335 3876 2693 3949 episcopum
2727 3882 2786 3933 et
2810 3878 3246 3948 Sigemundum
3303 3880 3580 3951 ejusdem
3639 3899 3887 3941 monas~

2215 3964 2341 4021 terii
2377 3965 2662 4022 abbatem
2693 3966 2988 4036 agebatur
3012 3971 3069 4022 et
3096 3966 3442 4038 diligentius
3474 3971 3890 4043 scrutabatur,

2216 4058 2396 4125 atque
2420 4052 2549 4125 jam
2576 4053 2769 4110 dictus
2793 4055 3058 4129 pontifex
3085 4055 3237 4111 inter
3258 4056 3489 4129 reliqua
3518 4058 3891 4118 instrumen—

2214 4145 2275 4198 ta
2305 4141 2650 4198 chartarum
2689 4147 2745 4199 et
2773 4149 3074 4217 praecepta
3105 4145 3330 4215 regalia
3362 4162 3554 4203 unum
3617 4164 3892 4225 praecep-

2216 4234 2343 4286 tum
2368 4230 2535 4303 quod
2559 4231 2824 4288 domnus
2850 4232 3097 4290 Carolus
3128 4233 3323 4291 facere
3347 4235 3547 4305 jussit.
3580 4254 3696 4295 sua
3728 4239 3895 4295 vide-

2213 4318 2350 4375 licet
2375 4320 2624 4393 propria
2652 4336 2842 4377 manu
2869 4320 3221 4379 roboratam
3253 4327 3310 4379 et
3334 4323 3562 4381 annulo
3593 4342 3712 4383 suo
3747 4329 3895 4385 sub-

2215 4412 2303 4464 ter
2330 4408 2674 4480 sigillatum,
2705 4426 2813 4484 per
2840 4410 3008 4484 quod
3034 4411 3161 4484 ipse
3186 4412 3317 4483 jam
3354 4413 3585 4470 dictum
3640 4432 3895 4474 monas-

2216 4500 2430 4555 terium
2462 4502 2752 4558 Franconi
2784 4504 3072 4575 episcopo
3118 4502 3505 4576 ecclesiteque
3561 4504 3677 4560 sibi
3723 4521 3893 4562 com-

2214 4589 2413 4645 missa:
2441 4590 2719 4658 reddidit,
2771 4596 2829 4647 et
2873 4593 3153 4647 monachi
3207 4592 3476 4667 prredicti
3526 4595 3893 4663 Sigemundi

2212 4678 2525 4751 quoddam
2554 4685 2923 4753 praeceptum
2952 4680 3029 4737 de
3066 4680 3351 4737 electione
3400 4697 3636 4751 eorum,
3690 4688 3761 4739 ut
3816 4684 3895 4739 de

2212 4768 2546 4841 semetipsis
2569 4769 2860 4825 haberent
2899 4768 3200 4825 licentiam
3255 4770 3515 4841 eligendi
3566 4771 3892 4842 abbatem,

2211 4852 2378 4926 quod
2408 4852 2691 4909 dicebant
2705 4853 2887 4925 jussu
2916 4852 3127 4909 domni
3154 4853 3437 4910 Ludovici
3476 4855 3742 4927 piissimi
3775 4856 3895 4912 im-

2209 4936 2503 5009 peratoris
2550 4953 2680 4993 esse
2719 4938 3152 5010 conscriptum.
3205 4938 3295 4994 Ad
3343 4938 3508 5011 quod
3565 4942 3899 5013 respondit

2211 5026 2476 5082 domnus
2500 5027 2865 5099 imperator:
2898 5027 2955 5084 Si
2997 5043 3111 5098 ego
3157 5027 3273 5084 hoc
3325 5034 3700 5102 praeceptum
3760 5030 3901 5086 ﬁeri

2205 5116 2378 5185 jussi.
2407 5116 2752 5171 nesciebam
2774 5116 2941 5189 quod
2962 5116 3318 5188 praedictum
3335 5118 3784 5175 monasterium
3817 5121 3898 5175 de

2210 5205 2519 5277 episcopio
2549 5205 2950 5261 Cenomanico
2980 5210 3153 5272 esset,
3184 5214 3242 5261 et
3287 5206 3655 5276 ignorabam
3714 5210 3901 5281 quod

2209 5299 2379 5366 pater
2406 5310 2579 5349 meus
2609 5293 2757 5349 illud
2785 5294 2865 5350 ibi
2897 5311 3005 5367 per
3027 5311 3205 5351 suum
3237 5300 3607 5368 prazceptum
3669 5298 3902 5354 redde-

2205 5387 2310 5437 ret.
2349 5381 2461 5437 Sed
2492 5382 2635 5454 quia
2662 5399 2771 5438 vos
2800 5386 2858 5439 et
2884 5398 3062 5456 pares
3096 5384 3278 5439 vestri
3305 5383 3419 5439 hoc
3443 5383 3593 5439 mihi
3614 5385 3896 5452 cetastis,

2204 5474 2261 5524 et
2284 5485 2395 5541 per
2424 5469 2697 5526 fraudem
2726 5476 2782 5526 et
2812 5471 3043 5528 malum
3083 5472 3390 5543 ingenium
3425 5471 3623 5528 facere
3653 5476 3900 5531 suasis-

2204 5558 2298 5625 tis,
2330 5558 2556 5615 idcirco
2585 5560 2783 5632 ipsum
2816 5566 3208 5633 praeceptum,
3249 5562 3416 5634 quod
3469 5560 3622 5616 mihi
3675 5564 3903 5634 praeci-

2199 5662 2341 5719 pere
2371 5647 2498 5702 ﬁeri
2526 5647 2739 5719 dicitis,
2771 5655 2974 5705 vestro
3000 5650 3322 5707 mendacio
3352 5650 3721 5721 inﬁrmatur,
3742 5654 3901 5725 quia

2216 5751 2399 5805 causa
2430 5737 2533 5792 ubi
2566 5738 2731 5793 fraus
2760 5738 3074 5798 intercedit
3096 5756 3221 5797 non
3248 5740 3427 5809 valet,
3455 5738 3563 5795 sed
3588 5741 3801 5811 magis
3817 5758 3912 5797 re-
