3944 6430
145 310 209 366 89
1757 301 1919 358 VI’I‘A
3495 319 3566 372 90

143 433 323 509 proba
352 431 624 490 efﬁcitur.
654 436 718 489 Et
742 432 879 488 ideo
904 435 1170 488 vestrum
1205 437 1577 506 praeceptum
1632 433 1786 486 stare
1824 428 1872 482 Α

144 540 255 580 non
284 524 515 597 poterit,
535 523 681 596 quia
709 528 907 579 vestro
924 522 1243 579 mendacio
1267 528 1323 579 et
1351 531 1545 579 vestra
1577 520 1787 576 fraude

145 611 399 668 funditus
424 611 772 668 destruitur.
809 612 865 668 Si
887 611 1043 667 enim
1079 627 1190 667 nos
1219 628 1406 667 unam
1436 611 1611 666 vobis
1664 614 1789 664 tan-

145 708 262 760 tum
293 701 644 758 electionem
676 702 1110 770 concessimus,
1141 702 1340 774 ipsam
1399 701 1515 757 cito
1554 699 1788 756 ﬁnitam

142 809 262 848 esse
295 791 736 862 cognoscimus,
761 791 906 864 quia
935 790 1358 862 Sigemundus,
1383 806 1566 863 quem
1617 787 1788 845 vobis

143 879 416 938 abbatem
437 880 718 949 elegistis,
758 884 1166 936 memoratum
1214 879 1646 936 monasterium
1677 893 1789 933 sua

141 970 310 1044 culpa
338 969 618 1043 perdidit,
651 970 796 1043 quia
821 969 999 1026 nobis
1030 969 1386 1026 inobediens
1429 973 1486 1026 et
1532 967 1789 1024 inﬁdelis

141 1059 370 1115 exstitit.
403 1059 538 1114 Haec
572 1058 761 1115 taliter
786 1058 1108 1132 praedictus
1156 1057 1419 1114 domnus
1463 1057 1791 1130 imperator

141 1166 316 1221 agens
336 1149 722 1218 interrogavit
763 1153 1010 1205 cunctos
1038 1149 1492 1205 circumstantes
1517 1147 1660 1221 quid
1688 1164 1788 1202 su-

141 1254 241 1310 per
267 1238 380 1294 hac
409 1253 468 1293 re
499 1238 587 1293 eis
609 1239 826 1294 rectius
846 1237 1186 1294 videbatur.
1218 1237 1328 1304 Qui
1357 1236 1788 1310 respondentes

139 1327 406 1384 dixerunt
425 1331 549 1384 tam
571 1326 838 1400 episcopi
858 1344 1042 1400 quam
1072 1327 1346 1396 abbates,
1371 1327 1495 1382 sive
1517 1325 1785 1394 comites,

139 1423 192 1474 et
213 1416 418 1490 reliqui
450 1432 665 1472 omnes
697 1434 710 1473 :
747 1421 878 1472 Htec
903 1418 1240 1490 posteriora
1269 1421 1591 1490 praecepta,
1649 1431 1788 1488 quae

137 1506 227 1562 isti
253 1505 534 1562 monachi
565 1506 842 1577 afferunt,
875 1521 1005 1564 non
1027 1511 1288 1580 possunt
1339 1506 1645 1562 destruere
1678 1520 1786 1560 an-

138 1595 345 1651 teriora
374 1611 511 1667 quae
568 1594 840 1651 Aldricus
890 1596 1210 1668 episcopus
1260 1600 1316 1652 et
1367 1594 1617 1650 ecclesia
1673 1592 1790 1649 sibi

137 1685 455 1741 commissa
483 1684 706 1753 habet;
731 1685 836 1740 sed
869 1684 1268 1741 anterioribus
1295 1684 1636 1740 cedendum
1677 1688 1785 1754 est,

2617 435 2843 490 XLVIII.

1899 534 2248 615 Meznm'iaIe
2271 541 2537 615 qualiter
2566 541 2822 615 Anisoim
2850 543 3278 615 monasterium
3333 559 3371 599 α
3417 548 3566 615 jure

1975 606 2389 694 Oenomanfcze
2414 613 2628 692 gnati-is
2646 613 2914 695 ecclesia;
2949 620 3087 695 post
3119 614 3338 670 obitum
3368 606 3563 672 Ludo-

1971 685 2090 733 vici
2116 685 2375 749 piissimi
2400 685 2782 752 imperatoris
2813 685 3148 740 alienatum
3180 692 3288 741 est.

1971 784 2024 838 Si
2039 783 2173 855 quis
2189 801 2367 841 nosse
2380 786 2681 844 desiderat
2696 789 2951 862 qualiter
2972 792 3404 848 monasterium
3425 793 3562 849 Aui-

1900 870 2041 927 solae
2073 888 2196 930 una
2215 891 2354 930 cum
2385 876 2566 932 rebus
2596 878 2721 932 suis
2741 878 2816 933 de
2843 879 2973 949 jure
3001 881 3417 937 Cenomanicee
3437 899 3564 938 ma-
3655 945 3668 953 δ

1901 961 2003 1016 tris
2033 961 2299 1018 ecclesia:
2329 970 2466 1036 post
2483 965 2716 1022 obitum
2738 967 3017 1024 Ludovici
3040 970 3288 1025 secundi
3309 972 3563 1027 Franco-

1900 1065 2034 1105 rum
2066 1049 2446 1123 imperatoris
2478 1041 2755 1127 elapsum
2789 1061 2899 1124 est,
2930 1057 2986 1112 in
3035 1058 3151 1114 hoc
3210 1060 3560 1116 memoriale

1899 1137 2686 1213 brevitercomprehensum
2718 1144 2944 1218 aliquid
2997 1145 3261 1203 invenire
3322 1149 3558 1220 poterit.

1901 1227 2190 1285 Defuncto
2210 1231 2556 1304 praescripto
2577 1231 2808 1288 domno
2835 1233 3134 1290 Ludovico
3150 1235 3422 1307 piissimo
3445 1242 3561 1293 Au-

1900 1318 2139 1386 gustino
2162 1319 2766 1377 annoinearnationis
2785 1322 3109 1378 Dominicis
3143 1325 3560 1396 octingentesi-

1899 1411 2070 1461 moet
2082 1407 2576 1479 quadragesimo,
2593 1425 2818 1480 magna
2829 1410 3042 1466 seditio
3056 1416 3187 1467 orta
3199 1418 3286 1468 est
3303 1413 3360 1468 in
3376 1414 3560 1487 impe-

1898 1495 2131 1551 riosuo.
2164 1497 2544 1555 Interceetera
2574 1505 2778 1556 autem
2795 1499 2960 1556 mala
2989 1501 3242 1558 surrexit
3274 1503 3560 1575 quaedam

1899 1585 2216 1654 tyrannica
2237 1591 2507 1658 potestas
2525 1587 2584 1642 in
2609 1604 2769 1660 pago
2783 1589 3187 1645 Cenomanico
3228 1606 3354 1662 qua
3382 1591 3557 1646 resis-

1899 1675 2021 1728 tere
2043 1672 2342 1730 nitebatur
2364 1675 2576 1731 Carolo
2597 1675 2719 1732 ﬁlio
2738 1677 2887 1748 ejus,
2909 1677 3003 1733 cui
3031 1677 3354 1751 praedictus
3376 1678 3562 1752 impe-

137 1779 190 1830 ει
216 1772 569 1847 posteriora,
598 1790 733 1846 qua
759 1773 970 1829 fraude
1001 1778 1058 1830 et
1102 1773 1261 1830 malo
1302 1773 1544 1843 ingenio
1596 1773 1786 1845 impe-
1826 1785 1872 1839 Β
1901 1765 2063 1818 rator
2088 1763 2240 1819 inter
2260 1769 2504 1820 caeteras
2526 1765 2802 1834 regiones
2824 1766 3160 1822 Neustriam
3185 1767 3452 1836 dederat,
3506 1772 3564 1824 et

137 1867 276 1919 trata
305 1862 566 1930 fuerunt,
596 1862 979 1919 in'tirmantur
1005 1868 1063 1920 et
1112 1869 1270 1920 stare
1329 1879 1453 1919 non
1508 1865 1786 1935 possunt,

135 1953 270 2026 quia
297 1953 453 2009 actio
485 1968 612 2025 qua
637 1953 698 2008 in
723 1953 1191 2026 quibuscunque
1217 1953 1472 2025 negotiis
1512 1953 1677 2008 fraus
1701 1951 1789 2007 in-

137 2042 604 2098 tercesseritnon
634 2041 873 2098 valebit.
907 2045 974 2098 Et
1006 2045 1072 2098 ut
1115 2042 1345 2098 ratione
1399 2046 1457 2098 et
1515 2041 1644 2113 lege
1693 2040 1785 2096 fir-

136 2135 362 2187 mentur
387 2147 463 2186 ea
504 2147 642 2203 qua:
677 2135 984 2198 testamur,
1038 2131 1241 2205 aliqua
1298 2147 1372 2187 ex
1428 2130 1787 2187 authenticis

135 2219 338 2275 nostris
382 2219 561 2275 vobis
617 2218 957 2277 testimonia
1013 2219 1350 2276 indicantes
1405 2219 1785 2292 proferimus.

135 2307 529 2365 Constitutum
560 2312 650 2364 est
674 2325 711 2365 a
741 2309 964 2364 sanctis
993 2309 1270 2383 patribus
1297 2313 1354 2366 et
1383 2309 1555 2364 bonis
1598 2310 1788 2380 impe-

135 2397 421 2454 ratoribus
452 2403 513 2455 et
534 2397 665 2469 lege
696 2397 1004 2454 decretum
1035 2403 1098 2454 ut
1127 2397 1425 2472 quidquid
1449 2397 1605 2454 falsa
1645 2397 1788 2470 peti-

132 2486 206 2543 tio
223 2503 260 2543 a
286 2486 561 2561 principe
581 2486 930 2556 obtinuerit,
955 2487 1100 2560 quia
1126 2487 1290 2544 fraus
1310 2488 1644 2554 intervenit,
1665 2501 1790 2542 non

135 2575 358 2632 valebit.
392 2576 544 2633 Item
576 2575 721 2632 alibi
755 2596 767 2632 :
804 2600 832 2627 «
863 2579 1252 2650 Quaecunque
1278 2583 1488 2634 contra
1515 2577 1615 2648 jus
1644 2593 1788 2632 con-

136 2666 345 2738 scripta
382 2665 608 2721 fuerint
640 2681 764 2721 non
814 2665 1123 2734 valebunt,
1179 2682 1548 2740 quocunque
1605 2665 1789 2722 modo

137 2754 339 2810 fuerint
367 2755 715 2828 impetrata.
745 2777 774 2804 »
807 2759 949 2810 Item
982 2755 1161 2810 alibi:
1196 2777 1224 2804 ‹‹
1254 2756 1362 2821 Qui
1385 2755 1536 2812 falsa
1577 2755 1790 2828 princi-

134 2844 290 2916 pium
314 2849 625 2917 praacepta
651 2843 990 2907 detulerint.
1040 2844 1390 2917 puniantur.
1425 2868 1452 2893 ››
1506 2846 1650 2900 Item
1689 2843 1791 2900 ali-

133 2931 185 2988 bi
217 2948 230 2988 :
259 2955 285 2981 «
313 2932 497 2989 Dolus
528 2932 731 2990 malus
752 2938 842 2989 est
869 2949 1008 2989 cum
1041 2933 1210 2990 aliter
1237 2934 1456 3005 agitur,
1503 2933 1666 2990 aliud
1717 2933 1792 2988 si-

137 3021 404 3078 mulatur.
443 3045 471 3071 η
503 3022 656 3077 Item
678 3022 821 3077 alibi
858 3039 870 3077 :
906 3046 932 3073 ‹.
958 3023 1068 3089 Qui
1083 3022 1294 3079 dolum
1325 3023 1420 3079 vel
1435 3029 1663 3079 metum
1686 3021 1790 3078 ad-

137 3110 317 3205 hibuit
340 3117 400 3166 ut
424 3127 523 3167 res
557 3110 640 3167 ad
670 3110 855 3205 alium
886 3112 1181 3179 transiret,
1210 3111 1286 3205 de
1315 3111 1434 3168 doli
1457 3112 1690 3168 actione
1712 3116 1793 3205 te-
1828 3153 1869 3205 Ο

135 3199 374 3256 nebitur.
411 3220 443 3254 ›
475 3204 623 3256 Item
669 3199 849 3256 alibi:
884 3222 912 3253 ι
933 3201 1114 3256 Dolus
1139 3199 1335 3256 malus
1366 3206 1454 3256 est
1475 3201 1524 3256 si
1555 3217 1663 3273 per
1688 3199 1792 3256 tal-

136 3288 352 3345 sitatem
383 3289 646 3346 voluerit
673 3290 812 3361 quis
842 3290 1008 3362 prius
1059 3290 1308 3346 deﬁnita
1363 3290 1715 3346 convellere.
1759 3309 1788 3338 »

135 3378 264 3434 Item
291 3379 434 3436 alibi
466 3397 480 3434 :
519 3401 548 3428 «ε
574 3379 1127 3449 Redintegrandum
1158 3384 1251 3435 est
1303 3395 1341 3434 a
1393 3378 1791 3451 praesentibus

130 3467 420 3536 judicibus
451 3473 511 3525 et
532 3468 597 3523 in
628 3468 760 3538 ejus
800 3468 960 3524 unde
983 3468 1241 3524 abcessit
1282 3473 1574 3541 potestate
1622 3483 1790 3523 revo-

134 3557 382 3614 candum
425 3557 605 3632 quod
663 3573 1030 3630 quacunque
1079 3557 1422 3613 conditione
1482 3557 1788 3630 temporis,

135 3650 226 3701 aut
254 3647 412 3713 dolo,
455 3653 569 3703 aut
601 3647 961 3719 captivitate,
987 3651 1092 3703 aut
1119 3649 1335 3702 virtute
1365 3647 1670 3717 majorum
1729 3647 1792 3701 ti-

133 3751 282 3792 more
308 3736 573 3794 faciente
599 3735 937 3808 deperierit.
973 3760 1002 3786 »
1035 3739 1177 3792 Item
1207 3735 1348 3791 alibi
1384 3755 1396 3791 :
1423 3757 1451 3784 «
1486 3735 1793 3808 Quidquid

133 3840 256 3880 vera
280 3842 385 3882 seu
410 3825 574 3883 falsa
598 3825 803 3898 petitio
833 3841 869 3880 a
921 3825 1191 3897 principe
1248 3825 1592 3891 obtinuerit,
1647 3824 1794 3897 quia

132 3912 280 3970 fraus
309 3914 670 3982 intercessit,
693 3930 819 3969 non
839 3914 1061 3970 valebit
1088 3923 1136 3969 ⁸.
1176 3937 1202 3964 ιι
1228 3917 1442 3984 Magna
1473 3913 1638 3969 fraus
1660 3913 1789 3977 fuit,

131 4003 406 4074 quoniam
435 4003 729 4060 monachi
773 4003 1043 4076 praedicti
1081 4007 1486 4060 memoratum
1541 4018 1790 4058 monas-

133 4092 328 4149 terium
355 4093 431 4150 de
458 4094 603 4165 jure
661 4092 1077 4150 Cenomanicie
1137 4091 1295 4148 sedis
1354 4091 1618 4147 ecclesiae
1661 4107 1791 4146 esse

135 4182 404 4253 sciebant,
435 4183 593 4256 quia
617 4198 744 4238 non
770 4186 910 4237 sunt
935 4182 1136 4238 adhuc
1179 4181 1420 4250 triginta
1449 4181 1593 4236 anni
1623 4181 1792 4254 quod

133 4285 164 4324 a
190 4271 580 4344 pontiﬁcibus
606 4276 958 4327 memoratas
985 4270 1145 4326 sedis
1174 4286 1520 4343 possessum
1545 4275 1633 4326 est
1664 4287 1677 4337 ;
1735 4275 1792 4325 et

133 4358 245 4415 haec
281 4361 578 4429 celantes,
608 4360 902 4433 vobisque
935 4361 1310 4422 mentientes,
1334 4364 1636 4432 praecepta
1678 4358 1792 4438 sibi

135 4448 243 4504 sine
263 4465 574 4506 consensu
598 4449 898 4522 praedictae
934 4449 1094 4504 sedis
1119 4448 1439 4521 pontificis,
1493 4448 1586 4504 cui
1632 4449 1789 4519 juste

134 4537 384 4607 debetur,
409 4540 614 4596 facere
645 4538 1005 4594 suadebant.
1028 4542 1092 4593 Et
1114 4539 1229 4596 hoc
1256 4539 1486 4610 justum
1519 4543 1695 4604 esset,
1728 4544 1792 4594 ut

136 4626 174 4679 si
194 4627 401 4700 aliquis
427 4627 734 4683 laicorum
758 4627 871 4682 hoc
894 4625 1149 4692 fecisset,
1177 4633 1240 4682 ut
1281 4641 1575 4696 magnum
1609 4625 1790 4680 detri-

137 4721 382 4771 mentum
414 4716 746 4771 sustineret
775 4733 786 4777 ;
821 4715 926 4769 sed
967 4720 1024 4769 et
1057 4731 1168 4787 pro
1217 4718 1376 4770 certo
1419 4714 1792 4785 judicaretur

135 4801 202 4858 illi
222 4811 280 4860 ut
307 4805 556 4878 capitali
591 4804 889 4860 sententia
920 4805 1251 4876 puniretur.
1303 4803 1416 4860 Sed
1471 4805 1618 4876 quia
1666 4819 1789 4858 non

136 4890 268 4956 laici,
303 4895 405 4950 sed
420 4896 555 4965 jam
582 4893 726 4948 dicti
750 4893 1056 4959 monachi,
1081 4893 1195 4949 hoc
1222 4893 1508 4959 fecerunt,
1533 4893 1789 4964 dignum

137 4987 209 5036 est
235 4991 293 5038 ut
320 4984 399 5040 ita
431 4987 835 5040 coerceantur
873 4998 948 5038 ne
1007 4982 1106 5038 alii
1164 4981 1448 5038 monachi
1505 4981 1790 5055 deinceps

138 5071 255 5128 talia
283 5089 459 5143 agere
483 5076 888 5146 praesumant.
915 5073 1239 5144 Propterea
1259 5071 1532 5127 nonnulli
1559 5071 1786 5143 praefati

140 5162 461 5218 monasterii
517 5161 811 5217 monachi
875 5177 1016 5216 cum
1077 5160 1446 5231 Sigemundo
1503 5161 1790 5233 praedicto

139 5265 322 5307 eorum
344 5252 576 5308 abbate
609 5249 822 5306 exsilio
847 5250 1121 5306 damnati
1149 5254 1307 5305 sunt.
1343 5253 1410 5305 Et
1432 5250 1517 5304 sic
1575 5249 1790 5304 conﬁr-

138 5347 343 5396 matum
369 5347 460 5397 est
491 5338 896 5412 saepedictum
927 5339 1367 5396 monasterium
1398 5337 1636 5394 Aldrico
1664 5338 1790 5410 epi-

141 5443 297 5500 scopo
327 5437 384 5488 et
413 5432 552 5503 ejus
579 5429 913 5502 episcopio,
947 5429 1100 5484 sicut
1155 5429 1216 5484 in
1264 5429 1395 5500 ejus
1444 5433 1654 5502 notum
1704 5432 1792 5483 est

140 5521 421 5592 praeceptis
451 5525 513 5576 et
535 5518 676 5576 aliis
707 5519 1120 5574 monumentis
1151 5518 1498 5574 chartarum
1525 5517 1790 5572 contine-

145 5607 218 5659 tur
244 5607 558 5665 insertum.

1900 1867 2044 1906 suos
2074 1851 2281 1908 ﬁdeles
2309 1853 2481 1909 valde
2514 1853 2854 1910 infestabat.
2882 1855 3149 1912 Praefatae
3181 1872 3323 1927 ergo
3355 1862 3562 1929 tyran-

1899 1939 2047 1996 nicae
2075 1942 2353 2013 potestati
2381 1959 2442 1998 se
2474 1943 2787 2014 conjunxit
2819 1943 3246 2014 Sigemundus,
3296 1946 3404 2018 qui
3448 1946 3562 2002 du-

1899 2027 2049 2084 dum
2079 2029 2154 2086 de
2177 2029 2438 2102 praefatus
2461 2031 2718 2087 Anisolae
2740 2033 3108 2090 monasterio
3133 2033 3329 2091 abbas
3347 2034 3560 2105 fuerat,

1900 2122 1958 2174 et
1983 2117 2257 2174 Aldricus
2277 2119 2543 2176 ecclesiae
2579 2121 2998 2177 Cenomanicee
3056 2121 3399 2195 episcopus,
3458 2123 3564 2196 qui

1898 2206 2049 2263 illud
2072 2209 2510 2265 monasterium
2539 2225 2660 2266 una
2685 2227 2823 2266 cum
2843 2210 3024 2266 rebﬁs
3049 2211 3175 2267 suis
3195 2216 3339 2268 tunc
3359 2215 3563 2269 tenue-

1898 2300 2010 2364 rat,
2042 2295 2294 2353 ﬁdeliter
2325 2297 2534 2355 Carolo
2567 2299 2786 2354 seniori
2815 2315 2924 2368 suo
2956 2300 3323 2368 adhaerebat,
3349 2307 3402 2357 et
3429 2300 3564 2358 licet

1900 2391 2237 2442 memorata
2267 2387 2580 2457 tyrannica
2600 2393 2868 2461 potestas
2893 2405 3031 2444 eum
3052 2389 3131 2444 ad
3149 2405 3210 2445 se
3231 2390 3563 2463 saepissime

1899 2479 2160 2541 vocaret,
2191 2479 2247 2532 et
2278 2475 2622 2531 ﬁrmitatem
2672 2476 2724 2532 ei
2781 2476 2975 2533 facere
3024 2477 3244 2533 vellent
3290 2478 3395 2550 qui
3426 2494 3562 2534 eam

1900 2562 2257 2619 exercebant
2284 2564 2541 2636 qualiter
2566 2564 2694 2636 ipse
2725 2570 3020 2638 quaereret
3048 2571 3114 2622 ut
3143 2566 3359 2622 diebus
3429 2567 3564 2622 vitae

1899 2651 2137 2708 illorum
2171 2669 2316 2708 suos
2345 2653 2607 2710 honores
2630 2670 2753 2709 non
2779 2653 3052 2726 perderet
3077 2672 3187 2710 nec
3208 2655 3564 2712 imminutos

1899 2741 2167 2805 haberet,
2201 2741 2307 2799 sed
2338 2743 2602 2813 majores
2632 2748 2689 2799 et
2727 2743 3184 2816 qualescunque
3210 2744 3272 2800 in
3317 2744 3417 2800 illa
3475 2760 3564 2800 re-

1902 2830 2079 2900 gione
2109 2836 2334 2903 peteret
2365 2831 2815 2904 adipisceretur,
2846 2833 2895 2888 si
2925 2849 2986 2888 se
3010 2832 3125 2888 illis
3150 2834 3562 2904 conjungeret.

1904 2919 2020 2976 Sed
2049 2919 2144 2975 ille
2166 2925 2412 2992 propter
2443 2921 2570 2975 haec
2603 2921 2810 2977 omnia
2838 2921 3150 2995 proposito
3197 2939 3233 2977 a
3275 2922 3563 2995 praedicto

1901 3008 2134 3064 seniore
2157 3025 2269 3063 suo
2293 3025 2355 3064 se
2379 3023 2502 3064 non
2532 3008 2859 3065 substraxit
2882 3029 2894 3077 ;
2915 3010 3022 3066 sed
3048 3010 3400 3066 inconvulse
3422 3011 3565 3066 ﬁde-

1900 3096 1972 3151 lis
2003 3102 2061 3152 et
2097 3112 2208 3168 pro
2237 3096 2467 3152 viribus
2496 3097 2738 3168 adjutor
2765 3097 2846 3152 illi
2872 3098 3108 3163 exstitit,
3137 3103 3194 3154 et
3221 3103 3468 3171 propter
3493 3098 3562 3154 il-

1898 3184 2028 3240 lum
2051 3186 2257 3242 omnia
2282 3201 2394 3241 sua
2419 3185 2664 3253 dimisit,
2698 3190 2754 3241 et
2779 3201 2920 3242 eum
2944 3191 3184 3242 secutus
3203 3191 3291 3242 est
3310 3202 3418 3258 per
3437 3202 3567 3242 om-

1899 3275 2021 3332 nia.
2055 3277 2335 3331 Cessante
2365 3289 2508 3329 vero
2532 3274 2662 3344 jam
2691 3271 2852 3330 dicta
2882 3273 3194 3341 seditione,
3246 3274 3402 3346 cepit
3454 3276 3562 3332 Ca-

1900 3364 2064 3420 rolus
2093 3379 2198 3419 rex
2225 3362 2549 3436 praedictus
2581 3361 2903 3418 consilium
2947 3369 3010 3419 ut
3063 3368 3430 3420 memoratos
3477 3368 3566 3435 ty-

1902 3469 2128 3510 rannos
2150 3458 2255 3508 aut
2283 3469 2321 3508 a
2344 3451 2470 3522 jam
2499 3451 2672 3507 dictis
2708 3450 2936 3507 ﬁnibus
2991 3452 3245 3522 ejiceret,
3304 3457 3410 3508 aut
3459 3469 3563 3508 eos

1902 3541 2016 3598 sibi
2045 3541 2252 3596 ﬁdeles
2283 3541 2533 3596 faceret:
2567 3540 2647 3596 ad
2677 3556 2834 3613 quos
2864 3541 3028 3596 misit
3052 3541 3372 3614 optimates
3398 3557 3560 3608 suos,

1903 3646 2130 3688 vocans
2151 3646 2256 3686 eos
2285 3629 2365 3686 ad
2391 3646 2472 3685 se.
2508 3629 2736 3695 Quibus
2785 3629 3249 3702 responderunt.
3306 3633 3421 3686 Nec
3484 3629 3564 3686 ad

1900 3720 2072 3776 illum
2097 3720 2430 3782 veniemus.
2461 3734 2570 3774 nec
2601 3719 2681 3774 illi
2714 3718 2922 3774 ﬁdeles
2948 3719 3190 3784 erimus,
3217 3718 3336 3774 nisi
3382 3718 3560 3775 nobis

1903 3809 2190 3865 convictis
2218 3808 2513 3865 concedat
2541 3807 2827 3864 omnibus
2852 3808 3034 3864 vitam
3075 3812 3132 3864 et
3179 3807 3458 3864 membra
3505 3813 3564 3865 et

1903 3898 2048 3955 tales
2073 3898 2336 3955 honores
2363 3896 2573 3970 quales
2601 3896 2787 3952 modo
2841 3904 3133 3964 tenemus,
3194 3911 3561 3968 quocunque

1901 3987 2088 4044 modo
2099 4004 2202 4043 eos
2215 3987 2474 4042 habeam
2484 4003 2571 4052 us,
2586 3986 2739 4041 inter
2749 4001 2904 4058 quos
2921 3984 3235 4057 praefatum
3251 3984 3564 4054 Sigemun-

1902 4077 2052 4134 dum
2072 4083 2129 4133 et
2145 4077 2581 4142 monasterium
2607 4075 2863 4131 Anisolas
2878 4091 3018 4130 cum
3041 4074 3226 4130 rebus
3247 4074 3370 4130 suis
3394 4089 3561 4130 com-

1904 4167 2302 4239 prehenderit.
2327 4165 2548 4221 Videns
2572 4164 2838 4220 domnus
2859 4163 3105 4221 Carolus
3127 4162 3414 4236 praefatus
3434 4180 3560 4227 rex.

1902 4261 2147 4334 propter
2175 4255 2323 4310 alias
2352 4253 2672 4310 seditiones
2698 4270 2834 4326 quae
2885 4253 3154 4326 undique
3193 4253 3562 4323 grassaban-

1904 4351 2018 4411 tur,
2048 4348 2176 4400 sine
2208 4359 2432 4414 magno
2464 4343 2809 4398 discrimine
2837 4343 3006 4398 aliter
3040 4348 3180 4400 tunc
3207 4357 3329 4398 non
3382 4357 3560 4414 posse

1903 4443 2051 4508 ﬁeri,
2080 4441 2384 4497 consensit
2401 4441 2791 4514 petitionibus
2810 4457 3042 4507 eorum,
3066 4439 3564 4512 etinterreliquos

1829 4516 1873 4569 Ῑ)
1907 4532 2274 4603 Sigemundo
2315 4529 2613 4586 concessit
2669 4535 3074 4588 memoratum
3125 4528 3564 4585 monasterium

1902 4621 2146 4686 habere,
2180 4627 2236 4675 et
2265 4619 2551 4692 pl‘thlClO
2583 4619 2822 4674 Aldrico
2854 4625 2913 4674 et
2937 4635 3060 4674 suae
3093 4617 3251 4673 sedis
3299 4615 3564 4672 ecclesiae

1904 4709 2150 4766 firmiter
2178 4709 2454 4782 promisit
2482 4708 2631 4764 illud
2662 4708 2776 4764 cito
2807 4707 3185 4763 redditurum
3221 4722 3234 4758 :
3269 4710 3327 4760 et
3348 4703 3447 4758 tali
3469 4718 3564 4759 oc-

1903 4800 2140 4856 sasione
2165 4801 2566 4854 memoratum
2594 4795 3030 4852 monasterium
3089 4793 3418 4848 alienatum
3478 4796 3568 4847 est

1905 4895 2045 4944 tunc
2079 4905 2115 4944 a
2139 4889 2274 4959 jure
2305 4885 2723 4943 Cenomanicte
2755 4884 2962 4940 matris
2987 4880 3270 4947 ecclesiae,
3307 4894 3434 4935 non
3481 4879 3565 4936 le-

1902 4978 2080 5048 gibus
2102 4976 2531 5043 evindicatuni,
2565 4975 2670 5030 sed
2704 4971 3011 5045 tyrannica
3033 4969 3382 5026 alienatum.

2644 5065 2820 5117 XLIX.

1975 5159 2241 5210 Vertenle
2261 5158 2460 5208 autem
2485 5157 2778 5221 tempore,
2799 5153 2855 5205 et
2876 5148 3163 5222 praedicto
3194 5149 3564 5218 Sigemundo

1902 5245 1978 5301 ad
2003 5248 2400 5299 memoratum
2427 5254 2652 5309 regem,
2676 5239 2972 5295 domuum
2995 5237 3266 5293 videlicet
3285 5235 3561 5293 Carolum

1901 5334 2091 5390 tilium
2126 5329 2407 5386 Ludovici
2438 5329 2838 5401 imperatoris,
2871 5327 3118 5382 minime
3157 5325 3449 5390 veniente,
3509 5331 3566 5380 et

1901 5425 2056 5479 facto
2083 5421 2349 5476 maximo
2380 5417 2585 5485 prielio
2607 5417 2664 5472 in
2691 5434 2849 5490 pago
2899 5414 3350 5470 Allisidioreuse
3408 5412 3562 5470 inter

1903 5511 2181 5568 Carolum
2209 5515 2264 5564 et
2297 5506 2660 5572 Lotharium,
2693 5507 2754 5560 in
2784 5521 2907 5576 qua
2953 5520 2988 5560 a
3039 5503 3294 5559 Domino
3355 5505 3474 5558 Deo
3507 5508 3566 5558 et

1900 5601 2204 5657 Salvatore
2230 5601 2434 5653 nostro
2463 5595 2606 5652 data
2627 5600 2713 5651 est
2725 5595 2850 5664 jam
2873 5593 3033 5650 dicto
3055 5591 3265 5652 Carolo
3283 5591 3554 5662 victoria,

201 5791 222 5818 ⁸
249 5788 323 5843 Ex
350 5787 523 5845 Pauli
547 5786 662 5842 lib.
695 5786 919 5856 ISent.,
951 5785 1037 5842 tit.
1068 5790 1123 5853 9,
1155 5785 1335 5842 etlib.
1370 5787 1391 5838 I
1432 5783 1574 5840 Cod.
1605 5784 1829 5841 Theod.
1859 5781 1934 5838 de
1965 5780 2106 5842 dolo
2137 5777 2299 5836 malo
2325 5775 2385 5830 in
2406 5775 2654 5848 interpr.
