3944 6420
232 260 291 323 93

3568 261 3641 329 06

232 379 500 456 Musa-ia],
535 381 593 435 et
622 377 903 437 Carolum
924 378 985 435 in
1019 378 1291 439 Neustria
1318 381 1376 435 et
1405 376 1726 452 Aquitania
1747 375 1865 434 col-
1894 379 1941 433 A
1977 377 2155 452 coepit
2180 377 2311 453 jam
2339 379 2534 441 dictus
2559 378 2832 440 Aldricus
2862 378 3185 454 episcopus
3209 396 3333 441 una
3360 397 3501 441 cum
3530 383 3636 455 eis,

232 474 443 539 locaret,
475 472 692 526 caetera
725 484 866 527 vero
909 485 1096 541 regna
1145 472 1203 526 et
1249 471 1505 528 ducatus
1558 469 1711 526 inter
1739 484 1862 537 eos,

229 564 361 619 sicut
387 560 445 619 in
476 557 803 617 annalibus
836 574 1048 616 eorum
1086 559 1442 629 continetur,
1475 559 1683 617 divina
1722 574 1866 616 con-

229 667 389 709 sensu
427 648 789 723 principium
836 664 1088 707 suorum
1117 650 1374 723 partivit.
1409 649 1728 709 Praefatum
1759 664 1865 705 au-

229 745 334 796 tem
361 737 701 813 pontiﬁcem
730 743 1068 795 memorato
1097 738 1310 796 Carolo
1336 738 1460 796 ﬁlio
1494 754 1606 797 suo
1648 734 1864 793 minori

226 846 323 905 per
346 843 552 886 manus
584 827 1053 885 commendavit.
1084 828 1191 885 Cui
1211 830 1347 900 jam
1376 828 1571 887 dictus
1598 827 1866 901 pontifex

228 917 477 975 Aldricus
535 916 723 975 ﬁdem
768 932 1017 974 servans
1070 917 1360 987 debitam,
1393 918 1472 975 ab
1520 916 1864 975 inﬁdelibus

228 1012 428 1064 sanctae
477 1005 577 1063 Dei
628 1006 901 1062 Ecclesiae
954 1010 1010 1067 et
1048 1006 1173 1064 suis
1207 1023 1244 1065 a
1272 1006 1523 1081 prrefata
1548 1005 1866 1080 tyrannica.

227 1101 502 1172 potestate
531 1095 593 1151 in
620 1095 967 1169 supradicto
998 1112 1160 1156 anno
1191 1112 1228 1155 a
1256 1096 1607 1171 praescripto
1638 1096 1867 1177 episco-

226 1188 316 1261 pio
344 1190 397 1242 et
423 1201 457 1245 a
489 1201 602 1245 sua
633 1185 772 1242 sede
804 1186 1029 1257 ejectus
1059 1190 1187 1257 est;
1237 1192 1293 1244 et
1330 1192 1650 1262 propterea
1675 1186 1866 1255 multa

224 1291 347 1351 qute
371 1274 427 1331 in
456 1273 871 1331 ecclesiasticis
897 1279 954 1332 et
975 1275 1108 1333 aliis
1146 1275 1330 1333 rebus
1361 1293 1472 1351 pro
1504 1292 1712 1334 amore
1762 1276 1865 1333 Dei

225 1364 400 1421 facere
430 1368 712 1436 cmperat,
735 1362 1086 1438 imperfecta
1105 1370 1549 1426 remanserunt.
1583 1369 1734 1423 Nam
1762 1380 1864 1439 pe-

224 1469 291 1511 ne
319 1452 667 1527 przedictum
723 1452 1102 1527 episcopium
1152 1458 1293 1511 tunc
1346 1461 1647 1513 vastatum
1690 1460 1780 1513 est
1809 1458 1865 1513 et

223 1542 380 1617 quasi
408 1541 482 1601 ad
525 1541 782 1605 nihilum
827 1543 1161 1601 redactum.
1196 1544 1471 1602 Habebat
1509 1544 1670 1601 enim
1701 1561 1861 1617 coep-

225 1635 337 1689 tum
366 1629 690 1689 claustrum
718 1631 1148 1691 canonicorum
1177 1637 1233 1689 et
1263 1638 1518 1690 matrem
1549 1634 1862 1691 ecclesiam

1974 466 2207 543 illisque
2238 468 2731 546 deprecantibus,
2765 473 3019 527 tractare
3046 470 3196 544 quid
3242 470 3424 529 ofﬁcii
3454 488 3638 533 unus-

1976 558 2233 635 quisque
2259 575 2368 633 pro
2400 559 2525 621 suis
2550 558 2954 617 confratribus
2982 563 3106 617 tam
3136 575 3246 633 pro
3267 560 3421 619 vivis
3449 578 3639 636 quam

1975 651 2032 705 et
2058 664 2171 722 pro
2219 648 2431 707 solutis
2460 650 2677 709 debitae
2709 650 2919 709 mortis
2972 650 3287 721 diligenter
3328 656 3551 723 ageret,
3581 656 3641 711 et

1974 737 2122 811 quid
2150 754 2261 811 pro
2289 739 2536 814 praeﬁxo
2574 739 2857 814 pontiﬁce
2895 742 2953 799 et
2994 755 3173 811 grege
3201 740 3514 815 utriusque
3544 758 3640 800 or-

1973 827 2132 887 dinis
2184 828 2299 887 sibi
2347 829 2680 889 commisso
2710 827 2965 891 ﬁdeliter
2993 828 3365 904 adimpleret.
3402 833 3532 897 Qua
3560 831 3637 890 de

1971 932 2035 975 re
2061 917 2176 977 hoc
2202 917 2484 981 instinctu
2515 917 2717 977 divino
2748 918 2971 991 pariter
3009 918 3462 979 considerantes
3490 924 3639 981 trace

1972 1006 2257 1077 tavimus,
2290 1006 2591 1080 simulque
2620 1007 2773 1065 inter
2818 1024 2931 1066 nos
2961 1008 3126 1069 bono
3157 1008 3364 1067 animo
3396 1014 3454 1067 et
3481 1026 3638 1084 pura

1971 1095 2279 1153 voluntate
2330 1096 2733 1165 decrevimus,
2766 1101 2833 1154 ut
2879 1097 3030 1154 dum
3080 1097 3414 1171 (advixerit)
3450 1115 3636 1156 unus-

1971 1184 2233 1259 quisque
2283 1185 2473 1242 nostri
2521 1185 2750 1242 ordinis
2805 1186 3092 1243 sacerdos
3141 1204 3252 1261 pro
3283 1189 3635 1263 praescripto

1971 1273 2200 1331 domno
2229 1274 2465 1333 Aldrico
2494 1275 2784 1349 episcopo
2811 1280 2868 1337 et
2899 1291 3008 1349 pro
3041 1276 3271 1350 populo
3318 1277 3435 1335 sibi
3473 1294 3636 1339 com-

1971 1363 2157 1421 misso
2180 1364 2243 1425 in
2271 1368 2488 1439 quarta
2517 1364 2665 1422 feria
2694 1380 2817 1427 una
2838 1381 2979 1421 cum
3007 1364 3217 1422 litania
3245 1370 3300 1425 et
3318 1366 3634 1424 oblationi.

1970 1452 2087 1508 bus
2116 1455 2373 1513 missam
2418 1454 2717 1525 decantet,
2752 1454 3021 1513 similiter
3067 1459 3124 1512 et
3174 1459 3341 1513 sexta
3372 1454 3522 1513 feria
3549 1455 3636 1513 fa-

1972 1542 2125 1611 ciat;
2171 1547 2228 1600 et
2256 1543 2361 1616 qui
2383 1544 2499 1603 hoc
2530 1543 2727 1605 facere
2754 1559 2880 1600 non
2918 1544 3153 1617 poterit,
3186 1544 3635 1617 quinquaginta

1971 1631 2242 1704 psalmos
2294 1632 2593 1702 decantet,
2625 1637 2867 1697 orantes
2899 1636 2956 1690 et
2994 1632 3407 1706 supplicantes
3437 1632 3633 1691 Domi-

223 1719 276 1777 in
328 1718 523 1776 media
580 1718 814 1779 civitate
869 1736 906 1778 a
955 1720 1371 1779 fundamento-
1398 1738 1521 1779 una
1568 1740 1708 1779 cum
1740 1722 1861 1779 suis
1889 1735 1934 1793 Β
1971 1736 2121 1783 num
2165 1721 2298 1778 coeli
2345 1726 2409 1784 ut
2461 1726 2619 1778 Deus
2680 1722 3065 1795 omnipotens
3116 1722 3364 1795 praeﬁxo
3422 1726 3632 1783 nostro

223 1807 529 1882 porticibus
563 1814 619 1865 et
648 1809 1005 1884 paradisum
1035 1811 1407 1883 inchoatum,
1440 1818 1497 1869 et
1524 1812 1861 1870 maximam

220 1903 434 1973 partem
484 1913 636 1956 exea
678 1897 922 1968 factam,
967 1899 1235 1957 similiter
1278 1906 1335 1957 et
1372 1901 1627 1959 aediﬁcia
1653 1918 1862 1959 mona-

223 1988 516 2045 steriorum
548 1987 841 2063 quinque,
872 2004 997 2049 una
1046 2006 1186 2047 cum
1237 1989 1508 2047 claustris
1547 1997 1603 2048 et
1631 1991 1860 2054 caeteris

220 2093 429 2134 eorum.
463 2076 737 2136 Habebat
761 2094 1007 2155 quoque
1028 2078 1109 2137 ad
1128 2079 1441 2139 utilitatem
1466 2080 1740 2152 ejusdem
1771 2097 1861 2138 ec-

221 2165 397 2224 clesiaa
420 2165 791 2225 fulciendam
821 2171 877 2224 et
899 2166 977 2227 ad
1008 2184 1307 2243 pauperes
1337 2170 1699 2227 recreandos
1724 2186 1863 2228 con-

219 2262 478 2327 gregatos
509 2272 728 2328 greges
752 2257 1171 2333 jumentorum
1196 2274 1323 2316 una
1354 2276 1493 2316 cum
1532 2260 1861 2321 amissariis

218 2345 459 2422 amplius
514 2363 709 2421 quam
765 2347 1095 2418 octoginta,
1150 2364 1476 2406 vaccarum
1534 2354 1590 2406 et
1655 2349 1861 2409 ovium

218 2441 382 2508 atque
408 2451 733 2509 caprarum
757 2435 880 2492 sive
908 2452 1235 2509 porcorum
1253 2438 1513 2510 amplius
1544 2455 1732 2511 quam
1755 2438 1861 2494 du-

217 2530 394 2595 centa,
423 2541 737 2587 annonam
767 2530 826 2585 et
852 2524 1061 2585 fenum
1087 2541 1161 2584 ac
1189 2527 1401 2584 viuum
1439 2532 1564 2585 tam
1596 2528 1673 2584 ad
1704 2545 1859 2601 opus

217 2614 739 2684 congregationum
760 2614 1191 2688 hospitumque
1216 2631 1287 2671 ac
1307 2631 1648 2689 pauperum
1670 2633 1858 2689 quam

218 2708 267 2761 et
291 2703 362 2760 ad
393 2703 502 2761 sibi
533 2702 926 2776 ecclesireque
959 2703 1071 2760 sibi
1102 2706 1441 2763 commissae
1473 2706 1857 2763 servientium

218 2808 354 2867 opus
376 2791 761 2851 sufﬁcienter.
798 2792 914 2849 Sed
933 2793 1081 2867 quid
1099 2794 1361 2870 amplius
1390 2794 1630 2855 dicam?
1658 2799 1740 2853 ita
1757 2797 1861 2859 ha-

216 2881 380 2940 bebat
405 2882 731 2945 fundatum
763 2886 886 2940 tam
934 2882 997 2939 in
1044 2883 1457 2942 ecclesiasticis
1481 2902 1666 2958 quam
1700 2891 1756 2942 et
1796 2885 1858 2943 in

216 2971 330 3030 aliis
361 2972 535 3030 rebus
565 2972 929 3047 praedictum
960 2973 1336 3047 episcopium
1358 2980 1415 3032 et
1443 2992 1536 3032 res
1559 2976 1670 3043 sibi
1700 2993 1859 3032 com-

216 3062 411 3121 missas
441 3062 701 3135 qualiter
721 3078 845 3123 non
885 3061 1106 3119 fuerint
1130 3079 1167 3121 a
1198 3062 1413 3121 diebus
1443 3065 1729 3138 antiquis,
1765 3065 1857 3122 vel

214 3166 245 3207 a
270 3155 525 3229 tempore
544 3167 675 3227 quo
707 3148 983 3224 alicujus.
1021 3194 1032 3208 .
1072 3194 1084 3209 .
1126 3194 1139 3207 .
1178 3195 1190 3210 .
1229 3152 1537 3210 .hominis
1560 3154 1857 3212 memoria

213 3240 493 3301 retinetur.
530 3240 652 3299 Sed
679 3239 809 3299 haec
841 3243 899 3296 et
925 3240 1159 3315 reliqua
1188 3241 1353 3300 bona
1389 3242 1858 3305 innumerabilia

215 3330 551 3404 aprzedictis
586 3330 890 3403 tyrannis,
925 3329 1047 3386 sive
1094 3331 1418 3404 hospitalia
1458 3338 1688 3405 septem
1719 3350 1855 3411 quae

217 3420 283 3476 ad
308 3437 603 3494 pauperes
637 3425 696 3476 et
723 3420 991 3493 hospites
1015 3420 1394 3495 recipiendos
1420 3426 1475 3479 et
1495 3422 1857 3485 recreandos,

214 3507 428 3577 fecerat,
455 3510 733 3568 funditus
780 3514 1011 3571 vastata
1058 3515 1116 3568 et
1171 3510 1371 3569 diruta
1424 3516 1580 3568 sunt.
1615 3515 1859 3585 Propter

215 3598 310 3655 has
332 3616 466 3657 vero
494 3598 755 3659 insidias
785 3602 844 3657 et
872 3599 1020 3658 alias
1048 3600 1270 3663 multas
1294 3601 1425 3657 haec
1454 3606 1509 3658 et
1542 3601 1659 3659 alia
1690 3601 1857 3671 bona

214 3687 666 3748 innumerabilia
692 3706 830 3763 quae
861 3689 1057 3761 facere
1105 3690 1295 3747 voluit
1347 3695 1403 3748 et
1433 3691 1613 3764 coepit
1650 3691 1710 3748 in
1744 3707 1857 3749 suo

214 3778 496 3853 episcopio
525 3796 655 3839 non
688 3784 1006 3855 apparent,
1037 3796 1174 3853 quae
1214 3795 1251 3836 a
1302 3780 1557 3837 Domino
1607 3780 1721 3836 illis
1770 3796 1857 3837 re~

214 3868 503 3941 quirantur
530 3885 568 3928 a
599 3869 833 3945 quibus
857 3869 987 3927 haec
1018 3868 1315 3925 subversa
1340 3873 1395 3925 et
1414 3874 1648 3927 vastata
1675 3875 1855 3944 atque

212 3958 491 4028 prohibita
548 3962 715 4026 sunt,
750 3963 808 4019 et
832 3973 958 4019 non
1000 3958 1078 4015 ab
1106 3957 1229 4031 illo,
1262 3958 1367 4033 qui
1395 3959 1525 4015 haec
1574 3975 1751 4030 agere
1800 3964 1858 4025 et

212 4045 515 4121 adimplere
547 4047 745 4107 voluit
789 4053 848 4107 et
899 4047 1233 4121 prohibitus
1261 4052 1442 4121 atque
1472 4048 1739 4120 dejectus
1771 4049 1857 4106 di-

210 4131 366 4188 misit.
394 4133 733 4208 Praescripti
761 4148 905 4204 ergo
937 4133 1180 4207 tyranni
1198 4133 1273 4190 de
1296 4148 1514 4203 genere
1544 4133 1775 4190 Herivei
1800 4139 1857 4192 et

211 4222 427 4283 \‘idonis
454 4224 846 4301 superiorum
871 4229 1271 4298 tyrannorum
1304 4230 1743 4289 remanserunt.

967 4370 1098 4425 LIV.

1969 1810 2239 1884 pontiﬁci
2268 1811 2608 1873 secundum
2629 1828 2805 1868 suam
2826 1812 3200 1869 voluntatem
3222 1812 3379 1868 hanc
3410 1811 3633 1869 tribuat

1969 1901 2185 1972 degere
2210 1900 2420 1970 vitam,
2452 1906 2509 1958 et
2539 1901 2789 1976 quando
2819 1902 2873 1959 ei
2899 1901 3211 1974 placuerit,
3235 1900 3494 1973 ﬁnisque
3523 1902 3633 1958 hu-

1963 1990 2065 2061 jus
2100 1990 2232 2047 vitae
2263 1990 2589 2057 advenerit,
2620 1990 2878 2048 caelestis
2900 1990 3095 2062 janua
3118 1990 3170 2046 ei
3201 1993 3422 2062 pateat,
3457 1994 3514 2048 et
3539 1989 3629 2047 lo-

1969 2096 2076 2137 cus
2105 2083 2455 2137 sanctorum
2499 2080 2787 2137 consortii
2823 2079 3002 2136 nobis
3034 2078 3500 2153 deprecantibus
3530 2079 3631 2136 de-

1968 2173 2084 2225 tur.
2134 2172 2346 2227 Amen.
2417 2168 2694 2227 Similiter
2749 2173 2808 2225 et
2851 2168 3137 2242 praefatus
3188 2167 3456 2240 pontifex
3516 2183 3628 2241 pro

1966 2258 2146 2315 nobis
2178 2258 2463 2315 omnibus
2509 2262 2614 2317 aut
2659 2274 2766 2332 per
2806 2274 2870 2314 se
2919 2263 3023 2314 aut
3051 2273 3159 2329 per
3188 2256 3454 2330 aliquem
3485 2272 3522 2315 a
3566 2273 3629 2313 se

1968 2347 2371 2404 commissum
2402 2352 2493 2404 est
2522 2346 2821 2422 pollicitus
2853 2363 3051 2418 agere.
3074 2348 3328 2418 Insuper
3355 2345 3485 2407 haec
3514 2349 3629 2407 tra-

1969 2440 2195 2494 ctantes
2224 2436 2287 2492 in
2308 2436 2636 2510 prescripto
2663 2435 2881 2493 Iduum
2912 2435 3197 2497 Maiarum
3221 2434 3318 2491 die
3339 2439 3396 2491 et
3415 2434 3477 2490 in
3497 2434 3629 2508 jam

1968 2525 2129 2582 dicta
2158 2526 2393 2599 synodo
2416 2526 2567 2582 inter
2582 2540 2695 2582 nos
2724 2524 3104 2585 decrevimus
3126 2528 3191 2579 ut
3214 2523 3627 2598 unusquisque

1967 2620 2267 2684 nostrum,
2302 2615 2451 2675 dum
2484 2614 2793 2685 advixerit,
2829 2630 2939 2688 pro
2972 2613 3098 2669 suis
3129 2612 3533 2670 confratribus
3564 2612 3627 2671 in

1968 2720 2173 2761 annuo
2203 2704 2525 2761 duodecim
2556 2707 2755 2762 cantet
2783 2703 3006 2760 missas
3038 2719 3178 2759 cum
3218 2701 3628 2759 oblationibus

1967 2798 2023 2852 et
2050 2794 2294 2869 reliquis
2320 2793 2720 2863 orationibus,
2748 2798 2806 2851 et
2833 2792 3327 2867 quandocunque
3354 2796 3628 2855 nostrum

1966 2884 2391 2957 unusquisque
2420 2883 2805 2956 (decesserit),
2821 2882 3090 2939 decanus
3115 2882 3368 2943 nomina
3395 2881 3472 2939 de
3503 2882 3627 2938 suis

1962 2974 2307 3045 junioribus
2340 2973 2683 3046 conscripta
2711 2972 2776 3039 in
2800 2979 3031 3042 nostra,
3059 2987 3167 3044 per
3207 2970 3448 3041 singula
3475 2976 3625 3031 tem-

1886 3098 1930 3154 ο
1965 3062 2423 3154 pora,__synodo
2475 3062 2735 3154 deferat,
2766 3066 2825 3154 et
2864 3060 3301 3154 unusquisque
3350 3064 3626 3154 nostrum

1964 3168 2076 3225 pro
2102 3152 2216 3209 illis
2247 3152 2468 3208 missas
2499 3149 2803 3223 compleat
2845 3148 3169 3205 duodecim
3209 3164 3348 3204 cum
3375 3147 3627 3213 oblatio-

1964 3241 2144 3297 nibus
2175 3244 2233 3297 et
2262 3239 2507 3313 reliquis
2538 3237 2910 3299 orationibus
2948 3242 3006 3294 et
3032 3236 3300 3307 vigiliam
3338 3252 3480 3299 cum
3519 3251 3626 3297 no-

1965 3347 2099 3389 vem
2132 3329 2382 3403 psalmis
2417 3333 2475 3386 et
2519 3327 2767 3385 totidem
2796 3327 3152 3389 lectionibus
3194 3331 3250 3385 et
3296 3341 3625 3398 responso-

1965 3420 2087 3483 riis,
2115 3435 2237 3476 una
2266 3435 2408 3475 cum
2435 3416 2858 3479 matutinalem
2913 3416 3192 3489 synaxim
3222 3415 3475 3471 ﬁdeliter
3512 3430 3626 3487 pro

1966 3508 2262 3565 defunctis
2292 3506 2575 3575 fratribus
2602 3508 2872 3580 peragat,
2905 3509 2963 3561 et
2988 3504 3072 3560 sic
3100 3504 3217 3567 hoc
3257 3503 3437 3565 faciat
3472 3503 3628 3563 sicut

1965 3597 2090 3657 vult
2116 3613 2228 3671 pro
2260 3614 2322 3654 se
2353 3596 2480 3659 ﬁeri
2510 3595 2759 3670 quando
2789 3595 2905 3652 hoc
2932 3594 3093 3653 idem
3123 3594 3176 3650 ei
3206 3593 3537 3662 advenerit,
3568 3596 3629 3653 et

1968 3688 2121 3744 sicut
2166 3691 2304 3744 ante
2352 3685 2618 3744 tribunal
2655 3684 2903 3741 districti
2937 3683 3160 3755 judicis
3209 3683 3505 3743 rationem
3552 3698 3627 3739 ex

1966 3776 2082 3834 hoc
2122 3776 2373 3835 reddere
2418 3774 2667 3832 voluerit
2691 3773 2855 3848 quod
2889 3772 2987 3830 hic
3036 3788 3242 3835 coram
3273 3774 3413 3839 Deo,
3447 3776 3503 3829 et
3530 3787 3630 3831 co-

1967 3883 2098 3923 ram
2138 3870 2346 3929 nostro
2376 3864 2657 3939 pontiﬁce
2688 3870 2747 3920 et
2773 3878 2980 3919 coram
3006 3861 3185 3929 nobis
3224 3860 3513 3917 omnibus
3562 3876 3624 3923 se

1966 3954 2161 4013 facere
2190 3959 2404 4028 sponte
2430 3953 2723 4028 promisit.
2757 3951 2999 4013 Tribuat
3021 3950 3315 4007 Dominus
3346 3949 3626 4022 omnipo-

1965 4049 2098 4103 tens
2139 4048 2205 4103 ut
2245 4044 2330 4101 sic
2372 4044 2513 4102 inde
2567 4042 2865 4100 faciamus
2894 4045 2964 4098 ut
2989 4055 3115 4105 non
3142 4039 3619 4108 damnationem,

1964 4135 2070 4191 sed
2096 4133 2341 4208 plenam
2368 4132 2825 4195 retributionem
2875 4147 2949 4189 ex
2991 4130 3085 4197 his
3136 4146 3173 4195 a
3220 4129 3476 4187 Domino
3504 4132 3623 4186 Deo

1962 4230 2173 4281 nostro
2202 4222 2508 4298 percipere
2535 4222 2875 4287 valeamus,
2897 4225 2955 4279 et
2982 4221 3171 4287 vitam
3208 4219 3433 4277 habere
3464 4235 3623 4277 sem-

1962 4314 2262 4388 piternam
2326 4311 2663 4380 valeamus,
2711 4310 3037 4376 auxiliante
3103 4309 3360 4377 Domino
3416 4312 3624 4369 nostro

1962 4406 2104 4460 Iesu
2154 4402 2403 4475 Christo,
2442 4400 2549 4475 qui
2597 4417 2737 4458 cum
2793 4402 2967 4458 Patre
3021 4404 3080 4458 et
3134 4398 3355 4473 Spiritu
3413 4401 3624 4455 sancto

208 4471 460 4544 Synodus
500 4476 717 4535 habita
749 4476 825 4532 ab
849 4475 1102 4533 Aldrico
1148 4476 1212 4531 in
1245 4475 1392 4532 urbe
1427 4474 1849 4534 Cenomanica.
1883 4461 1932 4519 Π
1966 4492 2111 4555 viva
2153 4496 2209 4550 et
2239 4461 2527 4562 εἱορίέηίη
2556 4493 2714 4549 Deus
2742 4505 2850 4562 per
2879 4489 3090 4549 omnia
3120 4461 3346 4549 εεέοιιιει
3378 4487 3628 4549 εωοηιο.

271 4584 325 4641 In
363 4585 611 4642 nomine
648 4583 843 4641 Patris
874 4587 932 4642 et
971 4582 1091 4640 Filii
1137 4588 1194 4639 et
1237 4582 1487 4658 Spiritus
1527 4584 1737 4641 sancti.
1767 4583 1854 4641 Al-

209 4666 384 4733 dricus
461 4674 759 4745 indignus
829 4673 1245 4731 Cenomanicae
1310 4673 1524 4731 matris
1591 4672 1855 4731 ecclesiae

210 4759 501 4836 episcopus
535 4762 831 4821 omnibus
859 4767 1079 4820 nostra:
1110 4779 1269 4819 curae
1292 4761 1636 4819 commissis
1669 4763 1854 4820 sacris

210 4850 491 4909 ordinibus
545 4858 606 4911 et
654 4851 891 4913 cunctis
950 4851 1234 4909 ﬁdelibus
1287 4850 1543 4917 salutem
1612 4856 1667 4908 et
1725 4852 1852 4922 glo-

211 4938 339 4997 riam
379 4943 839 5018 sempiternam.
873 4943 1024 5001 Cum
1055 4942 1116 4998 in
1165 4940 1267 4998 Dei
1291 4940 1538 4997 nomine
1580 4957 1742 4998 anno
1768 4943 1855 4997 in-

210 5033 544 5089 carnationis
588 5031 921 5088 Dominicae
970 5030 1467 5101 octingentesimo
1510 5031 1851 5104 quadrage-

212 5117 355 5188 simo,
404 5122 743 5180 Indi‘ctione
790 5121 981 5192 tertia,
1028 5125 1086 5177 et
1130 5136 1295 5177 anno
1352 5120 1586 5194 imperii
1643 5119 1854 5181 domui

213 5205 458 5268 Ludovici
490 5209 760 5285 piissimi
790 5210 1168 5283 imperatoris
1185 5209 1474 5281 vigesimo
1496 5213 1553 5273 et
1574 5210 1850 5285 septimo,

211 5309 343 5359 anno
395 5318 537 5359 vero
597 5305 822 5361 octavo
879 5299 1272 5359 ordinationis
1317 5298 1588 5372 praedicti
1633 5297 1853 5357 Aldrici

211 5386 464 5465 episcopi,
509 5395 741 5465 quarto
798 5389 1075 5451 videlicet
1126 5390 1344 5447 Iduum
1390 5388 1681 5449 Maiarum
1730 5388 1850 5462 die,

213 5479 482 5547 synodum
513 5480 804 5539 omnium
837 5479 1225 5541 sacerdotum
1272 5495 1345 5536 ac
1391 5477 1710 5536 levitarum
1743 5494 1853 5543 seu

213 5564 543 5642 reliquorum
638 5585 957 5626 servorum
1035 5569 1138 5627 Dei
1204 5567 1612 5626 Cenomanica
1700 5567 1850 5627 urbe

213 5657 492 5722 praedictus
559 5659 841 5735 pontifex
897 5658 1288 5727 coadunarct,
1346 5660 1483 5731 post
1539 5656 1846 5714 allocutio—

216 5756 326 5806 nem
349 5754 403 5815 et
425 5749 919 5819 admonitionem
966 5749 1093 5811 sive
1122 5746 1581 5825 inquisitionem
1611 5762 1845 5819 eorum,

1962 4598 2121 4643 rum.
2150 4584 2365 4643 Amen.

2742 4689 2849 4743 LV.

2037 4799 2170 4853 Haec
2196 4800 2288 4852 est
2317 4795 2501 4851 missa
2533 4810 2671 4867 quas
2697 4809 2809 4868 pro
2852 4792 3083 4848 domno
3107 4789 3396 4861 episcopo
3426 4790 3483 4842 et
3510 4802 3622 4859 pro

1962 4886 2248 4942 omnibus
2280 4885 2392 4941 sibi
2434 4882 2770 4940 commissis
2800 4882 2861 4937 in
2892 4893 3264 4950 unaquaque
3291 4875 3624 4933 hebdoma-

1960 4975 2066 5047 da,
2093 4976 2155 5031 id
2198 4979 2287 5031 est
2334 4979 2553 5046 quarta
2584 4976 2641 5027 et
2688 4980 2858 5026 sexta
2886 4968 3052 5035 feria,
3084 4980 3209 5022 una
3246 4980 3385 5021 cum
3414 4964 3623 5023 litania

1961 5065 2279 5137 adimpleri
2309 5063 2593 5127 debetur;
2636 5065 2694 5115 et
2722 5061 2861 5130 post
2888 5056 3071 5112 istam
3104 5054 3500 5127 subsequitur
3518 5053 3623 5111 illa

1960 5170 2150 5227 quam
2180 5169 2292 5226 pro
2319 5150 2494 5207 nobis
2522 5149 2583 5203 in
2631 5147 2888 5203 invicem
2938 5161 3156 5203 canere
3194 5144 3533 5208 debemus;
3566 5147 3625 5199 et

1960 5246 2097 5317 post
2147 5241 2316 5297 illam
2366 5236 2756 5309 subsequitur
2804 5236 2905 5293 illa
2949 5251 3139 5309 quam
3189 5250 3300 5309 pro
3333 5231 3618 5289 fratribus

1959 5330 2184 5389 nostris
2212 5328 2508 5385 defunctis
2537 5330 2783 5383 cantare
2810 5326 3126 5383 debemus.

2126 5457 2311 5513 Missa
2340 5451 2716 5529 quotidiana.
2749 5459 2809 5512 v.
2842 5451 3022 5509 Intret
3050 5446 3243 5519 oratio
3273 5461 3434 5517 mea.

2030 5566 2260 5625 Sancta).
2278 5562 2379 5618 Dei
2393 5559 2703 5632 genitricis
2732 5559 2926 5619 Mariae
2949 5572 3021 5616 ac
3036 5556 3357 5615 beatorum
3380 5556 3620 5651 aposto-

1953 5654 2153 5713 lorum
2181 5655 2303 5710 sive
2337 5655 2672 5722 martyrum
2704 5655 2947 5707 tuorum
2979 5647 3244 5705 Gervasii
3273 5651 3330 5704 et
3359 5647 3615 5703 Protasii

1958 5749 2139 5820 atque
2159 5742 2352 5809 sancti
2371 5739 2659 5813 Stephani
2673 5738 2977 5814 simrulque
2998 5737 3374 5813 reliquorum
3392 5736 3624 5805 martyr-
