3944 6460
241 293 311 346 98
1323 279 1602 338 ALDRICI
1642 277 2180 337 CENOMANENSIS
2219 281 2553 338 EPlSCOPl.
3600 275 3671 330 96

241 427 381 470 rum
410 417 466 466 et
513 407 927 465 confessorum
967 404 1388 478 virginumque
1417 406 1596 474 atque
1623 401 1898 457 omnium

245 504 592 558 sanctorum
624 502 864 553 tuorum
892 496 1153 551 assiduis
1185 491 1707 550 intercessionibus
1736 507 1898 563 quae-

246 605 478 652 sumus,
515 585 783 643 Salvator
833 583 1062 650 mundi,
1095 583 1442 656 pontiﬁcem
1496 585 1771 636 nostrum
1811 579 1902 634 Al-

245 676 480 734 dricum
509 672 964 730 misericorditer
991 677 1256 743 protege,
1279 670 1621 744 pariterque
1651 668 1699 723 ei
1734 665 1902 723 fami-

245 764 494 821 liaritate
525 766 702 833 atque
733 758 1248 828 consanguinitate
1279 758 1653 828 conjunctos,
1685 759 1738 810 et
1770 771 1901 810 om-

247 869 353 909 nes
385 849 495 906 sibi
525 848 879 905 commissos
928 848 1240 919 utriusque
1285 845 1512 903 ordinis
1543 844 1703 900 viros
1741 848 1798 899 et
1827 841 1904 898 fe-

247 942 442 999 minas
488 938 564 994 ab
611 935 777 992 omni
827 936 1123 1008 pravitate
1177 935 1451 1002 defende,
1486 937 1542 988 et
1569 931 1903 988 secundum

247 1036 412 1086 tuam
441 1027 807 1083 voluntatem
828 1026 911 1080 eis
944 1026 1135 1081 vivere
1163 1025 1375 1091 tribue,
1409 1037 1773 1094 omnemque
1801 1037 1906 1093 po-

245 1118 456 1193 pulum
489 1115 892 1172 Christianum
922 1113 1384 1170 misericorditer
1415 1111 1671 1180 custodi,
1703 1116 1758 1165 et
1785 1109 1910 1164 ani-

245 1206 464 1266 mabus
483 1203 849 1261 famulorum
870 1202 1360 1274 famularumque
1375 1208 1613 1257 tuarum
1635 1199 1905 1254 omnium

244 1295 358 1350 sibi
388 1293 854 1350 commissorum
895 1296 953 1346 et
975 1290 1439 1346 commissarum
1468 1294 1644 1360 atque
1670 1291 1907 1342 cuncto-

245 1399 383 1439 rum
436 1386 912 1452 cunctarumque
966 1380 1026 1435 in
1074 1379 1300 1434 Christo
1343 1377 1776 1450 quiescentium
1814 1391 1904 1430 re-

249 1471 454 1545 quiem
482 1470 675 1525 tribue
699 1469 995 1538 benignus
1018 1468 1463 1540 sempiternam,
1482 1473 1538 1521 et
1561 1471 1906 1521 sanctorum

252 1567 492 1616 tuorum
521 1557 770 1613 coetibus
802 1559 1148 1612 consociare
1174 1556 1437 1625 digneris
1462 1554 1775 1628 propitius.
1804 1556 1908 1607 Per

254 1649 576 1710 Christum,
629 1650 737 1701 etc.
788 1647 1061 1716 Epistota
1118 1646 1199 1700 ad
1234 1645 1621 1701 Cotossenses.
1657 1646 1906 1707 Fratres,

251 1751 378 1794 non
404 1751 711 1790 cessamus
740 1749 848 1806 pro
879 1734 1052 1789 vobis
1075 1739 1313 1789 orantes
1335 1738 1391 1787 et
1420 1731 1809 1804 postulantes.
1839 1726 1905 1800 ᾖ).

256 1825 524 1890 Domine,
559 1823 797 1890 exaudi,
831 1830 888 1879 v.
944 1827 1022 1878 Ne
1071 1827 1323 1877 evertas.
1375 1823 1774 1891 Evangelium
1821 1833 1906 1874 se-

256 1914 517 1971 cundum
547 1916 852 1968 Joannem.
892 1916 953 1966 ln
990 1912 1090 1967 illo
1132 1919 1416 1984 tempore,
1451 1909 1777 1965 sublevatis
1817 1911 1908 1963 Je-

257 2020 359 2058 sus
388 2002 575 2058 oculis
603 2002 662 2056 in
688 2001 907 2057 ccelum
934 2001 1117 2056 dixit:
1146 2005 1330 2066 Pater,
1363 2017 1517 2073 quos
1550 1999 1768 2054 dedisti
1798 1999 1908 2052 mi—

253 2092 336 2159 hi,
367 2092 504 2146 volo
535 2096 597 2146 ut
626 2091 724 2145 ubi
751 2105 862 2159 ego
905 2106 1060 2159 sum,
1087 2095 1143 2145 et
1171 2090 1254 2145 illi
1285 2090 1401 2145 sint
1448 2105 1707 2154 mecum,
1746 2093 1806 2142 ut
1833 2087 1912 2141 vi-

255 2180 436 2236 deant
461 2179 789 2235 claritatem
822 2195 1020 2234 meam
1059 2195 1245 2251 quam
1294 2178 1510 2234 dedisti
1561 2178 1726 2244 mihi,
1768 2178 1912 2248 quia

256 2269 507 2325 dilexisti
537 2286 632 2324 me
678 2273 815 2324 ante
847 2268 1055 2322 mundi
1088 2267 1592 2323 constitutionem.
1631 2269 1794 2320 Pater
1818 2265 1910 2335 ju-

257 2364 366 2424 ste,
398 2358 662 2413 mundus
694 2363 746 2413 te
779 2373 898 2412 non
929 2357 1228 2427 cognovit.
1265 2359 1384 2428 Ego
1429 2362 1629 2411 autem
1661 2355 1799 2410 novi
1834 2359 1910 2420 te,

256 2452 312 2503 et
339 2447 400 2502 hi
427 2452 853 2517 cognoverunt,
883 2448 1028 2518 quia
1057 2453 1115 2500 tu
1147 2463 1241 2500 me
1270 2445 1477 2500 misisti
1500 2450 1558 2500 et
1595 2449 1804 2499 notum
1835 2443 1915 2498 fe-

258 2536 311 2591 ci
339 2536 423 2591 eis
478 2552 701 2591 nomen
743 2543 933 2603 tuum,
968 2542 1024 2590 et
1069 2540 1280 2589 notum
1315 2532 1554 2598 faciam,
1588 2538 1650 2588 ut
1679 2533 1914 2588 dilectio

258 2640 384 2696 qua
433 2623 685 2678 dilexisti
744 2639 839 2678 me
894 2624 953 2678 in
1009 2623 1152 2695 ipsis
1209 2624 1300 2688 sit,
1360 2628 1418 2677 et
1468 2638 1580 2691 ego
1634 2622 1690 2676 in
1745 2621 1910 2693 ipsis.

264 2713 471 2781 Olfert.
519 2711 767 2776 Exaudi,
803 2712 975 2766 Deus.
1024 2714 1286 2767 Secreta.
1336 2709 1661 2767 Oblationis
1712 2710 1914 2779 hujus,

262 2799 530 2866 Domine,
590 2799 829 2871 placare
886 2799 1257 2866 muneribus,
1314 2805 1368 2854 et
1416 2798 1917 2854 intercedentibus

263 2887 547 2942 omnibus
596 2886 818 2942 sanctis
850 2887 962 2942 tuis
994 2893 1235 2959 protege
1266 2887 1612 2959 pontiﬁcem
1646 2890 1916 2940 nostrum

264 2975 569 3031 Aldricum
595 2980 653 3031 et
677 2991 887 3031 omnes
916 2976 1026 3030 sibi
1057 2975 1411 3031 commissos
1442 2975 1916 3045 commissasque

267 3071 444 3136 atque
469 3081 712 3120 omnem
747 3065 1037 3136 populum
1071 3065 1465 3120 Christianum
1502 3082 1536 3119 a
1563 3065 1789 3119 cunctis
1821 3064 1918 3117 de-

265 3153 440 3208 fende
478 3153 775 3226 periculis,
807 3160 860 3208 et
899 3154 1221 3209 animabus
1262 3153 1626 3209 famulorum
1668 3152 1920 3208 famula-

264 3257 520 3314 rumque
551 3249 790 3298 tuarum
817 3243 1089 3298 omnium
1134 3243 1244 3297 sibi
1273 3244 1737 3298 commissorum
1760 3258 1918 3296 com-

265 3329 708 3402 missarumque
739 3335 917 3402 atque
966 3337 1319 3386 cunctorum
1353 3335 1828 3402 cunctarumque
1859 3329 1919 3384 in

267 3417 498 3473 Christo
522 3419 953 3489 quiescentium
983 3434 1087 3489 per
1113 3420 1240 3473 inec
1271 3423 1477 3474 sancta
1517 3419 1810 3472 sacriﬁcia
1836 3434 1922 3472 re-

268 3505 616 3560 missionem
663 3507 937 3561 omnium
985 3508 1177 3561 tribue
1215 3512 1620 3579 peccatorum,
1651 3513 1707 3561 et
1738 3507 1919 3561 vitam

268 3593 492 3648 habere
535 3595 795 3648 concede
822 3595 1268 3667 sempiternam.
1308 3597 1620 3664 Praefatio.
1661 3598 1799 3651 Vere
1831 3595 1920 3650 di-

270 3697 480 3752 gnum,
513 3686 620 3737 etc.
630 3723 648 3753 ,
670 3687 724 3738 et
755 3687 920 3738 tuam
954 3683 1330 3738 clementiam
1357 3685 1614 3755 profusis
1645 3685 1923 3756 precibus

269 3769 610 3842 implorare,
644 3770 1043 3826 intercedente
1092 3771 1269 3827 beata
1298 3777 1354 3826 et
1397 3772 1660 3842 gloriosa
1689 3788 1924 3844 semper

269 3859 496 3929 virgine
527 3859 627 3914 Dei
657 3861 939 3929 genitrice
967 3861 1164 3923 Maria,
1187 3861 1527 3932 sanctisque
1560 3860 1923 3932 martyribus

269 3947 386 4002 tuis
413 3949 692 4002 Gervasio
723 3953 780 4004 et
807 3948 1092 4014 Protasio,
1122 3949 1243 4002 sive
1293 3954 1502 4003 sancto
1536 3949 1837 4020 Stephano
1870 3953 1926 4002 et

269 4035 556 4089 omnibus
605 4038 826 4091 sanctis
862 4036 998 4103 tuis,
1031 4041 1385 4092 cunctorum
1416 4042 1798 4108 peccatorum
1829 4053 1926 4092 ve-

268 4123 435 4178 niam
465 4121 730 4193 pontifex
755 4130 955 4179 noster
984 4124 1256 4179 Aldricus
1288 4125 1574 4196 consequi
1605 4132 1921 4195 mereatur,

269 4215 328 4265 et
353 4225 457 4264 eos
485 4225 706 4282 easque
737 4226 890 4282 quos
920 4215 977 4266 et
1003 4227 1157 4283 quas
1185 4211 1239 4266 ei
1269 4227 1411 4267 cura
1449 4213 1755 4282 regiminis
1787 4229 1924 4268 con-

272 4297 505 4352 sociasti
525 4313 595 4352 ac
616 4297 1011 4354 familiaritate
1042 4304 1098 4354 et
1123 4301 1638 4370 consanguinitate
1650 4302 1922 4372 junxisti,

272 4391 330 4442 et
357 4401 599 4442 omnem
628 4388 922 4458 populum
956 4389 1352 4445 Christianum
1397 4391 1753 4460 angelorum
1791 4407 1923 4446 om-

272 4474 442 4529 nium
459 4479 803 4530 sanctorum
827 4482 1063 4531 tuorum
1088 4478 1376 4549 prmsidiis
1399 4484 1581 4543 tuere,
1611 4485 1668 4534 et
1689 4480 1924 4535 animas
1959 4455 2002 4510 D

273 4562 639 4619 famulorum
687 4564 1174 4639 famularumque
1201 4571 1442 4623 tuarum
1493 4568 1765 4624 omnium
1812 4568 1924 4624 sibi

273 4653 735 4709 commissorum
784 4661 840 4710 et
868 4656 1328 4711 commissarum
1361 4662 1541 4729 atque
1572 4662 1925 4713 cunctorum

273 4747 746 4817 cunctarumque
776 4744 834 4799 in
883 4745 1112 4800 Christo
1141 4745 1598 4817 quiescentium,
1634 4752 1696 4801 ut
1725 4747 1782 4801 in
1819 4762 1924 4820 pa-

274 4831 358 4886 cis
410 4848 480 4888 ac
529 4832 678 4888 lucis
729 4833 971 4905 regione
1019 4834 1346 4891 constituas
1379 4839 1794 4908 deprecamur.
1827 4840 1928 4891 Per

277 4920 571 4977 Christum
630 4912 954 4980 Dominum
1010 4930 1306 4980 nostrum.
1377 4926 1552 4994 Infra
1611 4927 1922 4982 actio-nem.

278 5011 440 5064 lianc
468 5011 645 5080 igitur
669 5013 1033 5070 oblationem
1063 5031 1250 5087 quam
1273 5015 1374 5070 tibi
1400 5031 1508 5086 pro
1525 5016 1805 5087 pontiﬁce
1827 5032 1928 5070 no-

276 5101 398 5152 stro
420 5097 654 5155 Aldrico
685 5108 863 5174 atque
902 5119 1080 5173 grege
1112 5103 1223 5159 sibi
1251 5105 1575 5159 commisso
1606 5109 1661 5159 et
1690 5107 1927 5178 propin-

275 5188 501 5259 quitate
532 5204 603 5244 ac
631 5189 1027 5246 familiaritate
1062 5193 1284 5262 junctis
1311 5193 1361 5247 ei
1393 5197 1571 5265 atque
1600 5209 1707 5264 pro
1740 5193 1924 5248 salute

275 5279 471 5333 cuncti
517 5278 724 5351 populi
777 5278 1093 5335 Christiani
1144 5281 1488 5353 suppliciter
1515 5283 1924 5355 immolamus,

276 5381 650 5436 qumsutnus,
688 5368 954 5434 Domine,
986 5375 1049 5422 ut
1075 5367 1372 5438 benignus
1417 5371 1695 5442 accipias,
1730 5376 1787 5426 et
1825 5378 1927 5427 tua

276 5454 491 5525 pietate
538 5457 856 5522 concedas,
891 5462 953 5512 ut
1000 5457 1053 5512 ei
1100 5457 1212 5512 illis
1243 5459 1514 5530 proﬁciat
1542 5459 1618 5515 ad
1673 5460 1925 5516 salutem

277 5542 459 5612 hujus
515 5545 748 5614 pietatis
785 5546 1057 5612 affectus,
1092 5551 1149 5602 et
1199 5548 1518 5604 animabus
1558 5549 1926 5605 famulorum

277 5629 763 5705 famularumque
811 5638 1051 5690 tuarum
1102 5636 1373 5691 omnium
1417 5637 1527 5692 sibi
1578 5639 1931 5693 commisso-

277 5735 414 5776 rum
436 5723 493 5776 et
508 5722 968 5778 commissarum
985 5727 1164 5798 atque
1185 5731 1535 5783 cunctorum
1552 5732 1932 5783 cunctarum-

2009 419 2126 476 que
2175 403 2234 459 in
2281 405 2509 461 Christo
2558 401 2970 477 quiescenium
3022 400 3298 473 impetret
3344 397 3673 454 beatitudi-

2010 509 2148 549 nem
2197 496 2642 567 sempiternam,
2677 493 2926 564 dicsque
2981 495 3238 546 nostros.
3275 490 3373 544 Ad
3412 503 3675 544 commu-

2012 584 2267 639 nionem.
2300 591 2483 638 Amen
2515 583 2650 638 dico
2688 581 2878 636 vobis.
2909 579 3006 634 Ad
3030 579 3469 647 complendum.
3508 575 3679 629 Puri-

2010 672 2163 734 ﬁcet,
2193 689 2564 745 quaesumus,
2595 670 2864 726 Salvator
2909 667 3140 734 mundi,
3170 666 3519 736 pontificem
3567 681 3675 719 no-

2013 766 2202 816 strum
2232 760 2534 816 Aldricum
2579 759 2763 815 divini
2796 757 3156 813 sacramenti
3203 756 3428 821 libatio,
3461 759 3517 809 et
3544 753 3674 822 glo-

2012 850 2172 906 riosa
2201 857 2420 906 sancta;
2455 850 2550 906 Dei
2585 849 2882 919 genitricis
2930 849 3120 904 Mari-ce
3164 851 3345 918 atque
3394 844 3672 900 omnium

2015 944 2359 994 sanctorum
2389 939 2596 1003 oratio,
2630 942 2686 992 et
2715 936 2878 1006 gregi
2909 935 3020 991 sibi
3053 934 3379 990 commisso
3411 948 3481 987 ac
3505 931 3675 986 fami-

2014 1029 2262 1084 liaritate
2289 1033 2346 1084 et
2374 1026 2891 1095 consanguinitate
2918 1025 3140 1095 junctis
3188 1024 3240 1080 ei
3280 1028 3336 1078 et
3373 1021 3540 1077 omni
3572 1035 3680 1092 po-

2016 1117 2159 1190 pulo
2205 1117 2537 1174 Christiano
2568 1114 3040 1170 misericordiam
3072 1119 3235 1168 tuam
3270 1111 3497 1182 ubique
3524 1123 3678 1181 prte-

2016 1207 2212 1274 tende,
2239 1212 2296 1262 et
2315 1205 2634 1261 animabus
2652 1203 3017 1260 famulorum
3041 1202 3531 1272 famularumque
3551 1205 3680 1253 tua-

2017 1312 2146 1351 rum
2176 1295 2446 1351 omnium
2475 1294 2584 1349 sibi
2613 1294 3076 1348 commissorum
3123 1296 3179 1347 et
3207 1289 3677 1345 commissarum

2016 1388 2195 1456 atque
2226 1389 2577 1440 cunctorum
2611 1386 3084 1451 cunctarumque
3112 1380 3171 1434 in
3205 1377 3436 1435 Christo
3482 1376 3682 1448 quies-

2017 1475 2276 1529 centium
2306 1472 2721 1529 remissionem
2762 1470 3032 1525 omnium
3067 1468 3257 1524 tribue
3289 1470 3680 1539 peccatorum

2017 1568 2073 1618 et
2101 1564 2283 1617 vitam
2333 1562 2553 1617 habere
2601 1559 2863 1615 concede
2922 1558 3370 1630 sempiternam.
3402 1556 3532 1623 Per,
3565 1558 3678 1609 etc.

2016 1654 2178 1709 Atia.
2213 1653 2601 1724 Omnipotens
2628 1651 2985 1722 sempiterne
3019 1652 3191 1717 Deus,
3217 1652 3438 1702 sanctae
3460 1645 3560 1700 Dei
3588 1660 3686 1713 ge-

2018 1743 2239 1799 nitricis
2269 1743 2457 1798 Marica
2485 1747 2540 1796 et
2566 1741 2835 1796 omnium
2861 1743 3204 1794 sanctorum
3229 1743 3469 1792 tuorum
3503 1734 3606 1808 pia
3629 1739 3688 1789 et

2019 1830 2266 1888 assidua
2319 1829 2738 1885 intercessione
2787 1826 3132 1898 pontificem
3179 1829 3454 1881 nostrum
3496 1822 3687 1877 Aldri-

2020 1937 2159 1977 cum
2188 1920 2412 1992 ubique
2445 1917 2901 1973 misericorditer
2933 1921 3176 1988 protege
3198 1919 3255 1970 et
3285 1914 3362 1969 ab
3394 1912 3687 1968 omnibus

2020 2009 2482 2066 adversitatibus
2513 2007 2778 2079 corporis
2821 2011 2878 2061 et
2908 2005 3124 2061 animm
3154 2011 3256 2060 tua
3284 2003 3552 2076 potentia
3582 2001 3687 2055 de-

2022 2099 2217 2166 fende,
2249 2096 2765 2167 commissumque
2815 2093 2926 2148 sibi
2978 2108 3218 2163 gregem
3277 2095 3562 2146 cunctum
3605 2088 3684 2144 ad

2023 2186 2354 2256 regendum
2404 2184 2658 2249 custodi,
2693 2189 2749 2238 et
2796 2198 3040 2238 omnem
3083 2181 3377 2253 populum
3409 2178 3689 2234 Christia-

2022 2292 2169 2332 num
2197 2290 2509 2336 conserva,
2537 2279 2717 2344 atque
2771 2272 2851 2327 illi
2909 2277 2965 2326 et
3017 2270 3301 2325 omnibus
3354 2267 3414 2323 in
3454 2267 3687 2322 (‘hristo

2023 2365 2470 2438 quiescentibus
2491 2363 2758 2435 requiem
2779 2361 2969 2417 tribue
2982 2360 3684 2432 sempiternam.Per,etc.

2025 2527 2170 2582 Item
2202 2527 2328 2580 alia
2355 2526 2535 2578 missa
2583 2537 2760 2593 quam
2792 2528 2998 2577 mutuo
3039 2520 3318 2592 praedicti
3350 2518 3690 2574 sacerdotes

2469 2597 2627 2650 inter
2654 2609 2715 2650 se
2739 2600 2988 2650 cantare
3011 2593 3243 2648 debent.

2100 2722 2272 2787 Deus,
2302 2719 2720 2791 quicharitatis
2752 2718 2914 2774 dona
2936 2733 3042 2790 per
3063 2716 3318 2787 gratiam
3344 2713 3534 2770 sancti
3563 2712 3694 2785 Spi-

2027 2811 2173 2866 ritus
2223 2815 2462 2865 tuorum
2517 2807 2800 2863 cordibus
2857 2806 3125 2861 fidelium
3175 2803 3465 2872 infudisti,
3500 2802 3579 2857 da
3609 2802 3693 2858 fa-

2030 2898 2206 2953 mulis
2252 2901 2306 2952 et
2339 2895 2682 2951 famulabus
2713 2894 2826 2950 tuis
2857 2894 3228 2949 diversorum
3271 2889 3693 2946 coenobiorum

2029 2991 2085 3042 et
2113 2986 2411 3041 titulorum
2441 2989 2618 3056 atque
2645 2983 2936 3052 locorum,
2960 2987 3082 3038 tam
3115 2980 3497 3036 sacerdotum
3531 2982 3588 3033 et
3614 2977 3697 3032 le-

2029 3076 2284 3130 vitarum
2341 3089 2527 3145 quam
2578 3077 2634 3127 et
2689 3072 3057 3144 reliquorum
3104 3069 3374 3124 ﬁdelium
3445 3073 3692 3122 tuorum

2030 3179 2288 3237 quorum
2333 3177 2715 3234 quarumque
2763 3160 3118 3215 memoriam
3173 3158 3430 3228 agimus,
3459 3162 3517 3212 et
3543 3173 3697 3228 quo-

2030 3269 2165 3308 rum
2195 3266 2575 3324 quarumque
2622 3250 2714 3304 his
2743 3250 2801 3304 in
2849 3249 3028 3304 titulis
3062 3248 3282 3320 scripta
3309 3246 3697 3301 continentur

2031 3339 2344 3406 vocabula,
2378 3338 2660 3394 fratribus
2713 3354 2782 3394 ac
2842 3338 3148 3393 sororibus
3193 3342 3248 3391 et
3289 3333 3696 3391 familiaribus

2033 3428 2252 3483 nostris
2303 3428 2554 3483 salutem
2596 3426 2810 3482 mentis
2837 3431 2894 3482 et
2931 3425 3218 3498 corporis,
3254 3428 3317 3479 ut
3348 3429 3400 3479 te
3432 3427 3557 3478 tota
3583 3423 3699 3477 vir-

2033 3521 2151 3572 tutc
2183 3517 2450 3585 diligant,
2481 3521 2538 3570 et
2566 3532 2699 3588 quae
2731 3515 2833 3571 tibi
2865 3514 3083 3587 placita
3109 3517 3247 3568 sunt
3277 3517 3400 3568 tota
3430 3511 3697 3567 dilectio.

2034 3621 2107 3660 ne
2139 3604 2466 3676 perﬁciant.
2503 3606 2610 3659 Per
2644 3604 2983 3659 Dominum.
3015 3604 3211 3658 Lectio
3249 3601 3524 3656 Jeremiw
3548 3617 3697 3670 pro-

2025 3694 2246 3763 phetae.
2281 3693 2334 3746 Si
2386 3692 2725 3764 iniquitates
2768 3698 2986 3747 nostrae
3031 3689 3445 3746 contenderint
3483 3694 3699 3744 contra

2034 3799 2166 3851 nos,
2194 3781 2460 3844 Domine,
2493 3781 2680 3836 libcra
2733 3796 2864 3847 nos,
2906 3795 3278 3852 quaesumus,
3313 3778 3407 3834 fac
3448 3782 3701 3851 propter

2037 3887 2256 3926 nomen
2301 3875 2490 3935 tuum,
2525 3869 2814 3942 quoniam
2870 3867 3071 3924 multae
3126 3870 3264 3923 sunt
3307 3867 3702 3922 adversiones

2034 3964 2270 4023 nostrae,
2327 3959 2449 4013 Tibi
2499 3958 2902 4030 peccavimus,
2955 3957 3321 4028 exspectatio
3383 3956 3562 4011 Israel
3612 3972 3699 4026 es,

2037 4048 2306 4104 Salvator
2335 4051 2556 4116 noster,
2589 4049 2650 4102 in
2702 4051 2968 4120 tempore
3022 4045 3442 4101 tribulationis.
3476 4048 3560 4100 Tu
3594 4062 3703 4100 au-

2037 4143 2153 4192 tem
2184 4136 2244 4191 in
2275 4135 2449 4190 nobis
2479 4151 2560 4201 es,
2593 4135 2860 4205 Domine,
2885 4139 2940 4190 et
2969 4150 3193 4189 nomen
3220 4138 3496 4190 sanctum
3524 4138 3703 4191 tuum

2035 4239 2216 4296 super
2242 4240 2353 4279 nos
2382 4224 2724 4279 invocatum
2750 4230 2855 4279 est.
2891 4227 2968 4279 Ne
3008 4223 3393 4296 derelinquas
3419 4239 3554 4290 nos,
3593 4227 3707 4280 Do-

2035 4313 2194 4368 mine
2223 4314 2381 4367 Deus
2429 4319 2648 4367 noster.
2683 4313 3020 4369 Secundum
3070 4311 3444 4367 Matt/laeum.
3501 4316 3562 4367 ln
3599 4313 3705 4368 illo

2035 4407 2322 4475 tempore,
2354 4400 2500 4456 dixit
2545 4403 2715 4456 Jesus
2753 4399 3061 4472 discipulis
3093 4399 3252 4454 suis:
3299 4399 3477 4454 Petite
3506 4406 3563 4456 et
3590 4401 3705 4457 da-

2033 4491 2194 4545 bitur
2222 4489 2411 4555 vobis,
2445 4490 2690 4561 qmerite
2737 4495 2794 4545 et
2822 4489 3154 4556 invenietis,
3191 4488 3421 4559 pulsate
3472 4493 3532 4544 et
3562 4505 3705 4562 ape,

2033 4579 2216 4634 rietur
2260 4578 2452 4633 vobis.
2486 4578 2691 4634 Omnis
2741 4578 2900 4634 enim
2959 4577 3063 4650 qui
3119 4577 3266 4650 petit
3314 4577 3550 4649 accipit,
3585 4584 3708 4634 etc-

2034 4667 2296 4723 Secreta.
2343 4669 2602 4736 Munera,
2649 4683 3022 4738 quaesumus,
3072 4667 3340 4732 Domine,
3389 4683 3528 4738 quae
3587 4683 3709 4740 pro

2036 4759 2244 4810 nostra
2296 4760 2352 4810 et
2405 4755 2700 4826 omnium,
2727 4771 2989 4827 quorum
3035 4770 3419 4827 quarumque
3463 4771 3708 4811 memo-

2036 4845 2187 4899 riam
2219 4843 2536 4899 recolimus
2590 4848 2646 4898 et
2683 4860 2943 4915 quorum
2990 4859 3373 4915 quarumque
3401 4842 3495 4898 his
3520 4843 3585 4898 in
3617 4843 3710 4899 di-

2038 4932 2270 5004 ptychis
2301 4933 2551 4987 nomina
2591 4932 2968 4986 continentur
3007 4932 3251 5000 inserta,
3284 4930 3711 5003 redemptione

2037 5020 2225 5076 oculis
2256 5021 2368 5075 tuis
2402 5027 2513 5075 tuae
2541 5020 2847 5074 offerimus
2879 5020 3176 5091 majestati
3206 5020 3481 5091 placatus
3514 5022 3713 5076 susci-

2037 5126 2132 5182 pe,
2161 5113 2216 5164 et
2251 5109 2328 5164 ad
2357 5113 2708 5182 perpetuam
2739 5108 2914 5164 nobis
2945 5108 3232 5163 omnibus
3263 5109 3455 5164 tribue
3486 5125 3710 5182 perve-

2036 5199 2163 5253 nire
2194 5198 2468 5261 salutem,
2499 5213 2624 5270 per.

2109 5287 2500 5357 Omnipotens
2525 5291 2740 5341 aeterne
2761 5286 2936 5353 Deus,
2953 5285 3353 5358 imploramus
3370 5291 3486 5342 tuae
3514 5289 3710 5359 maje-

2039 5379 2254 5430 statem
2287 5374 2731 5444 misericordiae,
2757 5380 2819 5429 ut
2850 5375 3023 5429 nobis
3050 5380 3106 5430 et
3127 5375 3411 5430 omnibus
3433 5391 3711 5447 quorum

2037 5479 2417 5536 quarumque
2440 5462 2756 5518 recolimus
2785 5463 3165 5536 memoriam,
3189 5468 3246 5517 et
3264 5479 3530 5534 quorum
3560 5481 3715 5536 qua-

2039 5566 2292 5623 rumque
2310 5552 2557 5606 nomina
2578 5551 2672 5606 liis
2688 5551 2748 5606 in
2765 5550 3065 5622 diptychis
3083 5551 3464 5606 continentur
3480 5552 3714 5608 inserta

2039 5639 2278 5694 veniam
2303 5639 2502 5710 largiri
2525 5639 2789 5710 digneris
2813 5645 3218 5711 peccatorum,
3238 5643 3303 5694 ut
3317 5640 3396 5695 ab
3415 5640 3713 5696 omnibus

2040 5727 2265 5783 inimici
2281 5728 2532 5785 vinculis
2555 5727 2807 5796 liberati,
2822 5731 2937 5784 tuis
2950 5733 3072 5785 toto
3095 5728 3274 5785 corde
3294 5728 3715 5786 inhaereamus
