3944 6424
221 304 284 356 97

1880 299 2040 356 VlTA
3571 322 3640 378 93

221 421 530 488 mandatis,
559 428 619 478 et
648 427 702 479 te
735 423 936 480 solum
975 439 1215 498 semper
1244 429 1370 482 tota
1399 427 1613 482 virtute
1659 425 1948 494 dilige-.A
1979 430 2172 490 rante,
2207 443 2347 484 cum
2381 431 2610 488 sanctis
2647 432 2764 488 tuis
2789 435 3105 506 pervenire
3133 443 3500 496 mercantur.
3532 445 3640 500 Per

220 529 368 582 mus,
407 516 462 568 et
497 511 576 568 ad
606 517 723 568 tuae
745 513 1123 586 quandoque
1153 515 1544 572 beatitudinis
1575 515 1868 571 visionem

219 601 517 674 pervenire
549 617 913 658 mereamur.
951 607 1056 660 Per
1083 604 1400 661 Christum.

287 691 446 747 Hanc
471 691 652 761 igitur
683 691 1078 759 oblationem,
1118 694 1386 756 Domine,
1417 710 1607 767 quam
1636 693 1740 750 tibi
1758 709 1870 767 pro

219 781 467 854 peccatis
501 785 683 853 atque
711 781 1150 837 offensionibus
1209 785 1446 844 nostris,
1488 789 1546 839 et
1589 784 1868 838 omnium

218 885 464 943 quorum
495 885 887 944 quarumque
919 872 1160 941 agimus
1205 873 1589 943 memoriam,
1627 877 1686 926 et
1715 889 1866 944 quo-

217 975 343 1015 rum
367 974 754 1032 quarumque
767 961 862 1016 hic
890 960 1270 1017 continentur
1290 961 1514 1017 inserta
1543 960 1864 1028 vocabula,

218 1047 537 1116 offerimus,
560 1053 626 1104 ut
657 1055 1012 1106 cunctorum
1043 1050 1395 1106 delictorum
1428 1049 1865 1119 remissionem,

218 1137 493 1210 consequi
535 1154 905 1210 mereamur,
937 1156 1309 1212 quaesumus.

286 1227 487 1282 Divina
516 1226 776 1284 libantes
794 1221 1104 1300 mysteria,
1128 1246 1500 1302 qutesumus,
1529 1228 1868 1298 Domine,ut

215 1315 334 1371 11830
355 1315 645 1372 salutaria
677 1322 1061 1374 sacramenta
1090 1317 1203 1374 illis
1234 1317 1554 1392 proﬁciant
1586 1318 1664 1373 ad
1696 1335 1866 1390 pros-

216 1404 516 1476 peritatem
546 1409 603 1460 et
622 1422 835 1477 pacem
862 1422 973 1479 pro
1005 1423 1667 1482 quorumquarumque
1688 1407 1864 1463 dilec-

215 1495 361 1550 tione
394 1494 520 1550 haec
551 1498 670 1550 tuae
701 1495 1032 1552 obtulimus
1061 1497 1384 1570 majestati.
1411 1501 1518 1553 Per
1542 1497 1864 1553 Christum.

943 1605 993 1658 Α
1005 1605 1108 1660 lia.

281 1693 359 1746 Da
377 1689 622 1746 famulis
643 1695 700 1746 et
738 1690 1091 1748 famulabus
1123 1692 1259 1763 tuis,
1278 1691 1652 1766 quaesumus,
1672 1693 1866 1750 Domi-

1979 513 2302 572 Christum.

2053 607 2214 661 Hanc
2230 606 2408 676 igitur
2438 609 2808 668 oblationem
2831 629 3022 685 quam
3053 614 3159 670 tibi
3190 616 3499 674 offerimus
3526 636 3636 692 pro

1979 693 2304 750 animabus
2354 698 2630 756 omnium
2660 717 2923 773 quorum
2971 720 3354 778 quarumque
3410 725 3639 765 memo-

1977 781 2130 838 riam
2187 785 2446 856 agimus,
2521 793 2578 844 et
2623 807 2886 862 quorum
2941 808 3327 867 quarumque
3386 797 3640 854 nomina

1976 870 2070 925 his
2096 872 2158 927 in
2206 873 2506 947 diptychis
2563 880 2905 952 conscripta
2961 897 3090 937 esse
3139 889 3494 951 noscuntur,
3529 901 3638 941 seu

1978 965 2333 1018 cunctortun
2383 969 2864 1041 cunctarumque
2898 969 3166 1026 ﬁdelium
3213 972 3636 1030 defunctorum

1976 1050 2542 1127 defunctarumque,
2565 1073 2936 1128 quaesumus,
2971 1061 3241 1128 Domine,
3275 1063 3635 1135 prOpitiatus

1979 1139 2258 1212 accipias,
2287 1146 2345 1197 et
2373 1143 2828 1202 miserationum
2853 1147 3124 1218 largitate
3157 1154 3401 1206 tuarum
3429 1168 3638 1208 conce-

1975 1229 2107 1298 das,
2165 1236 2227 1285 ut
2251 1231 2553 1304 quidquid
2579 1238 2813 1291 terrena
2840 1238 3297 1295 conversatione
3328 1245 3638 1297 contraxe-

1975 1323 2136 1388 runt,
2159 1319 2252 1374 his
2275 1320 2584 1376 sacriﬁciis
2610 1324 2992 1394 emundetur,
3017 1342 3087 1382 ac
3127 1327 3378 1384 vinculis
3424 1329 3632 1386 mortis

1977 1407 2290 1480 absolutae,
2323 1411 2639 1467 transitum
2665 1418 3009 1470 mereantur
3034 1415 3110 1470 ad
3133 1415 3316 1472 vitam
3342 1435 3354 1485 ;
3387 1418 3635 1491 diesque

1975 1502 2234 1564 nostros,
2269 1503 2378 1554 etc.

2045 1586 2388 1660 Propitiare,
2443 1590 2712 1662 Domine,
2792 1608 3169 1664 quarsumus,
3228 1594 3515 1650 omnibus
3571 1595 3634 1650 in

1973 1676 2208 1731 Christo
2239 1677 2712 1749 quiescentibus,
2745 1685 2803 1736 et
2855 1682 3074 1738 animae
3114 1682 3485 1739 famulorum
3540 1684 3631 1740 fa-

214 1795 298 1845 ne,
330 1779 613 1835 omnibus
645 1796 909 1852 quorum
939 1765 1327 1856 quarumque
1356 1783 1714 1839 memoriam
1743 1783 1841 1854 agi

2029 1765 2399 1839 iularurnque
2457 1772 2719 1835 tuarum,
2752 1785 3015 1842 quorum
3063 1787 3449 1844 quarumque
3512 1790 3632 1829 me-

213 1885 338 1924 mus
367 1873 422 1924 ct
442 1885 709 1941 quorum
740 1886 1127 1944 quarumque
1161 1872 1414 1928 nomina
1459 1872 1553 1927 his
1582 1873 1641 1927 in
1667 1872 1863 1945 dipty-

211 1958 327 2013 chis
355 1959 739 2014 continentur
767 1960 1128 2033 conscripta,
1183 1977 1289 2016 seu
1329 1961 1510 2018 etiam
1541 1961 1767 2018 caeteris
1797 1961 1863 2016 ﬁ-

209 2045 432 2101 delibus
463 2046 776 2120 utriusque
804 2063 1004 2115 sexus,
1043 2048 1106 2104 in
1145 2053 1249 2105 tua
1291 2049 1411 2105 ﬁde
1439 2053 1496 2104 et
1525 2049 1860 2106 sinceritate

211 2136 622 2197 constantiam,
657 2141 724 2192 ut
759 2135 823 2192 in
854 2137 1146 2194 charitate
1175 2137 1385 2194 divina
1415 2139 1657 2208 ﬁrmati,
1682 2138 1860 2194 nullis

211 2223 632 2279 tentatiouibus
691 2224 769 2280 ab
809 2225 940 2296 ejus
983 2224 1319 2296 integritate
1378 2226 1692 2281 vellantur.
1754 2230 1860 2282 Per

210 2312 513 2370 Christum.

209 2419 341 2475 Item
371 2422 550 2477 missa
579 2436 694 2491 pro
745 2422 1048 2491 defunctis
1091 2423 1392 2479 fratribus
1431 2429 1485 2480 et
1542 2424 1858 2480 sororibus

906 2513 1148 2567 nostris.

271 2600 440 2666 Deus,
473 2599 654 2670 cujus
687 2599 1112 2657 misericordiae
1143 2616 1267 2657 non
1292 2606 1711 2664 estnumerus,
1731 2619 1857 2658 sus-

207 2687 325 2761 cipe
377 2704 487 2760 pro
545 2687 872 2744 animabus
929 2689 1300 2745 famulorum
1367 2690 1858 2764 famularumque

207 2781 456 2844 tuarum,
478 2793 749 2850 quorum
771 2794 1157 2852 quarumque
1183 2780 1544 2836 memoriam
1597 2781 1853 2851 agimus,

207 2870 258 2920 et
284 2882 543 2939 quorum
566 2882 957 2940 quarumque
985 2867 1239 2924 nomina
1295 2869 1388 2924 his
1437 2869 1498 2924 in
1555 2868 1857 2943 diptychis

206 2955 532 3029 conscripta
556 2971 690 3013 esse
719 2961 1074 3022 noscuntur,
1097 2973 1305 3030 preces
1332 2962 1588 3026 nostras,
1622 2964 1680 3015 et
1707 2958 1857 3014 lucis

205 3044 282 3099 eis
317 3045 655 3119 lietitiaaque
686 3045 996 3115 regionem
1017 3047 1078 3102 in
1111 3051 1461 3103 sanctorum
1494 3051 1734 3104 tuorum
1766 3064 1859 3104 so-

207 3133 406 3190 cietate
443 3135 731 3192 concede.
761 3137 887 3192 Per.
1492 3148 1494 3152 '

933 3226 1100 3282 Alia.

269 3315 434 3379 Deus,
453 3313 550 3370 cui
573 3313 890 3386 proprium
909 3320 997 3370 est
1018 3314 1350 3371 miserereri
1367 3320 1424 3370 et
1448 3331 1656 3387 preces
1673 3331 1856 3371 exau-

208 3401 319 3457 dire
348 3403 846 3476 supplicantium,
890 3403 1218 3476 propitiare
1245 3403 1570 3460 animabus
1601 3404 1856 3460 famulo-

205 3506 330 3546 rum
357 3491 856 3565 famularumque
872 3498 1118 3549 tuarum
1148 3492 1529 3549 diversorum
1552 3493 1855 3550 emnobio-

203 3596 324 3636 rum
353 3586 410 3636 et
437 3582 754 3638 titulorum
774 3598 1037 3654 quorum
1074 3597 1460 3656 quarumque
1491 3582 1851 3639 memoriam

205 3669 444 3737 agimus,
503 3676 562 3727 et
621 3686 886 3743 quorum
943 3687 1329 3744 quarumque
1380 3671 1475 3727 hic
1542 3671 1854 3742 assignate

204 3759 568 3816 continentur
619 3760 945 3820 vocabula.
979 3766 1042 3817 ut
1070 3765 1125 3816 te
1170 3760 1497 3816 miserante
1532 3777 1568 3815 a
1600 3760 1852 3816 vinculis

201 3853 569 3916 peccatorum
596 3849 879 3917 absoluti,
910 3849 986 3904 ad
1037 3856 1275 3905 aeternae
1320 3849 1710 3905 beatitudinis
1757 3866 1850 3906 re-

199 3936 384 4008 quiem
414 3938 731 4010 pervenire
756 3943 1120 3994 mereantur.
1155 3939 1284 3994 Per.

653 4045 754 4100 Ad
813 4046 1382 4102 Thessalonicenses.

262 4135 483 4190 Fratres
512 4134 806 4190 nolumus
838 4151 947 4192 vos
973 4135 1254 4205 ignorare
1285 4134 1361 4190 de
1384 4133 1847 4205 dormientibus,

199 4224 393 4279 utnon
421 4223 863 4281 contristemini
893 4224 1046 4280 sicut
1073 4229 1130 4281 et
1162 4223 1357 4280 centeri
1401 4224 1530 4297 qui,
1558 4228 1667 4282 etc.

652 4332 998 4388 Secundum
1047 4332 1364 4387 Joannem.

263 4421 320 4472 In
358 4419 458 4477 illo
517 4425 817 4493 tempore,
849 4421 999 4476 dixit
1025 4422 1201 4476 Jesus
1238 4419 1428 4476 turbis
1457 4419 1844 4476 Iudaeorum:

199 4507 390 4578 Amen,
425 4526 608 4566 amen
637 4509 775 4566 dico
805 4509 980 4565 vobis
1010 4509 1158 4583 quia
1186 4508 1349 4565 venit
1395 4509 1568 4579 hora,
1600 4514 1658 4566 et
1687 4525 1846 4566 nunc
1878 4495 1922 4550 ι)

200 4601 292 4664 est,
313 4599 563 4671 quando
586 4599 810 4656 mortui
835 4598 1083 4656 audient
1104 4614 1317 4655 vocem
1347 4597 1473 4654 Filii
1503 4598 1625 4668 Dei,
1658 4605 1714 4656 et
1743 4599 1849 4674 qui

200 4685 477 4745 audierint
508 4688 734 4756 vivent,
765 4694 877 4744 etc.

886 4795 1149 4851 Secreta.

260 4881 346 4936 His
369 4899 754 4956 quaesumus,
780 4883 1048 4952 Domine,
1081 4881 1357 4956 placatus
1386 4882 1847 4939 muneribusin-

200 4969 376 5037 tende,
405 4975 461 5029 et
481 4973 654 5046 quod
686 4973 766 5028 ad
798 4971 1047 5028 laudem
1094 4972 1179 5028 tui
1203 4971 1470 5028 nominis
1505 4971 1850 5044 supplican-

201 5061 271 5112 tes
299 5061 633 5125 offerimus,
669 5060 749 5117 ad
780 5061 1222 5132 indulgentiam
1277 5061 1554 5116 omnium
1584 5077 1847 5133 quorum

199 5160 559 5224 quarumque
588 5151 954 5207 memoriam
1001 5149 1260 5219 agimus,
1313 5153 1370 5206 et
1398 5165 1660 5223 quorum
1693 5165 1846 5221 qua-

201 5249 431 5312 rumque
493 5240 755 5296 nomina
808 5239 904 5296 hic
960 5239 1340 5296 continentur
1406 5237 1652 5306 inserta,
1722 5239 1846 5294 sive

200 5332 526 5385 cunctorum
553 5328 830 5385 ﬁdelium
847 5328 1123 5402 proﬁciat
1140 5327 1586 5384 defunctorum.
1610 5329 1734 5382 Per.

259 5414 418 5484 Deus,
451 5418 555 5491 qui
609 5417 790 5474 nobis
841 5417 903 5474 in
949 5417 1179 5487 Christo
1226 5415 1534 5486 unigenito
1571 5415 1711 5472 Filio
1744 5419 1844 5472 tuo

199 5499 425 5562 Domino
456 5513 670 5564 nostro
698 5524 870 5581 spem
901 5507 1089 5564 beatae
1120 5505 1570 5562 resurrectionis
1630 5521 1844 5560 conce-

201 5588 293 5656 dis,
328 5600 568 5668 praesta,
594 5612 974 5670 quaesumus,
1006 5601 1073 5652 ut
1098 5595 1316 5652 animas
1346 5609 1456 5666 pro
1487 5594 1710 5665 quibus
1728 5594 1843 5649 hoc

203 5682 534 5742 sacriﬁcium
547 5685 988 5759 redemptionis
1012 5690 1230 5742 nostrae
1256 5690 1372 5739 tuas
1385 5681 1696 5739 offerimus
1717 5699 1846 5738 ma-

205 5771 351 5828 θείειιὶ
392 5775 470 5831 ad
499 5775 702 5832 beatae
731 5775 1182 5833 resurrectionis
1227 5771 1520 5847 requiem,
1567 5779 1618 5830 te
1663 5773 1842 5829 mise-

1973 1855 2230 1910 moriam
2265 1856 2521 1925 agimus,
2560 1863 2615 1912 ct
2644 1875 2907 1930 quorum
2956 1877 3342 1933 quarumque
3383 1863 3634 1918 nomina

1971 1943 2064 1998 his
2123 1944 2184 1999 in
2233 1944 2535 2018 diptychis
2581 1948 2919 2020 conscripta
2965 1965 3094 2005 esse
3147 1956 3504 2020 noscuntur,
3536 1951 3630 2007 his

1969 2039 2240 2104 purgatae
2295 2034 2600 2090 sacrificiis
2658 2036 3098 2106 indulgentiam
3157 2039 3380 2111 pariter
3436 2045 3493 2097 et
3545 2057 3633 2097 re—

1969 2120 2172 2190 quiem
2202 2122 2449 2193 capiant
2477 2126 2927 2196 sempiternam.
2960 2127 3090 2182 Per.

2711 2214 2875 2270 Alia.

2041 2300 2219 2366 Deus,
2248 2299 2342 2354 cui
2383 2301 2666 2372 possibile
2697 2307 2789 2359 est
2817 2319 3031 2360 omnes
3053 2305 3331 2362 homines
3362 2306 3488 2362 sine
3515 2305 3629 2362 dif-

1967 2386 2231 2443 ﬁcultate
2260 2388 2511 2455 salvare,
2548 2395 2714 2447 tanto
2745 2392 3044 2462 benignus
3083 2395 3406 2451 animabus
3437 2395 3631 2451 famu-

1966 2474 2165 2530 lorum
2197 2475 2693 2551 famularumque
2725 2486 2969 2537 tuarum
3018 2483 3397 2539 diversorum
3430 2499 3631 2539 emno-

1965 2563 2206 2621 biorum
2236 2570 2294 2622 et
2322 2567 2626 2624 titulorum
2657 2585 2917 2641 quorum
2965 2588 3352 2646 quarumque
3404 2589 3630 2629 memo-

1964 2653 2116 2710 riam
2145 2655 2405 2725 agimus,
2446 2660 2504 2712 et
2525 2673 2786 2729 quorum
2809 2676 3197 2733 quarumque
3226 2662 3322 2718 hic
3351 2662 3626 2733 assigna-

1968 2747 2025 2799 ta
2049 2744 2430 2800 continentur
2469 2746 2795 2815 vocabula,
2832 2749 3311 2807 misericordiam
3365 2751 3628 2807 concede

1962 2837 2320 2904 perpetuam
2339 2840 2570 2907 quanto
2597 2852 2700 2892 eos
2740 2836 2819 2893 ad
2861 2838 2987 2894 Filii
3032 2840 3117 2896 tui
3176 2840 3412 2896 Domini
3443 2840 3630 2896 nostri

1963 2922 2260 2993 pertinere
2291 2923 2549 2993 gratiam
2579 2925 2860 2982 tribuisti.
2895 2930 3022 2983 Per.

2706 3017 2872 3072 Alia.

2039 3100 2214 3167 Deus,
2246 3100 2368 3156 vita
2405 3100 2755 3173 viventium,
2819 3121 2958 3177 spes
3018 3107 3431 3176 morientium,
3463 3107 3628 3163 salus

1965 3188 2240 3244 omnium
2269 3189 2330 3244 in
2357 3194 2412 3245 te
2444 3191 2838 3262 sperantium,
2869 3200 3088 3266 praesta
3102 3195 3397 3267 propitius
3415 3200 3481 3250 ut
3506 3197 3630 3252 ani-

1965 3294 2080 3334 mae
2121 3278 2489 3336 famulorum
2540 3280 3031 3355 famularumque
3064 3295 3308 3341 tuarum
3365 3301 3628 3358 quorum

1962 3383 2348 3440 quarumque
2359 3371 2716 3426 memoriam
2735 3372 3330 3446 agimus,etquorum
3348 3391 3628 3446 quarum-

1962 3473 2082 3528 que
2111 3457 2364 3514 nomina
2383 3458 2477 3514 his
2499 3459 2560 3515 in
2587 3459 2890 3533 diptychis
2913 3462 3291 3518 continentur
3320 3463 3561 3530 inserta,
3592 3479 3629 3520 a

1963 3551 2180 3602 nostrae
2209 3546 2585 3604 mortalitatis
2603 3549 2867 3606 tenebris
2904 3550 3198 3608 absolutae
3245 3552 3305 3608 in
3338 3557 3627 3625 perpetua

1962 3651 2102 3692 cum
2129 3636 2354 3692 sanctis
2393 3637 2508 3693 tuis
2539 3637 2671 3695 luce
2700 3637 2993 3696 lmtentur.
3027 3645 3129 3696 Per
3158 3641 3480 3698 Christum.

2734 3730 2861 3784 LVI.

1960 3815 2294 3884 Exemplar
2312 3817 2609 3884 precaria:
2637 3817 2710 3873 de
2758 3819 2910 3874 villa
2964 3819 3260 3879 Tridente,
3291 3835 3470 3890 quam
3529 3821 3627 3874 Al-

2033 3904 2237 3960 dricus
2295 3907 2602 3974 episcopus
2653 3907 2892 3962 Bavoni
2931 3909 3108 3963 Vasso
3151 3908 3450 3964 dominico
3475 3910 3623 3978 fecit

2033 3999 2298 4063 tempore
2323 3995 2618 4050 Ludovici
2642 3996 2902 4064 piissimi
2926 3996 3209 4066 Augusti.

2033 4081 2287 4138 Domino
2301 4089 2512 4138 sancto
2533 4099 2604 4140 ac
2628 4084 3250 4141 venerabiliibasilicee
3274 4089 3624 4142 sanctorum

1962 4170 2225 4226 Gervasii
2253 4176 2311 4226 et
2339 4172 2587 4228 Protasii
2617 4178 2954 4246 martyrum
2985 4189 3122 4247 quas
3145 4179 3234 4231 est
3279 4178 3625 4230 constructa

1960 4257 2118 4314 infra
2147 4259 2312 4315 urbis
2341 4261 2757 4317 Cenomonicae
2782 4263 3100 4330 civitatem,
3133 4280 3321 4336 quam
3349 4263 3624 4320 Aldricus

1961 4347 2283 4420 episcopus
2304 4348 2366 4404 in
2390 4348 2805 4407 dominatione
2821 4357 2878 4407 et
2902 4352 3194 4422 regimine
3211 4352 3434 4409 habere
3457 4352 3624 4409 vide-

1961 4439 2078 4506 tur,
2107 4437 2360 4510 ejusque
2386 4439 2837 4509 congregationi
2861 4456 2935 4496 ex
2964 4440 3096 4514 ipsa
3136 4442 3483 4498 consistenti
3512 4441 3623 4497 ba-

1963 4526 2146 4584 silica.
2180 4529 2302 4598 Ego
2329 4527 2489 4583 enim
2511 4527 2572 4584 in
2596 4531 2696 4584 Dei
2720 4529 2966 4586 nomine
3002 4533 3180 4597 Bavo,
3214 4531 3363 4587 dum
3404 4536 3461 4586 et
3486 4547 3625 4586 mea

1962 4615 2073 4672 fuit
2123 4616 2328 4688 petitio
2385 4621 2444 4673 et
2490 4623 2690 4675 vestra
2747 4618 3012 4676 decrevit
3060 4620 3364 4688 voluntas,
3405 4623 3463 4674 et
3518 4635 3626 4690 per

1961 4704 2426 4778 permissionem
2456 4705 2668 4763 domni
2698 4707 2885 4764 nostri
2929 4706 3214 4764 Ludovici
3246 4705 3488 4775 gloriosi
3518 4705 3627 4761 im-

1960 4794 2255 4867 peratoris
2287 4793 2461 4850 villas
2493 4801 2724 4852 vestras
2755 4796 2829 4852 de
2857 4796 3088 4852 ratione
3110 4795 3300 4867 ipsius
3332 4793 3620 4860 basilicae,

1960 4884 2134 4955 cujus
2163 4883 2466 4940 vocabula
2497 4889 2637 4940 sunt
2666 4884 2980 4941 Tridentus
3030 4887 3086 4939 et
3133 4882 3422 4952 Vintleva,
3481 4899 3622 4939 cum

1959 4973 2127 5030 omni
2151 4973 2489 5044 integritate
2519 4989 2732 5030 eorum
2757 4971 2933 5027 nobis
2956 4971 3034 5028 ad
3065 4971 3372 5028 usandum
3420 4974 3622 5029 tenere

1957 5061 2335 5136 permisistis,
2353 5062 2415 5116 in
2442 5077 2513 5116 ea
2534 5077 2678 5116 vero
2706 5059 2937 5117 ratione
2970 5065 3035 5117 ut
3061 5061 3208 5116 dum
3241 5077 3355 5133 ego
3377 5061 3620 5133 advivo,

1958 5154 2157 5206 tenere
2185 5153 2242 5206 et
2267 5149 2581 5205 dominare
2611 5147 2808 5204 facere
2839 5148 3118 5219 debeam,
3152 5155 3210 5208 et
3248 5158 3386 5224 post
3410 5168 3618 5207 meum

1957 5254 2223 5311 quoque,
2276 5240 2394 5292 Deo
2437 5237 2709 5308 jubente,
2751 5238 3088 5296 discessum
3119 5240 3397 5312 partibus
3430 5239 3622 5296 sancti

1957 5326 2218 5384 Gervasii
2247 5331 2537 5381 revertere
2569 5325 2820 5384 faciatis.
2856 5331 2924 5385 Et
2973 5329 3254 5385 convenit
3282 5328 3461 5384 nobis
3513 5344 3622 5384 an-

1955 5415 2048 5471 nis
2078 5413 2328 5484 singulis
2357 5414 2436 5470 ad
2460 5414 2840 5472 festivitatem
2865 5417 3056 5472 sancti
3085 5417 3312 5474 Martini
3338 5417 3621 5474 hiberna-

1955 5505 2133 5562 ticam
2165 5503 2393 5573 argenti
2420 5503 2644 5560 solidos
2682 5505 2951 5577 quinque
2982 5511 3040 5562 et
3087 5505 3294 5576 viginti
3334 5506 3623 5563 transsol-

1955 5609 2089 5649 vere
2119 5591 2399 5664 debeam,
2445 5597 2551 5649 aut
2600 5594 2904 5650 decimam
2964 5599 3021 5651 et
3078 5612 3307 5652 nonam
3364 5596 3620 5669 pleniter

1953 5681 2296 5756 persolvant
2328 5681 2402 5737 de
2432 5682 2600 5738 omni
2649 5682 2880 5752 reditu;
2935 5688 2993 5740 et
3039 5685 3086 5740 si
3146 5685 3459 5758 negligens
3516 5687 3622 5739 aut

1953 5771 2164 5829 tardus
2191 5770 2407 5829 exinde
2435 5785 2800 5847 apparuero,
2833 5773 3021 5832 fidem
3055 5775 3271 5832 exinde
3293 5775 3490 5831 facere
3514 5771 3619 5827 de-
