3944 6418
320 332 392 392 90
1429 323 1708 383 ALDRICI
1747 316 1976 383 CENW

2136 318 2283 376 NSlS
2318 316 2629 374 EPISCOPI

3648 312 3758 366 {00

322 456 526 525 beam,
554 436 611 512 et
645 455 811 528 ipsas
837 452 1009 509 villas
1035 450 1284 524 perdere
1312 465 1436 506 non
1486 448 1764 519 debeam,
1824 449 1882 502 et
1907 449 1973 501 ut
2000 444 2049 499 Α
2078 457 2181 499 mo
2209 441 2378 512 regni
2407 440 2617 497 domni
2647 437 2835 496 nostri
2885 430 3124 509 Pipplni
3168 431 3413 528 gloriqsi
3447 432 3640 528 regis.

323 545 419 601 hae
448 544 749 618 praecariae
772 558 892 597 uno
912 546 1113 597 tenore
1145 539 1492 611 conscriptae
1520 538 1806 610 omnique
1827 539 1970 591 tem-

324 649 473 706 pore
494 634 682 688 ﬁrmae
722 635 777 686 et
822 629 1065 685 stabiles
1094 631 1509 701 permaneant.
1540 627 1755 682 Actum
1786 625 1968 679 Ceno-

324 705 522 779 manis
543 721 772 777 civitate
796 717 1055 791 publice,
1088 732 1249 772 anno
1279 716 1515 772 decimo
1547 705 1603 772 ét
1633 718 1846 771 octavo
1883 727 1970 767 re-

325 815 548 881 gnante
577 809 802 864 domno
828 806 1127 862 Ludovico
1158 804 1589 876 gloriosissimo
1608 804 1969 877 imperatore

324 902 521 955 Nonas
551 896 682 952 Kal.
708 896 907 954 Maias.
949 896 1005 951 S.
1056 894 1317 951 Bavonis
1338 894 1501 950 vassi
1529 890 1835 957 dominici,
1864 889 1970 963 qui

322 986 479 1042 hanc
506 984 837 1057 precariam
862 982 993 1039 ﬂeri
1035 982 1292 1053 rogavit.
1320 983 1377 1037 8.
1408 979 1715 1038 Viddonis.
1742 981 1798 1036 8.
1831 978 1966 1033 Vul.

322 1076 379 1129 8.
414 1073 634 1129 Hervei.
665 1074 722 1129 S.
749 1071 1054 1129 Serilonis.
1098 1075 1154 1129 S.
1202 1071 1507 1127 Berilonis.
1543 1072 1600 1127 8.
1630 1067 1851 1125 Ebrulﬁ
1886 1066 1972 1122 vi-

321 1162 480 1219 carii.
514 1162 834 1217 Hercheus.
868 1161 924 1215 8.
959 1160 1265 1216 Adalberti
1295 1158 1595 1216 Gislarnis.
1632 1160 1687 1215 S.
1716 1156 1972 1228 Adalgy-

319 1251 389 1306 si.
421 1253 476 1308 S.
502 1249 829 1307 Godofridi.
858 1252 914 1307 S.
937 1248 1170 1306 Jacobi.
1202 1249 1461 1305 Deusdet
1484 1246 1851 1320 subscripsit.
1872 1248 1975 1301 Bo-

316 1338 442 1396 bilo
471 1338 885 1396 subdiaconus
907 1338 1143 1411 scripsit
1160 1341 1218 1394 et
1245 1335 1616 1410 subscripsit.

1071 1481 1236 1537 LVII.

318 1607 661 1676 Exemplar
695 1605 985 1676 praecepti
1012 1605 1217 1661 damni
1270 1603 1557 1660 Ludovici
1584 1603 1837 1673 piissimi
1864 1603 1974 1676 ini-

380 1674 709 1747 peratoris'
734 1678 808 1733 de
835 1674 987 1732 villa
1019 1676 1318 1741 Tridenle,
1383 1676 1542 1747 quod
1557 1675 1702 1745 fecit
1728 1674 1977 1745 praedic-

395 1755 490 1805 tus
548 1750 877 1819 imperator
930 1748 1340 1805 Cenomanicaa
1388 1748 1577 1805 matri
1615 1747 1875 1803 ecclesia!
1922 1750 1976 1802 et

390 1820 642 1877 Aldrico
672 1819 935 1890 ejusdem
965 1819 1132 1876 urbis
1162 1821 1456 1888 episcopo.

782 1926 942 1998 (Vide
969 1925 1141 1995 ibid.,
1174 1925 1312 1994 001.,
1344 1925 1522 1996 4293).

1061 2052 1242 2107 LVIII.

321 2176 657 2245 Exemplar
679 2176 978 2244 precariae
1009 2175 1081 2231 de
1107 2173 1458 2232 Fraxinedo
1481 2180 1537 2229 et
1561 2178 1769 2229 sancto
1804 2172 1977 2245 Geor:

390 2249 487 2319 gio
508 2244 569 2301 in
601 2247 842 2302 condita
866 2247 1323 2319 Sagonenpservel
1338 2246 1410 2301 de
1435 2245 1579 2319 aliis;
1598 2245 1761 2301 villis
1779 2244 1977 2319 sancti

393 2317 663 2373 Gervasii
684 2333 939 2389 quarum
969 2317 1261 2373 vocabula
1284 2318 1346 2372 in
1377 2330 1447 2371 ea
1474 2317 1773 2389 habentur
1794 2317 1977 2389 inser-

391 2396 471 2455 ta,
500 2404 648 2461 quas
695 2387 1021 2459 'Vulﬁngus
1058 2394 1236 2453 tenet,
1270 2402 1447 2459 quam
1477 2389 1561 2461 ei_
1578 2387 1976 2461 Gauziolenus

390 2458 699 2530 episcopus
734 2461 879 2529 fecit
896 2458 1101 2529 primo
1127 2458 1289 2516 anno
1318 2459 1494 2528 regni
1518 2458 1770 2527 Pippim'
1796 2458 1972 2527 regis.

390 2585 645 2640 Domino
665 2587 873 2640 sancto
902 2599 972 2639 ac
1000 2582 1325 2639 venerabili
1345 2582 1605 2638 basilicae
1635 2582 1821 2637 sancti
1849 2583 1980 2637 Ger-

318 2673 471 2728 vasii
495 2677 552 2728 et
577 2672 822 2728 Protasii
846 2671 1000 2728 infra
1027 2672 1194 2727 urbis
1225 2671 1638 2728 Cenomanicae
1680 2670 1977 2726 civitatem

320 2766 676 2819 constructae
702 2761 804 2817 ubi
834 2760 1224 2817 Gauziolenus
1260 2760 1578 2833 episcopus
1607 2776 1866 2834 praeesse
1890 2760 1976 2816 vi-

321 2852 513 2919 detur,
537 2851 787 2923 ejusque
805 2850 1283 2924 congregationis
1312 2866 1382 2906 ex
1413 2851 1542 2923 ipsa
1572 2850 1973 2907 consistentia.

322 2944 445 3009 Ego
472 2940 631 2995 enim
662 2939 723 2994 in
756 2939 857 2995 Dei
880 2939 1122 2995 nomine
1154 2939 1483 3008 Vulﬁngus,
1516 2938 1664 2995 dum
1690 2943 1746 2996 et
1772 2940 1976 3009 cogni-

321 3033 450 3085 tum
476 3034 563 3086 est
592 3029 846 3103 qualiter
870 3029 1132 3085 domnus
1148 3034 1349 3085 noster
1374 3029 1656 3102 Pippinus
1681 3030 1977 3100 gloriosus

318 3135 424 3176 rex
478 3120 648 3176 villas
693 3118 767 3175 de
818 3123 1025 3175 sancto
1078 3118 1349 3189 Georgio,
1410 3123 1618 3174 sancto
1672 3119 1974 3187 Gervasio,
2006 3151 2052 3208 ε

320 3209 671 3279 Fraxinedo,
749 3208 1243 3280 Flexobracciale,
1316 3207 1531 3264 Aciaco
1599 3207 1693 3263 vel
1768 3213 1976 3264 sancto

319 3300 566 3369 Georgio
593 3316 731 3355 cum
763 3298 1133 3370 appendiciis
1164 3297 1308 3368 suis,
1358 3297 1643 3353 Aloniaco
1672 3297 1854 3367 longa
1881 3297 1975 3353 ﬁl-

319 3387 1234 3458 cariaﬁCamiaieolmundarias,
1272 3386 1349 3443 ad
1402 3386 1595 3460 ipsam
1662 3387 1974 3443 ecclesiam

317 3477 568 3534 reddere
599 3475 797 3547 jussit,
831 3481 888 3531 et
914 3480 1125 3548 postea
1165 3491 1274 3547 per
1315 3475 1569 3531 verbum
1611 3475 1840 3531 domno
1865 3491 1975 3531 no-

322 3570 442 3622 stro
474 3566 723 3638 Pippino
782 3579 918 3620 mea
948 3563 1057 3620 fuit
1108 3563 1331 3637 petitio,
1363 3568 1419 3619 et
1472 3569 1667 3620 vestra
1718 3564 1979 3621 decrevit

318 3654 614 3722 voluntas,
666 3657 731 3709 ut
758 3653 891 3725 ipsa
938 3650 1149 3707 locella
1181 3667 1286 3723 per
1331 3654 1531 3707 vestra
1576 3650 1871 3706 beneﬁcia
1899 3649 1978 3706 ad

320 3756 467 3795 usus
492 3740 816 3797 fructuaria
846 3740 1055 3797 ordine
1084 3740 1232 3795 mihi
1262 3743 1458 3795 tenere
1510 3738 1885 3814 permisistis,
1916 3738 1978 3794 id

319 3833 428 3898 est,
461 3847 598 3886 eum
627 3828 878 3897 mansis,
911 3830 1083 3898 casis,
1112 3828 1418 3900 domibus,
1437 3826 1724 3897 aediﬁciis,
1756 3826 1979 3883 manci-

317 3919 433 3992 piis
461 3920 804 3987 accolabus,
834 3919 1078 3988 libertis,
1110 3918 1300 3986 terris,
1327 3917 1539 3984 vineis,
1559 3916 1739 3987 silvis,
1769 3917 1974 3989 pratis,

319 4012 377 4065 et
404 4010 669 4080 pascuis,
698 4009 795 4064 vel
840 4014 1137 4081 quantum
1193 4007 1272 4064 ad
1329 4007 1461 4081 ipsa
1504 4006 1638 4062 loca
1666 4010 1977 4080 aspectum

321 4092 451 4148 e’sse
479 4093 735 4162 videtur,
773 4093 922 4149 dum
967 4108 1079 4163 ego
1107 4090 1322 4148 advivo
1358 4107 1470 4165 pro
1512 4094 1707 4147 vestro
1754 4090 1976 4146 beneﬁ-

322 4180 414 4236 cio
430 4180 577 4235 mihi
591 4180 726 4237 licet
743 4185 940 4236 tenere
953 4185 1010 4237 et
1020 4179 1354 4236 dominare.
1371 4182 1437 4235 Et
1454 4178 1787 4252 spondibus
1805 4179 1974 4234 vobis

319 4274 387 4325 ut
414 4285 525 4342 pro
545 4269 765 4326 indicio
791 4269 981 4343 ipsius
1004 4270 1192 4326 sancti
1219 4268 1481 4326 Gervasii
1509 4269 1605 4325 vel
1632 4274 1828 4326 vestro
1850 4284 1976 4325 non

322 4358 395 4414 sit
425 4358 598 4414 annis
618 4357 867 4430 singulis
880 4359 959 4415 ad
974 4358 1353 4416 festivitatem
1370 4359 1558 4415 sancti
1575 4359 1797 4416 Martini
1812 4357 1976 4414 illam

319 4447 755 4504 hibernatieam
785 4452 1033 4518 argento
1062 4448 1214 4504 libra
1244 4464 1367 4504 una
1397 4448 1475 4504 ad
1505 4452 1739 4520 partem
1770 4452 1975 4504 saneto

322 4536 602 4592 Gervasio
631 4540 734 4592 aut
763 4536 1004 4592 rectoris
1034 4536 1420 4593 ecclesiarum
1459 4535 1859 4591 transsolvere
1889 4535 1975 4592 fa-

321 4626 509 4682 ciam:
535 4625 661 4682 etsi
701 4626 1013 4696 negligens
1044 4630 1147 4683 aut
1192 4625 1400 4682 tardus
1430 4624 1505 4681 de
1536 4625 1669 4692 ipso
1695 4641 1875 4681 cense
1898 4624 1977 4681 ad

318 4716 452 4788 ipso
481 4715 699 4789 placito
754 4714 940 4784 fuero,
973 4715 1159 4772 ﬁdem
1214 4714 1427 4771 exinde
1457 4713 1654 4771 facere
1691 4713 1972 4781 debeam,

320 4810 377 4861 et
397 4805 593 4879 ipsam
622 4822 769 4875 rem,
803 4806 951 4862 dum
981 4822 1094 4878 ego
1150 4805 1391 4872 advivo,
1436 4804 1688 4877 perdere
1717 4819 1841 4859 non
1872 4803 1975 4859 de-

319 4894 518 4964 beam,
550 4901 607 4951 et
633 4899 771 4969 post
806 4912 1011 4954 meum
1040 4910 1307 4971 quoque,
1341 4896 1460 4949 Deo
1483 4893 1730 4967 jubente
1760 4892 1978 4950 disces-

321 5000 477 5051 sum,
507 4985 643 5057 ipsa
670 4985 882 5042 locella
910 5001 1050 5042 cum
1080 4999 1291 5041 eorum
1324 4981 1617 5039 soliditate
1648 4981 1726 5039 ad
1757 4998 1819 5037 se
1847 4997 1977 5056 per-

322 5072 558 5129 tinentis
585 5072 682 5127 vel
708 5074 1050 5145 aspicientis
1080 5072 1176 5129 vel
1216 5070 1513 5149 quidquid
1541 5071 1766 5127 ibidem
1795 5075 1975 5128 attra-

318 5164 461 5219 here
488 5161 585 5219 vel
602 5161 1001 5218 immeliorare
1022 5165 1293 5234 potuero,
1316 5160 1413 5217 vel
1440 5166 1977 5235 quantumcunque

320 5254 462 5307 tunc
492 5250 778 5323 temporis
810 5249 1037 5305 ibidem
1062 5249 1372 5305 inventum
1417 5248 1608 5313 fuerit,
1663 5264 1762 5306 vos
1791 5253 1977 5306 recto-

319 5354 414 5396 res
443 5339 632 5396 sancti
657 5338 922 5395 Gervasii
954 5338 1080 5393 sine
1110 5337 1232 5394 ulla
1257 5337 1475 5410 judicis
1522 5338 1975 5409 consignatione

320 5432 425 5486 aut
441 5428 752 5484 haeredum
777 5442 1053 5483 meorum
1074 5427 1503 5485 contraditione
1522 5428 1586 5484 in
1605 5433 1866 5485 vestram
1890 5427 1976 5486 fa-

321 5518 488 5575 ciatis
517 5532 799 5573 revocare
825 5517 1298 5576 dominationem
1324 5524 1380 5575 et
1406 5523 1760 5592 potestatem
1782 5518 1862 5575 ad
1889 5517 1975 5575 fa-

320 5605 601 5664 ciendum
632 5605 799 5680 quod
840 5605 1159 5677 volueritis,
1216 5612 1273 5665 et
1313 5608 1441 5665 haec
1471 5609 1761 5682 precaria,
1819 5624 1889 5664 ac
1922 5605 1975 5663 sl

320 5711 559 5771 semper
586 5712 694 5768 per
715 5684 1215 5770 quinquiennium
1234 5700 1523 5754 renovata
1546 5696 1774 5764 fuisset,
1797 5697 1975 5755 ﬁrma

316 5791 912 5860 permaneat.Actum
934 5789 1290 5847 Cenomanis
1322 5788 1557 5845 civitate
1580 5787 1644 5843 in
1673 5802 1834 5845 anno
1858 5786 1976 5859 pri-

2007 1796 2054 1852 Β

2078 547 2267 602 gnum
2298 532 2589 601 Vulﬁngo,
2624 530 2727 603 qui
2758 530 2916 585 hanc
2956 524 3293 599 precariam
3330 522 3463 577 ﬁeri
3492 523 3752 592 rogavit.

2081 623 2136 678 S.
2180 621 2533 692 Fulgoberti.
2595 622 2652 677 8.
2688 616 2979 676 Sichardi.
3037 618 3092 672 S.
3116 611 3365 669 Vildeni.
3417 611 3756 669 Salomano

2075 714 2321 781 rogatus
2378 709 2753 780 subscripsit.
2809 705 3168 777 Aiglibertus
3240 699 3626 771 subscripsit.
3692 701 3751 756 S.

2076 797 2477 854 Vuamairedi.
2511 799 2568 853 S.
2597 796 2884 853 Giboleni.
2942 790 3317 849 Bertobodus
3365 786 3750 861 subscripsit.

2078 886 2364 942 Beraldus
2394 885 2627 959 scripsit
2655 889 2712 941 et
2742 881 3113 955 subscripsit.

2150 994 2525 1049 Anteriorum
2555 991 2981 1065 episcoporum
3007 985 3350 1045 authentica
3380 988 3438 1041 et
3458 983 3755 1057 precariae

2079 1082 2596 1156 infrascriptarum
2618 1081 2897 1138 villarum
2927 1079 2989 1136 in
3038 1077 3282 1134 archivo
3324 1074 3753 1131 Cenomanicaa

2080 1172 2287 1231 matris
2317 1172 2578 1228 ecclesiae
2609 1172 3059 1236 conservantur,
3077 1170 3133 1222 et
3162 1168 3407 1239 propter
3436 1162 3752 1237 prolixita-

2081 1264 2202 1317 tem
2226 1260 2424 1334 operis
2454 1260 2515 1316 in
2543 1260 2658 1316 hac
2685 1257 2973 1316 schedula
2996 1271 3122 1313 non
3144 1258 3283 1311 sunt
3313 1253 3565 1309 incerta.

2849 1384 2978 1441 LXI.

2081 1490 2742 1565 Exnnplarprecariae
2759 1503 2945 1565 quam
2977 1484 3629 1565 Francogpiscopusgt.

2156 1553 2377 1619 muth
2391 1553 2537 1631 fecit
2567 1562 2639 1617 de
2660 1553 2808 1616 villa
2824 1558 3196 1626 Fraxinedo,
3212 1553 3751 1631 Elexobrachiale,

2155 1628 2399 1697 Aciaco,
2428 1638 2634 1688 Sancto
2687 1632 2937 1701 Georgio
2987 1632 3050 1684 in
3082 1628 3326 1685 condita
3377 1628 3751 1701 Sagonense,

2157 1720 2289 1761 cum
2334 1704 2707 1773 appendiciis
2753 1697 2897 1771 suis,
2930 1706 2983 1757 et
3013 1701 3358 1773 alauniaco,
3405 1711 3510 1753 seu
3566 1697 3754 1765 longa

2153 1771 2428 1845 ﬁlcaria,
2448 1780 2505 1831 et
2534 1775 2834 1837 Camiaeo,
2858 1778 3040 1844 atque
3065 1771 3446 1838 mundarias,
3469 1784 3606 1825 eum
3632 1783 3755 1824 om-

2155 1849 2331 1903 nibus
2355 1846 2437 1903 ad
2459 1861 2519 1902 se
2534 1845 2998 1917 pertinentibus.

2158 1954 2410 2010 Domino
2467 1958 2677 2010 sancto
2730 1969 2801 2010 ac
2854 1948 3182 2009 venerabili
3236 1947 3506 2005 basilicae
3555 1945 3755 2003 sancti

3605 1481 3753 1538 Ger-

2085 2043 2344 2101 Gervasii
2390 2049 2448 2105 et
2472 2042 2720 2099 Protasii
2745 2040 3025 2115 martyris
3053 2038 3210 2095 infra
3239 2037 3409 2094 urbis
3450 2037 3752 2092 Cenoma-

2082 2133 2234 2189 nicaa
2263 2133 2563 2189 civitatem
2610 2134 2989 2199 constructae,
3014 2128 3123 2185 ubi
3164 2130 3391 2184 France
3418 2125 3751 2199 episcopus

2083 2238 2341 2295 praeesse
2398 2222 2647 2292 videtur,
2700 2221 2951 2293 ejusque
2982 2215 3434 2288 congregationi
3487 2231 3563 2271 ex
3611 2214 3756 2286 ipsa

2086 2311 2343 2367 Ecclesia
2400 2310 2772 2367 eonsistenti.
2834 2312 2955 2378 Ego
3012 2307 3174 2363 enim
3224 2307 3285 2362 in
3341 2304 3444 2361 Dei
3498 2302 3754 2359 nomine

2086 2401 2481 2468 Germundus,
2534 2400 2681 2456 dum
2713 2402 2770 2455 et
2813 2397 3121 2469 cognitum
3168 2400 3256 2453 est
3282 2393 3542 2468 qualiter
3571 2392 3752 2450 dom-

2084 2505 2199 2544 nus
2226 2490 2470 2545 Carolus
2502 2489 2797 2558 gloriosus
2851 2504 2958 2544 rex
2998 2486 3169 2543 villas
3218 2483 3407 2541 sancti
3460 2481 3750 2551 Gervasii,

2083 2578 2421 2635 Fraxinedo
2491 2576 2999 2646 Flexobracbiale,
3074 2574 3311 2642 Aciaco,
3390 2571 3484 2629 vel
3538 2575 3752 2629 sancto

2087 2667 2336 2735 Georgio
2366 2683 2507 2724 cum
2561 2665 2934 2738 appendiciis
2981 2664 3125 2734 suis,
3157 2661 3471 2728 Aloniaco,
3517 2658 3755 2729 longua

2084 2756 2332 2813 tilearia.
2383 2756 2664 2812 Camiaco
2719 2754 3097 2825 mundarias,
3156 2751 3238 2810 ad
3293 2751 3498 2823 ipsam
3557 2748 3750 2805 eccle-

2086 2844 2240 2903 Siam
2295 2844 2544 2903 reddere
2598 2843 2804 2915 jussit,
2835 2847 2893 2899 et
2948 2845 3159 2915 postea
3212 2856 3320 2913 per
3356 2839 3614 2897 verbum
3642 2838 3753 2894 do-

2085 2935 2251 2991 mino
2281 2939 2486 2991 nostro
2507 2934 2718 2991 Carolo
2761 2932 3021 3003 glorioso
3050 2931 3177 3000 regi
3204 2946 3344 2988 mea
3374 2930 3485 2985 fuit
3515 2931 3751 3002 petitio,

2085 3027 2143 3079 et
2169 3027 2367 3078 vestra
2421 3022 2683 3079 decrevit
2735 3021 3035 3089 voluntas,
3090 3024 3156 3077 ut
3200 3020 3339 3092 ipsa
3372 3017 3588 3076 locella
3634 3033 3751 3090 pro

2084 3118 2279 3168 vestro
2327 3112 2620 3167 beneﬁcio
2653 3113 2731 3167 ad
2760 3128 2911 3167 usus
2969 3109 3295 3173 fructuaria
3352 3108 3569 3165 ordine
3596 3107 3753 3165 mihi

2086 3205 2284 3257 tenere
2311 3201 2688 3273 permisistis,
2747 3200 2809 3256 id
2839 3204 2945 3269 est,
2977 3216 3118 3257 cum
3148 3198 3396 3265 mansis,
3430 3196 3754 3263 casis,_do-

2084 3290 2311 3360 mibus,
2363 3290 2650 3357 aediﬁciis,
2700 3289 3037 3363 mancipiis,
3092 3287 3441 3350 aceolabus.
3494 3286 3749 3354 libertis,

2084 3380 2275 3450 terris,
2321 3380 2535 3449 vineis,
2587 3379 2772 3447 silvis,
2819 3378 3027 3451 pratis,
3055 3381 3115 3435 et
3157 3376 3427 3450 pascuis,
3449 3379 3510 3433 et
3550 3391 3751 3448 quan—

2085 3472 2215 3524 tum
2269 3469 2349 3526 ad
2404 3469 2537 3541 ipsa
2577 3468 2712 3525 loca
2766 3473 3079 3541 aspectum
3118 3483 3252 3523 esse
3287 3465 3543 3533 videtur,
3594 3464 3751 3523 dum

2084 3574 2198 3626 ego
2251 3558 2471 3615 advivo
2513 3574 2626 3630 pro
2675 3562 2869 3616 vestro
2912 3557 3209 3614 beneﬁcio
3250 3556 3400 3614 mihi
3445 3555 3623 3612 liceat
3666 3559 3749 3611 te-

2085 3663 2226 3705 nere
2256 3652 2314 3704 et
2341 3647 2673 3715 dominari;
2719 3651 2778 3705 et
2821 3647 3178 3720 spondimus
3214 3645 3388 3702 vobis
3417 3649 3483 3701 ut
3509 3660 3622 3717 pro
3650 3645 3748 3701 in-

2086 3736 2243 3793 dicio
2270 3737 2457 3809 ipsius
2483 3738 2673 3793 sancti
2694 3737 2954 3794 Gervasii
2996 3736 3092 3794 vel
3124 3739 3326 3793 vestro
3380 3750 3505 3792 non
3533 3734 3612 3791 sit
3638 3750 3749 3791 ων

2085 3825 2179 3881 nis
2213 3825 2462 3895 singulis
2491 3826 2571 3883 ad
2613 3826 2994 3883 festivitatem
3038 3824 3228 3882 sancti
3276 3824 3505 3883 Martini
3530 3823 3632 3880 illa
3663 3823 3752 3880 hi-

2084 3913 2391 3971 bernatica
2415 3916 2646 3985 argenti
2668 3915 2823 3973 libra
2849 3930 2974 3972 una
2991 3914 3165 3971 vobis
3184 3913 3261 3970 ad
3286 3917 3523 3986 partem
3554 3912 3753 3970 sancti

2083 4004 2348 4060 Gervasii
2391 4010 2447 4060 et
2486 4004 2728 4061 rectoris
2785 4004 3173 4061 ecclesiarum
3222 4002 3622 4060 transsolvere
3667 4001 3754 4058 fa-

2086 4094 2264 4161 ciam,
2296 4098 2398 4151 aut
2448 4093 2769 4160 decimam,
2804 4098 2909 4151 aut
2961 4109 3191 4151 nonam
3219 4108 3293 4150 ex
3342 4090 3511 4151 omni
3553 4090 3757 4153 reditu

2085 4183 2335 4255 pleniter
2392 4183 2773 4257 persolvam;
2834 4187 2891 4240 et
2934 4183 2983 4240 si
3013 4182 3341 4255 negligens
3391 4185 3497 4239 aut
3538 4182 3754 4239 tardus

2086 4272 2299 4329 exinde
2343 4290 2680 4346 apparuere
2730 4272 2810 4333 ad
2842 4273 3180 4347 predictum
3210 4271 3521 4346 placitum,
3561 4271 3750 4327 ﬁdem

2085 4362 2297 4420 exinde
2328 4363 2521 4419 facere
2567 4363 2845 4428 debeam,
2881 4367 2937 4419 et
2983 4364 3146 4435 ipsas
3174 4378 3291 4430 res,
3319 4361 3469 4419 dum
3500 4375 3615 4432 ego
3646 4362 3753 4419 ad-

2082 4452 2242 4524 vivo,
2271 4453 2517 4525 perdere
2544 4469 2668 4510 non
2698 4452 2975 4521 debeam,
2994 4456 3051 4509 et
3079 4456 3217 4529 post
3236 4469 3443 4509 meum
3474 4468 3752 4527 quoque,

2086 4542 2204 4598 Deo
2229 4541 2498 4613 jubente,
2551 4542 2909 4611 discessum,
2946 4541 3081 4617 ipsa
3108 4540 3320 4599 locella
3350 4557 3490 4597 cum
3532 4556 3753 4599 eorum

2086 4628 2379 4686 soliditate
2400 4630 2478 4687 ad
2504 4646 2565 4686 se
2592 4630 2940 4704 pertinentis
2964 4630 3059 4687 vel
3082 4628 3544 4704 aspicientis,vel
3572 4631 3754 4705 quid-

2084 4719 2231 4792 quid
2260 4719 2486 4775 ibidem
2532 4720 2827 4777 attrahere
2885 4719 2979 4776 vel
3008 4718 3408 4776 immeliorare
3465 4723 3749 4791 potuero,

2082 4807 2176 4864 vel
2202 4812 2742 4882 quantumcunque
2785 4813 2927 4865 tunc
2962 4808 3247 4882 temporis
3276 4807 3504 4863 ibidem
3529 4808 3751 4864 inven-

2083 4900 2212 4954 tum
2269 4896 2460 4965 fuerit,
2491 4912 2600 4953 vos
2626 4901 2730 4953 aut
2773 4897 3020 4954 rectoris
3067 4896 3255 4954 sancti
3299 4896 3559 4953 Gervasii
3618 4897 3753 4955 sine

2085 4986 2261 5041 ullius
2303 4985 2523 5058 judicis
2573 4986 3033 5057 consignatione
3086 4989 3195 5043 aut
3233 4985 3544 5042 haeredum
3580 5001 3756 5043 meo-

2081 5091 2218 5131 rum
2271 5074 2704 5131 contraditione
2747 5075 2810 5131 in
2863 5080 3128 5132 vestram
3181 5074 3412 5130 faciatis
3459 5089 3753 5133 revocare

2083 5164 2560 5221 dominationem
2576 5168 2995 5239 etpotestatem
3014 5164 3093 5221 ad
3109 5164 3452 5221 faciendum
3464 5164 3637 5238 quod
3648 5182 3753 5221 vo-

2082 5252 2391 5323 lueritis,et
2411 5252 2540 5308 haec
2557 5253 2866 5326 praecaria,
2879 5270 2949 5311 ac
2963 5253 3011 5309 si
3029 5267 3267 5327 semper
3282 5268 3390 5327 per
3404 5251 3754 5327 quinquen-

2083 5341 2255 5398 nium
2284 5345 2575 5397 renovata
2599 5340 3007 5412 fuisset,ﬁrma
3025 5346 3083 5399 et
3111 5342 3339 5399 stabilis
3366 5347 3750 5415 permaneat.

2082 5433 2296 5487 Actum
2328 5431 2683 5487 Cenomanis
2715 5431 2949 5489 civitate
2977 5431 3040 5489 in
3080 5448 3241 5489 anno
3266 5447 3428 5499 XXXI,
3451 5436 3753 5502 regnante

2082 5518 2311 5576 domno
2334 5522 2538 5575 nostro
2568 5520 2776 5577 Carolo
2803 5520 3061 5593 glorioso
3092 5524 3267 5592 Rege,
3289 5520 3351 5575 in
3373 5535 3582 5576 mense
3604 5522 3753 5577 Mar-

2082 5607 2184 5666 tio.
2206 5610 2261 5665 S.
2282 5608 2626 5678 Germundi,
2647 5610 2752 5684 qui
2776 5610 2933 5666 hanc
2963 5610 3298 5685 precariam
3327 5608 3457 5666 ﬁeri
3485 5609 3748 5679 rogavit.

2086 5699 2145 5753 S.
2176 5697 2529 5753 Fulcoberti.
2565 5700 2619 5755 S.
2657 5698 2944 5756 Sichardi.
2995 5701 3055 5758 S.
3086 5698 3382 5756 Vuildoni.
3428 5698 3751 5755 Haifredus

2083 5786 2449 5859 subscripsit.
2474 5787 2763 5845 Salomon
2790 5792 3037 5861 rogatus
3058 5788 3427 5861 subscripsit.
3460 5787 3753 5858 Aigliber-
