3944 6428
121 343 203 398 lOl
1744 334 1925 395 VITA.
3427 338 3529 396 102

119 471 201 522 tus
226 460 592 536 subscripsit.
625 462 1041 520 Vuanafredus
1091 461 1422 521 Gibolonus
1454 463 1758 535 subscrip—
1788 467 1833 520 A
1877 467 2057 531 gento
2086 463 2311 519 solidos
2332 480 2436 520 sex
2457 462 2855 523 transsolvere
2876 462 3170 532 debeam;
3202 466 3261 521 et
3282 462 3329 519 si
3346 462 3529 533 negli-

117 558 200 613 sit.
234 553 598 609 Bertobodus
655 552 1029 625 subscripsit.
1066 557 1223 609 Bavo
1251 553 1623 625 subscripsit.
1656 554 1764 611 Eb-
1872 569 2021 623 gens
2046 554 2368 612 auttardus
2381 554 2596 610 exinde
2619 569 2981 627 apparuere,
3004 554 3191 625 fidem
3210 553 3426 610 exinde
3447 554 3531 610 fa-

116 645 305 704 tardus
319 641 685 715 subscripsit.
703 644 759 697 S.
781 642 1033 699 Vultadi.
1052 642 1372 699 Salaardus
1390 642 1759 715 subscripsit.
1872 659 2002 699 cere
2024 644 2304 713 debeam,
2326 644 2410 700 eti
2419 660 2597 717 psum
2614 642 3109 703 monasteriolum
3130 643 3381 716 perdere
3405 658 3529 700 non

117 733 440 790 Vualtarius
473 731 849 804 subscripsit.
901 734 956 789 S.
1008 731 1331 789 Frumaldi.
1376 735 1431 790 S.
1467 731 1760 793 Leuberti.
1870 728 2150 803 debeam,
2182 732 2287 788 sed
2316 733 2445 788 haec
2476 731 2758 805 precariae
2790 748 2912 789 uno
2947 736 3151 791 tenore
3177 731 3529 805 conscripta:

120 823 389 883 Beraldus
419 822 656 894 scripsit
681 827 739 879 et
769 822 1147 897 subscripsit.
1869 822 2159 894 omnique
2216 827 2485 895 tempore
2518 820 2710 879 ﬁrmas
2756 826 2815 877 et
2844 820 3087 880 stabiles
3112 824 3526 894 permaneant.

891 941 1009 996 LK.
1869 914 2080 966 Actum
2124 911 2484 967 Cenomanis
2524 910 2759 967 civitate
2809 926 2971 966 anno
3010 925 3188 976 χχχιι,
3241 912 3530 979 regnante

702 1048 712 1058 .
943 1049 952 1061 .
1688 1048 1699 1060 .
1868 999 2119 1055 domino
2143 999 2353 1055 Carolo
2372 998 2806 1068 gloriosissimo
2833 1014 2995 1067 rege,
3016 1014 3097 1054 1x.
3120 997 3251 1055 Kal.
3285 997 3526 1059 Mallias.

117 1049 437 1119 Exemplar
464 1062 762 1116 precariae
791 1047 863 1102 de
893 1049 1192 1120 mllaquas
1217 1054 1471 1104 vocatur
1495 1048 1759 1103 Manszo-
1872 1090 1904 1120 ε
1963 1088 2212 1120 mum“
2270 1088 2369 1120 rm;
2404 1088 2558 1120 MM
2587 1087 2917 1120 mmmam
2946 1087 3069 1120 “an,
3097 1086 3407 1120 dammam
3432 1102 3526 1120 Μ-

182 1086 1593 1193 ζῑτῐὲΐίνὶἶὶοιῑὶίξῐίϊ’ὸῖαῐῑρῆὶὲἑὶῐζ’ξῧπὲὶῖᾞῶίοὶῖιέ
1604 1086 1760 1188 ’έῑὶιὶ
1871 1090 1926 1145 S-
1963 1088 2237 1193 Yililg‘ertj»
2268 1088 2374 1193 ειυί
2404 1088 2569 1193 {mea
2587 1087 2921 1193 ρξεξδειιτίεωξ
2946 1087 3075 1193 tigri
3095 1086 3408 1193 ξιθπεηαῖεξ
3431 1102 3529 1193 rg-

179 1209 351 1263 copus
386 1193 667 1247 Viliberto
702 1192 868 1260 fecit.
1052 1176 1066 1191 ’
1106 1176 1121 1193 ⁸
1644 1176 1653 1188 ’
1869 1178 2050 1249 gavit.
2087 1180 2143 1235 S.
2178 1177 2492 1233 Gedeonis.
2538 1179 2593 1233 S.
2625 1177 2964 1249 Gripponis.
3002 1178 3057 1233 S.
3092 1176 3421 1233 Gauzberti.
3469 1177 3525 1233 S.

182 1282 430 1343 υοωίηο
455 1285 668 1337 sancto
693 1296 765 1337 ac
791 1280 1596 1339 venerabmhasiucmsancu
1617 1280 1757 1337 Vin-
1869 1266 2269 1337 Ragemberti,
2306 1270 2364 1325 S.
2407 1265 2670 1334 Audulti,
2705 1265 2760 1321 S.
2797 1265 3113 1322 Gheldulti.
3150 1267 3205 1323 S.
3237 1263 3527 1327 Brucleni.

116 1372 277 1429 centii
297 1370 599 1441 martyris,
622 1386 757 1442 quae
776 1374 865 1427 est
885 1375 1229 1429 constructa
1246 1376 1413 1428 extra
1436 1386 1645 1427 muros
1659 1372 1759 1428 Ce-
1866 1359 2046 1411 Jonas
2069 1355 2439 1428 subscripsit.
2473 1357 2527 1410 S.
2562 1356 2785 1411 Varan.
2818 1355 2873 1411 S.
2906 1353 3181 1427 Gulfaldi.
3206 1356 3370 1421 Bavo
3400 1354 3531 1411 dia-

115 1460 383 1519 nomanis
409 1460 685 1526 civitatis,
717 1475 907 1532 quam
936 1461 1190 1517 Merolus
1221 1461 1547 1533 episcopus
1572 1460 1635 1516 in
1656 1460 1762 1515 do-
1869 1462 2059 1501 οοηιιε
2095 1445 2328 1519 εονίρείί
2347 1448 2403 1501 et
2433 1444 2805 1517 SUbSCI‘iPSit-

116 1550 427 1607 minatione
443 1553 502 1606 et
519 1550 582 1606 in
606 1550 898 1619 regimine
915 1550 1140 1607 habere
1158 1550 1411 1607 videtur.
1445 1553 1570 1620 Ego
1596 1549 1758 1606 enim
2625 1535 2778 1591 LX"-

116 1640 168 1696 in
201 1641 295 1697 Dei
342 1640 588 1695 nomine
634 1639 965 1706 Vilibertus,
1017 1645 1076 1697 et
1116 1656 1255 1697 mea
1313 1640 1423 1696 fuit
1472 1640 1676 1712 petitio
1707 1643 1764 1695 et
1869 1625 2207 1712 Ειξειηριαζ
2228 1626 2728 1712 exequi-reﬂuum
2750 1623 3014 1712 Μενοιιιε
3040 1624 3361 1712 episcqpug
3392 1622 3533 1712 Ei}?-

116 1734 301 1786 vestra
331 1728 610 1786 voluntas
642 1728 926 1799 decrevit,
956 1733 1141 1801 etper
1168 1729 1508 1801 jussionem
1529 1729 1673 1784 dom

1977 1694 2108 1753 rerto
2161 1698 2305 1767 fecit
2337 1697 2410 1752 de
2441 1694 2723 1766 Belfaido
2769 1698 2831 1751 in
2863 1694 3173 1754 canonico.
3207 1699 3263 1751 et
3293 1694 3365 1750 de
3392 1696 3534 1751 Sen-

1977 1784 2138 1823 cura.
2167 1774 2221 1823 et
2250 1768 2581 1823 Inaranda.
2612 1772 2664 1823 et
2710 1767 3016 1823 Vivitlare.
3043 1773 3095 1823 et
3113 1768 3449 1823 Fontanus.
3478 1770 3533 1821 et

128 1773 301 1786 ..,“...
342 1773 610 1786 ..,...w..-
643 1773 926 1799 ww-.."
957 1773 1014 1785 ν.
1035 1773 1129 1801 νυ.
1168 1773 1508 1801 “uno”...
1530 1773 1673 1784 ην...

116 1819 293 1876 nostri
322 1818 520 1875 Caroli
550 1818 797 1886 gloriosi
826 1818 986 1888 regis
1015 1819 1158 1875 villa
1199 1824 1398 1875 vestra
1426 1819 1502 1874 de
1531 1819 1673 1874 ratio

1975 1784 2139 1833 cura,
2167 1774 2221 1824 et
2250 1773 2581 1896 lnpranda,
2612 1773 2664 1823 et
2712 1773 3016 1831 Vivittare,
3043 1773 3095 1823 et
3113 1773 3449 1832 Fontanus,
3478 1773 3532 1821 et

1975 1841 2310 1897 llouasterio
2342 1856 2464 1910 um,
2491 1844 2548 1896 et
2576 1840 2956 1910 Bragolium,
2998 1856 3133 1897 cum
3174 1853 3380 1895 eorum
3423 1852 3532 1907 ap-

116 1907 657 1966 monasteriisancti
676 1907 945 1975 Vicentii,
967 1908 1136 1981 quod
1168 1908 1347 1965 situm
1365 1914 1456 1965 est
1469 1911 1638 1965 extra
1664 1923 1762 1963 ur-
2316 1880 2397 1896 η..
2423 1880 2464 1911 υ,
2491 1880 2544 1896 νυ
2576 1880 2647 1896 υ,
2669 1880 2875 1910 ηυυνη.
2894 1880 2956 1909 ..,

116 1998 263 2067 bem,
293 1998 466 2068 cujus
500 1996 870 2054 vocabulum
894 1997 1075 2054 estad
1094 1998 1607 2065 Mansiones,cum
1638 2013 1765 2053 om—
1945 2000 2201 2057 Domino
2233 2004 2441 2057 sancto
2472 2003 2529 2056 et
2547 1998 2874 2055 venerabili
2893 1998 3154 2055 basilicae
3186 2002 3535 2056 sanctorum

116 2088 172 2144 ni
196 2087 522 2155 integritate
549 2092 609 2144 et
651 2087 1101 2160 appendiciisin
1131 2088 1352 2144 vicaria
1394 2087 1761 2145 Diablentica
1874 2090 2135 2147 Gervasii
2166 2095 2216 2146 et
2264 2089 2517 2146 Protasii
2549 2093 2881 2160 martyrum
2925 2088 3081 2144 infra
3107 2088 3321 2144 urbem
3353 2090 3535 2145 Ceno-

120 2178 279 2234 nobis
307 2178 382 2235 ad
423 2178 779 2235 usitandum
800 2182 1001 2236 tenere
1028 2179 1407 2251 permisistis,
1431 2178 1491 2235 in
1519 2195 1590 2234 ea
1617 2193 1762 2235 vero
1872 2180 2069 2236 manis
2089 2179 2389 2235 civitatem
2408 2182 2786 2245 constructae,
2811 2178 2916 2233 ubi
2936 2178 3185 2234 Merolus
3215 2177 3535 2250 episcopus

118 2268 328 2324 ratione
350 2271 415 2324 ut
440 2267 592 2324 dum
614 2284 729 2335 ego
755 2268 975 2325 advivo
1003 2273 1059 2324 et
1087 2268 1388 2324 dominari
1437 2268 1631 2324 facere
1657 2268 1759 2323 de~
1871 2285 2130 2343 praeesse
2162 2269 2415 2340 videtur,
2444 2270 2697 2341 ejusque
2719 2268 3169 2338 congregationi
3188 2268 3251 2323 in
3280 2268 3413 2341 ipsa
3438 2284 3535 2323 ec-

117 2357 375 2427 beam,et
398 2363 536 2429 p05t
556 2373 764 2415 meum
784 2373 1051 2430 quoque,
1074 2358 1328 2417 Domino
1341 2358 1612 2428 jubente,
1636 2358 1760 2413 dis-
1872 2359 2055 2416 clesia
2100 2357 2464 2415 consistenti.
2514 2360 2635 2427 Ego
2698 2358 2859 2413 enim
2894 2357 2955 2412 in
2988 2358 3087 2413 Dei
3117 2358 3362 2413 nomine
3392 2357 3535 2413 Vili-

118 2464 361 2513 cessum,
391 2447 669 2519 partibus
698 2448 889 2504 sancti
917 2447 1157 2503 Vicentii
1184 2447 1532 2503 monasterii
1561 2463 1761 2503 rever.
1868 2448 2096 2519 bertus,
2130 2449 2277 2504 dum
2319 2453 2375 2503 et
2397 2447 2708 2517 cognitum
2739 2452 2826 2502 est
2864 2447 3119 2519 qualiter
3143 2447 3408 2503 domnus
3431 2446 3536 2502 Ca-

119 2540 227 2592 tere
250 2536 494 2592 faciatis.
522 2538 588 2591 Et
609 2535 889 2593 convenit
909 2536 1085 2592 nobis
1111 2537 1285 2593 annis
1307 2536 1558 2607 singulis
1582 2537 1659 2591 ad
1683 2535 1762 2592 fe-
1869 2538 2033 2594 rolus
2074 2538 2374 2607 gloriosus
2414 2554 2518 2592 rex
2544 2536 2746 2592 villam
2774 2535 2965 2592 sancti
3000 2536 3283 2603 Cervasii,
3336 2534 3538 2591 Belfai-

123 2626 422 2682 stivitatem
446 2625 640 2681 sancti
672 2626 901 2682 Martini
936 2626 1373 2682 hibernaticam
1404 2626 1480 2681 de
1512 2629 1762 2693 argento
1870 2627 2020 2683 dum
2049 2629 2249 2684 vicum
2270 2626 2583 2699 publicum
2612 2642 2751 2682 cum
2773 2624 2897 2681 suis
2922 2625 3314 2699 appendiciis,
3333 2623 3541 2680 Belfai-

124 2714 326 2770 solidos
349 2715 564 2771 decem
592 2715 992 2771 transsolvere
1014 2714 1294 2783 debeam,
1328 2720 1431 2771 aut
1460 2714 1762 2770 decimam
1871 2719 2020 2774 dum
2040 2719 2240 2773 vicum
2261 2716 2575 2788 publicum
2594 2733 2734 2772 cum
2760 2717 2885 2772 suis
2909 2716 3302 2789 appendiciis,
3327 2720 3384 2771 et
3402 2718 3540 2773 Sen-

124 2808 173 2858 et
199 2818 417 2859 nonam
448 2803 705 2876 pleniter
724 2803 1068 2876 persolvam
1094 2803 1170 2858 de
1202 2803 1367 2858 omni
1380 2803 1595 2873 reditu,
1627 2808 1682 2858 et
1715 2803 1767 2857 si
1875 2825 2142 2873 murum,
2168 2811 2225 2863 et
2256 2807 2642 2875 Ingrandam,
2666 2810 2720 2862 ct
2750 2806 3039 2875 Vivillare,
3064 2806 3188 2862 sive
3218 2809 3537 2876 Fontanas,

125 2893 413 2963 negligens
432 2898 541 2951 aut
570 2891 782 2950 tardus
803 2893 1020 2949 exinde
1072 2908 1435 2966 apparuero,
1468 2893 1654 2948 ﬁdem
1684 2892 1768 2947 fa-
1879 2902 1935 2954 et
1960 2896 2465 2963 Monasteriolum,
2516 2900 2573 2951 et
2620 2895 2988 2966 Bragolium,
3037 2895 3157 2951 sive
3210 2896 3539 2951 Auciacum

125 2998 241 3037 cere
275 2983 491 3039 exinde
529 2982 814 3052 debeam,
856 2987 914 3038 et
936 2984 1066 3053 jam
1113 2982 1340 3038 dictam
1382 2982 1590 3037 villam
1645 2998 1771 3054 per-
1875 2988 2083 3043 vicum
2111 2984 2449 3059 publicum,
2481 3000 2619 3040 cum
2653 2984 2820 3040 omni
2849 2984 3180 3055 integritate
3208 2985 3304 3041 vel
3329 3001 3540 3041 eorum

126 3071 248 3128 dere
266 3089 386 3130 non
410 3073 705 3142 debeam,
727 3072 833 3129 sed
858 3072 988 3129 haec
1012 3073 1308 3145 precaria,
1339 3088 1410 3128 ac
1456 3072 1506 3127 si
1534 3087 1772 3144 semper
1883 3075 2257 3150 appendiciis
2279 3073 2355 3131 ad
2371 3074 2497 3145 jam
2516 3073 2739 3130 dictam
2757 3075 3070 3130 ecclesiam
3087 3073 3337 3130 reddere
3343 3074 3539 3145 jussit,

125 3177 218 3233 per
266 3162 759 3235 quinquennium
809 3167 1101 3218 renovata
1170 3162 1401 3229 fuisset,
1479 3161 1656 3217 ﬁrma
1719 3166 1775 3216 et
1803 3196 1845 3251 Ο
1885 3170 2163 3240 etpostea
2184 3181 2292 3237 per
2312 3164 2563 3219 verbum
2585 3164 2814 3219 domno
2830 3163 3259 3221 nostraCarolo
3281 3163 3542 3233 glorioso

130 3251 335 3309 stabilis
355 3256 737 3325 permaneat.
792 3256 1008 3308 Actum
1057 3252 1419 3309 Cenomanis
1448 3251 1682 3307 civitate
1713 3250 1773 3306 in
1820 3250 1827 3251 ί
1883 3256 2010 3325 regi
2034 3253 2667 3327 fuitpetitio,etvestra
2688 3253 2950 3308 decrevit
2976 3252 3290 3321 voluntas;
3326 3254 3543 3325 utipsa

129 3356 272 3398 anno
293 3359 469 3410 xxxii,
498 3345 797 3412 regnante
846 3342 1076 3399 domno
1124 3347 1331 3398 nostro
1390 3341 1605 3399 Carolo
1653 3339 1774 3410 glo~
1886 3345 2098 3402 locella
2130 3360 2235 3416 per
2265 3348 2532 3398 vestrum
2565 3341 2927 3397 beneficium
2958 3343 3037 3399 ad
3068 3360 3245 3398 usum
3277 3342 3543 3399 fructua-

130 3431 272 3487 riorxo
298 3448 435 3501 rege
461 3433 523 3489 in
552 3447 763 3487 mense
792 3431 997 3504 Aprili.
1046 3433 1101 3488 S.
1161 3432 1437 3495 Viliberti,
1470 3433 1577 3503 qui
1621 3430 1778 3485 hanc
1886 3437 2044 3491 rium
2074 3433 2350 3491 ordinem
2380 3432 2525 3487 mihi
2551 3436 2749 3488 tenere
2780 3431 3151 3504 pesmisistis,
3181 3431 3243 3487 id
3265 3436 3372 3500 est,
3406 3447 3546 3488 cum

132 3522 440 3591 precariam
470 3522 721 3578 ﬁrmare
763 3537 833 3578 ac
874 3520 999 3576 ﬁeri
1027 3523 1281 3591 rogavit.
1310 3522 1366 3577 S.
1427 3519 1775 3590 Maginardi.
1889 3525 2138 3593 mansis,
2173 3523 2347 3593 casis,
2380 3520 2685 3591 domibus,
2709 3520 3351 3596 rediticiis,mancipiis,
3371 3538 3547 3579 acco-

134 3612 181 3667 S.
206 3613 439 3669 Barivei.
469 3614 525 3668 S.
565 3611 838 3669 Girberti.
891 3614 949 3667 S.
984 3612 1288 3680 Enigrimi.
1344 3614 1400 3668 S.
1455 3609 1777 3676 Adelberti,
1890 3615 2089 3681 labus,
2120 3612 2364 3680 libertis,
2402 3611 2586 3680 terris,
2622 3611 2830 3682 vineis,
2883 3611 3066 3680 silvis,
3108 3613 3312 3686 pratis,
3360 3617 3416 3669 et
3444 3628 3549 3687 pa-

138 3701 272 3757 Bavo
311 3701 649 3775 suscripsit.
682 3703 738 3756 S.
763 3700 1358 3771 Raginfridi.t§edean
1407 3702 1779 3774 subscripsit.
1892 3706 2069 3772 senis,
2090 3703 2185 3759 vel
2209 3706 2507 3776 quantum
2538 3700 2615 3758 ad
2646 3702 2782 3773 ipsa
2811 3700 2945 3758 loca
2968 3706 3282 3773 aspectum
3310 3718 3442 3758 esse
3468 3701 3552 3759 vi-

138 3790 407 3848 Ebtardus
423 3790 1242 3863 subscripsitS.Haginfrind.
1269 3791 1455 3847 Jacob
1486 3792 1787 3864 subserip-
1892 3796 2085 3859 detur,
2118 3793 2267 3849 dum
2301 3809 2413 3862 ego
2450 3791 2669 3847 advivo
2707 3807 2814 3863 per
2862 3797 3128 3846 vestrum
3184 3791 3550 3851 beneficium

138 3880 275 3938 sit.S.
300 3882 581 3938 Rartaldi.
606 3883 662 3938 S.
680 3880 1025 3937 Amalberti.
1048 3882 1105 3937 S.
1134 3881 1424 3937 Joachim.
1448 3884 1503 3938 S.
1524 3882 1780 3938 Bosleni.
1892 3882 2040 3939 mihi
2068 3882 2243 3937 liceat
2260 3886 2456 3936 tenere
2478 3883 2535 3935 et
2553 3878 2875 3935 dominari.
2906 3882 2971 3935 Et
2997 3880 3355 3952 spondimus
3383 3879 3551 3936 vobis

139 3971 397 4029 Nersinus
448 3972 753 4029 diaconus
792 3971 1023 4043 scripsi.
1058 3975 1115 4027 et
1174 3971 1552 4044 subscripsit.
1893 3978 1959 4029 ut
1984 3988 2094 4045 pro
2124 3971 2345 4026 indicio
2373 3970 2560 4041 ipsius
2588 3969 2777 4024 sancti
2796 3969 3055 4025 Gervasii
3088 3970 3179 4025 vel
3204 3974 3399 4026 vestro
3428 3973 3552 4027 non

875 4080 1005 4135 LXI.
1897 4064 1974 4117 sit
1999 4061 2173 4117 annis
2199 4058 2451 4129 singulis
2478 4059 2558 4114 ad
2587 4058 2965 4115 festivitatem
2993 4059 3184 4116 sancti
3220 4060 3447 4117 Martini
3468 4060 3555 4116 hi-

139 4166 451 4238 Eremplar
474 4169 783 4240 prec-amr
810 4184 986 4239 quam
1008 4167 1273 4223 Merolus
1295 4168 1601 4238 episcopus
1644 4169 1696 4223 νη

1997 4150 2269 4205 'naticam
2291 4147 2521 4218 argenti
2560 4146 2778 4202 libram
2802 4164 2992 4204 unum
3018 4153 3075 4205 et
3103 4148 3420 4206 dimidiam
3452 4165 3554 4206 vo-

296 4236 458 4297 berto
474 4236 567 4297 ’ἀρ
592 4242 752 4297 cella
779 4236 977 4297 sancti
997 4236 1376 4296 Frambaudi
1398 4236 1566 4310 fecit.
1896 4241 1991 4296 bis
2015 4240 2092 4295 ad
2118 4243 2351 4312 partem
2371 4236 2560 4293 sancti
2580 4237 2911 4295 Gervasiiet
2930 4239 3175 4295 rectoris
3200 4240 3556 4296 eclesiarum

195 4329 439 4387 Domino
465 4334 682 4387 sancto
723 4346 796 4386 ac
849 4329 1179 4386 venerabili
1237 4329 1499 4385 basilicae
1555 4333 1786 4386 sancto-
1897 4328 2221 4386 transsolve
2237 4326 2545 4399 refaciam,
2577 4328 2993 4385 autdecimam
3011 4334 3067 4385 et
3081 4346 3309 4386 nonam
3340 4348 3411 4386 ex
3432 4346 3559 4387 om-

144 4434 257 4475 rum
279 4428 623 4493 martyrum
650 4419 909 4477 Gervasii
939 4424 997 4475 et
1022 4420 1273 4475 Protasii
1297 4435 1436 4491 quae
1492 4425 1579 4475 est
1608 4435 1784 4475 cons-
1898 4421 1959 4476 ni
2006 4418 2202 4475 reditu
2230 4417 2483 4492 pleniter
2510 4418 2885 4491 persolvam;
2919 4423 2976 4475 et
3024 4419 3072 4475 si
3112 4420 3423 4491 negligens
3455 4422 3560 4476 aut

144 4512 309 4568 tracta
334 4511 493 4569 infra
542 4509 762 4566 urbem
806 4509 1167 4566 Cenomanis
1220 4509 1540 4579 civitatem,
1600 4524 1787 4581 quam
1816 4562 1861 4585 η
1899 4510 2108 4567 tardus
2140 4508 2355 4566 exinde
2387 4524 2727 4584 apparuere
2767 4508 2845 4565 ad
2869 4509 3224 4583 praedictum
3244 4509 3554 4585 placitum,

148 4600 368 4657 lerolus
417 4603 751 4675 episcopus
799 4600 861 4656 in
911 4600 1345 4667 dominatione,
1402 4604 1460 4655 et
1518 4599 1579 4656 in
1618 4562 1785 4671 lregi-
1816 4562 1862 4618 Β
1899 4599 2086 4663 ﬁdem
2116 4598 2333 4661 exinde
2376 4562 2572 4657 {abiere
2603 4562 2899 4669 debeam],r
2915 4603 2972 4655 et
3021 4600 3187 4674 ipsas
3234 4562 3355 4672 rres,
3408 4598 3558 4655 dum

149 4689 286 4747 mine
333 4690 563 4748 habere
602 4689 860 4758 videtur,
914 4690 1171 4762 ejusque
1226 4690 1678 4759 congregationi
1727 4691 1789 4746 in
1901 4707 2014 4761 ego
2044 4690 2281 4751 advivo,
2306 4689 2558 4762 perdere
2587 4704 2715 4746 non
2742 4688 3024 4757 debeam,
3088 4694 3144 4745 et
3175 4692 3314 4761 post
3353 4701 3559 4743 meum

153 4776 265 4848 ipsa
287 4779 539 4837 basilica
566 4778 937 4836 consistenti.
974 4782 1097 4847 Ego
1124 4779 1285 4835 enim
1318 4779 1381 4834 in
1414 4779 1513 4835 Dei
1542 4780 1789 4836 nomine
1900 4795 2169 4853 quoque,
2204 4782 2323 4835 Deo
2348 4780 2617 4851 jubente,
2649 4778 2983 4834 discessum
3009 4776 3142 4850 ipsa
3177 4775 3388 4832 locella
3420 4791 3561 4831 cum

154 4867 457 4941 Vilibertus,
488 4870 647 4927 dum
674 4874 732 4925 et
762 4884 901 4925 mea
952 4868 1062 4924 fuit
1108 4870 1311 4942 petitio
1341 4874 1397 4925 et
1450 4873 1649 4926 vestra
1694 4868 1795 4926 de—
1901 4868 2070 4926 omni
2105 4867 2403 4925 soliditate
2445 4868 2526 4924 ad
2556 4884 2621 4923 se
2651 4866 3015 4939 pertinentes
3055 4864 3153 4919 vel
3183 4863 3558 4937 aspicientes,

154 4959 306 5016 crevit
333 4961 646 5023 voluntas,
696 4962 756 5014 et
798 4974 908 5031 per
946 4959 1283 5029 jussionem
1338 4959 1571 5015 Domini
1601 4958 1795 5015 nostri
1899 4959 1996 5016 vel
2016 4958 2314 5031 quidquid
2340 4957 2567 5013 ibidem
2593 4955 2889 5013 attrahere
2915 4954 3008 5009 vel
3037 4952 3437 5011 immeliorare
3458 4970 3563 5028 po-

156 5047 313 5105 Caroli
353 5038 610 5121 gloriosi
656 5048 813 5118 regis
862 5050 1355 5105 monasteriolum
1403 5054 1670 5105 vestrum
1716 5048 1793 5104 de
1902 5054 2092 5121 tuero,
2124 5048 2219 5105 vel
2248 5052 2791 5121 quantumcunque
2823 5049 2963 5101 tunc
2997 5045 3283 5119 temporis
3333 5045 3562 5104 ibidem

158 5139 351 5196 ratione
388 5140 700 5214 praedictae
748 5138 1032 5203 basilicae,
1080 5140 1256 5211 cujus
1285 5139 1655 5195 vocabulum
1708 5142 1795 5193 est
1900 5140 2214 5195 inventum
2246 5137 2442 5206 fuerit,
2483 5152 2591 5191 vos
2636 5138 2740 5189 aut
2768 5138 3026 5192 rectores
3057 5136 3247 5194 sancti
3300 5137 3564 5193 Gervasii

159 5226 217 5281 ad
251 5229 451 5287 cellam
485 5230 686 5286 sancti
717 5228 1081 5300 Frambaldi,
1112 5229 1173 5287 in
1202 5228 1424 5286 vicaria
1454 5228 1796 5285 Gabronen-
1901 5229 2029 5283 sine
2095 5227 2253 5281 illius
2289 5224 2511 5295 judicis
2566 5223 3020 5293 consignatione
3100 5224 3205 5283 aut
3250 5226 3563 5283 haeredum

161 5332 224 5383 se,
261 5336 391 5377 cum
417 5319 593 5378 omni
650 5318 987 5387 integritate
1019 5335 1129 5376 sua
1171 5319 1267 5375 vel
1297 5318 1650 5392 appendicis
1682 5333 1792 5373 no-
1901 5333 2178 5375 meorum
2232 5313 2701 5370 contradictione
2752 5314 3078 5372 investram
3134 5315 3361 5372 faciatis
3390 5331 3564 5373 revo-

161 5402 231 5459 bis
265 5409 332 5465 ad
364 5410 681 5469 usandum
712 5414 909 5465 tenere
936 5408 1314 5482 permisistis,
1347 5409 1409 5464 in
1441 5424 1512 5465 ea
1538 5423 1678 5463 vero
1703 5422 1795 5464 ra-
1902 5422 2037 5465 care
2067 5404 2543 5461 dominationem
2589 5408 2646 5459 et
2670 5408 3029 5477 potestatem
3080 5404 3158 5461 ad
3217 5404 3566 5464 faciendum

163 5494 287 5553 tione
328 5506 390 5557 ut
417 5502 574 5558 dum
624 5517 738 5570 ego
769 5499 990 5557 advivo
1021 5504 1221 5556 tenere
1261 5502 1318 5555 et
1358 5498 1659 5554 dominari
1709 5496 1793 5554 fa-
1901 5495 2070 5570 quod
2116 5493 2422 5550 volueritis
2468 5498 2525 5549 et
2577 5494 2671 5550 hae
2721 5494 3027 5567 precariae,
3112 5510 3183 5552 ac
3230 5495 3279 5552 si
3327 5512 3568 5571 semper

163 5598 267 5643 cere
296 5590 577 5661 debeam,
635 5594 693 5647 et
742 5594 881 5663 post
935 5606 1144 5648 meum
1214 5603 1481 5661 quoque,
1544 5591 1664 5643 Deo
1693 5588 1793 5658 ju-
1900 5601 2009 5659 per
2035 5583 2522 5657 quinquennium
2576 5589 2879 5640 renovatae
2930 5581 3200 5654 fuissent,
3261 5585 3452 5644 ﬁrmae
3511 5590 3569 5645 et

168 5670 323 5747 beate,
365 5683 734 5750 discessum,
804 5680 1080 5754 partibus
1142 5679 1335 5736 sancti
1400 5677 1662 5734 Gervasii
1707 5692 1795 5732 re-
1902 5673 2147 5730 stabiles
2168 5677 2585 5746 permaneant.
2640 5678 2853 5730 Actum
2911 5677 3273 5733 Cenomanis
3328 5676 3565 5734 civitate

171 5771 350 5826 'ertere
374 5771 632 5828 faciatis.
680 5774 747 5827 Et
790 5771 1068 5826 convenit
1117 5769 1295 5825 nobis
1328 5768 1503 5825 annis
1543 5766 1794 5836 singulis
1900 5763 2140 5838 publice
2171 5780 2333 5821 anno
2364 5779 2520 5832 xvix,
2568 5769 2856 5835 regnante
2900 5765 3153 5824 domino
3197 5767 3408 5825 Carolo
3439 5767 3562 5838 glo-

174 5854 231 5908 ad
248 5858 611 5921 festivitatem
634 5860 825 5919 sancti
869 5860 1098 5919 Martini
1123 5858 1564 5917 hibernaticam
1590 5857 1667 5915 de
1695 5870 1791 5914 ar-
1900 5853 2063 5913 rioso
2089 5869 2231 5928 rege
2259 5854 2324 5912 in
2361 5868 2571 5912 mense
2622 5854 2789 5915 Maio.
2844 5856 2901 5914 S.
2948 5856 3210 5917 Viliberti
3262 5856 3370 5930 qui
3407 5856 3569 5917 hanc
