3944 6432
392 277 490 342 103

1495 270 1774 333 ALDRlCl
1814 267 2354 333 CENOMANENCIS
2394 271 2707 334 EPISCOPI

3721 274 3828 329 104

380 405 715 481 precariam
745 402 868 458 fieri
907 406 963 457 et
992 400 1294 457 affirmare
1333 401 1580 471 rogavit.
1635 402 1690 456 8.
1754 393 2022 454 Hervich.
2061 400 2106 452 A
2145 397 2222 452 ad
2260 398 2573 455 basilicam
2622 400 2807 455 sancti
2840 398 3122 454 Vincentii
3155 399 3521 455 Cenomanis
3575 399 3827 455 civitate

385 498 443 554 S.
477 492 755 551 Adalulti.
791 493 846 548 S.
879 489 1128 546 Osberti.
1184 493 1337 544 Boso
1369 488 1748 562 supscripsit.
1783 490 1840 543 8.
1883 489 2032 541 Vue-

381 583 618 640 dranni.
679 582 737 637 8.
797 579 1100 635 Troduini.
1179 582 1234 635 S.
1270 578 1486 633 ('lehrii.
1555 580 1612 633 S.
1666 575 2030 632 Ramestani.

384 677 542 729 Bavo
568 669 944 740 subscripsit.
981 667 1275 740 Eptardus
1319 667 1697 739 subscripsit.
1753 665 2031 722 Salahar-

384 763 497 818 dus
521 758 889 830 subscripsit.
922 758 977 812 S.
1006 756 1352 812 Amalberti.
1388 756 1669 812 Beraldus
1721 754 2030 824 subscrip-

382 852 472 906 sit.
509 852 562 906 S.
599 845 1020 904 Pharamundi.
1055 845 1426 901 Vinneradus
1457 844 1750 900 diaconus
1801 841 2037 914 scripsit

382 946 436 994 et
463 935 830 1008 subscripsit.

451 1027 830 1082 Anteriorum
851 1023 1274 1095 episcoporum
1306 1023 1608 1078 athentica
1659 1027 1716 1078 et
1748 1021 2037 1094 precariae

377 1116 894 1188 infrascriptaruin
927 1113 1196 1168 villarum
1231 1113 1285 1166 in
1319 1114 1558 1167 arcliivo
1615 1112 2033 1168 Cenomanicaa

379 1207 584 1262 matris
623 1203 886 1260 ecclesim
919 1206 1375 1263 conservantur,
1413 1207 1591 1274 atque
1631 1207 1878 1274 propter
1906 1217 2040 1272 pro-

378 1293 663 1350 lixitatem
695 1291 893 1364 operis
917 1291 972 1343 in
1007 1291 1117 1344 hac
1143 1289 1428 1345 schedula
1460 1305 1579 1345 non
1614 1294 1759 1345 sunt
1793 1290 2036 1346 inserta.

1130 1450 1307 1505 LXIII.

385 1577 725 1645 Exemplar
774 1577 1040 1644 epistolte
1068 1591 1246 1644 quam
1281 1575 1532 1628 domnus
1561 1575 1896 1629 Ludovicus
1929 1575 2036 1629 im-

452 1654 701 1716 perator
722 1647 1078 1701 Elisachoro
1099 1647 1536 1716 abbatisuoque
1556 1647 1732 1700 misso
1763 1647 1942 1712 misit,
1971 1651 2033 1698 ut

457 1719 739 1786 beneﬁcia
766 1723 818 1772 et
845 1733 934 1770 res
956 1719 1015 1772 in
1040 1732 1106 1772 ea
1120 1717 1374 1785 scriptas
1387 1719 1431 1770 Α
1448 1718 1636 1771 ldrico
1653 1718 1921 1785 episc0po
1946 1717 2038 1771 vel

453 1791 578 1844 suis
640 1790 831 1844 missis
899 1789 1297 1858 consignaret,
1350 1794 1401 1843 et
1450 1804 1620 1842 suum
1677 1789 2035 1856 episcopium

454 1861 759 1930 imperiali
775 1860 1134 1914 auctoritate
1158 1874 1232 1914 er
1261 1860 1341 1913 eis
1355 1859 1616 1927 pleniter
1634 1859 1958 1914 revestiret.

453 1983 516 2037 In
557 1983 801 2038 nomine
834 1982 1068 2036 Domini
1101 1982 1198 2036 Dei
1230 1987 1285 2036 et
1319 1981 1641 2038 Salvatoris
1672 1982 1858 2038 nostri
1888 1984 2036 2036 Jesu

380 2070 608 2125 Christi.
635 2070 985 2140 Ludovicus,
1012 2070 1218 2125 divina
1246 2070 1668 2142 rcpropitiante
1698 2071 2033 2140 clementia,

377 2157 700 2231 imperator
730 2163 1030 2227 Augustus
1060 2158 1294 2213 Aldrico
1317 2159 1943 2232 venerabiliepiscopo
1975 2163 2034 2214 et

376 2246 537 2302 fideli
570 2252 778 2302 nostro
813 2246 1088 2302 salutem.
1138 2247 1377 2303 Noverit
1417 2253 1517 2302 tua
1555 2247 1856 2303 industria
1886 2248 2033 2319 quia

376 2335 595 2390 missus
630 2341 764 2390 tuus
788 2342 1053 2390 nostram
1075 2335 1219 2390 adiit
1252 2335 1632 2406 praesentiam
1653 2337 2034 2392 innotescens

372 2423 538 2494 quod
569 2423 819 2494 quidam
847 2423 1066 2479 vassali
1097 2423 1302 2493 nostri,
1331 2424 1772 2494 Chermundus,
1805 2424 2035 2479 Vulfar-

372 2510 506 2578 dus,
532 2512 899 2579 Berchadus,
934 2512 1098 2567 Bodo
1131 2519 1187 2567 et
1213 2513 1414 2566 socius
1439 2529 1604 2579 suus,
1638 2512 1931 2569 beneficia
1961 2529 2032 2568 ex

373 2604 476 2656 tuo
504 2600 806 2673 episcopio
837 2601 1062 2656 habent
1086 2617 1222 2673 quae
1253 2601 1396 2656 olim
1428 2617 1534 2673 per
1563 2601 1864 2674 precarias
1893 2602 2033 2658 inde

373 2690 632 2746 alienata
666 2692 919 2746 fuerant.
953 2694 1084 2756 Qua
1128 2690 1204 2746 de
1232 2707 1290 2745 re
1323 2691 1602 2747 volumus
1639 2697 1699 2746 ut
1740 2697 1800 2746 tu
1829 2697 2035 2748 nostra

370 2781 720 2834 auctoritate
750 2780 1000 2850 recipias
1021 2795 1212 2850 usque
1233 2777 1312 2833 ad
1336 2784 1604 2834 nostram
1628 2779 2032 2851 praesentiam,

372 2873 429 2923 et
485 2867 559 2922 de
612 2873 816 2923 nostra
862 2867 1142 2923 fidelitate
1189 2882 1480 2937 magnam
1533 2883 1742 2924 curam
1797 2884 2034 2940 semper

369 2955 621 3024 habeas,
685 2955 835 3010 sicut
894 2957 1185 3012 hactenus
1229 2961 1282 3011 te
1330 2955 1553 3012 habere
1606 2956 2032 3026 cognovimus.

370 3047 518 3100 Nam
566 3050 936 3100 memoratus
968 3045 1189 3100 missus
1212 3050 1349 3100 tuus
1381 3049 1646 3100 nostram
1671 3045 2029 3118 deprecatus

367 3137 456 3189 est
489 3133 770 3205 pietatem
803 3138 866 3188 ut
923 3133 1188 3206 aliquem
1241 3133 1493 3189 missum
1547 3133 1649 3189 tibi
1681 3134 2030 3190 dederimus

364 3221 472 3294 qui
505 3222 822 3294 praedictas
865 3237 957 3278 res
998 3223 1102 3278 tibi
1132 3221 1518 3294 ecelesiseque
1558 3222 1664 3278 tibi
1689 3223 2027 3279 commissa)

365 3311 748 3381 consignaret
823 3316 879 3366 et
952 3312 1301 3367 vestituram
1376 3310 1704 3380 legitimam
1785 3312 2026 3371 faceret.

366 3400 498 3464 Qua
525 3400 600 3456 de
649 3416 713 3456 re
743 3400 1126 3456 Helisachoro
1166 3401 1354 3457 misso
1404 3409 1611 3457 nostro
1643 3401 2028 3474 praecipimus

364 3491 434 3544 ut
461 3488 537 3544 de
589 3489 948 3560 supradictis
979 3488 1285 3545 beneﬁciis
1317 3489 1420 3546 tibi
1460 3491 1805 3546 vestituram
1852 3491 2029 3547 faciat

363 3575 615 3648 quando
673 3575 802 3631 illas
856 3576 917 3631 in
970 3582 1170 3649 partes
1219 3593 1256 3633 a
1293 3578 1469 3633 nobis
1517 3578 1777 3633 directus
1829 3579 2021 3634 fuerit.

363 3663 650 3720 Volumus
698 3665 876 3720 etiam
935 3670 1000 3721 ut
1039 3681 1225 3738 quam
1274 3667 1444 3723 citius
1490 3666 1710 3738 poteris
1766 3667 2022 3722 missum

366 3757 536 3808 tuum
579 3752 732 3808 bene
773 3753 1012 3810 fidelem
1043 3755 1120 3810 ad
1145 3771 1256 3810 nos
1288 3755 1533 3825 dirigas,
1567 3754 1671 3826 qui
1699 3770 1816 3809 nos
1837 3761 2027 3810 certos

361 3840 544 3898 faciat
585 3842 840 3915 qualiter
881 3859 1024 3913 erga
1072 3860 1180 3900 vos
1229 3848 1288 3899 et
1332 3843 1598 3915 reliquos
1649 3841 1856 3898 ﬁdeles
1885 3860 2026 3900 nos-

361 3936 482 3986 tros
549 3932 734 3987 modo
837 3938 1072 4002 agatur,
1151 3936 1207 3988 et
1301 3931 1449 4004 quid
1526 3931 1600 3986 de
1654 3931 1769 3986 illis
1831 3933 2028 3988 causis

358 4017 582 4074 factum
613 4037 767 4092 quas
799 4021 968 4077 vobis
1003 4037 1178 4092 agere
1220 4019 1646 4092 praacepimus.
1685 4021 1840 4075 Bene
1874 4019 2024 4091 vale,

359 4111 418 4163 et
444 4123 553 4164 ora
582 4124 692 4180 pro
712 4109 912 4165 nobis.

1109 4253 1282 4308 LXIV.

356 4393 692 4462 Exemplar
717 4395 1009 4462 praecepti
1033 4393 1235 4448 domm
1253 4391 1546 4446 Ludovici
1563 4392 1822 4460 piissimi
1845 4393 2026 4462 impe-

429 4465 651 4518 ratoris
684 4463 758 4520 de
782 4465 1143 4533 quibusdam
1171 4463 1465 4530 beneﬁciis
1495 4463 1865 4518 vassalorum
1897 4479 2025 4519 suo-

429 4549 588 4597 rum,
640 4533 704 4588 id
756 4541 862 4604 est,
913 4534 1261 4590 Germundi.
1334 4533 1637 4602 Vulfardi,
1697 4535 2022 4605 Berchadi,

428 4605 690 4659 Bovonis
730 4611 784 4660 et
835 4606 980 4661 socii
1007 4607 1158 4674 ejus,
1208 4618 1338 4674 quae
1388 4605 1716 4672 praedictus
1763 4604 2022 4674 impera;

428 4681 524 4730 tor
549 4675 810 4731 reddidit
870 4682 926 4731 et
957 4676 1339 4743 conﬁrmavit
1393 4674 1805 4730 Cenomanicz
1836 4679 2024 4734 matri

427 4747 690 4803 ecclesiae
760 4752 815 4802 et
870 4747 1123 4802 Aldrico
1201 4745 1466 4815 ejusdem
1545 4747 1805 4802 ecclesiae
1874 4749 2022 4817 epis-

427 4832 591 4886 copo.

743 4923 925 4994 (Vide
955 4923 1059 4979 ubi
1082 4938 1291 4996 supra,
1316 4921 1427 4977 col.
1459 4925 1640 4993 1294.)

1110 5064 1246 5121 LXV
1257 5106 1270 5118 .

354 5186 690 5244 Concordia
729 5188 958 5243 Bethta:
1021 5204 1156 5244 cum
1211 5190 1572 5245 monasterio
1632 5191 1830 5246 sancti
1883 5193 2018 5246 Vin-

1104 5279 1305 5334 centii.

425 5371 578 5422 llum
607 5367 914 5437 cognitum
945 5367 1213 5440 estquod
1244 5367 1445 5424 Bethta
1475 5369 1594 5424 Deo
1620 5373 1851 5426 sacrata
1878 5385 2012 5440 por-

350 5455 509 5511 tione
549 5455 754 5527 aliqua
785 5457 846 5511 in
878 5455 1089 5512 locella
1119 5457 1530 5529 nuncupantia
1561 5458 1814 5526 Soliaco,
1852 5461 2012 5514 Man-

349 5545 537 5602 sionc.
567 5543 771 5599 villam
810 5544 1076 5613 Bariaco,
1109 5562 1216 5602 seu
1243 5552 1298 5602 et
1323 5547 1606 5612 Briscino,
1635 5565 1824 5619 quam
1851 5546 2010 5602 filius

349 5650 494 5688 suus
516 5633 933 5690 Ermenfredus
956 5636 1267 5708 quondam
1299 5638 1561 5692 moriens
1585 5637 1919 5708 dereliquit,
1953 5641 2012 5692 et

346 5722 426 5778 ad
450 5721 652 5794 ipsam
677 5721 910 5794 legibus
951 5725 1212 5798 obvenit,
1246 5742 1353 5800 per
1381 5726 1740 5784 venditionis
1766 5725 2006 5783 titulum

2142 485 2425 552 vindicat,
2451 488 2968 561 etaccipitexinde
2992 488 3052 542 in
3081 487 3361 560 pretium,
3385 487 3553 560 quod
3581 494 3641 543 et
3663 487 3827 543 bene

2143 576 2507 648 complacuit
2536 583 2716 650 atque
2753 577 3050 643 convenit,
3094 577 3206 631 hoc
3259 581 3370 647 est,
3403 577 3537 631 auri
3585 576 3824 632 solidos

2143 664 2390 736 probos,
2407 667 2667 739 optimos
2683 670 2863 738 atque
2880 671 3204 739 pensantes
3221 681 3477 721 numero
3492 665 3825 722 ducentos.

2144 757 2274 820 Quo
2287 755 2532 811 veniens
2549 755 2907 812 venerabilis
2939 756 3119 811 frater
3139 755 3426 811 Patuinus
3448 757 3830 828 praepositus

2144 841 2219 896 de
2238 842 2369 914 ipso
2387 844 2752 900 monasterio
2775 860 2897 900 una
2919 859 3056 899 cum
3077 843 3419 900 venditione
3438 845 3598 916 ipsa,
3613 844 3678 900 in
3704 844 3826 917 pri-

2145 936 2285 986 vata
2340 932 2656 988 collatione
2688 933 2818 1006 ipsa
2847 932 3093 1004 protulit
3121 931 3199 988 ad
3225 931 3617 1001 relegendum
3667 933 3825 988 dum

2145 1019 2296 1075 inter
2331 1038 2394 1076 se
2443 1022 2834 1088 intenderent,
2865 1021 2947 1093 (hi
2986 1026 3144 1088 sunt,
3180 1021 3615 1089 Berthofridus,
3649 1022 3826 1078 Dodo

2147 1125 2268 1164 una
2279 1126 2417 1169 cum
2431 1111 2686 1182 conjuge
2704 1128 2814 1166 sua
2828 1110 3114 1166 Eudilane
3132 1110 3224 1167 vel
3241 1110 3644 1167 Bertholanda
3673 1128 3824 1168 cum

2145 1196 2471 1253 infantibus
2489 1200 2610 1255 suis
2632 1200 2723 1254 his
2746 1199 3094 1254 nominibus
3125 1199 3424 1255 Ademaro
3445 1204 3504 1255 et
3530 1200 3823 1270 Joanne),

2146 1286 2414 1343 chartam
2431 1287 2880 1358 ambagibalem
2903 1288 3601 1360 ibidem-praesentabant
3620 1305 3825 1362 quam

2145 1375 2352 1430 Bethta
2381 1375 2460 1431 ad
2489 1376 2652 1448 ipsos
2685 1376 2940 1432 infantes
2967 1391 3110 1432 suos
3137 1375 3376 1443 fecerat,
3412 1375 3517 1431 ubi
3545 1376 3827 1433 habebat

2144 1461 2458 1534 insertum,
2484 1463 2632 1519 dum
2657 1463 2998 1530 advivebat,
3033 1468 3091 1518 et
3120 1463 3179 1518 in
3211 1467 3411 1535 partes
3431 1462 3588 1519 duas
3611 1465 3827 1535 Leogi-

2143 1549 2254 1605 liso
2276 1551 2589 1623 quondam
2639 1552 2894 1621 conjuge
2920 1568 3029 1608 suo
3051 1568 3237 1624 quam
3256 1556 3314 1607 et
3361 1568 3536 1608 suam
3574 1553 3824 1608 tertiam

2144 1639 2220 1694 ad
2263 1656 2439 1695 usum
2480 1642 2826 1706 tenuerit,et
2847 1646 2982 1712 post
3007 1657 3185 1695 suum
3215 1639 3554 1696 discessum
3576 1641 3654 1696 ad
3683 1641 3825 1712 jam

2072 1749 2116 1803 Β
2143 1727 2334 1783 dictos
2364 1728 2619 1785 infantes
2650 1745 2791 1784 suos
2841 1734 2966 1785 tam
2997 1729 3128 1784 illas
3171 1729 3327 1784 duas
3370 1734 3569 1802 partes
3619 1747 3824 1802 quam

2144 1821 2200 1872 et
2225 1833 2399 1873 suam
2433 1818 2662 1873 tertiam
2693 1819 2748 1872 in
2772 1834 2979 1873 eorum
3016 1818 3344 1890 reciperent
3364 1817 3820 1887 dominatione,

2143 1905 2291 1961 dum
2321 1907 2472 1962 inter
2514 1923 2576 1963 se
2620 1907 3012 1970 intenderent,
3046 1907 3453 1963 mediantibus
3484 1907 3664 1964 bonis
3699 1909 3822 1964 ho-

2145 1994 2407 2050 minibus
2434 1995 2512 2051 ad
2562 1997 2728 2068 pacis
2760 1995 3147 2052 concordiam
3185 1997 3294 2052 visi
3327 2001 3468 2052 sunt
3497 2012 3599 2054 eos
3630 2013 3820 2053 revo-

2143 2101 2334 2140 casse.
2372 2087 2658 2142 Convenit
2682 2086 2834 2142 inter
2862 2087 3028 2159 ipsos
3053 2087 3218 2160 quod
3249 2086 3349 2143 illa
3390 2093 3608 2160 quarta
3635 2092 3818 2160 parte

2141 2190 2329 2246 quam
2355 2174 2740 2231 Ermenfredo
2761 2175 3070 2248 quondam
3093 2175 3155 2232 in
3173 2175 3506 2232 Mansiones
3534 2176 3822 2233 debitum

2142 2268 2269 2318 erat
2289 2264 2602 2319 memorati
2624 2265 2880 2321 infantes
2904 2264 3307 2334 Berthofredo,
3335 2265 3500 2321 Dodo
3516 2281 3642 2322 una
3668 2282 3821 2322 cum

2142 2352 2398 2422 conjuge
2436 2368 2546 2408 sua
2585 2353 2866 2409 Eodilane
2909 2353 3004 2409 vel
3032 2352 3430 2410 Bertholanda
3457 2358 3670 2410 contra
3702 2369 3813 2409 ve-

2140 2436 2392 2491 nerabili
2447 2436 2622 2492 fratre
2682 2439 2932 2493 Patuino
2988 2439 3314 2510 prmposito
3369 2438 3462 2493 vel
3505 2438 3639 2510 ipso
3671 2456 3813 2493 mo-

2141 2525 2422 2594 nasterio,
2444 2530 2985 2598 quantumcunque
3006 2525 3229 2581 ibidem
3258 2525 3482 2582 habere
3503 2526 3817 2590 videntur,

2140 2615 2304 2669 omni
2326 2618 2594 2685 tempore
2616 2614 2879 2671 habeant
2900 2615 3325 2682 evindicatum,
3354 2621 3414 2671 et
3440 2615 3679 2689 reliquo
3716 2634 3818 2673 ve-

2140 2719 2204 2759 ro
2235 2709 2356 2760 tam
2388 2704 2448 2759 in
2481 2704 2712 2760 Soliaco
2739 2721 2927 2777 quam
2959 2706 3018 2760 in
3048 2706 3292 2762 Bariaco
3315 2722 3424 2762 seu
3455 2711 3514 2762 et
3555 2707 3615 2761 in
3654 2709 3810 2763 Bris-

2141 2792 2275 2848 cino
2343 2793 2639 2865 quidquid
2699 2793 3082 2850 Ermenfredo
3129 2795 3444 2867 quondam
3517 2796 3814 2853 obvenire

2138 2880 2364 2949 debuit,
2415 2881 2508 2938 vel
2536 2888 2833 2954 quantum
2864 2898 2971 2955 per
3001 2883 3357 2940 venditionis
3399 2884 3636 2940 titulum
3669 2902 3808 2942 me-

2143 2975 2374 3027 morata
2405 2972 2609 3028 Bethta
2637 2973 2757 3027 sive
2783 2973 2912 3042 jam
2944 2972 3199 3028 Noberta
3225 2973 3300 3028 ad
3324 2979 3664 3030 memorata
3696 2975 3811 3031 ha-

2067 3100 2107 3154 c
2139 3058 2303 3115 silica
2328 3059 2615 3154 delegata
2642 3065 2850 3115 contra
2879 3061 3432 3154 ipso_l_3erthofredo
3463 3066 3520 3118 et
3552 3062 3812 3154 Dodone

2138 3163 2262 3203 uno
2311 3149 2449 3203 cum
2481 3149 2738 3219 conjuge
2770 3165 2880 3204 sua
2912 3149 3195 3205 Eodilane
3227 3165 3462 3206 necnon
3506 3156 3564 3206 et
3596 3153 3812 3208 Berto-

2135 3235 2418 3305 landane,
2463 3240 2588 3292 tam
2646 3236 2833 3306 terris,
2867 3237 3042 3305 casis,
3103 3238 3440 3310 mancipiis,
3490 3238 3811 3311 domibus,

2135 3325 2423 3394 aedificiis,
2447 3325 2794 3395 accolabus,
2830 3327 3034 3399 partis,
3063 3328 3329 3399 pascuis,
3359 3327 3574 3397 vineis,
3606 3328 3809 3394 silvis,

2135 3415 2329 3486 aquis,
2357 3430 2778 3487 aquarumque
2827 3416 3204 3485 decursibus,
3239 3416 3461 3472 mobile
3492 3421 3550 3472 et
3576 3417 3811 3474 immo-

2133 3503 2273 3572 bile,
2313 3504 2534 3574 junctis
2573 3509 2628 3558 et
2679 3504 3033 3574 subjunctis,
3067 3504 3158 3560 vel
3182 3504 3349 3560 omni
3389 3506 3809 3577 supraposito,

2133 3598 2692 3666 quantumcumque
2727 3593 2786 3648 in
2820 3593 2950 3664 jam
2984 3593 3144 3650 dicta
3169 3593 3378 3650 locella
3411 3595 3812 3653 Ermenfredo

2133 3681 2444 3752 quondam
2467 3681 2688 3737 habere
2714 3681 3023 3751 debuerat,
3059 3698 3198 3754 pars
3229 3683 3575 3740 monasterii
3607 3686 3808 3741 sancti

2136 3769 2416 3825 Vincentii
2440 3769 2532 3826 vel
2558 3772 2687 3840 ejus
2706 3776 2964 3826 rectores
2985 3776 3193 3827 contra
3213 3771 3380 3844 ipsos
3401 3772 3682 3828 homines
3706 3789 3809 3829 su-

2133 3855 2334 3929 perius
2363 3864 2868 3914 commemoratos
2905 3858 3124 3930 irquali
3152 3858 3324 3916 lance
3374 3858 3642 3916 dividere
3701 3860 3807 3917 de-

2133 3945 2296 4002 bent.
2343 3946 2505 4003 Unde
2533 3948 2809 4004 convenit
2853 3952 2918 4004 ut
2946 3953 3064 4004 tres
3112 3948 3394 4021 epistolas
3419 3965 3544 4006 uno
3591 3954 3807 4007 tenore

2133 4035 2503 4108 conscriptas
2534 4036 2686 4092 inter
2740 4053 2802 4091 se
2854 4036 2982 4092 ﬁeri
3039 4043 3097 4094 et
3153 4037 3424 4110 accipere
3483 4038 3808 4113 deberent,

2131 4123 2296 4197 quod
2321 4131 2378 4180 et
2402 4125 2486 4181 ita
2510 4125 2797 4193 fecerunt,
2830 4131 2895 4181 ut
2919 4125 3120 4181 nullus
3141 4132 3350 4183 contra
3373 4143 3585 4200 parem
3616 4144 3807 4185 suum

2133 4213 2209 4268 de
2253 4212 2378 4268 istis
2428 4214 2837 4270 convenientis
2898 4231 2960 4270 se
3012 4220 3311 4271 remutare
3368 4231 3492 4272 non
3545 4223 3805 4289 posset;

2134 4301 2300 4373 quod
2330 4301 2392 4356 in
2417 4301 2531 4357 hoc
2561 4302 2754 4358 facere
2785 4304 3255 4376 praesumpserit,
3287 4309 3523 4378 partem
3556 4321 3736 4362 suam
3768 4323 3808 4362 a

2135 4406 2279 4462 pare
2310 4407 2420 4446 suo
2446 4391 2696 4453 amittat,
2732 4397 2788 4447 et
2817 4391 3064 4464 insuper
3090 4392 3240 4448 fisco
3269 4393 3536 4449 sociante
3567 4394 3702 4450 auri
3730 4394 3809 4450 li-

2133 4479 2275 4534 bras
2294 4479 2503 4536 decem
2530 4481 2757 4550 argenti
2776 4481 2976 4552 ponde
3006 4481 3213 4552 viginti
3235 4487 3480 4538 coactus
3502 4482 3805 4553 exsolvat,

2133 4573 2190 4624 et
2216 4585 2326 4624 nec
2356 4569 2439 4624 sic
2488 4569 2656 4642 quod
2691 4570 2914 4642 reperit
2941 4569 3246 4627 vindicare
3299 4587 3422 4627 non
3469 4571 3691 4642 valeat,
3743 4578 3809 4630 et

2128 4659 2242 4716 has
2275 4659 2574 4732 epistolas,
2597 4676 2752 4733 quas
2780 4661 2841 4716 in
2873 4660 3130 4717 invicem
3182 4661 3348 4718 bona
3372 4661 3682 4718 voluntate
3712 4662 3807 4718 fe-

2129 4753 2357 4814 cerunt,
2392 4764 2531 4804 cum
2558 4748 2940 4821 stipulatione
2992 4749 3347 4822 intraposita
3374 4751 3584 4807 ﬁrmas
3621 4755 3683 4806 et
3712 4751 3807 4808 in-

2128 4836 2434 4892 violabiles
2459 4837 2626 4893 omni
2667 4842 2935 4910 tempore
2984 4839 3225 4894 valeant
3278 4839 3628 4911 perdurare.
3683 4845 3807 4898 Ac-

2125 4930 2253 4980 tum
2288 4925 2519 4981 Soliaco
2558 4925 2619 4981 in
2650 4942 2777 4982 rem
2809 4926 3006 4998 ipsam
3034 4927 3085 4982 is
3114 4943 3276 4984 anno
3308 4944 3361 4983 x1
3391 4928 3561 4999 regni
3581 4927 3809 4987 domni

2124 5014 2471 5070 Theodorici
2516 5014 2760 5085 gloriosi
2807 5015 2988 5086 regis,
3051 5016 3217 5088 quod
3277 5016 3414 5072 fecit
3480 5019 3805 5089 praesentis

2123 5104 2348 5159 mensis
2378 5103 2646 5160 Octobris
2678 5104 2774 5160 die
2803 5103 3186 5161 duodecimo.
3214 5105 3380 5161 Dodo
3411 5106 3806 5180 subscripsit.

2127 5195 2182 5248 S.
2229 5192 2509 5248 Eodilane
2543 5193 2799 5265 conjuge
2832 5209 2942 5249 sua
3000 5195 3422 5250 Berthofredus
3484 5196 3808 5270 subscrip-

2124 5282 2214 5337 sit.
2245 5283 2300 5336 S.
2359 5281 2798 5340 Bertolandane
2839 5299 3132 5354 germana
3178 5301 3412 5353 eorum,
3469 5286 3573 5358 qui
3634 5287 3807 5345 hanc

2122 5370 2438 5442 epistolam
2468 5371 2593 5428 ﬁeri
2623 5377 3004 5442 rogaverunt.
3053 5373 3317 5430 Diriceus
3374 5374 3570 5430 abbas
3621 5377 3809 5433 subs-

2122 5459 2346 5531 cripsit.
2375 5460 2700 5516 Beoraldus
2723 5461 2784 5517 in
2805 5462 2905 5517 Dei
2931 5463 3176 5519 nomine
3193 5462 3388 5520 abbas
3409 5464 3803 5538 subscripsit.

2120 5547 2494 5617 Aiglimanus
2524 5550 2898 5622 subscripsit.
2917 5554 3176 5608 Joannes
3205 5552 3563 5625 subscripsit
3595 5555 3804 5614 Salico

2122 5635 2496 5708 subscripsit.
2544 5637 2772 5693 Dadolo
2826 5639 3163 5696 Sidonianis
3231 5641 3592 5714 subscripsit
3652 5645 3804 5700 Ber-

2119 5723 2440 5781 tholaudus
2489 5726 2865 5799 subscripsit.
2902 5731 2957 5785 S.
2996 5727 3294 5786 Vuitdoni.
3350 5733 3406 5786 S.
3457 5732 3798 5804 Turpaldo.
