3944 6418
1140 245 1207 299 ΙΝ
1245 239 1703 299 ANGELOMUM.
1743 267 1818 282 --
1853 235 2148 298 NOTITIA
2184 242 2585 302 HISTORICA.

3455 249 3556 304 106

100 372 257 426 Baro
306 367 691 440 subscripsit.
725 367 1057 423 Landulfus
1111 367 1486 440 subscripsit.
1521 365 1775 424 Odricus
1803 370 1852 423 Α
1889 383 2018 423 esse
2066 368 2465 426 decrevimus.
2500 370 2717 426 Actum
2750 369 2997 427 Pictavis
3025 369 3262 427 civitate
3291 369 3553 444 publice,

99 458 479 531 subscripsit.
528 456 925 513 Caldobertus
965 457 1287 527 recognovi
1328 462 1385 513 et
1415 454 1771 528 subscripsi.

171 548 551 604 Anteriorum
581 547 1007 619 episcoporum
1033 546 1378 602 authentica
1408 550 1466 602 et
1490 544 1773 618 precarite

92 637 257 693 infra
286 637 652 709 scriptarum
684 635 964 692 villarum
991 636 1051 692 in
1083 636 1326 692 archivo
1358 635 1774 692 Cenomanieaa

94 726 311 782 matris
339 725 608 782 ecclesiae
654 730 1113 795 conservantur,
1145 729 1204 782 et
1243 730 1489 798 propter
1539 722 1776 796 prolixi-

98 820 285 872 tatem
309 815 513 889 operis
544 816 610 871 in
633 815 748 871 hac
779 814 1070 871 schedula
1101 830 1223 870 non
1256 819 1397 871 sunt
1420 814 1663 870 inserta.

852 924 1030 978 LXVI.

94 1029 394 1085 Precaria
426 1029 501 1084 de
530 1030 679 1084 villa
737 1030 1078 1085 Calisamen
1104 1044 1285 1100 quam
1316 1030 1459 1098 fecit
1486 1029 1774 1085 Aldricus

174 1102 597 1157 Cenomanicz
624 1101 779 1156 sedis
811 1102 1145 1169 episcopus,
1176 1100 1441 1171 Agberto
1473 1117 1642 1158 vasso
1670 1102 1773 1156 (lo-

169 1174 395 1229 minico
417 1178 683 1242 tempore
720 1172 1013 1228 Ludovici
1038 1173 1295 1242 piissimi
1322 1173 1605 1242 Augusti.

171 1262 434 1318 Domino
490 1266 701 1317 sancto
751 1278 822 1317 ac
859 1261 1190 1317 venerabili
1228 1260 1494 1318 basilicas
1554 1266 1774 1318 sanctae

92 1350 296 1409 Mariae
348 1367 593 1424 semper
640 1351 892 1420 virginis
933 1356 1406 1424 sanctorumque
1438 1356 1772 1424 martyrum

92 1441 370 1498 Gervasii
397 1447 456 1497 et
486 1440 761 1505 Protasii,
786 1456 926 1512 quas
957 1444 1049 1497 est
1078 1444 1424 1496 constructa
1453 1439 1608 1496 infra
1640 1457 1773 1496 mu-

89 1548 199 1587 ros
233 1530 601 1588 Cenomanis
627 1529 901 1600 civitatis,
932 1546 1120 1603 quam
1146 1529 1422 1585 Aldricus
1455 1530 1775 1603 episcopus

92 1621 155 1676 in
185 1620 613 1677 dominatione
638 1625 697 1676 et
725 1619 1016 1688 regimine
1056 1619 1280 1676 habere
1324 1619 1578 1686 videtur,
1620 1621 1774 1691 ejus-

93 1726 221 1783 que
253 1709 713 1781 congregationi
743 1726 817 1765 ex
847 1710 980 1782 ipsa
1011 1709 1376 1765 eousistenti.
1411 1712 1562 1779 Ergo
1613 1711 1774 1765 enim
1806 1730 1846 1783 Β

91 1800 157 1855 in
191 1800 299 1857 Dei
330 1799 580 1856 nomine
612 1798 929 1868 Agbertus,
958 1798 1108 1854 dum
1144 1802 1202 1854 et
1230 1814 1370 1855 mea
1408 1798 1517 1854 fuit
1547 1799 1771 1871 petitio,

91 1894 155 1946 et
185 1894 392 1947 vestra
422 1888 690 1945 decrevit
716 1888 1014 1957 voluntas,
1045 1888 1252 1944 villam
1279 1893 1546 1945 vestram
1580 1888 1655 1944 de
1684 1905 1776 1944 ra-

92 1979 263 2035 tione
297 1977 492 2051 ipsius
514 1977 799 2041 basilicaa,
830 1977 1005 2047 cujus
1034 1976 1405 2034 vocabulum
1435 1981 1525 2033 est
1556 1976 1775 2033 Calisa-

92 2084 267 2138 men,
311 2083 456 2123 cum
500 2067 671 2123 omni
720 2066 1056 2137 integritate
1104 2066 1281 2122 nobis
1338 2065 1418 2122 ad
1463 2065 1773 2122 usandum

92 2163 305 2213 tenere
337 2156 720 2229 permisistis,
752 2156 810 2212 in
842 2171 915 2211 ea
943 2172 1086 2212 vero
1111 2155 1340 2211 ratione
1375 2160 1439 2211 ut
1482 2156 1631 2211 dum
1663 2171 1776 2225 ego

90 2246 328 2303 advivo
349 2251 553 2302 tenere
581 2251 640 2301 et
668 2244 971 2301 dominari
997 2245 1277 2309 debeam,
1302 2249 1360 2300 et
1381 2250 1519 2318 post
1548 2261 1773 2312 meum,

92 2339 224 2393 Deo
248 2335 528 2407 jubente,
560 2334 1221 2407 discessum,partibus
1248 2338 1473 2389 sancta:
1504 2335 1694 2389 Maria:
1721 2339 1778 2389 et

90 2420 295 2478 sancti
343 2419 610 2476 Gervasii
657 2418 969 2491 sanctique
1005 2418 1252 2475 Protasii
1278 2423 1567 2475 revertere
1599 2416 1777 2474 facia-

1887 473 2049 513 anno
2107 476 2264 514 xxvn
2306 459 2541 532 imperii
2594 459 2805 515 domui
2857 459 3141 517 Ludovici
3185 459 3556 534 piisimiAu-

1886 548 2061 616 gusti,
2110 565 2169 603 ix
2226 548 2352 605 Kal.
2398 548 2777 620 Februarias,
2830 550 2886 605 S.
2938 549 3183 621 Agberti
3228 549 3336 623 qui
3393 548 3556 606 hanc

1885 638 2217 707 precariam
2248 637 2376 693 ﬁeri
2436 654 2507 694 ac
2550 638 2789 695 ﬁrmare
2839 639 3098 710 rogavit.
3149 640 3205 695 S.
3242 639 3556 710 Regenarii

1886 726 2117 781 comitis
2140 743 2179 798 p
2203 727 2365 783 ilatll.
2397 730 2454 785 S.
2489 727 2789 785 Gauzelini
2819 727 3234 786 mansionarii.
3273 730 3332 786 S.
3364 731 3555 801 Bage-

1886 815 2047 869 naldi
2073 816 2326 872 comitis.
2351 818 2406 871 S.
2431 817 2738 873 Ramnulti
2770 817 3005 874 comitis
3024 816 3255 892 palatii.
3278 816 3554 875 Gibertus

1886 920 2089 959 comes
2118 904 2397 975 signavit.
2431 907 2487 963 S.
2524 905 2774 963 Valfredi
2810 905 3064 964 comitis.
3092 906 3432 964 Eberardus
3455 922 3554 965 co-

1885 1010 2013 1047 mes
2063 992 2339 1063 signavit.
2392 994 2602 1051 Emino
2671 1011 2876 1052 comes
2923 996 3203 1066 signavit,
3258 995 3551 1053 Badulfus

1884 1098 2103 1135 vassus
2160 1082 2503 1138 dominicus
2556 1083 2835 1152 signavit.
2891 1083 3291 1140 Gauziolenus
3339 1100 3551 1141 vassus

1884 1170 2225 1227 dominicus
2257 1170 2533 1241 signavit.
2587 1173 2903 1243 Rotgarius
2945 1189 3159 1230 vassus
3210 1174 3552 1231 dominicus

1886 1259 2163 1329 signavit.
2192 1260 2363 1317 Isaac
2394 1277 2609 1317 vassus
2639 1260 2985 1318 dominicus
3017 1262 3298 1333 signavit.
3356 1266 3550 1319 Immo

1885 1365 2098 1405 vassus
2139 1349 2484 1406 dominicus
2544 1350 2822 1420 signavit.
2881 1351 3203 1408 Varnarius
3255 1350 3551 1409 diaconus

1885 1438 2121 1510 scripsit
2150 1442 2207 1494 et
2236 1437 2614 1512 subscripsit.

2601 1530 2816 1585 LXVII.

1883 1617 2219 1686 Exemplar
2241 1619 2536 1687 praecepti
2561 1617 2794 1673 domini
2815 1618 3107 1674 Ludovici
3147 1618 3406 1688 piissimi
3444 1618 3551 1674 im-

1956 1692 2253 1774 peratoris
2279 1689 2356 1774 de
2381 1690 2531 1774 villa
2563 1690 2925 1773 Calismnen,
2946 1690 3106 1774 quod
3127 1691 3274 1774 fecit
3293 1690 3550 1774 praedic:

1957 1764 2050 1815 tus
2099 1760 2432 1829 imperator
2483 1762 2901 1818 Cenomanicte
2948 1760 3138 1818 matri
3182 1760 3444 1818 ecclesia
3490 1767 3548 1818 et

1955 1832 2209 1888 Aldrico
2239 1834 2502 1902 ejusdem
2536 1833 2702 1889 urbis
2731 1833 3024 1903 episcopo.

2265 1921 2425 1992 (Vide
2457 1921 2562 1978 ubi
2592 1936 2797 1994 supra,
2832 1920 2944 1978 col.
2982 1921 3159 1993 1295.)

2593 2010 2826 2066 LXVIII.

1884 2100 2223 2168 Exemplar
2248 2100 2538 2169 praecepti
2564 2100 2771 2155 domni
2796 2099 3091 2156 Ludovici
3137 2100 3403 2169 piissimi
3424 2099 3551 2156 Au-

1956 2172 2120 2241 gusti
2140 2171 2321 2241 quod,
2340 2176 2634 2240 precante
2663 2171 2918 2227 Aldrico
2939 2172 3233 2242 episcopo,
3262 2171 3548 2242 ﬁerijus-

1956 2243 2031 2297 sit
2065 2243 2309 2314 quando
2354 2244 2408 2298 ei
2433 2244 2716 2299 concessit
2750 2247 2814 2297 ut
2844 2241 3085 2314 (iuberet
3115 2258 3290 2298 suum
3321 2241 3550 2300 arcano-

1956 2310 2118 2369 mum
2171 2315 2276 2384 qui
2318 2329 2436 2383 pro
2489 2314 2596 2369 illo
2644 2310 2971 2370 secundum
3010 2313 3344 2383 jussionem
3374 2329 3547 2371 suam

1956 2390 2195 2455 generet
2237 2386 2563 2441 exteriores
2610 2399 2788 2441 curas
2834 2390 2891 2441 et
2921 2385 3155 2456 regalia
3190 2386 3461 2456 servitia,
3491 2390 3549 2442 et

1957 2457 2178 2512 itinera
2231 2457 2484 2526 faceret,
2517 2461 2569 2513 et
2614 2456 2946 2526 praedictus
2996 2456 3279 2526 ponti/ea:
3323 2471 3437 2513 sua
3482 2456 3549 2513 in

91 2511 165 2566 tis
191 2529 209 2578 ;
246 2515 308 2567 et
336 2507 617 2565 convenit
643 2507 819 2564 nobis
850 2524 915 2564 ut
942 2507 1118 2564 annis
1149 2507 1401 2577 singulis
1432 2506 1511 2563 ad
1561 2507 1777 2563 festivi-

90 2606 287 2657 tatem
337 2598 531 2654 sancti
559 2596 789 2654 Martini
821 2596 1256 2653 hibernaticam
1287 2597 1519 2667 argenti
1552 2595 1775 2653 solidos

88 2706 216 2746 xxv
247 2686 656 2745 transsolvere
686 2685 969 2757 debeam,
995 2692 1100 2743 aut
1130 2685 1433 2743 decimam
1463 2690 1521 2742 et
1548 2702 1775 2742 nonam

92 2778 361 2853 pleniter
393 2776 740 2850 persolvam
766 2775 841 2831 de
865 2776 1034 2832 omni
1054 2775 1269 2845 reditu,
1301 2779 1360 2832 et
1387 2775 1437 2831 si
1461 2774 1773 2848 negligens

92 2874 205 2926 aut
234 2868 451 2925 tardus
482 2866 700 2923 exinde
731 2882 1095 2938 apparuere,
1124 2863 1311 2921 ﬁdem
1332 2864 1549 2921 exinde
1577 2865 1775 2922 facere

90 2958 390 3023 debeam,
418 2962 475 3013 et
498 2956 699 3029 ipsam
732 2954 937 3011 villam
966 2953 1217 3027 perdere
1240 2969 1365 3010 non
1396 2952 1675 3011 debeam.
1711 2957 1778 3011 Et

91 3054 159 3104 ut
190 3048 290 3104 hae
323 3047 610 3120 precaria:
643 3060 767 3101 uno
800 3049 1002 3101 tenore
1034 3043 1387 3117 conscriptae
1435 3043 1605 3100 omni
1632 3048 1777 3100 tem-

91 3153 247 3211 pore
299 3134 490 3191 ﬁrmae
531 3139 591 3192 et
633 3133 881 3190 stabiles
912 3136 1329 3206 permaneant,
1359 3148 1549 3190 manu
1569 3137 1777 3191 nostra

94 3233 151 3284 et
208 3225 470 3282 aliorum
502 3222 805 3281 nobilium
838 3227 1183 3279 nostrorum
1231 3220 1775 3280 subterﬁrmandas

1952 2528 2250 2597 parochia
2279 2529 2584 2595 resideret,
2611 2534 2667 2584 et
2697 2543 2870 2584 suum
2901 2529 3302 2584 ministerium
3327 2526 3550 2599 absque

1957 2599 2378 2669 impedimento
2408 2599 2740 2669 adimplere
2760 2604 3026 2670 curaret,
3049 2604 3105 2656 et
3126 2599 3366 2671 reliqua
3391 2598 3550 2656 sicut

1955 2671 2020 2726 in
2045 2686 2111 2727 eo
2141 2672 2529 2728 continentur
2555 2671 2806 2728 inserta.

2264 2750 2437 2822 (Vide
2466 2749 2571 2807 ubi
2601 2766 2808 2823 supra,
2835 2749 2951 2807 col.
2986 2751 3171 2823 1297.)

2630 2842 2802 2896 LXIX.

1883 2928 2220 2998 Exemplar
2241 2929 2535 3000 praecepti
2556 2930 2764 2985 domni
2808 2929 3102 2987 Ludovici
3126 2929 3385 3000 piissimi
3427 2928 3552 2987 Au-

1955 3002 2119 3071 gusti
2145 3002 2220 3056 de
2247 3002 2397 3056 villa
2427 3002 2696 3057 .Bonalla
2726 3001 2887 3072 quod
2902 3003 3051 3072 fecit
3078 3001 3405 3071 praedictus
3445 3003 3551 3056 im-

1805 3087 1847 3141 ο
1951 3078 2202 3141 perator
2224 3072 2468 3142 quando
2492 3073 2666 3127 illam
2691 3072 2959 3128 reddidit
2989 3073 3397 3129 Cenomanica'
3425 3086 3550 3128 ma-

1959 3144 2043 3199 tri
2057 3144 2318 3201 ecclesia'
2337 3148 2393 3200 et
2413 3143 2664 3199 Aldrico
2681 3143 2948 3212 ejusdem
2968 3144 3230 3199 ecclesiae
3251 3143 3545 3212 episcopo.

2269 3221 2440 3295 (\‘ide
2465 3221 2571 3278 ubi
2597 3237 2807 3295 supra,
2837 3221 2953 3278 col.
2989 3222 3176 3294 1298.)

1495 3524 1643 3569 ANNO
1681 3524 1877 3572 DOHN
1910 3525 2166 3572 DCCCLVI.

892 3952 899 3957 ,
1040 3701 2619 3915 ANGELOMUS

1371 4016 1840 4074 LUXOVIENSIS
1892 4015 2300 4075 MONACHUS.

798 4252 1247 4335 NOTlTIA
1311 4249 1904 4334 HISTORICA
1970 4252 2087 4333 IN
2151 4252 2305 4333 AN
2313 4251 2884 4337 GELOMUM.

1325 4399 1579 4469 (Fabric,
1616 4398 1771 4455 Bibl.
1801 4399 1951 4455 med.
1985 4406 2042 4456 et
2068 4400 2174 4457 inf.
2206 4400 2359 4473 Lat.)

172 4616 546 4679 Aser-:Louus,
598 4605 940 4679 monachus
990 4602 1378 4679 Luxoviensis
1413 4602 1482 4679 _in
1513 4604 1783 4679 Burgun-
1815 4607 1859 4661 D
1898 4606 2343 4679 Commentaria
2373 4621 2568 4679 nuper
2604 4622 2679 4679 ex
2707 4604 2914 4679 codice
2952 4604 3303 4679 monasterii
3339 4605 3419 4662 ad
3462 4606 3564 4660 Pe-

105 4682 227 4747 dia,
282 4674 537 4738 ordinis
566 4676 953 4746 Benedictini,
986 4675 1230 4748 scripsit
1276 4674 1355 4749 ad
1399 4675 1781 4749 ‘Lotbarium,
1892 4681 2053 4734 trum
2085 4674 2527 4749 Salisburgeifsi
2556 4677 2821 4748 vulgavit
2855 4678 3193 4734 Bernardus
3224 4679 3373 4749 Pez.,
3405 4679 3559 4749 tom.

108 4745 393 4825 adeoque
423 4754 565 4808 ante
597 4745 1142 4825 annum_855..quo
1175 4745 1488 4825 Lotliarius
1510 4746 1780 4825 impera-
1894 4753 1918 4825 l_
1958 4745 2431 4825 _Anecdotorum,
2464 4764 2608 4825 pag.
2642 4745 2734 4814 4⁷3,
2767 4750 3053 4825 Augustae
3100 4746 3354 4825 Vindel.,
3384 4745 3562 4825 _172t,

109 4832 198 4881 tor
221 4815 309 4902 et
366 4827 566 4902 Drogo
595 4818 884 4902 hhietensis
914 4815 1239 4902 episcopus
1268 4817 1416 4874 obiit
1446 4817 1550 4902 (α)ἶ
1582 4815 1783 4876 Enar-
1894 4820 2019 4902 fol._,
2042 4820 2266 4902 quibus
2295 4815 2661 4902 Angeloiﬁus
2686 4815 3052 4902 prooemium
3082 4817 3357 4873 versibus
3383 4815 3566 4902 besa-

109 4898 402 4960 raliones,
426 4889 553 4949 sive
583 4893 896 4965 Stromata
925 4889 990 4947 in
1027 4889 1353 4965 ganticum
1384 4892 1783 4965 canticorum,
1896 4889 2100 4948 metris
2125 4889 2430 4965 praemisit.
2454 4889 2712 4965 Utraque
2741 4891 2802 4965 in
2835 4889 3168 4965 Canticum,
3188 4890 3414 4965 quae_et
3430 4889 3567 4960 ipsa

108 4974 162 5024 εί
189 4970 341 5041 Ροεί
387 4957 652 5041 Ϊηρῗίθω
701 4961 975 5041 θέυεάθω
1026 4960 1339 5041 Ψοϐοοίθν
1390 4963 1691 5041 ἒῒιῖοζξιξιῑθ
1722 4963 1786 5041 in
1897 4957 2846 5041 excusa”Coloniensibustypis,
2891 4963 2970 5041 et
2992 4960 3054 5041 in
3102 4957 3303 5041 libr'ps‘
3331 4957 3567 5041 Regum

185 5028 381 5095 amor
446 5036 632 5092 libros
703 5028 930 5106 Regum
974 5028 1223 5090 collecta
1269 5048 1354 5106 ex_
1385 5033 1664 5106 Patribus
1732 5037 1792 5089 et
1898 5050 2111 5091 recusa
2140 5039 2378 5091 exstant
2405 5034 2468 5090 in
2515 5028 2881 5106 Bibliotheca
2929 5032 3174 5106 Patrum
3204 5028 3565 5106 Coloniensi,

127 5102 363 5186 audata
386 5107 740 5186 _Si_geberto
788 5102 945 5186 :eap.
989 5107 1095 5186 "86,
1146 5108 1206 5186 et
1267 5102 1625 5186 Tritliemio"
1651 5120 1786 5186 cap.
1900 5107 2368 5186 tomziiiupag:
2402 5108 2619 5186 780,_‘et
2661 5102 3251 5186 Lugdunensi,‘tom.
3281 5103 3391 5186 XV,
3423 5116 3563 5176 pag.

110 5187 233 5248 266,
262 5181 343 5237 de
380 5180 441 5237 S.
582 5182 640 5234 et
668 5176 743 5234 de
790 5172 1124 5233 illustribus
1154 5173 1550 5248 Benedictinis
1581 5178 1647 5243 11,
1676 5172 1745 5231 42'
1774 5190 1788 5230 :
1902 5172 2258 5248 307415.111
2302 5172 2494 5248 libros
2523 5172 2902 5245 Regumnon
2932 5172 3218 5248 difﬁteatur
3247 5190 3310 5230 se
3340 5172 3569 5248 mago.

108 5246 222 5328 qui
255 5252 447 5328 etiam
479 5250 627 5328 ejus
646 5250 868 5328 librum
897 5248 972 5305 de
1015 5248 1236 5328 divinis
1267 5246 1498 5328 Officiis
1523 5262 1795 5328 gemme-

111 5318 327 5382 morat.
364 5318 673 5381 Stromata
701 5320 764 5377 in
811 5319 997 5376 libros
1026 5321 1255 5389 Regum
1285 5323 1423 5374 ante
1469 5318 1795 5374 editionem

112 5400 280 5454 Rom.
313 5397 482 5464 1565,
505 5392 631 5457 £01.,
655 5391 853 5464 habeo
880 5390 1038 5448 edita
1067 5389 1328 5464 Coloniae
1361 5389 1515 5464 1530,
1549 5389 1796 5464 iol,,per

114 5459 486 5545 Eucharium
529 5463 980 5528 Cervicornum,
1009 5460 1116 5545 qui
1144 5462 1206 5517 in
1235 5459 1509 5545 Praua}:
1553 5459 1794 5545 Utinam

114 5543 352 5612 reliqua
378 5540 518 5612 ejus
544 5550 752 5606 opera,
769 5533 1107 5612 prxsertim
1135 5533 1379 5612 quodin
1410 5534 1662 5612 Genesin
1683 5533 1801 5612 edi-

115 5604 267 5670 disse
312 5627 380 5670 se
402 5604 690 5681 'fatetur,
723 5604 1052 5669 exstarent,
1103 5604 1213 5661 etc.
1266 5605 1388 5660 Ista
1435 5605 1500 5660 in
1547 5604 1799 5661 Gcnesin

182 5724 263 5795 (a)
294 5720 447 5780 Vide
480 5715 798 5778 Labbeum
827 5715 902 5773 de
931 5717 990 5772 S.
1020 5717 1107 5779 E.,
1138 5718 1283 5773 tom.
1317 5713 1361 5783 Ι,
1391 5728 1455 5788 p.
1484 5717 1576 5772 77.

523 5828 779 5883 ΡΑτιιοι.
820 5822 990 5881 CXV.

3159 5824 3189 5878 4

1902 5250 1995 5303 nis
2021 5247 2261 5302 hortatu
2290 5248 2374 5304 ad
2397 5247 2621 5303 calcem
2645 5251 2814 5303 tenus
2831 5246 3208 5316 perduxisse,
3224 5260 3344 5301 non
3375 5244 3569 5316 solum

1906 5319 2143 5390 quidem
2174 5319 2319 5388 quia
2341 5318 2508 5388 ﬁlius
2538 5323 2668 5373 erat
2696 5315 3199 5390 pra’stantissimi
3219 5315 3425 5390 Caroli
3448 5315 3574 5390 Ca9-

1905 5387 2078 5453 sai't's,
2125 5387 2243 5445 imo
2291 5389 2494 5459 frater
2549 5390 2852 5445 mitissimi
2905 5388 3201 5445 Ludovici
3249 5387 3572 5459 principis,

1906 5477 2113 5519 verum
2170 5457 2348 5517 etiam
2402 5461 2547 5531 quia
2604 5466 2735 5517 erat
2786 5460 3134 5530 praeclarus
3177 5457 3467 5532 ponti/“ea:
3520 5463 3576 5516 et

1908 5532 2092 5589 abbas
2121 5546 2286 5588 meus
2316 5533 2612 5603 egregius.
