3944 6410
438 256 538 310 107

436 420 2010 449 _____________.__________

1536 237 1893 294 ANGELOMI
1934 232 2384 290 LUXOVIENSIS
2421 229 2735 288 MONACHI
3752 218 3828 275 tm

2022 405 3820 431 _______________________

1665 554 2629 679 ANGBLOMI

1825 792 2184 834 LUXOVIENSIS
2223 791 2466 833 MONACHI

1023 972 2178 1099 COMMENTARIUS
2285 972 2424 1088 EN
2528 964 3152 1090 emam
3221 978 3258 1017 ει

1367 1226 1552 1295 (Apud
1582 1224 1822 1291 Pezium,
1860 1222 2141 1278 Thesaur.
2175 1220 2390 1275 Anocd.
2420 1221 2663 1280 novius”
2690 1223 2828 1271 tom.
2864 1215 2932 1285 l.)

507 1525 707 1565 INCIPIT
746 1521 1061 1563 PROOEMIUM
1104 1519 1399 1566 SEQtTFNTIS
1441 1519 1633 1557 OPl'StIl
1654 1519 1702 1556 LI
1744 1517 2021 1556 ANtilﬁLOMI

1154 1610 1389 1648 DlAtZONI.

438 1728 466 1767 ι)
496 1725 668 1782 Istius
698 1721 920 1791 egregii
946 1721 1159 1776 seriem
1187 1734 1463 1790 percurre
1492 1718 1691 1779 libelli,

441 1816 631 1877 Quem
660 1811 917 1865 dictante
953 1813 1068 1864 Deo
1094 1807 1263 1862 libuit
1296 1807 1630 1877 depingere,
1664 1805 1864 1873 lector,

445 1904 512 1957 Ut
556 1916 802 1972 prosam
850 1901 1085 1959 reseret,
1119 1913 1227 1951 nec
1258 1912 1374 1949 non
1412 1896 1508 1948 tibi
1540 1894 1795 1964 mystica
1828 1892 2046 1961 pandat
2074 1910 2086 1947 :

441 1987 733 2060 Propellat
755 2003 1002 2051 nocuas,
1035 2000 1351 2055 nocuoque
1383 2000 1453 2037 ex
1483 1982 1659 2037 corde
1689 1981 1981 2045 tenebras,

440 2078 773 2148 Vitalesque
799 2076 1002 2139 legetis
1033 2073 1241 2128 crebro
1268 2073 1581 2142 (ICCCi‘pt".‘('
1618 2088 1847 2133 sensus,

437 2169 626 2237 Atque
651 2164 790 2217 satis
813 2163 1008 2217 valeas
1038 2161 1251 2215 mentis
1282 2161 1669 2230 pinguescere
1694 2159 1896 2211 libras.

441 2253 708 2308 Historiae
736 2253 829 2305 hic
863 2250 1105 2305 Genesis
1143 2254 1479 2303 reserantur
1508 2246 1799 2319 opuscula
1830 2262 2015 2301 sacra.

439 2341 652 2398 Omnia
680 2357 813 2413 quae
847 2339 1119 2412 pandunt
1150 2337 1448 2403 grandaevi
1475 2337 1714 2391 Condita
1748 2334 1956 2389 mundi

436 2431 663 2486 Scilicet
690 2428 1049 2500 aethereique
1079 2427 1222 2499 poli,
1254 2426 1475 2481 telluris
1510 2441 1804 2496 aqtuequc

435 2519 732 2583 Condidit,
760 2517 1108 2587 aethralique
1140 2516 1290 2569 Dens
1322 2531 1426 2585 qui
1446 2517 1655 2575 regnat
1680 2514 1738 2567 in
1772 2529 1926 2567 arce.

438 2606 673 2663 Materia
710 2608 769 2662 in
802 2606 1029 2678 species
1062 2603 1297 2658 informi
1331 2604 1621 2656 transtulit
1648 2608 1840 2672 aptas,

440 2697 920 2769 Conspicumque
948 2699 1153 2749 manet
1181 2693 1331 2757 visu,
1365 2698 1419 2747 et
1450 2692 1747 2763 palpabile
1798 2688 2092 2761 quidquid

441 2786 681 2855 Nostris,
702 2790 1139 2855 exceptumque
1170 2781 1415 2853 quidem
1450 2798 1553 2835 seu
1587 2780 1813 2833 viribus
1844 2784 2021 2849 atque

438 2879 587 2932 Cum
620 2874 780 2929 socia
810 2874 1013 2940 Patris,
1046 2873 1260 2927 virtute
1294 2875 1349 2925 et
1378 2870 1654 2924 Flaminis
1683 2868 1824 2923 almi

438 2964 591 3021 Olim
622 2962 970 3019 condiderat
998 2961 1220 3035 pariter
1247 2959 1472 3015 ratione
1508 2957 1748 3029 Imivllll.

438 3058 585 3110 Nam
616 3053 879 3109 referunt
905 3051 1086 3106 etiam
1116 3054 1332 3105 nostra:
1364 3048 1692 3120 primordia
1724 3046 1878 3111 vitm,

435 3145 584 3200 Cum
608 3144 917 3199 hominem
953 3145 1199 3197 narrant
1230 3138 1491 3211 paradisi
1537 3138 1591 3191 in
1631 3136 1769 3191 sede
1809 3135 2090 3201 locatum,

436 3233 601 3288 Unde
630 3232 812 3287 draco
840 3248 1035 3285 szevus
1065 3229 1319 3284 detraxit
1340 3226 1574 3284 lividus.
1610 3232 1787 3296 atque

443 3324 778 3379 i‘artaream
807 3322 1034 3386 sedem,
1062 3320 1308 3374 vetitum
1334 3316 1478 3388 quia
1511 3316 1709 3370 tollere
1740 3330 1995 3385 pomum

436 3408 664 3462 Ambro
691 3408 838 3479 quin
872 3407 1071 3472 voluit,
1108 3407 1268 3461 solus
1300 3421 1409 3459 nec
1441 3404 1676 3473 pertulit
1701 3403 1849 3456 iram
1879 3420 1891 3468 ;

440 3494 556 3550 Sed
603 3510 792 3563 genus
820 3495 1156 3547 humanum
1191 3508 1423 3562 poenas,
1456 3492 1573 3545 heu
1600 3492 1608 3543 !
1643 3490 1828 3545 sensit
1854 3488 2092 3553 Averni,

440 3582 612 3647 Quod
644 3581 846 3647 genuit
876 3586 1065 3635 totum
1096 3580 1339 3650 proprio
1366 3578 1441 3632 de
1473 3579 1695 3631 leniore
1728 3577 1931 3647 lapsus

441 3671 539 3726 llic
572 3687 673 3724 sex
705 3685 1004 3724 annorum
1028 3668 1249 3722 mansit
1277 3682 1383 3737 per
1414 3666 1597 3720 millia
1627 3672 1843 3733 trusus,

442 3760 612 3816 Filius
639 3759 732 3815 ille
768 3758 865 3813 Dei
896 3758 1087 3811 donec
1126 3755 1435 3811 descendit
1463 3755 1540 3809 ab
1566 3754 1705 3810 aula

438 3852 682 3905 Sumere
712 3863 935 3903 nomen
966 3846 1105 3900 Adae
1138 3843 1323 3899 voluit
1347 3843 1452 3915 qui
1492 3859 1560 3898 ac
1588 3843 1793 3898 omnia
1823 3843 2095 3899 membra

437 3940 618 3996 Solvit
647 3939 729 3994 sic
760 3938 1047 3993 miserum
1074 3936 1368 3990 miserans
1399 3934 1646 4001 indigna
1678 3934 1961 4001 ferendo;

438 4033 505 4083 lit
533 4032 769 4100 caperet
796 4027 1040 4099 plorans
1074 4025 1318 4079 tandem
1341 4023 1603 4077 coelestia
1634 4040 1839 4093 regna,

436 4120 577 4181 Quae
606 4121 760 4170 tacto
793 4120 1022 4186 poterat
1052 4114 1176 4167 sine
1208 4114 1435 4167 Christo
1458 4112 1705 4185 perdere
1740 4129 1943 4184 pomo.

438 4207 534 4260 Hic
564 4204 1044 4276 patriarcharum
1075 4202 1407 4257 clarissima
1438 4208 1601 4272 gesta
1633 4202 1931 4270 leguntur,

435 4294 674 4365 Mystica
703 4309 839 4364 quae
872 4290 1125 4346 nimium
1158 4290 1417 4359 gravidis
1450 4291 1779 4363 typicisque
1810 4292 2017 4360 ﬁguris

437 4384 755 4451 Signantur
787 4379 1016 4445 Christi,
1046 4385 1383 4451 nostrasque
1414 4385 1470 4434 et
1500 4381 1663 4435 dona
1688 4381 1917 4443 salutis,

436 4473 533 4526 llic
564 4487 734 4525 sacra
764 4485 907 4523 nam
937 4485 1117 4522 sacra:
1150 4474 1475 4523 cernuntur
1506 4468 1801 4540 dyndima
1830 4468 1997 4538 legis,

430 4566 621 4634 Atque
652 4557 996 4628 evangelica
1026 4556 1218 4629 salpix
1242 4558 1379 4628 [169.
1410 4558 1666 4631 salpinx]
1698 4558 1891 4629 typice
1939 4559 2088 4615 into-

1705 4646 1832 4717 [nat
1860 4648 2012 4703 orbi.

427 4740 660 4796 Texitur
690 4737 999 4811 eloquium
1030 4742 1377 4793 sanctorum
1408 4737 1545 4792 hinc
1575 4738 1786 4810 purius
1818 4754 1988 4809 auro,

426 4830 651 4884 Clarius
679 4832 949 4897 argento,
984 4827 1305 4882 formosius
1337 4826 1603 4899 undique
1630 4825 1866 4894 electro,

427 4917 597 4982 Quod
627 4917 800 4972 nobis
824 4916 1035 4989 pandit
1068 4916 1261 4987 typice
1296 4915 1714 4971 moderamina
1742 4916 1892 4971 vitae.

426 5006 665 5074 Mystica
687 5005 1005 5075 depromit,
1036 5004 1327 5077 promittit
1352 5011 1406 5060 et
1436 5005 1555 5061 alta
1585 5004 1862 5077 polorum
1887 5021 1903 5059 :

426 5092 636 5147 Dorica
660 5108 802 5147 nam
833 5094 1081 5149 Hebraea
1104 5094 1234 5164 fari,
1265 5110 1376 5149 nec
1406 5094 1614 5163 lingua
1642 5094 1845 5150 Latina

424 5184 699 5247 Possunt,
733 5197 867 5254 quae
896 5183 1122 5251 gremio
1155 5184 1363 5238 retinet
1396 5200 1567 5240 sacra
1595 5184 1702 5239 iste
1732 5183 1987 5239 libellus.

422 5272 573 5340 Ergo
600 5287 711 5341 age
736 5272 865 5342 jam
892 5270 1071 5327 calles
1104 5272 1311 5327 rutilos
1341 5274 1606 5329 discurre
1636 5272 1905 5343 libenter,

421 5358 593 5414 Istius
623 5365 684 5415 ut
714 5361 921 5433 capias
950 5377 1121 5417 sacra
1150 5365 1236 5417 tot
1263 5362 1646 5433 charismata,
1678 5362 1880 5431 lector,

492 5491 517 5562 ξι
548 5504 576 5562 ξ
609 5482 811 5562 Prodit
840 5502 999 5540 nunc
1031 5486 1293 5562 prirnum
1322 5486 1381 5562 in
1411 5487 1606 5542 lucem
1638 5504 1709 5542 ex
1736 5505 1848 5562 ms.
1875 5488 2080 5544 codice

422 5552 786 5631 celeberrimi
824 5552 1161 5631 meras'terii
1198 5558 1274 5610 ad
1302 5560 1362 5631 ὃ.
1403 5562 1634 5611 Petrum
1670 5559 2078 5627 Salisburgen-

421 5626 775 5703 sisuordinis
799 5696 808 5703 _
829 5630 1225 5703 S._Be_nedi(:ti_.
1250 5629 1590 5703 “diligenter
1643 5631 1891 5683 collatus
1939 5626 2078 5686 eum

419 5693 624 5751 codice
653 5711 768 5750 ms.
794 5696 997 5769 inclyti
1026 5699 1281 5756 caanobii
1308 5699 1647 5755 Zwetlensis
1694 5699 1921 5757 ordinis
1948 5702 2072 5757 Cis-

2127 1503 2172 1553 A
2206 1503 2243 1553 E
2271 1498 2491 1571 quibus
2516 1495 2904 1551 altithronnm
2943 1490 3140 1563 possis
3183 1489 3547 1557 dignoscere
3572 1483 3846 1539 Christum

2208 1591 2268 1642 Et
2297 1586 2580 1642 merearis
2609 1600 2797 1639 ovans
2827 1581 2958 1636 ccrli
2993 1577 3399 1635 conscendere
3428 1575 3646 1644 limen,

2205 1682 2452 1748 Quoque
2480 1682 2667 1729 metas
2700 1672 2836 1727 felix
2860 1670 3188 1725 multarum
3222 1666 3447 1734 gaudia
3474 1680 3706 1727 rerum,

2203 1763 2511 1820 Cernendo
2546 1761 2864 1817 Dominum
2898 1774 3134 1830 semper
3160 1772 3267 1828 per
3296 1753 3525 1810 saecula
3558 1767 3779 1807 verum.

2913 1870 3128 1921 Amen.

2713 1991 3065 2060 Explt‘ciunt
3100 2002 3325 2044 versus.

2291 2138 2415 2175 ITEM
2460 2134 2740 2176 PILEFATIO
2780 2134 2832 2172 IN
2873 2131 3173 2172 OPL’SCULIS
3212 2131 3278 2169 EX
3319 2128 3485 2169 ιωΒο
3529 2125 3784 2177 GENESIS,

2749 2221 3028 2261 ANUELOMI
3068 2219 3308 2259 DIACONI.

2272 2349 2293 2374 ο
2328 2337 2557 2393 Eximio
2590 2337 2757 2401 Patri,
2793 2342 2848 2391 et
2880 2335 3126 2390 ﬂoribus
3156 2333 3444 2388 virtutum
3502 2330 3714 2386 fnlcito
3760 2329 3852 2399 [Z.,

2204 2427 2359 2483 Patri
2379 2426 2648 2481 moribus
2664 2425 2794 2481 virt.
2820 2425 2968 2495 ful.],
2986 2422 3412 2495 sapientiaeque
3430 2419 3629 2475 nitore
3657 2423 3852 2473 ornato

2204 2520 2475 2572 Leonum
2508 2514 2819 2578 sacerdoti,
2854 2520 3189 2568 ANCELOML’S
3220 2509 3465 2565 humilis
3498 2509 3722 2565 Levita.

2274 2609 2597 2675 Postquam
2647 2602 3075 2674 gazophylacia
3120 2617 3189 2656 ac
3241 2601 3559 2655 thesauros
3605 2602 3851 2670 quatuor

2206 2693 2681 2759 Evangeliorum,
2715 2708 2850 2763 quae
2876 2689 3160 2747 omnibus
3204 2688 3552 2744 divinarum
3608 2687 3852 2757 Scriptu-

2202 2800 2404 2838 rarum
2432 2782 2665 2853 paginis
2699 2798 2807 2836 sua
2852 2781 3061 2835 merito
3097 2778 3445 2835 auctoritate
3493 2775 3850 2849 praecellunt.

2126 2857 2166 2912 Β
2206 2872 2423 2927 scilicet
2450 2872 2686 2939 egregio
2717 2871 2965 2925 domino
2994 2868 3392 2941 permittente,
3424 2883 3495 2922 ac
3530 2867 3853 2939 imperante

2206 2963 2444 3029 abbate,
2479 2961 2674 3015 subtili
2708 2959 3115 3027 indagatione,
3150 2958 3406 3013 Domino
3454 2956 3770 3025 largiente,
3802 2954 3853 3007 in

2204 3058 2497 3122 quantum
2529 3050 2853 3121 quivimus,
2884 3048 3077 3103 rimati
3108 3064 3340 3113 sumus,
3372 3045 3655 3101 videlicet
3685 3043 3857 3111 magi-

2207 3146 2348 3203 stro,
2381 3140 2507 3194 viro
2534 3138 2779 3210 quidem
2813 3136 3215 3193 eruditissimo
3246 3135 3475 3193 Mellino
3511 3136 3617 3206 [Z.,
3652 3132 3855 3191 Mellili-

2206 3232 2297 3297 co‘j
2330 3228 2633 3283 sacerdote
2666 3243 2938 3282 sermone
2970 3225 3300 3299 lampabili,
3326 3241 3396 3281 ac
3420 3229 3545 3280 toto
3573 3223 3856 3279 catholico

2204 3318 2557 3389 propalante
2588 3316 2955 3387 spiritualem
2985 3333 3195 3371 aurem
3223 3314 3735 3371 accommodante
3776 3313 3855 3367 in-

2204 3407 2585 3471 telligentiam
2617 3406 2866 3459 libenter
2891 3404 3230 3471 hausimus,
3268 3402 3536 3472 tandem,
3570 3407 3638 3458 ut
3686 3400 3854 3465 nosti,

2203 3496 2280 3551 ad
2331 3496 2585 3566 abyssos
2628 3495 2851 3549 Veteris
2895 3493 3275 3557 Testamenti,
3303 3493 3539 3547 Christo
3586 3490 3852 3565 praesule,

2203 3585 2487 3656 pl‘zedlclo
2546 3586 2715 3638 Patre
2789 3584 3142 3655 imperante,
3194 3598 3554 3654 quanquam
3637 3579 3852 3653 pavidi,

2202 3680 2453 3729 ovantes
2492 3673 2857 3746 appulimus,
2913 3678 3090 3743 atque
3141 3672 3259 3727 alta
3302 3670 3503 3744 pelagi
3530 3684 3852 3741 reumaque

2203 3764 2505 3831 gurgitum
2532 3762 2749 3816 divinze
2790 3761 3049 3816 historiae
3096 3765 3363 3815 nostram
3400 3760 3677 3815 carinam
3708 3756 3856 3813 avidi

2203 3854 2558 3905 scrutatores
2591 3850 3015 3904 immersimus.
3045 3850 3194 3903 Cum
3220 3848 3402 3915 enim,
3430 3851 3679 3903 auctore
3718 3845 3855 3901 lucis

2203 3940 2463 4008 aﬁlante,
2487 3939 2665 3993 etiam
2698 3938 3113 4005 evangelicum
3142 3937 3423 4008 clypeum
3446 3936 3599 3992 laeva
3631 3940 3856 4005 gestan-

2202 4033 2305 4095 tes,
2368 4028 2753 4099 gladiumque
2806 4027 3127 4099 ancipitem
3183 4026 3369 4081 divini
3424 4025 3595 4081 verbi
3654 4025 3856 4080 dextra

2202 4119 2472 4181 ferentes,
2506 4117 2564 4171 in
2600 4123 2721 4171 tam
2753 4116 3129 4171 vastissimos
3156 4131 3226 4170 ac
3267 4114 3558 4186 mysticos
3615 4128 3854 4187 quoque

2118 4206 2163 4259 Ο
2202 4223 2412 4261 sensus
2460 4206 2718 4275 tegmine
2765 4204 3001 4259 sublato
3039 4203 3330 4258 didascali
3373 4203 3855 4275 promulgatione

2200 4295 2550 4351 testimoniis
2579 4296 2918 4349 divinarum
2952 4295 3143 4349 cincta
3178 4294 3488 4366 potissimo
3513 4292 3724 4348 labore
3756 4291 3852 4346 de-

2200 4385 2505 4453 sudantes,
2557 4385 2944 4455 proticnaque
2996 4383 3310 4438 collatione
3372 4382 3732 4438 meditantes
3789 4396 3855 4434 ea

2197 4490 2334 4547 quae
2364 4474 2442 4529 ab
2474 4490 2573 4529 ore
2603 4474 2862 4529 doctoris
2920 4471 3312 4527 libentissime
3357 4472 3703 4535 hausimus,
3734 4485 3851 4526 me-

2197 4563 2403 4618 morias
2456 4578 2670 4617 sensus
2726 4560 3313 4626 commendaremus,
3354 4560 3507 4616 inter
3555 4558 3854 4631 colloquia

2197 4651 2448 4706 ccelestis
2497 4649 2721 4705 oraculi
2771 4648 3001 4720 coepisti
3044 4648 3271 4703 atl‘abili
3318 4648 3539 4722 pioque
3570 4647 3851 4703 affamine

2195 4741 2405 4796 crebro
2428 4755 2767 4809 suggerere,
2789 4742 2944 4793 utea
2969 4752 3105 4810 quae
3126 4737 3380 4793 ubertim
3407 4753 3476 4792 ac
3508 4735 3854 4792 mirabiliter

2194 4828 2536 4884 divinarum
2570 4826 3023 4883 auctoritatibus
3051 4825 3388 4899 approbata
3437 4826 3663 4898 exponi
3692 4824 3851 4880 vide-

2190 4916 2433 4984 bantur,
2450 4922 2507 4972 et
2532 4918 2812 4972 thesauro
2843 4915 3099 4987 pectoris
3114 4916 3289 4985 juxta
3310 4914 3695 4984 fragilitatem
3728 4927 3855 4969 sen-

2193 5024 2295 5062 sus
2319 5006 2819 5068 recondebantur,
2835 5006 2894 5059 in
2912 5004 3347 5061 membranulis
3363 5019 3502 5059 meo
3519 5004 3680 5076 stylo
3695 5003 3853 5072 dige-

2190 5112 2317 5152 rere
2336 5112 2457 5152 non
2479 5096 2830 5157 abnuerem,
2847 5098 2911 5149 ut
2933 5094 3253 5150 haberetur
3271 5094 3430 5149 unde
3447 5092 3508 5148 in
3525 5092 3729 5149 futuro
3746 5093 3853 5147 fre-

2191 5192 2479 5259 quentata
2509 5185 2760 5241 lectione
2794 5185 3086 5241 memoria
3115 5189 3504 5240 recrearetur.
3536 5183 3713 5249 Quod
3743 5198 3851 5251 ego

2192 5280 2368 5332 tantae
2399 5276 2481 5331 rei
2512 5275 2750 5346 pondus
2773 5278 3164 5346 pertractans,
3197 5272 3568 5329 omnimodis
3623 5272 3853 5328 delites-

2190 5369 2382 5419 cendo
2413 5363 2605 5418 facere
2630 5363 2850 5419 distuli.
2888 5362 2999 5419 Sed
3030 5378 3142 5418 nos
3171 5363 3432 5434 inceepto
3454 5377 3636 5434 opere
3685 5357 3851 5431 gravi

2190 5487 2515 5543 terciensis.
2555 5510 2581 5537 η
2616 5490 2740 5542 ΡΕΖ.

2262 5560 2288 5600 ι)
2316 5564 2635 5629 Samum/es
2672 5575 2873 5614 versus
2918 5558 3141 5613 absunt
3181 5574 3218 5613 (ι
3268 5557 3480 5612 Codire
3508 5556 3846 5629 Zwellensi.

2260 5640 2281 5664 ε
2301 5627 2418 5683 tlod
2432 5633 2506 5686 .Ζ.
2520 5649 2530 5684 ;
2546 5633 2759 5698 Incipit
2770 5632 3057 5701 protegas
3079 5630 3556 5699 benti.~lngelomi
3569 5627 3849 5701 monachi

2188 5707 2243 5757 et
2253 5702 2582 5771 Levitw,ad
2599 5702 2945 5758 Leodricum
2962 5702 3539 5774 sacerdotem,super
3551 5700 3844 5759 δεηθείη.
