3944 6438
92 269 179 322 W9
1470 259 1761 317 COMMEN‘

1971 266 2133 323 GEN.

3418 270 3523 327 ΗΟ

85 388 281 444 labore
314 384 716 451 desudantes,
767 384 986 451 subito,
1024 385 1278 442 Domino
1331 390 1656 453 annuente,
1684 384 1745 439 in
1775 385 1822 440 A
1862 390 2095 457 sus,his
2128 406 2224 447 me
2254 391 2449 447 verbis
2471 390 2693 447 blande
2723 390 3048 464 alloquitur
3071 410 3084 449 :
3110 392 3285 459 Quid,
3307 392 3520 465 inquit,

85 495 229 535 onus
258 494 421 534 curae
475 475 817 550 pastoralis,
851 492 886 533 a
915 493 1039 549 qua
1096 482 1148 532 te
1179 494 1469 533 excusare
1500 476 1747 532 minime

83 570 258 635 licuit,
289 585 404 642 pro
429 567 689 624 aliorum
721 566 912 623 salute
934 567 1220 625 suffectus
1248 586 1333 624 es.
1362 572 1484 638 Ego
1515 567 1664 623 inibi
1692 571 1748 622 te

84 660 648 730 subrogatum,quo
679 656 794 712 sub
826 658 992 727 gravi
1014 658 1163 714 falce
1183 658 1539 731 depressum
1569 657 1748 713 etiam

82 745 457 821 lacrymabili
488 763 592 802 ore
612 746 941 812 declamas,
966 763 1036 803 eo
1067 748 1232 820 quod
1276 748 1561 803 salutaria
1592 746 1751 800 dicta

83 845 136 895 et
181 838 366 894 mella
413 837 761 893 animarum
813 836 1022 894 sedula
1051 838 1458 903 meditatione,
1495 843 1555 892 ut
1587 837 1751 908 prius

78 928 373 984 imbibere
403 942 529 982 non
555 926 707 994 licet,
733 942 941 982 rursus
965 943 1063 983 me
1090 927 1375 983 accersito
1402 926 1752 984 auctoritate

83 1017 469 1092 prrelationis,
505 1017 759 1089 coepisti,
812 1033 935 1072 non
985 1018 1439 1088 sugerendo,ut
1493 1017 1751 1080 dudum,

83 1110 185 1165 sed
221 1107 691 1181 quodammodo
721 1107 1074 1164 intentando
1103 1108 1422 1180 imperare,
1459 1112 1523 1163 ut
1550 1107 1756 1179 aliqua

81 1198 378 1270 opuscula
405 1215 478 1253 ex
510 1196 665 1251 libro
710 1198 1026 1261 Geneseos,
1059 1199 1323 1253 maxime
1376 1214 1481 1252 sex
1519 1196 1754 1251 dierum

80 1303 292 1359 opera,
342 1302 380 1343 a
431 1287 688 1343 Domino
738 1291 994 1359 patrata,
1051 1287 1224 1357 juxta
1278 1287 1558 1354 litteram,
1616 1302 1753 1358 (Illte

80 1376 259 1433 valde
308 1375 669 1432 difficillima
699 1375 997 1442 videntur,
1032 1376 1184 1431 sicut
1208 1393 1243 1434 a
1270 1377 1513 1433 doctore
1542 1375 1757 1432 tradita

82 1467 342 1529 fuerant,
372 1465 608 1538 liquido
642 1481 921 1521 sermone
967 1465 1387 1538 depromerem
1415 1484 1427 1521 :
1460 1465 1755 1543 quoniam

81 1555 415 1629 spiritalem
468 1555 943 1623 intelligentiam,
976 1572 1113 1627 quae
1161 1556 1224 1611 in
1275 1555 1581 1612 nonnullis
1612 1555 1758 1610 locis

82 1662 379 1717 magnam
434 1644 665 1701 obtinet
694 1644 1179 1715 nebulositatem,
1206 1645 1267 1701 in
1315 1645 1480 1701 libris
1516 1649 1758 1701 Patrum

81 1742 131 1792 te
162 1736 423 1807 habere,
455 1740 508 1792 et
540 1734 803 1791 maxime
829 1751 863 1790 a
888 1734 1067 1791 beato
1099 1735 1345 1805 Isidoro,
1377 1736 1505 1791 viro
1558 1734 1758 1791 erudi-
1788 1746 1829 1798 Β

82 1827 339 1893 tissimo,
391 1825 774 1881 enucleatum
820 1825 1076 1891 testaris,
1109 1825 1244 1881 licet
1279 1826 1485 1881 omnia
1531 1840 1667 1898 qum
1697 1825 1758 1881 in

78 1916 336 1988 praefato
386 1914 697 1971 volumine
747 1915 1128 1970 continentur
1179 1916 1486 1987 mysteria,
1518 1931 1641 1971 non
1679 1915 1759 1971 ab

80 2023 147 2062 eo
166 2005 566 2062 inveniantur
589 2010 927 2077 compacta,
951 2008 1009 2060 et
1033 2006 1200 2076 [Cod.
1228 2007 1292 2061 Ζ.
1313 2022 1425 2062 om.
1453 2006 1530 2078 et]
1553 2005 1756 2075 etiam,

77 2095 245 2168 quod
276 2100 369 2152 est
401 2095 665 2165 gravius,
696 2111 767 2151 ea
809 2112 946 2169 quae
978 2112 1015 2151 a
1047 2100 1210 2152 tanto
1250 2096 1493 2151 doctore
1521 2100 1761 2169 praeter-

79 2186 268 2241 missa
323 2191 484 2255 sunt,
533 2186 868 2240 secundum
926 2185 1093 2258 quod
1124 2186 1293 2256 [Cod.
1335 2187 1426 2255 Z.,
1459 2186 1618 2257 quae]
1652 2189 1761 2241 tra-

76 2275 200 2331 dita
232 2275 389 2331 mihi
421 2276 677 2342 fuerant,
710 2280 768 2329 et
795 2290 903 2347 per
950 2291 1045 2330 me
1091 2274 1358 2331 invenire
1404 2274 1757 2347 potuissem,

78 2370 139 2420 ut
195 2364 331 2421 suis
381 2365 710 2421 insererem
740 2363 906 2431 locis,
938 2363 1125 2419 libera
1176 2364 1526 2421 auctoritate
1576 2363 1762 2436 impe-

76 2455 245 2510 rasti.
281 2455 473 2525 Cujus
504 2454 927 2528 praeceptionis
956 2470 1275 2510 censuram
1306 2454 1758 2527 pertimescens,

80 2546 259 2601 tacita
296 2546 661 2613 cogitatione
690 2561 1006 2601 assensum
1038 2544 1307 2617 praebere
1351 2543 1610 2601 decrevi.
1646 2543 1760 2601 Sed

76 2649 451 2706 quanquam
501 2633 694 2689 multa
740 2633 956 2701 forent,
992 2633 1289 2706 siquidem
1321 2649 1444 2706 prae
1475 2633 1760 2688 omnibus

76 2725 195 2779 duo
226 2730 377 2779 sunt
408 2741 545 2797 quae
568 2741 666 2779 me
699 2724 777 2780 ab
800 2724 912 2779 hoc
935 2739 1115 2796 opere
1146 2724 1409 2780 maxime
1439 2723 1756 2779 deterrent.

81 2817 306 2883 l'num,
326 2815 494 2886 quod
528 2814 666 2869 huic
693 2815 859 2869 oneri
890 2829 985 2869 me
1008 2814 1304 2885 imparem
1336 2814 1587 2885 reperio,
1614 2830 1762 2885 prae-

80 2904 286 2959 sertim
324 2920 466 2959 cum
516 2903 685 2959 nulla
730 2904 840 2958 sim
875 2903 1122 2958 scicntia
1151 2902 1491 2958 liberalium
1541 2903 1760 2957 artium

75 2994 391 3066 oppletus,
425 3010 548 3047 non
600 2991 1092 3065 syllogismorum
1145 2994 1644 3064 sclicmatumque
1690 3008 1760 3047 ac

1860 476 2118 533 atl‘abilis
2166 479 2474 554 ﬁli?quid
2524 478 2628 553 [Z.,
2679 479 2869 552 quod]
2915 497 3055 536 cum
3107 485 3267 537 tanto
3326 481 3523 538 studio

1859 566 2202 623 edisseras?
2255 568 2424 635 Quod
2469 586 2607 625 cum
2652 568 2846 625 celare
2876 585 3000 625 non
3048 569 3336 627 auderem
3380 574 3524 626 teste

1860 657 2244 725 conscientia,
2269 659 2481 714 humili
2501 675 2602 715 ore
2625 659 2998 731 deprompsi.
3027 661 3161 732 Ipse
3184 675 3325 715 vero
3347 674 3525 715 nosse

1864 747 2141 809 gestiens,
2175 754 2238 803 ut
2266 755 2356 804 est
2385 749 2623 817 sagacis
2648 748 2873 817 ingenii
2904 749 3111 813 solers,
3148 750 3195 805 si
3238 749 3385 822 quid
3419 750 3528 805 uti-

1859 832 2039 889 litatis
2068 836 2415 905 edidissem,
2449 854 2651 893 coram
2699 855 2760 892 se
2811 837 2989 907 relegi
3044 839 3346 911 praecepit.
3382 840 3527 904 Quae

1861 924 2143 995 perlecta,
2176 931 2241 981 ut
2288 926 2370 982 ita
2415 927 2638 993 dicam,
2671 927 2959 994 laudavit,
3012 933 3215 1000 atque,
3249 928 3526 1001 inquam,

1864 1014 2245 1084 approbavit,
2274 1015 2642 1088 contulitque
2673 1016 2854 1071 etiam
2913 1016 3062 1071 mihi
3102 1016 3323 1072 librum
3367 1016 3530 1072 beati

1864 1104 2177 1172 Augustini
2199 1112 2406 1160 contra
2426 1106 2779 1161 Manichtros
2800 1122 2983 1178 super
3004 1107 3116 1162 hac
3143 1123 3204 1161 re
3224 1106 3530 1163 luculento

1865 1209 2143 1249 sermone
2202 1189 2540 1260 exaratum,
2598 1195 2761 1250 unde
2818 1211 2889 1250 ea
2946 1213 3082 1268 quae
3136 1196 3530 1267 digesseram,

1865 1284 2263 1355 comprobare
2286 1285 2637 1357 quivissem.
2659 1288 2788 1350 Quo
2812 1286 3061 1341 ferventi
3081 1291 3213 1341 astu
3250 1286 3524 1354 lustrato,

1865 1374 2097 1429 Christo
2164 1376 2467 1447 praeduce,
2517 1392 2641 1431 non
2697 1375 2897 1431 solum
2954 1375 3015 1431 in
3070 1392 3271 1443 sensu,
3325 1393 3532 1432 verum

1867 1464 2133 1520 etiamin
2165 1465 2537 1537 quibusdam
2563 1466 2708 1522 locis
2749 1465 3120 1539 syllabisque
3164 1467 3534 1524 concordan-

1870 1559 1985 1609 tem
2033 1555 2252 1609 inveni.
2283 1556 2501 1611 Deinde
2532 1557 2634 1626 [Z.,
2666 1554 2833 1626 Dein]
2858 1555 3119 1628 imperat
3144 1555 3319 1626 juxta
3348 1570 3532 1611 suum

1867 1658 2091 1698 nomen
2138 1643 2437 1699 locutione
2498 1644 2804 1712 melliﬂua,
2836 1648 2901 1700 ut
2950 1644 3196 1713 ignavia
3247 1643 3535 1717 temporis

1868 1748 1991 1788 non
2038 1734 2466 1805 pigrescercm,
2493 1739 2549 1790 et
2596 1740 2859 1808 emptum
2908 1751 3064 1807 opus
3094 1751 3219 1791 non
3250 1734 3532 1802 sinerem,

1869 1822 1976 1878 sed
2012 1823 2209 1879 solerti
2255 1825 2454 1879 studio
2483 1841 2771 1898 peragere
2804 1830 3117 1881 tentarem.
3152 1828 3379 1881 Rursus
3407 1840 3538 1897 per-

1871 1917 2151 1981 tractans,
2185 1930 2259 1969 ne
2290 1914 2438 1970 forte
2469 1914 2547 1971 ad
2574 1915 2917 1987 aliquorum
2944 1915 3297 1987 perfectum,
3324 1913 3537 1972 saltem

1869 2003 2265 2075 parvulorum
2323 2004 2450 2060 ﬁeri
2504 2005 2835 2077 juberetur,
2883 2005 3013 2076 jam
3064 2005 3269 2061 divino
3314 2003 3536 2061 auxilio

1870 2093 2037 2162 ﬁsus,
2070 2094 2202 2157 tuis,
2235 2098 2422 2164 Pater,
2468 2095 2865 2167 ejusdemque
2908 2096 3178 2164 magistri
3218 2094 3535 2167 praeconiis

1869 2190 2255 2256 provocatus,
2300 2186 2769 2258 arationumque
2826 2191 3167 2242 vestrarum
3229 2184 3535 2255 suffragiis

1871 2274 2075 2340 fretus,
2106 2291 2260 2342 opus
2313 2276 2699 2347 imperatum,
2731 2292 3087 2349 quanquam
3138 2289 3414 2332 sermone
3443 2274 3537 2332 in-

1871 2365 2051 2432 culto,
2085 2369 2281 2421 texere
2314 2383 2448 2421 sum
2478 2382 2821 2436 aggressus.
2853 2370 2925 2422 At
2950 2382 3093 2423 vero
3120 2382 3193 2422 ne
3223 2366 3362 2439 quis
3398 2380 3540 2422 mea

1870 2454 2092 2511 inserta
2148 2456 2486 2527 conjiceret,
2521 2462 2868 2512 sanctorum
2916 2459 3158 2513 Patrum
3210 2456 3350 2512 hinc
3395 2454 3538 2512 inde

1869 2543 2181 2599 volumina
2222 2560 2561 2613 aggregans
2592 2546 2686 2616 [In
2736 2546 2866 2602 cod.
2898 2547 3064 2601 Petr.
3115 2546 3273 2602 deest
3329 2559 3539 2615 aggre-

1872 2634 2071 2706 gans],
2100 2639 2163 2689 ut
2209 2651 2277 2690 ex
2330 2652 2540 2690 eorum
2593 2635 2765 2691 dictis
2816 2635 3271 2691 eorroborarem
3300 2650 3373 2691 ea
3401 2649 3537 2706 quae

1870 2724 2273 2780 describerem
2302 2742 2315 2793 ;
2351 2725 2508 2780 unde
2554 2726 2847 2782 nonnulla
2874 2743 2946 2781 ex
2997 2742 3207 2781 eorum
3238 2724 3540 2798 quodam-

1872 2815 2055 2869 modo
2087 2815 2327 2883 magnis
2361 2815 2714 2871 ﬂuminibus
2736 2816 3175 2890 profundisque
3202 2814 3540 2886 gurgitibus

1870 2904 1932 2959 in
1976 2905 2238 2960 rivulum
2284 2906 2548 2961 derivavi
2600 2906 3242 2979 exiguum,praacipua
3292 2910 3351 2962 et
3378 2910 3537 2978 'pro-

1871 2995 2002 3066 pria
2032 3008 2241 3050 eorum
2285 2994 2477 3049 indidi
2525 2995 2705 3051 dicta.
2740 2995 3038 3051 Nonnulla
3093 2996 3319 3068 quippe
3346 3010 3538 3052 causa

76 3087 401 3156 troporum
447 3084 658 3151 figuris
713 3088 980 3145 ornatus,
1011 3083 1147 3137 licet
1195 3083 1423 3155 aliquid
1455 3082 1762 3155 prtelibas-
1790 3109 1831 3164 ε
1870 3084 2195 3150 brevitatis,
2232 3100 2479 3139 sensum
2507 3100 2719 3140 eorum
2768 3100 3047 3156 sequens,
3076 3084 3335 3157 propriis
3364 3082 3538 3140 intuli

79 3189 229 3228 sem.
259 3176 397 3228 Non
424 3173 603 3227 etiam
628 3172 774 3227 ﬂore
800 3172 1010 3226 veteris
1042 3173 1279 3227 scentiae
1307 3172 1513 3237 fultus,
1539 3172 1640 3227 sed
1673 3172 1760 3226 in-

74 3262 300 3317 doctus
355 3262 617 3334 eloquio,
654 3277 865 3317 exsors
916 3261 1129 3333 elogio.
1166 3261 1362 3327 Aliud,
1395 3261 1562 3334 quod
1595 3264 1762 3318 tanta

76 3352 451 3408 obscuritate
479 3352 891 3414 obnubilatur,
916 3358 981 3407 ut
1005 3352 1151 3407 mihi
1184 3352 1283 3407 vix
1329 3351 1557 3424 aliquid
1586 3352 1762 3407 inter-

74 3441 279 3498 lucere
331 3442 628 3497 videatur.
662 3442 827 3497 Unde
868 3442 1051 3497 miror
1080 3458 1267 3513 quare
1291 3446 1489 3497 tantus
1520 3441 1606 3496 vir
1636 3457 1761 3496 non

75 3532 280 3586 solum
335 3532 701 3603 sapientiam
754 3532 973 3587 artium
1004 3532 1262 3604 ineptus,
1318 3546 1527 3586 verum
1580 3530 1758 3586 etiam

75 3637 401 3677 sacrarum
437 3621 882 3692 Scripturarum
920 3621 1156 3676 divitias
1186 3625 1421 3688 nactus,
1455 3625 1520 3675 ut
1550 3619 1761 3675 merito

74 3710 220 3765 illud
256 3709 726 3781 epithalamium
772 3709 1093 3764 decantare
1142 3708 1630 3778 gratulabundus
1659 3723 1761 3763 va-

73 3800 196 3855 leas
228 3819 241 3855 :
280 3800 645 3855 Introduxit
695 3815 789 3855 me
816 3814 927 3855 rex
956 3802 1017 3855 in
1050 3801 1307 3855 cellaria
1338 3814 1449 3854 sua
1482 3799 1685 3865 (Cant.
1719 3815 1761 3865 1,

69 3892 119 3955 4)
143 3894 201 3945 et
222 3888 485 3961 reliqua,
523 3889 672 3943 mihi
705 3888 930 3943 viribus
957 3888 1258 3953 destituto,
1286 3888 1613 3943 accerrima
1638 3888 1763 3958 jus-

73 3980 244 4035 sione
299 3978 527 4034 molem
580 3978 729 4034 tanti
761 3978 1048 4051 ponderis
1096 3978 1406 4050 imponere
1439 3977 1759 4033 studueris.

144 4068 618 4138 Verumtamen,
654 4071 720 4123 ut
749 4067 969 4123 aifatus
997 4084 1156 4133 sum,
1185 4066 1567 4140 perdendens
1593 4066 1761 4139 quod

72 4157 187 4213 tuis
238 4173 347 4213 me
390 4156 819 4213 obsecundare
871 4155 1499 4229 oportebatimperiis,
1526 4172 1760 4212 memo-

72 4264 216 4303 rans
270 4246 438 4303 illius
489 4248 783 4303 Dominici
834 4246 1138 4319 praecepti,
1171 4263 1295 4320 quo
1348 4246 1470 4302 ait:
1502 4246 1618 4314 Qui
1661 4261 1761 4302 vos

72 4340 271 4403 audit,
322 4352 419 4393 me
460 4338 655 4397 audit.
699 4342 811 4407 etc,
863 4338 1026 4408 (Luc.
1064 4354 1123 4405 x,
1182 4338 1288 4407 l6),
1334 4336 1435 4392 diu
1478 4336 1762 4392 multum-

72 4444 188 4499 que
241 4426 564 4498 dubitans,
602 4427 824 4483 virium
878 4441 1155 4483 mearum
1212 4426 1760 4499 itnpossibilitatem

73 4520 258 4574 anxio
317 4517 531 4573 animo
592 4518 914 4586 trutinans,
973 4517 1133 4572 velut
1186 4522 1373 4573 nauta
1429 4515 1761 4587 naufragus

72 4608 377 4664 ﬂuctuum
410 4607 693 4680 procellis
743 4607 1017 4663 turbatus
1068 4606 1315 4663 tandem
1346 4611 1590 4679 portum
1632 4620 1761 4664 ora-

74 4698 254 4753 tionis
313 4712 572 4770 pavens,
635 4696 846 4759 fateor,
903 4696 1083 4769 petii;
1139 4700 1204 4752 ut
1247 4696 1495 4767 largitor
1535 4712 1759 4764 rerum,

74 4788 256 4843 unica
299 4802 465 4859 spes,
499 4786 665 4842 orbis
718 4786 1028 4850 Dominus,
1058 4785 1239 4856 vires,
1296 4785 1433 4843 licet
1485 4783 1760 4856 indigno,

50 4864 391 4941 tribueret,
440 4880 747 4949 quatenus
794 4877 909 4932 hoc
954 4881 1116 4932 recto
1165 4877 1268 4947 [Z.,
1296 4876 1450 4948 rato]
1505 4876 1760 4944 tramite,

75 4984 196 5023 imo
241 4970 611 5024 intemerata
661 4966 780 5023 ﬁde
826 4966 1066 5040 explere
1111 4967 1467 5039 potuissem.
1498 4967 1763 5040 Denique

74 5060 206 5130 ipso
260 5059 632 5131 inspirante,
664 5057 948 5130 quamvis
1002 5056 1226 5129 pavido
1274 5061 1516 5125 conatu,
1561 5062 1764 5114 tamen

75 5153 189 5204 tuis
240 5148 638 5221 jussionibns
689 5162 900 5221 parere
958 5147 1193 5205 studui:
1244 5163 1314 5203 ac
1371 5163 1474 5203 sex
1529 5146 1765 5204 dierum

75 5254 262 5311 opera
290 5240 476 5311 juxta
503 5237 840 5304 historiam,
873 5237 1009 5293 licet
1038 5238 1268 5310 tropica
1309 5236 1596 5309 permista
1627 5237 1765 5309 sint,

74 5345 275 5400 pauca
297 5335 489 5405 prout
516 5328 669 5385 mihi
702 5327 920 5385 tradita
949 5327 1207 5394 fuerant,
1240 5328 1511 5400 impolito
1542 5343 1767 5384 sermo-

78 5435 146 5475 ne
168 5420 520 5477 enneleavi.
553 5421 828 5492 Cumque
854 5419 984 5491 jam
1038 5418 1224 5475 ﬁnem
1262 5418 1524 5490 deﬁgere
1554 5418 1769 5475 ultima

77 5510 323 5569 dictano
376 5510 780 5577 decreverim,
799 5514 856 5566 et
879 5524 1063 5583 super
1092 5508 1208 5566 hac
1234 5523 1298 5565 re
1341 5510 1585 5565 reticere
1612 5509 1768 5566 ultra

79 5602 318 5673 penitus
374 5598 848 5674 disposuissem,
891 5602 1137 5672 repente
1186 5597 1478 5669 magister
1532 5596 1766 5669 ingres-

1870 3171 2073 3228 verbis
2099 3191 2111 3239 ;
2145 3172 2350 3245 aliqua
2380 3189 2521 3228 vero
2548 3188 2684 3245 quas
2707 3189 2780 3228 ex
2811 3173 3126 3229 traditione
3151 3172 3354 3242 didici,
3387 3177 3445 3229 et
3470 3171 3536 3228 in

1871 3260 2048 3317 tomis
2080 3275 2267 3333 penes
2298 3276 2411 3315 nos
2442 3260 2705 3316 invenire
2732 3276 2854 3317 non
2900 3260 3093 3334 potui,
3132 3260 3540 3332 constipulata

1870 3350 2162 3423 exemplis
2193 3350 2545 3406 subnectere
2588 3351 2973 3424 praesumpsi,
3004 3355 3062 3407 et
3093 3350 3157 3407 in
3196 3350 3379 3407 libelli
3403 3367 3539 3408 mo-

1870 3439 2019 3495 dum
2070 3439 2240 3496 ﬁnire
2271 3439 2532 3509 decrevi,
2568 3445 2632 3496 ut
2656 3440 2761 3513 qui
2794 3439 3042 3496 diversis
3082 3456 3406 3497 causarum
3445 3444 3538 3498 tu-

1870 3529 2162 3585 multibus
2227 3534 2588 3601 occupatus,
2646 3529 2971 3586 latissimos
3037 3529 3357 3586 doctorum
3412 3544 3541 3587 non

1869 3624 2047 3676 vacat
2075 3636 2419 3692 percurrere
2452 3635 2723 3692 campos,
2751 3620 2914 3676 hunc
2953 3620 3290 3677 admodum
3338 3620 3534 3678 brevi-

1873 3715 1988 3765 tate
2045 3710 2360 3766 collectum
2408 3709 2576 3765 ocius
2620 3708 2875 3766 lustrare
2905 3710 3201 3782 quivisses
3242 3708 3537 3779 libellum,

1870 3815 2054 3873 quem
2086 3805 2245 3872 peto,
2274 3805 2339 3855 ut
2382 3799 2586 3869 sagaci
2634 3798 3079 3855 examinatione
3107 3814 3446 3871 percurras,
3478 3801 3537 3856 et

1872 3889 1987 3945 tuis
2034 3888 2505 3962 phaleramentis
2555 3887 2763 3944 faceta;
2820 3887 3178 3944 urbanitatis
3251 3886 3539 3945 decorare

1872 3980 2136 4047 studeas,
2168 3995 2245 4035 ne
2275 3979 2472 4035 sciolis
2502 3978 2811 4034 fastidium
2841 3982 3105 4049 generet,
3136 3981 3193 4035 et
3241 3994 3420 4036 aures
3449 3994 3542 4038 sa-

1869 4070 2162 4144 pientium
2192 4086 2390 4126 sermo
2421 4069 2699 4126 incultior
2729 4071 3150 4126 commaculet.

1946 4159 2061 4217 Sed
2104 4164 2433 4232 antequam
2485 4159 2734 4229 isagoge
2790 4159 2870 4215 ad
2927 4158 3155 4216 calcem
3207 4158 3538 4233 perveniat,

1871 4248 2209 4305 notandum
2239 4252 2329 4304 est
2356 4249 2523 4321 quod
2553 4248 2614 4304 in
2644 4247 3014 4321 quibusdam
3041 4247 3189 4305 locis
3226 4248 3541 4306 veritatem

1871 4338 2143 4395 videlicet
2168 4335 2425 4394 historiae
2459 4350 2699 4411 semper
2723 4337 3022 4410 pandens,
3053 4337 3381 4411 spiritalem
3410 4354 3541 4396 mo-

1788 4469 1836 4525 D
1873 4428 2184 4501 ralemque
2212 4426 2669 4498 intelligentiam
2697 4427 2961 4485 inserere
2990 4427 3105 4484 nisi
3139 4426 3544 4495 sumus,inibi

1875 4517 2097 4575 scilicet
2121 4518 2225 4575 ubi
2254 4519 2587 4591 praedixisti
2617 4526 2684 4575 ut
2725 4518 2978 4575 historia
3019 4520 3327 4577 veritatem
3352 4518 3542 4576 facto-

1871 4625 2030 4676 rum,
2064 4624 2136 4665 ac
2186 4608 2370 4665 ﬁdem
2401 4608 2707 4665 relationis
2751 4607 3029 4675 inculcet,
3063 4612 3121 4665 et
3148 4607 3431 4681 spiritalis
3453 4606 3543 4664 in-

1871 4698 2193 4768 telligentia
2221 4698 2300 4754 ad
2330 4699 2666 4755 ccelestium
2696 4697 3034 4769 ﬁgurarum
3061 4701 3293 4753 secreta
3317 4694 3542 4768 perdu-

1872 4788 1985 4853 cat,
2017 4790 2075 4841 et
2126 4785 2370 4843 moralis
2395 4787 2709 4859 persuasio
2759 4785 2838 4842 ad
2887 4784 3365 4841 meliorationem
3409 4781 3542 4839 vitm

1872 4875 2105 4944 invitet;
2138 4891 2214 4931 ne
2240 4875 2627 4932 solummodo
2656 4874 2905 4931 historia
2927 4874 3034 4944 [Z.,
3067 4870 3354 4941 historiae]
3379 4886 3543 4944 pres-

1874 4982 1994 5033 sus,
2025 4966 2133 5023 sed
2178 4966 2526 5039 spiritualis,
2560 4966 2685 5021 imo
2729 4962 3096 5035 moralisque
3135 4960 3242 5033 [Z.,
3274 4960 3543 5035 moralis]

1873 5055 2191 5111 dulcedine
2217 5059 2430 5129 captus
2458 5055 2663 5123 lector,
2690 5051 3092 5109 excusationis
3114 5050 3383 5108 invenire
3407 5066 3546 5125 pos-

1875 5147 1949 5202 sit
1973 5144 2280 5201 anfractus
2313 5161 2327 5200 :
2363 5144 2473 5200 sed
2499 5158 2573 5199 ex
2598 5143 2716 5198 hoc
2746 5155 2887 5199 cum
2935 5140 3274 5199 ambrosias
3305 5141 3547 5214 ceperit

1876 5235 2193 5307 decerpere
2234 5238 2469 5303 gustus,
2516 5232 2716 5302 magis
2767 5231 3023 5289 libenter
3054 5247 3306 5305 campos
3333 5231 3543 5288 docto-

1875 5341 2011 5382 rum
2039 5328 2275 5394 satagat
2299 5322 2555 5379 lustrare
2582 5337 2776 5379 ovans
2803 5321 3156 5378 latissimos.
3190 5319 3348 5379 Vale.

2375 5449 2649 5522 Explicit
2675 5448 2983 5523 praefatio.
3015 5456 3042 5485 ι

153 5790 179 5818 ι
207 5784 264 5838 Ζ
286 5798 310 5841 :
333 5783 619 5855 Explicit
639 5781 942 5853 protegas
972 5780 1193 5852 Auget.
1228 5779 1448 5837 Levita:
1477 5779 1559 5837 ad
1582 5779 1937 5837 Leodricum
1969 5775 2353 5835 Sacerdotem
2381 5786 2565 5844 super
2592 5771 2864 5832 Genesis:
