3944 6436
479 300 571 352 111

728 430 926 473 lNClPlT
964 430 1173 471 TEXTUS
1211 429 1474 470 OPUSCULI
1514 429 1569 468 IN
1608 428 1864 468 GENESIM.

566 542 638 595 In
674 541 977 611 principio
1008 539 1231 595 creavit
1259 538 1418 593 Deus
1444 538 1659 594 coelum
1690 543 1745 593 et
1778 542 2021 593 terram.

538 682 1015 740 Adminiculante
1045 681 1252 737 divina
1283 680 1494 750 gratia,
1528 696 1664 752 qum
1696 678 1958 753 parvulis
1984 695 2122 735 con-

465 775 795 843 ﬁdentiam,
824 773 1005 828 mutis
1027 776 1274 844 prmstat
1300 772 1683 836 locutionem,
1707 770 2118 842 descripturus

465 863 824 936 opusculum
852 863 914 918 in
944 862 1095 917 libro
1127 860 1387 927 Genesis,
1421 867 1748 932 antequam
1776 863 2120 915 contextum

464 951 565 1025 [Z.,
592 953 839 1022 textum]
866 950 1125 1006 historim
1148 955 1204 1005 et
1230 950 1512 1005 enthecas
1571 948 1850 1021 spiritalis
1894 946 2121 1002 oraculi

461 1043 773 1112 attingam,
796 1041 940 1096 libet
960 1040 1259 1111 inquirere
1286 1054 1473 1111 quare
1505 1037 1788 1093 volumen
1808 1036 1970 1092 istud
1993 1052 2121 1108 spc-

460 1130 684 1186 cialiter
714 1129 959 1186 Genesis
990 1131 1252 1194 vocetur,
1282 1142 1419 1181 cum
1451 1126 1509 1181 in
1544 1142 1613 1181 eo
1645 1125 1834 1181 multa
1863 1140 2122 1180 comme-

456 1225 774 1275 morantur
829 1234 961 1289 qum
1021 1216 1097 1270 ad
1149 1214 1597 1284 generationem
1646 1230 1769 1268 non
1827 1212 2120 1284 pertinere

457 1313 813 1374 noscuntur,
840 1306 959 1360 nisi
1004 1305 1150 1375 quia
1197 1302 1574 1358 consuetudo
1602 1307 1689 1357 est
1737 1300 2121 1356 Hebrmorum

458 1412 535 1452 ex
582 1394 890 1468 principiis
943 1391 1194 1447 nomina
1248 1390 1539 1446 librorum
1599 1390 1926 1462 imponere,
1973 1388 2123 1444 sicut

459 1484 723 1550 Exodus,
758 1489 814 1538 et
860 1480 1032 1537 multi
1078 1480 1175 1535 alii
1204 1484 1648 1552 nuncupantur.
1684 1477 1848 1533 Unde
1899 1478 2121 1533 Bresith

459 1573 769 1635 Hebraice,
806 1571 1007 1626 Latine
1036 1586 1157 1625 non
1189 1569 1485 1625 immerito
1537 1569 1776 1623 Genesis
1832 1568 2118 1639 interpre-

459 1666 620 1718 tatur
648 1679 660 1716 :
689 1678 761 1716 eo
790 1659 956 1733 quod
982 1659 1042 1714 in
1072 1660 1203 1730 ipso
1234 1656 1480 1713 exordio
1530 1657 1603 1711 de
1636 1655 1933 1711 creatione
1964 1655 2117 1719 cmli,

1573 287 1931 346 ANGELOMI
1971 287 2431 349 LUXOVIENSIS
2468 294 2783 351 MONACHI
3770 310 3845 362 112

2151 416 2200 469 Δ
2236 419 2377 471 sunt
2426 417 2650 484 omnia,
2683 418 2878 475 eidem
2909 420 3113 492 Moysi,
3162 421 3428 479 famulos
3452 440 3583 492 suo,
3609 426 3847 484 revelant

2233 508 2497 578 tempore
2527 523 2651 579 quo
2680 508 2885 576 voluit,
2918 514 2984 565 ut
3014 510 3158 566 olim
3189 511 3347 568 facta
3376 514 3780 573 conscriberet.
3802 521 3847 575 Et

2229 594 2538 663 quomodo
2564 595 2615 649 ei
2653 594 2836 652 ﬁdem
2866 599 3331 656 accommodare
3360 616 3709 674 possumus,
3738 621 3847 661 vera

2230 679 2469 749 dixisse,
2492 684 2604 739 nisi
2624 685 2769 757 quia
2793 686 3007 741 futuris
3032 703 3191 760 saepe
3211 688 3552 761 probantur
3576 694 3845 765 prmterita,

2229 776 2286 827 et
2318 774 2581 843 prmteris
2606 774 2827 845 futura,
2860 775 3012 832 sicut
3052 778 3114 832 in
3159 778 3399 835 Daniele
3439 782 3845 854 comprobatur,

2228 866 2285 916 et
2315 862 2375 915 in
2406 862 2520 919 hoc
2549 863 2703 920 libro
2731 866 3107 921 ostenditur?
3139 868 3403 941 Denique
3436 868 3512 925 de
3538 870 3641 926 illo
3664 876 3848 945 tempe

2224 959 2289 999 re
2319 948 2548 1018 Moyses
2579 949 2817 1021 scripsit
2841 950 3046 1017 homo,
3071 952 3321 1023 quando
3350 968 3474 1009 non
3529 959 3654 1011 erat
3680 957 3845 1024 homo,

2228 1045 2367 1085 cum
2391 1032 2473 1087 ait
2504 1050 2517 1087 :
2551 1034 2624 1088 In
2650 1036 2957 1104 principio
2989 1038 3213 1091 creavit
3244 1040 3397 1093 Dens
3450 1040 3667 1095 emtum
3688 1047 3739 1095 et
3767 1048 3847 1096 ter-

2229 1137 2381 1178 ram.
2436 1122 2596 1178 Sicut
2640 1124 2801 1179 enim
2843 1124 2919 1179 de
2966 1124 3068 1181 illo
3100 1131 3367 1198 tempore
3400 1128 3641 1201 scripsit
3678 1130 3847 1191 homo.

2226 1211 2474 1283 quando
2504 1227 2627 1268 non
2653 1219 2778 1269 erat
2809 1214 2992 1269 homo
3020 1233 3033 1281 ;
3065 1214 3147 1270 ita
3194 1216 3376 1272 etiam
3424 1216 3630 1274 futura
3656 1220 3850 1291 scripsit

2229 1318 2299 1357 eo
2322 1306 2608 1375 tempore,
2632 1304 2881 1376 quando
2908 1308 3034 1359 erat
3053 1305 3257 1367 homo,
3280 1322 3417 1378 qum
3446 1312 3661 1378 postea
3684 1306 3848 1379 exple-

2226 1395 2287 1447 ta
2317 1393 2789 1465 comprobantur
2815 1392 2877 1449 in
2909 1395 3174 1459 veritate,
3210 1394 3359 1451 sicut
3419 1396 3483 1451 in
3539 1396 3849 1469 patriarcha

2225 1481 2408 1536 Jacob
2436 1481 2850 1537 benedictione
2876 1482 3235 1548 declaratur,
3259 1484 3435 1555 juxta
3457 1485 3630 1558 quod
3652 1485 3767 1558 ipse
3792 1486 3853 1539 ait

2226 1566 2431 1622 dicens
2452 1587 2465 1623 :
2486 1571 2619 1625 Non
2637 1574 2951 1640 auferetur
2973 1580 3274 1642 sceptrum
3299 1574 3372 1630 de
3390 1574 3581 1635 Juda.
3596 1576 3723 1643 etc.(
3732 1575 3851 1629 Gen.

2224 1674 2374 1723 xux,
2414 1660 2518 1729 10‘),
2549 1676 2685 1732 qum
2717 1661 2775 1715 in
2805 1662 3001 1731 ﬁgura
3033 1662 3246 1719 Christi
3276 1662 3572 1735 prmdicta
3614 1663 3851 1729 fuerant;

460 1767 531 1807 ac
554 1756 741 1819 terrm,
761 1754 816 1805 et
838 1748 1221 1819 generatione
1246 1746 1564 1801 hominum
1592 1744 2116 1817 animantiumque
2146 1766 2191 1820 Β
2225 1746 2326 1801 sed
2353 1748 2483 1819 jam
2514 1749 2575 1803 in
2627 1750 2866 1807 veritate
2896 1752 3221 1807 creduntur
3264 1752 3591 1826 completa.
3628 1754 3681 1810 Si
3722 1752 3855 1808 enim

456 1845 755 1898 narratur.
784 1845 830 1894 A
860 1836 1165 1893 nonnullis
1194 1836 1369 1891 etiam
1398 1834 1683 1907 quieritur
1703 1836 1839 1906 quis
1868 1834 2118 1905 scriptor

457 1931 639 2001 hujus
668 1928 800 1984 libri
830 1927 1126 1982 habeatur
1147 1927 1173 1981 Ἰ
1200 1926 1355 1980 Licet
1385 1939 1754 1995 supervacue
1784 1927 2112 1993 moveatur,

456 2035 596 2075 cum
645 2023 847 2073 tamen
877 2019 1086 2071 auctor
1123 2013 1279 2068 illius
1312 2012 1559 2084 Spiritus
1592 2015 1835 2066 sanctus
1863 2010 2115 2066 ﬁdeliter

453 2107 732 2164 credatur
757 2124 769 2161 :
794 2104 939 2178 quia
964 2119 1145 2158 nemo
1171 2104 1328 2157 facta
1348 2106 1483 2157 ante
1514 2101 1788 2155 homines
1818 2099 2114 2156 describe-

451 2213 516 2253 re
544 2200 797 2271 poterat,
829 2194 942 2249 nisi
1000 2191 1250 2264 Spiritus
1297 2196 1542 2246 sanctus
1582 2189 1852 2259 dictaret,
1898 2194 1956 2244 et
2004 2204 2113 2261 per

452 2285 765 2342 scribentis
787 2299 999 2339 vocem
1024 2280 1371 2336 hominibus
1392 2280 1451 2334 in
1475 2279 1772 2351 principio
1793 2284 1959 2349 gesta
1979 2293 2114 2334 nar-

449 2378 625 2431 raret.
645 2372 758 2428 Sed
790 2369 1102 2427 sciendum
1130 2373 1236 2438 est,
1255 2384 1611 2440 quanquam
1634 2367 1695 2421 in
1726 2383 1797 2422 eo
1820 2367 2110 2439 scriptum

450 2464 543 2531 sit,
577 2465 732 2519 Erat
762 2464 997 2531 Moyses
1027 2459 1373 2513 mitissimus
1410 2473 1589 2525 super
1617 2472 1814 2512 omnes
1846 2457 2109 2511 homines

449 2555 554 2626 qui
582 2552 980 2609 morabantur
1014 2553 1075 2605 in
1106 2555 1270 2605 terra
1296 2548 1499 2613 (Num.
1532 2563 1631 2615 xu,
1661 2550 1711 2614 3)
1736 2562 1748 2612 ;
1779 2551 1836 2600 et
1876 2547 2108 2600 locutus

450 2649 535 2699 est
569 2643 845 2697 Dominus
876 2640 957 2695 ad
991 2640 1258 2707 Moysen,
1288 2640 1345 2690 et
1398 2635 1557 2690 mille
1590 2634 1761 2699 talia;
1794 2639 1998 2688 tamen
2029 2634 2106 2687 si-

452 2737 554 2787 cut
579 2748 615 2787 a
643 2728 994 2786 doctoribus
1018 2726 1293 2793 traditur,
1326 2728 1382 2779 et
1402 2724 1602 2778 multis
1632 2722 1920 2794 exemplis
1942 2738 2105 2777 com-

446 2821 760 2895 probatur,
793 2818 953 2873 unde
986 2821 1075 2873 est
1105 2832 1119 2870 :
1159 2816 1353 2871 Unum
1383 2814 1621 2881 scripsit
1651 2812 1883 2881 Moyses
1914 2813 2105 2867 canti-

451 2926 605 2977 cum,
634 2916 685 2965 ει
713 2909 915 2963 docuit
943 2908 1101 2975 ﬁlios
1145 2904 1337 2959 Israel
1370 2904 1523 2973 (Lee.
1550 2918 1710 2967 xxxi,
1739 2903 1851 2972 ‘22),
1884 2905 1943 2956 et
1990 2901 2107 2956 alia

448 2997 820 3070 hujusmodi,
848 2996 975 3067 ipse
1007 2997 1237 3065 Moyses
1279 2991 1529 3063 scriptor
1582 2990 1801 3044 divinm
1845 2988 2106 3044 historim

449 3086 687 3144 exstitit.
722 3084 893 3143 Moris
944 3084 1107 3139 enim
1160 3080 1474 3152 Scripturm
1519 3095 1703 3133 sacrm
1753 3081 1840 3132 est
1896 3082 1957 3132 ut
1992 3076 2107 3149 ipsi

447 3177 553 3250 qui
608 3176 899 3242 scribunt,
933 3174 1015 3228 sic
1045 3172 1119 3227 de
1148 3187 1209 3226 se
1238 3170 1301 3225 in
1349 3168 1449 3224 illa
1496 3168 1675 3239 quasi
1725 3166 1799 3221 de
1851 3165 1981 3222 aliis
2023 3166 2108 3221 lo-

446 3272 733 3339 quantur,
766 3264 911 3336 quia
940 3262 1157 3335 Spiritu
1187 3264 1394 3315 sancto
1420 3256 1829 3328 impelluntur.

523 3353 744 3409 Deinde
776 3350 954 3405 simul
980 3348 1282 3421 quosdam
1303 3347 1482 3401 etiam
1516 3348 1731 3410 movet,
1750 3359 1889 3415 qum
1919 3357 2109 3398 causa

452 3444 669 3499 accidit
696 3447 763 3496 ut
783 3439 1095 3496 historiam
1122 3439 1341 3493 divinm
1372 3436 1519 3503 legis
1545 3434 1708 3489 idem
1736 3437 1962 3505 Moyses
1996 3449 2108 3488 suo

451 3537 721 3602 tempore
774 3527 1156 3591 describeret,
1190 3531 1390 3579 etnon
1422 3523 1565 3578 olim
1625 3528 1869 3577 exarata
1895 3537 1932 3577 a
1961 3537 2109 3593 quo-

451 3638 639 3696 quam
668 3618 868 3685 fuerit;
893 3616 1004 3671 nisi
1030 3616 1174 3688 quia
1192 3614 1402 3686 primis
1432 3612 1780 3667 hominibus
1802 3616 1939 3666 ante
1960 3611 2110 3666 dilu-

449 3712 617 3767 vium
650 3707 909 3777 cognitio
942 3706 1061 3771 Dei,
1087 3710 1142 3760 et
1166 3703 1261 3757 lex
1289 3702 1595 3769 naturalis,
1629 3706 1807 3771 atque
1840 3701 1991 3754 mira
2009 3700 2109 3755 Dei

450 3818 635 3876 opera
664 3797 910 3856 exordio
970 3799 1205 3869 patrata
1238 3792 1477 3861 cognita
1528 3791 1782 3845 fuerant.
1816 3791 1925 3842 Sed
1974 3794 2111 3861 post

449 3891 743 3948 diluvium
766 3889 883 3944 ista
919 3884 1125 3942 omnia
1158 3884 1238 3938 ita
1268 3880 1556 3937 oblivioni
1591 3879 1801 3934 tradita
1831 3884 2019 3945 erant,
2052 3884 2109 3934 et

449 3981 713 4038 maxime
764 3975 1136 4049 temporibus
1214 3970 1419 4042 Moysi,
1478 3974 1544 4024 ut
1600 3968 1775 4040 plane
1833 3967 2107 4023 homines

450 4070 796 4140 ignorarent
820 4065 987 4139 quod
1013 4069 1149 4120 ante
1176 4068 1311 4117 acta
1332 4060 1581 4114 fuissent
1608 4058 1711 4129 [Z.,
1739 4057 1906 4129 quod
1930 4063 2108 4113 antea

451 4164 654 4214 actum
682 4155 916 4224 fuerat].
947 4153 1114 4207 Unde
1142 4150 1321 4205 etiam
1351 4147 1690 4220 philosophi
1743 4146 2107 4219 principium

450 4246 653 4317 hujus
689 4242 903 4299 mundi
932 4242 1278 4310 ignorantes
1325 4236 1605 4291 dicebant
1633 4234 1931 4290 mundum
1977 4250 2105 4289 esse

452 4341 815 4391 comternum
839 4349 907 4387 ac
941 4345 1234 4386 comvum.
1264 4330 1329 4382 Et
1357 4327 1503 4381 forte
1530 4326 1644 4380 hoc
1663 4323 1917 4380 audiens
1950 4327 2106 4396 Moy-

452 4442 547 4479 ses
581 4425 685 4494 [Z.,
713 4421 805 4477 vel
829 4420 993 4493 quia]
1022 4419 1165 4491 quia
1197 4421 1412 4472 cuncta
1442 4414 1633 4470 taliter
1681 4414 1906 4468 abolita
1935 4416 2107 4468 erant

451 4531 488 4571 a
535 4512 812 4569 sensibus
863 4509 1200 4574 hominum,
1234 4506 1556 4561 instructus
1606 4502 1811 4557 divino
1862 4502 2101 4573 Spiritu,

449 4608 646 4660 ratum
672 4600 845 4657 duxit
874 4603 1067 4653 texere
1094 4594 1424 4651 cieationes
1453 4591 1585 4647 coeli
1627 4596 1683 4646 et
1715 4596 1903 4659 terrm,
1937 4596 2105 4645 cmte-

446 4705 772 4763 rarumque
804 4691 1233 4748 creaturarum,
1263 4686 1442 4753 atque
1488 4680 1684 4748 legem
1735 4678 1961 4737 litterm.
1992 4681 2103 4733 Do—

446 4781 613 4836 mino
643 4779 995 4850 imperante,
1050 4772 1185 4827 tiliis
1217 4768 1397 4827 Israel
1427 4768 1699 4831 tradere;
1751 4771 1815 4820 ut
1855 4766 2101 4821 eosdem

445 4869 680 4941 plenius
725 4865 1040 4921 instrueret
1088 4861 1161 4915 de
1196 4862 1335 4922 Deo,
1368 4872 1444 4911 ne
1489 4855 1565 4911 ad
1596 4853 1758 4908 idola
1789 4854 2100 4925 [Egyptio-

446 4954 579 5011 rum
636 4956 913 5020 redirent,
949 4957 1007 5007 et
1064 4947 1368 5005 mundum
1416 4949 1682 5000 creatum
1742 4943 2096 4998 ostenderet.

450 5044 615 5099 Unde
640 5044 783 5115 quia
801 5044 929 5113 jam
946 5041 1100 5095 sicut
1118 5039 1178 5093 in
1199 5034 1409 5110 primis
1433 5031 1783 5087 hominibus
1804 5030 1898 5085 lex
1922 5030 2099 5086 bonm

446 5137 676 5188 naturae
706 5145 829 5184 non
860 5127 1230 5192 servabatur,
1260 5123 1364 5179 sed
1394 5137 1547 5194 pene
1578 5119 1801 5175 abolita
1822 5124 1963 5183 erat,
1993 5136 2101 5191 per

444 5225 689 5293 Moysen
735 5217 825 5273 lex
877 5215 1079 5270 litterae
1110 5212 1409 5283 descripta
1456 5215 1513 5264 et
1541 5208 1683 5263 data
1712 5214 1817 5275 est,
1848 5213 1911 5263 ut
1939 5208 2101 5263 bona

443 5326 580 5382 qum
629 5306 992 5363 sciebantur.
1032 5300 1446 5357 auctoritatem
1493 5297 1802 5358 haberent,
1849 5301 1906 5351 et
1961 5313 2097 5369 qum

443 5398 623 5453 latere
653 5397 955 5468 cmperant
984 5389 1524 5455 manifestarentur,
1558 5391 1613 5442 et
1645 5391 1707 5442 ut
1735 5393 1920 5443 terror
1974 5385 2097 5440 dis-

444 5487 676 5558 ciplinae
734 5483 1054 5550 corrigeret
1104 5480 1517 5552 delinquentes
1572 5482 1629 5533 et
1687 5477 1871 5533 ﬁdem
1908 5476 2093 5531 refor-

444 5580 630 5633 maret
680 5574 741 5630 in
818 5577 1023 5628 Deum.
1074 5574 1137 5626 Et
1191 5568 1467 5642 nunquid
1526 5571 1755 5639 Moyses
1808 5566 1891 5622 ibi
1945 5570 2092 5630 erat,

440 5664 685 5738 quando
731 5663 887 5719 Deus
936 5665 1148 5716 cuncta
1199 5658 1468 5715 creavit?
1497 5657 1763 5723 Minime;
1811 5655 1917 5710 sed
1963 5656 2098 5727 ipsa

440 5760 735 5811 comterna
783 5751 1076 5825 sapientia
1126 5749 1222 5805 Dei
1272 5747 1481 5817 Patris,
1538 5763 1643 5818 per
1696 5761 1879 5817 quem
1938 5743 2094 5799 facta

2223 1835 2297 1891 de
2354 1836 2554 1893 futuro
2610 1855 2749 1895 vero
2804 1856 2926 1896 non
2957 1841 3222 1910 dixisset,
3249 1841 3324 1898 de
3364 1843 3687 1915 prmterito.
3717 1839 3856 1915 quod

2221 1931 2448 1983 certum
2505 1928 2820 2001 scripserit,
2873 1946 3053 1986 nemo
3103 1929 3344 1986 credere
3397 1930 3709 1987 voluisset.
3763 1933 3856 1985 Nec

2219 2032 2343 2073 non
2400 2016 2577 2072 etiam
2617 2018 3016 2088 interrogatur
3063 2018 3166 2074 ubi
3214 2022 3444 2091 Moyses
3492 2018 3682 2075 libros
3734 2034 3853 2073 suos

2219 2106 2514 2163 ediderit?
2552 2107 2757 2163 Dicunt
2802 2109 2961 2163 enim
2994 2108 3267 2164 nonnulli
3294 2108 3463 2182 quod
3517 2108 3786 2165 Genesim
3811 2114 3855 2162 et

2222 2196 2491 2252 Exodum
2537 2212 2727 2268 usque
2762 2214 2774 2251 :
2805 2198 3127 2254 Cantemus
3188 2198 3457 2268 Domino,
3503 2197 3568 2253 in
3628 2200 3853 2269 iﬁgypto

2218 2286 2655 2357 conscripserit.
2688 2291 2900 2343 cmtera
2928 2303 3071 2343 vero
3114 2287 3175 2342 in
3222 2287 3564 2343 solitudine.
3602 2286 3710 2342 Alii
3736 2301 3854 2341 vero

2218 2380 2493 2431 asserunt
2534 2374 2720 2446 quod,
2750 2375 2993 2429 transito
3020 2374 3173 2430 mari
3203 2374 3427 2445 Rubro,
3458 2390 3569 2447 per
3616 2374 3853 2447 quadra-

2218 2464 2382 2533 ginta
2403 2479 2596 2518 annos
2616 2462 2678 2517 in
2697 2462 2932 2518 deserto
2962 2462 3341 2535 descripserit
3365 2462 3533 2535 quod
3561 2468 3623 2517 et
3651 2463 3855 2518 ratione

2216 2552 2598 2626 comprobari
2620 2554 2723 2623 [Z.,
2753 2568 2859 2624 per
2880 2552 3176 2608 rationem
3206 2551 3474 2624 probari]
3500 2557 3717 2625 potest.
3742 2553 3854 2605 Hmc

2215 2642 2375 2697 enim
2406 2642 2553 2697 scire
2578 2640 2916 2697 volentibus
2936 2657 3135 2713 pauca
3155 2640 3314 2696 dicta
3334 2639 3661 2697 sufﬁciant.
3688 2644 3854 2703 Nunc,

2218 2732 2469 2788 Domino
2502 2731 2732 2786 favente
2762 2730 2838 2801 [Ζ.
2849 2771 2865 2800 ,
2896 2730 3225 2801 largiente],
3255 2729 3332 2785 ad
3359 2729 3630 2786 historim
3666 2730 3856 2786 seriem

2216 2826 2613 2878 transeamus.
2645 2821 2739 2875 Ait
2767 2819 2927 2875 enim
2954 2822 3203 2891 Moyses.

2764 2954 2995 3010 CAPUT
3034 2954 3321 3011 PRIMUM.

2147 3122 2187 3175 Ο
2284 3087 2448 3139 Vens.
2481 3084 2527 3139 l.
2562 3114 2630 3175 -τ-
2658 3083 2732 3137 Ιη
2761 3084 3061 3175 principio
3091 3085 3342 3175 creavit.
3365 3084 3526 3139 Deus
3580 3086 3789 3141 cmlum
3814 3087 3857 3138 et

2217 3175 2462 3225 terram.
2506 3166 2770 3223 Primum
2812 3167 3150 3223 notandum
3179 3166 3345 3239 quod
3376 3183 3522 3223 mox
3575 3169 3861 3241 Scriptura

2214 3260 2410 3332 primo
2429 3258 2609 3313 verbo
2630 3258 3018 3313 mternitatem
3041 3261 3219 3329 atque
3242 3258 3577 3329 potentiam
3596 3258 3697 3315 Dei
3720 3273 3862 3313 crea-

2217 3349 2358 3405 toris
2390 3347 2668 3404 ostendit.
2704 3348 2893 3412 Quem
2919 3347 3078 3402 enim
3109 3346 3171 3401 in
3200 3346 3497 3419 principio
3533 3353 3863 3421 temporum

2216 3437 2515 3494 mundum
2529 3452 2765 3491 creasse
2780 3435 3069 3507 perhibet,
3081 3435 3143 3490 in
3160 3435 3291 3507 ipso
3304 3436 3568 3507 perfecto
3585 3443 3725 3493 ante
3739 3442 3864 3492 tem-

2217 3541 2366 3598 pora
2386 3523 2740 3580 mternaliter
2754 3523 3042 3578 exstitisse
3068 3522 3366 3591 designat;
3386 3528 3649 3596 etquem
3664 3525 3725 3581 in
3745 3524 3862 3596 ipso

2216 3612 2574 3669 conditionis
2602 3611 2768 3666 initio
2797 3610 3016 3666 coelum
3054 3617 3110 3666 et
3141 3617 3357 3667 terram
3383 3627 3624 3669 creasse
3655 3616 3861 3676 narrat,

2218 3707 2383 3758 tanta
2402 3700 2697 3757 celeritate
2714 3699 3080 3772 operationis
3095 3699 3574 3773 omnipotentem
3592 3702 3860 3765 declarat,

2218 3791 2313 3847 cui
2343 3790 2605 3846 voluisse
2633 3789 2840 3844 fecisse
2871 3793 2979 3844 est.
3009 3791 3075 3843 Et
3104 3789 3165 3844 in
3192 3789 3305 3844 hoc
3336 3794 3545 3861 aperte
3594 3791 3773 3846 datur
3791 3791 3862 3845 in-

2219 3880 2396 3949 telligi
2443 3880 2586 3951 quia
2643 3884 2962 3949 utrumque
3012 3878 3190 3933 simul
3241 3878 3319 3933 ab
3365 3895 3437 3933 eo
3486 3879 3719 3935 factum
3766 3883 3862 3938 est.

2214 3968 2490 4041 quamvis
2522 3974 2841 4039 utrumque
2867 3966 2945 4021 ab
2974 3966 3219 4022 homine
3248 3967 3367 4022 dici
3409 3983 3539 4023 non
3566 3969 3777 4041 possit.
3805 3970 3865 4023 In

2211 4057 2531 4127 principio.
2564 4055 2735 4121 Quod
2787 4054 3027 4110 duobus
3076 4055 3272 4111 modis
3320 4056 3512 4129 accipi
3539 4062 3780 4130 potest:
3812 4059 3865 4111 in

2209 4147 2510 4216 principio
2531 4145 2749 4200 scilicet
2770 4145 3032 4216 primum
3065 4144 3168 4216 [Z.,
3192 4145 3407 4217 primo]
3429 4149 3734 4213 omnium,
3766 4148 3869 4202 hoc

2213 4241 2318 4301 est,
2344 4234 2401 4289 in
2442 4234 2606 4289 initio
2652 4238 3081 4296 creaturarum,
3115 4234 3280 4306 quod
3327 4237 3453 4290 LXX
3501 4235 3867 4310 interpretes,

2214 4324 2272 4374 et
2304 4319 2723 4390 Symmachus,
2755 4323 2811 4373 et
2841 4318 3215 4375 Theodotion
3247 4318 3516 4374 similiter
3555 4320 3870 4377 transtule-

2219 4414 2372 4464 runt.
2410 4411 2475 4463 Et
2501 4411 2563 4463 in
2611 4408 2856 4464 Hebraeo
2900 4408 3192 4480 scriptum
3241 4414 3329 4465 est
3362 4426 3376 4465 :
3408 4411 3680 4479 Bresith,
3714 4411 3871 4484 quod

2215 4496 2430 4569 Aquila
2447 4496 2889 4569 interpretatur,
2920 4500 2981 4553 in
3012 4499 3298 4567 capitulo.
3327 4498 3458 4555 Sive
3488 4500 3664 4573 quod
3686 4501 3789 4571 ait,
3816 4502 3872 4554 in

2207 4587 2534 4656 principio,
2565 4585 3018 4655 intelligendum
3041 4592 3152 4655 est,
3176 4587 3237 4642 in
3259 4587 3424 4655 Filio,
3448 4589 3553 4662 qui
3574 4590 3655 4646 de
3686 4606 3874 4646 seme-

2213 4675 2368 4747 tipso
2417 4675 2499 4730 ait
2532 4692 2544 4729 :
2572 4675 2946 4743 Principium
2994 4677 3101 4746 qui
3126 4681 3181 4731 et
3232 4677 3445 4748 loquor
3475 4680 3641 4735 vobis
3677 4682 3871 4751 (Joan.

2213 4781 2329 4834 vui,
2356 4764 2433 4819 5).
2470 4766 2537 4819 Et
2563 4763 2637 4819 de
2658 4780 2781 4836 quo
2806 4766 3069 4819 Joannes
3099 4764 3276 4821 dicit:
3308 4767 3381 4822 In
3403 4769 3718 4838 principio
3748 4776 3871 4825 erat

2223 4854 2497 4919 Verbum,
2528 4857 2585 4909 et
2612 4853 2842 4926 reliqua
2867 4855 3067 4923 (Joan.
3100 4870 3139 4923 ι,
3171 4856 3241 4925 1).
3271 4855 3435 4912 Unde
3459 4862 3517 4913 et
3540 4858 3603 4914 in
3636 4860 3876 4932 psalmo

2210 4942 2285 4997 de
2314 4943 2446 5015 ipso
2477 4942 2795 4999 Psalmista
2825 4943 2941 4999 ait:
2969 4945 3042 4999 In
3065 4945 3261 5013 capite
3292 4946 3438 5001 libri
3463 4949 3767 5018 scriptum
3797 4958 3877 5005 est

2210 5034 2284 5088 de
2310 5048 2401 5089 me
2433 5034 2617 5102 (Psal.
2652 5050 2847 5098 xxxrx,
2876 5035 2949 5105 8).
2989 5036 3055 5089 Et
3082 5034 3217 5090 ideo
3244 5036 3307 5091 in
3330 5038 3667 5108 principio,
3701 5040 3765 5095 id
3791 5046 3879 5095 est

2210 5120 2271 5175 in
2298 5119 2460 5193 Filio,
2492 5120 2615 5176 imo
2646 5137 2751 5193 per
2776 5121 2987 5177 Filium
3040 5123 3176 5179 fecit
3206 5127 3361 5179 Deus
3392 5141 3644 5182 omnem
3706 5128 3878 5200 spiri-

2208 5209 2389 5265 talem
2463 5210 2959 5283 corporalemque
3012 5216 3372 5280 creaturam,
3430 5231 3569 5286 qum
3626 5217 3763 5272 cmli
3825 5220 3877 5270 et

2207 5304 2376 5355 terrm
2408 5299 2651 5355 nomine
2678 5300 2980 5372 appellata
3006 5306 3112 5358 est.
3144 5303 3259 5358 Sed
3285 5303 3480 5373 magis
3501 5304 3621 5361 hoc
3648 5308 3761 5379 qui
3802 5309 3880 5363 ita

2207 5389 2434 5455 dicunt,
2467 5389 2802 5444 secundum
2834 5406 3078 5446 sensum
3110 5408 3298 5464 quam
3329 5394 3675 5451 secundum
3709 5398 3878 5452 verbi

2206 5475 2658 5533 translationem
2701 5478 2775 5533 de
2806 5478 3037 5534 Christo
3074 5480 3261 5552 accipi
3291 5481 3520 5538 volunt.
3559 5485 3678 5540 Sed
3730 5486 3882 5542 forte

2204 5568 2419 5637 qumrit
2475 5564 2690 5637 aliquis
2734 5582 2923 5638 quare
2966 5565 3100 5623 fecit
3167 5571 3322 5624 Deus
3382 5569 3606 5627 cmlum
3660 5578 3725 5629 et
3774 5580 3885 5630 ter-

2204 5670 2337 5710 ram
2358 5656 2385 5711 ‘?
2417 5654 2521 5713 Cui
2547 5655 3040 5726 respondendum
3067 5662 3198 5713 est:
3242 5658 3530 5716 Voluntas
3561 5663 3732 5720 enim
3780 5666 3884 5720 Dei

2207 5759 2391 5799 causa
2419 5747 2508 5799 est
2535 5742 2665 5799 coeli
2714 5752 2771 5799 et
2800 5749 2967 5800 terrm
2993 5764 3005 5813 ;
3041 5750 3098 5802 et
3123 5746 3260 5803 ideo
3303 5748 3501 5820 major
3532 5756 3627 5808 est
3654 5753 3882 5810 volun-
