3944 6418
94 274 200 332 113

1390 292 1393 295 '
1470 278 1838 337 COMMENT.
1897 280 1962 338 IN
2018 284 2177 342 GEN.

3439 289 3540 342 114

86 404 184 456 tas
216 398 317 455 Dei
342 415 538 473 quam
570 400 792 458 coelum
820 405 877 459 et
904 406 1061 460 terra
1094 422 1107 472 ;
1166 406 1224 459 et
1251 402 1356 476 qui
1385 403 1502 460 hoc
1529 403 1764 477 quaerit,
1800 405 1853 464 Δ
1880 405 1963 463 eis
1991 414 2335 482 opponatur
2359 409 2508 483 quid
2524 410 2625 481 [Z.,
2652 408 2843 482 quod]
2873 408 3026 466 Deus
3046 409 3249 466 fecerit
3275 410 3545 467 secunda

84 492 296 561 majus
338 490 575 564 aliquid
600 494 816 565 quierit
840 510 1029 567 quam
1083 499 1175 550 est
1230 494 1510 551 voluntas
1541 495 1662 562 Dei,
1712 500 1769 551 et

79 579 240 635 nihil
284 580 489 651 majus
548 580 814 637 invenire
856 586 1067 655 potest.
1125 586 1485 656 Compescat
1532 600 1596 639 se
1625 599 1765 654 ergo

76 666 369 723 humana
397 669 725 737 temeritas,
762 674 819 726 et
837 669 899 725 id
928 672 1094 743 quod
1125 687 1249 727 non
1269 676 1358 728 est
1378 677 1762 745 nonquaerat,

76 772 164 812 ne
199 757 264 813 id
293 757 463 831 quod
489 763 580 815 est
605 775 729 815 non
757 759 1038 817 inveniat.
1086 764 1153 817 Et
1184 761 1232 817 si
1264 761 1635 818 voluntatem
1663 761 1766 817 Dei

76 862 276 904 nosse
316 847 640 919 desiderat,
674 850 776 905 fiat
808 850 1044 907 amicus
1078 851 1197 908 Dei.
1252 850 1403 917 Quia
1433 851 1481 907 si
1510 851 1765 922 alicujus

76 936 469 994 voluntatem
518 938 785 995 hominis
816 955 995 997 nosse
1025 940 1216 1014 vellet,
1260 941 1357 997 cui
1382 942 1614 998 amicus
1638 956 1763 998 non

75 1031 274 1096 esset,
306 1043 522 1084 omnes
541 1029 673 1100 ejus
688 1029 1129 1101 impudentiam
1148 1032 1250 1103 [Z.,
1270 1031 1762 1104 imprudentiam]

74 1122 193 1173 aut
221 1118 536 1175 stultitiam
558 1119 918 1177 deriderent.
944 1125 1220 1178 Attamen
1241 1122 1517 1179 arbitrari
1548 1138 1762 1196 possu-

72 1222 230 1262 mus
246 1207 550 1265 mundum
567 1209 749 1266 istum
764 1211 1027 1266 hominis
1048 1227 1237 1268 causa
1252 1229 1384 1268 esse
1401 1212 1762 1269 fabricatum

70 1298 191 1370 qui
245 1298 468 1355 domus
500 1300 658 1356 illius
703 1301 1166 1374 quodammodo
1203 1302 1395 1359 factus
1442 1308 1572 1370 est;
1632 1304 1757 1377 qui,

71 1402 229 1443 cum
260 1387 514 1445 diversis
543 1395 773 1446 constet
798 1391 1167 1461 substantiis,
1218 1409 1375 1449 unus
1415 1398 1506 1448 est
1531 1394 1609 1465 [Ζ.
1640 1409 1754 1449 om.

70 1478 197 1549 est]
224 1483 430 1535 tamen
458 1479 666 1535 multis
695 1480 985 1537 membris
1016 1486 1280 1554 aptatus,
1304 1487 1370 1538 ut
1394 1498 1467 1537 ex
1486 1482 1579 1538 his
1609 1482 1758 1538 invi-

69 1582 216 1622 cem
240 1568 471 1624 mutuis
501 1569 814 1642 operibus,
834 1587 970 1643 quaa
997 1572 1337 1628 necessaria
1360 1572 1591 1627 homini
1609 1572 1755 1627 futu-

69 1671 141 1712 ra
164 1660 773 1730 erantgignerentur.
823 1662 1089 1734 Denique
1119 1662 1287 1735 quod
1318 1664 1403 1719 ait
1453 1679 1466 1718 :
1522 1663 1753 1719 Creavit

1877 501 1933 552 et
1966 499 2133 554 tertia
2163 500 2280 569 die,
2314 500 2563 555 omnino
2585 515 2708 555 non
2731 499 2958 555 habent
2997 499 3146 572 quid
3175 500 3540 572 respondere

1875 592 2121 659 queant.
2155 589 2262 655 Qui
2312 606 2474 658 vero,
2508 593 2573 644 ut
2601 588 2829 645 dictum
2861 595 2967 657 est,
2995 589 3128 644 cceli
3155 589 3401 645 nomine
3424 589 3543 661 spi-

1872 676 2074 733 ritales
2099 678 2437 748 intelligunt
2470 678 2809 749 dignitates,
2840 694 2910 735 ac
2942 683 3111 735 terra:
3132 678 3428 735 vocabulo
3453 679 3541 734 in-

1873 763 2133 822 formem
2162 766 2503 831 materiam,
2548 782 2621 822 ex
2672 782 2797 839 qua
2841 772 3059 823 cuncta
3089 768 3346 823 formata
3377 772 3537 838 sunt,

1873 853 1935 909 hi
1963 870 2208 929 quoque
2238 862 2394 912 recte
2422 855 2702 918 sentiunt,
2737 860 2793 911 et
2819 872 3035 912 sensus
3064 872 3273 912 eorum
3290 856 3538 913 creden-
3582 902 3587 907 .

1872 943 1987 999 dus
2017 950 2124 1011 est,
2146 945 2229 1002 ita
2253 951 2453 1001 tamen
2484 945 2532 1000 si
2585 944 2785 1000 idonei
2811 951 2948 1001 sunt
2972 946 3050 1002 ad
3071 947 3538 1002 discernendum

1872 1033 1978 1105 [Z.,
2009 1033 2390 1104 discendum]
2430 1033 2579 1105 quid
2628 1035 2935 1106 praecedat
2985 1036 3334 1101 aeternitate,
3386 1034 3537 1108 quid

1872 1126 2165 1195 tempore,
2198 1123 2345 1195 quid
2377 1122 2684 1191 electione,
2714 1123 2863 1195 quid
2911 1123 3160 1193 origine.
3216 1128 3364 1180 Nam
3412 1125 3537 1182 duo

1870 1227 2009 1284 qua:
2036 1212 2097 1267 in
2123 1213 2323 1285 primo
2344 1217 2400 1268 et
2418 1213 2479 1267 in
2515 1212 2721 1268 ultimo
2748 1218 3057 1284 ponuntur
3081 1217 3233 1279 loco,
3267 1213 3537 1270 difﬁcilli-

1869 1316 1973 1358 ma
2000 1307 2140 1358 sunt
2168 1302 2244 1357 ad
2275 1301 2755 1370 intelligendum.
2786 1302 3057 1357 Arduum
3082 1318 3348 1375 namque
3373 1308 3465 1359 est
3479 1306 3538 1360 et

1868 1391 2216 1448 difﬁcillime
2262 1391 2694 1466 comprehendi
2722 1396 2922 1464 potest
2948 1392 3205 1464 qualiter
3235 1396 3389 1449 Deus
3424 1410 3534 1451 sua

1866 1482 2191 1538 aeternitate
2232 1487 2449 1538 cuncta
2496 1481 2781 1554 praecedit
2811 1482 3017 1552 [Petr.,
3049 1482 3361 1553 procedit].
3406 1486 3533 1539 Duo

1864 1587 2009 1628 vero
2040 1588 2178 1644 quae
2205 1571 2407 1628 medio
2435 1575 2765 1644 ponuntur,
2797 1570 2860 1626 id
2886 1576 2977 1627 est
2999 1571 3254 1643 qualiter
3266 1577 3536 1645 tempore

1870 1661 1983 1717 flos
2011 1661 2293 1728 fructum,
2317 1667 2375 1718 et
2402 1662 2691 1718 electione
2721 1662 2949 1717 fructus
2974 1662 3186 1717 ﬂorem
3210 1662 3532 1735 praecedat,

71 1748 240 1803 Deus
273 1750 495 1805 cadum
525 1756 581 1806 et
621 1756 866 1818 terram,
908 1751 1184 1807 nonnulli
1213 1751 1561 1824 simpliciter
1590 1752 1756 1808 intel—
1793 1770 1833 1824 Β
1872 1750 2044 1807 facile
2073 1754 2235 1807 valet
2261 1751 2712 1825 comprehendi.
2761 1754 3051 1807 Caeterum
3084 1752 3395 1823 quomodo
3424 1752 3537 1808 ori-

70 1836 360 1903 ligentes,
395 1838 622 1911 quibus
650 1856 824 1896 sacra
860 1841 1164 1914 Scriptura
1195 1842 1374 1899 nidus
1406 1848 1516 1910 est,
1548 1848 1605 1899 et
1633 1858 1756 1899 non

71 1927 381 1984 habentes
408 1944 644 2001 pennas
676 1930 899 2002 quibus
940 1936 1166 2003 queant
1194 1931 1316 1988 alta
1344 1936 1567 2005 petere,
1607 1932 1757 1988 dum

72 2017 345 2074 audiunt
390 2018 606 2089 Deum,
656 2024 872 2093 putant
918 2037 1059 2077 eum
1098 2038 1228 2078 esse
1286 2038 1667 2095 corporeum,
1702 2026 1758 2078 et

72 2107 296 2181 aliqua
321 2107 484 2164 mole
510 2109 673 2165 mirm
696 2111 1129 2181 magnitudinis
1156 2128 1520 2185 summaque
1547 2116 1758 2185 poten-

70 2198 158 2253 tia
189 2198 539 2271 praeditum.
572 2200 668 2256 lsti
698 2200 859 2257 enim
892 2217 1014 2257 non
1043 2207 1184 2257 sunt
1218 2218 1325 2275 per
1372 2202 1579 2259 omnia
1621 2218 1759 2259 con-

71 2287 419 2357 temnendi,
466 2288 573 2344 sed
612 2289 811 2362 potius
850 2290 1303 2363 implorandum
1343 2296 1431 2347 est
1485 2292 1589 2362 [Z.,
1641 2308 1755 2347 om.

71 2378 186 2447 est]
211 2392 331 2449 pro
360 2377 468 2443 eis,
496 2381 559 2433 ut
590 2378 880 2435 Dominus
913 2380 1108 2436 mittat
1136 2380 1420 2447 angelum
1454 2398 1631 2437 suum
1654 2381 1760 2454 qui

72 2481 181 2520 eos
208 2465 273 2521 in
302 2466 521 2522 nidum
550 2467 886 2538 recollocet,
919 2473 976 2525 et
1005 2469 1403 2542 plumescant,
1434 2475 1614 2543 atque
1631 2470 1760 2526 alas

73 2553 375 2626 spiritalis
405 2554 809 2626 intelligentiae
840 2558 1157 2631 accipiant,
1186 2563 1251 2614 ut
1281 2559 1466 2614 Deum
1486 2560 1760 2632 incorpo-

72 2660 254 2700 reum
282 2648 344 2700 et
381 2644 747 2702 invisibilem
790 2646 1145 2717 intelligant,
1187 2664 1263 2704 ne
1289 2653 1583 2721 tanquam
1612 2648 1759 2722 pulli

72 2733 416 2807 implumes
437 2750 475 2791 a
495 2735 797 2792 viantibus
832 2738 1278 2794 conculcentur.

144 2818 265 2875 Alii
296 2835 463 2883 vero,
482 2820 708 2877 altioris
735 2821 1135 2893 intelligentiae
1163 2823 1453 2897 sapientia
1471 2824 1551 2895 [Ζ.
1567 2865 1578 2887 ,
1595 2823 1760 2880 intel-

69 2907 332 2977 ligentia
358 2910 687 2983 sapientiae]
716 2912 966 2983 praediti,
984 2912 1207 2985 quibus
1221 2912 1427 2969 divina
1456 2913 1760 2986 Scriptura

73 3013 204 3053 non
229 2998 369 3069 jam
420 3000 881 3072 quodammodo
923 3002 1122 3071 nidus,
1158 3002 1265 3057 sed
1290 3002 1520 3058 fructus
1551 3007 1641 3058 est
1669 3006 1758 3059 at-

73 3088 424 3183 quecibus,
455 3089 561 3162 qui
591 3106 701 3183 per
729 3107 933 3183 ramos
957 3091 1384 3183 hujusarboris
1398 3092 1759 3161 gratulando
1791 3130 1834 3183 ο

72 3177 356 3242 volitant,
409 3178 783 3235 attendentes
838 3180 1040 3253 ipsum
1082 3184 1270 3237 Deum
1310 3182 1756 3255 incorporeum,

75 3266 479 3337 invisibilem,
502 3268 919 3339 etintelligunt
936 3270 1193 3342 qualiter
1218 3271 1277 3325 in
1307 3271 1467 3339 Filio,
1504 3272 1616 3327 hoc
1649 3276 1755 3337 est,

77 3357 134 3413 in
172 3356 380 3413 Verbo
421 3374 534 3414 suo
564 3374 689 3414 non
715 3364 1089 3415 transeunter
1126 3362 1422 3431 sonando,
1453 3361 1557 3416 sed
1590 3367 1758 3417 teter-

76 3446 301 3503 naliter
332 3447 662 3514 manendo,
688 3449 913 3504 creavit
941 3450 1162 3505 caelum
1194 3456 1249 3506 et
1285 3456 1524 3506 terrain.
1552 3450 1757 3524 Itaque

77 3537 186 3607 [Z.,
208 3536 492 3609 jamque]
521 3536 691 3610 quod
722 3538 990 3610 sequitur
1021 3556 1032 3593 :
1069 3540 1282 3595 cretum
1302 3546 1355 3595 el
1390 3545 1637 3602 terram,
1666 3539 1755 3595 di-

76 3627 235 3683 versi
276 3626 519 3683 diversa
563 3628 845 3684 sentiunt.
898 3628 1176 3685 Nonnulli
1220 3630 1465 3685 nomine
1495 3630 1626 3685 caeli
1657 3647 1759 3685 vo-

76 3716 213 3771 lunt
244 3715 498 3787 intelligi
535 3717 757 3773 ccelum
792 3717 955 3775 istud
1000 3718 1438 3792 conspicuum;
1502 3725 1559 3775 et
1589 3724 1756 3775 terrae

74 3806 330 3862 nomine
358 3812 582 3863 terram
618 3808 773 3863 hanc
805 3808 1117 3871 visibilem,
1175 3825 1245 3864 ex
1276 3825 1400 3882 qua
1429 3810 1758 3879 gignuntur

76 3898 392 3953 universa.
435 3897 542 3953 Alii
572 3898 799 3970 quippe
831 3898 978 3953 illud
1017 3899 1265 3968 intelligi
1295 3899 1505 3955 volunt
1537 3899 1755 3955 caelum

75 3984 373 4038 thronum
404 3983 528 4049 Dei,
561 3983 727 4055 quod
767 3982 951 4039 solius
1006 3985 1106 4055 [Z.,
1156 3983 1376 4056 solum]
1424 3984 1757 4057 praesentia:

76 4072 301 4127 divina:
333 4071 415 4127 ab
428 4073 598 4127 omni
620 4072 995 4128 volubilitate
1016 4073 1198 4143 hujus
1221 4074 1429 4128 mundi
1453 4080 1759 4129 manetse-

77 4170 336 4228 cretum,
366 4162 443 4217 de
483 4178 696 4235 quom
738 4164 1132 4236 sequentibus
1174 4162 1408 4236 plenius
1456 4179 1569 4218 suo
1621 4162 1756 4220 loco

76 4255 297 4310 dicturi
330 4270 569 4309 sumus.
605 4253 714 4309 Alii
744 4259 945 4310 autem
978 4254 1038 4309 in
1067 4253 1216 4309 caelo
1239 4253 1571 4321 intelligunt
1590 4254 1758 4326 spiri-

76 4345 224 4399 tales
249 4348 583 4409 creaturas,
615 4341 677 4398 id
705 4348 792 4399 est
816 4342 1153 4412 angelicam
1182 4342 1538 4412 dignitatem
1568 4361 1580 4409 ;
1612 4344 1759 4415 quia

76 4435 279 4506 prima
299 4432 399 4488 die
430 4434 629 4506 ipsam
660 4432 984 4506 spiritalem
1037 4441 1063 4467 ⁸
1111 4433 1398 4497 condidit,
1426 4433 1501 4487 de
1531 4449 1655 4504 qua
1682 4432 1759 4489 lc-

77 4525 236 4593 gitur
275 4522 337 4578 in
370 4521 526 4577 libro
558 4522 717 4578 beati
745 4521 857 4577 Job
888 4540 900 4577 :
938 4522 1087 4579 Cum
1118 4537 1209 4577 me
1232 4523 1556 4578 laudarent
1578 4523 1758 4578 simul

78 4622 247 4669 astra
278 4615 607 4679 matutina,
640 4619 695 4669 et
717 4613 1061 4682 jubz'larent
1093 4628 1292 4669 omnes
1320 4615 1440 4681 ,‘(lii
1466 4614 1576 4668 Dei
1601 4612 1753 4680 (Job.

80 4721 315 4775 xxxvuu,
343 4706 400 4774 7)
431 4723 444 4771 ;
474 4704 534 4759 in
566 4709 722 4760 terra
752 4720 895 4759 vero
924 4703 1247 4759 informem
1279 4703 1610 4759 materiam.
1646 4703 1758 4759 Alii

80 4796 310 4869 quippe
349 4792 654 4849 vocabulo
685 4793 819 4849 cceli
868 4808 939 4848 ac
987 4799 1153 4848 terrae
1197 4793 1393 4865 ipsam
1434 4792 1756 4849 informem

82 4885 425 4950 materiam,
453 4898 526 4938 ex
557 4898 682 4955 qua
711 4888 980 4938 creatum
1010 4887 1099 4937 est
1127 4882 1345 4937 cmlum
1370 4888 1425 4938 et
1446 4887 1619 4938 terra.
1643 4886 1757 4937 Nec

82 4973 408 5038 immerito,
440 4972 586 5045 quia
609 4971 879 5027 futurum
913 4976 1041 5026 erat
1074 4976 1135 5026 ut
1162 4988 1233 5026 ex
1266 4972 1399 5043 ipsa
1430 4972 1757 5026 formaren-

83 5070 190 5119 tur.
232 5068 387 5119 Nam
423 5061 646 5117 cmlum
686 5068 899 5133 postea
930 5061 1208 5116 scribitur
1238 5062 1484 5116 factum.
1546 5061 1759 5116 Taliter

83 5153 312 5210 dictum
345 5157 437 5207 est
465 5149 991 5223 quemadmodum
1019 5151 1087 5217 si,
1112 5167 1317 5205 semen
1354 5150 1587 5206 arboris
1619 5166 1759 5206 con-

85 5245 439 5308 siderantes,
471 5242 751 5296 dicamus
780 5240 863 5295 ibi
893 5256 1023 5295 esse
1050 5239 1303 5301 radices,
1360 5244 1415 5295 et
1464 5240 1669 5309 robur,
1704 5243 1762 5296 et

86 5349 307 5397 ramos,
339 5336 400 5387 et
431 5331 680 5398 fructus,
705 5336 761 5384 et
788 5329 950 5395 folia,
983 5346 1107 5385 non
1128 5330 1419 5401 quiajam
1452 5333 1611 5398 sunt,
1654 5328 1759 5385 sed

85 5425 223 5496 quia
245 5422 392 5479 inde
417 5420 620 5477 futura
644 5425 805 5476 sunt.
832 5424 967 5492 Ipsa
998 5420 1158 5476 enim
1180 5420 1432 5476 confusa
1449 5421 1761 5491 [Petr.,in-

88 5514 358 5585 confusa]
403 5510 664 5567 materia
701 5511 876 5581 quasi
907 5525 1114 5564 semen
1144 5510 1275 5564 coeli
1304 5524 1374 5564 ac
1421 5514 1589 5564 terrre
1610 5515 1757 5564 erat.

91 5606 226 5661 Nam
256 5603 344 5659 illi
387 5602 495 5675 qui
540 5600 673 5657 caeli
725 5600 968 5655 nomine
1003 5600 1118 5656 hoc
1152 5598 1379 5654 visibile
1424 5599 1664 5659 ccelum.
1707 5603 1764 5653 et

92 5699 245 5752 terra
281 5691 591 5751 vocabulo
607 5690 769 5746 hanc
790 5690 1185 5762 conspicuam
1204 5688 1452 5759 intelligi
1466 5687 1695 5757 volunt,
1715 5688 1764 5745 si

156 5813 178 5839 ι
209 5802 462 5877 Supple,
494 5817 569 5859 ex
601 5798 740 5856 cod.
774 5800 857 5868 2.,
889 5805 1256 5855 creaturam.

1870 1841 2028 1911 gine,
2052 1845 2117 1896 ut
2143 1856 2328 1896 sonus
2357 1845 2601 1896 cantum
2644 1840 2946 1913 praecedit,
2969 1842 3302 1897 obscurum
3332 1841 3411 1897 ad
3441 1857 3536 1897 ca-

1868 1930 2159 2003 piendum
2200 1935 2309 1986 est.
2362 1930 2477 1986 Sed
2500 1930 2839 1985 notandum
2865 1936 2950 1986 est
2981 1932 3126 2003 quia
3163 1931 3363 1986 omnis
3399 1947 3536 1987 can-

1867 2025 1964 2077 tus
1994 2036 2202 2090 sonus,
2244 2036 2368 2076 non
2408 2020 2606 2076 omnis
2651 2035 2839 2076 sonus
2869 2026 3106 2076 cantus.
3153 2024 3347 2077 Sonus
3374 2022 3535 2076 enim

1868 2111 2163 2167 formatus
2210 2108 2278 2165 ﬁt
2328 2115 2564 2176 cantus,
2615 2115 2673 2165 et
2714 2125 2838 2165 non
2894 2109 3090 2165 solum
3147 2115 3383 2177 cantus,
3428 2110 3537 2165 sed

1868 2201 2049 2257 etiam
2079 2200 2277 2256 suavis
2310 2214 2381 2254 ac
2412 2199 2624 2269 dulcis,
2652 2198 2910 2271 ideoque
2942 2199 3071 2255 sola
3091 2200 3319 2268 origine
3351 2215 3538 2255 sonus

1868 2289 2153 2363 prtecedit
2176 2292 2444 2345 cantum.
2473 2288 2565 2343 Sic
2586 2288 2812 2360 quippe
2840 2287 3113 2343 informis
3133 2289 3385 2345 materia
3411 2304 3537 2344 non

1869 2378 2194 2433 aeternitate
2226 2375 2813 2448 praeceditformatas
2844 2379 3167 2445 creaturas,
3211 2377 3361 2432 sicut
3382 2377 3537 2432 Deus

1868 2468 2085 2540 ipsam.
2109 2470 2238 2522 Non
2261 2470 2550 2538 tempore,
2573 2465 2718 2537 quia
2746 2470 3019 2537 tempora
3039 2481 3162 2521 non
3189 2466 3429 2521 fuerunt
3452 2465 3540 2521 ni-

1870 2559 1918 2612 si
1940 2561 2079 2629 post
2108 2556 2399 2611 formatas
2420 2559 2743 2610 creaturas.
2774 2558 2887 2609 Nec
2918 2554 3203 2611 electione
3235 2572 3375 2611 cum
3396 2571 3540 2627 pen—

1870 2647 2037 2703 deret
2066 2644 2406 2712 extremior,
2438 2644 2583 2716 quia
2614 2644 2875 2716 potiores
2908 2649 3048 2700 sunt
3076 2645 3348 2700 formatae
3380 2660 3542 2702 crea-

1868 2739 2017 2791 turte
2048 2750 2236 2807 quam
2257 2732 2530 2788 informis
2562 2732 2897 2788 substantia
2928 2750 2941 2799 ;
2983 2732 3089 2787 sed
3119 2748 3243 2788 non
3268 2732 3395 2788 sola
3424 2732 3540 2788 ori-

1870 2824 2008 2896 gine
2038 2823 2322 2897 praecedit
2341 2822 2628 2878 formatas
2645 2827 2970 2888 creaturas,
2994 2825 3147 2877 Deus
3169 2822 3330 2878 enim
3351 2839 3424 2878 ex
3454 2822 3539 2878 ni-

1870 2914 1991 2970 hilo
2018 2912 2288 2969 condidit
2312 2911 2634 2968 informem
2666 2912 3075 2975 materiam,et
3102 2928 3174 2967 ex
3200 2913 3333 2985 ipsa
3355 2928 3538 2968 cunc-

1870 3008 1930 3059 ta
1951 3002 2194 3071 creavit,
2212 3002 2386 3073 juxta
2416 3001 2579 3072 quod
2606 3001 2893 3073 scriptum
2919 3006 3008 3056 est
3035 3000 3097 3055 in
3118 3000 3272 3057 libro
3298 3001 3542 3074 Sapien-

1872 3094 1965 3149 tiae
2001 3111 2013 3147 :
2040 3093 2180 3147 Non
2203 3092 2361 3147 enim
2387 3091 2498 3145 erit
2531 3105 2748 3145 manus
2780 3096 2906 3155 tua,
2932 3092 3202 3150 Domine,
3238 3092 3536 3159 invalida,

1871 3197 1993 3254 qua
2019 3182 2239 3237 creasti
2266 3179 2557 3235 mundum
2589 3194 2664 3234 ex
2692 3180 2947 3248 informi
2965 3180 3221 3235 materia
3253 3182 3420 3249 (Sap.
3454 3195 3536 3249 χι,

1874 3275 1984 3337 l8).
2014 3268 2178 3325 Unde
2210 3265 2573 3340 philosophi,
2629 3272 2809 3338 prout
2855 3266 2984 3337 jam
3015 3267 3243 3321 dictum
3274 3273 3385 3336 est,
3412 3282 3537 3323 non

1868 3359 2136 3415 valentes
2161 3361 2474 3429 penetrare
2505 3354 3027 3427 quemadmodum
3058 3353 3265 3410 divina
3298 3356 3538 3427 Sapien-

1870 3449 1951 3504 tia
1978 3446 2277 3503 mundum
2313 3445 2533 3500 creavit
2562 3461 2633 3499 ex
2656 3444 2862 3511 nihilo,
2888 3443 3271 3499 aestimabant
3299 3451 3538 3501 coe‘ter-

1869 3554 2019 3594 num
2050 3552 2182 3592 esse
2202 3533 2521 3590 mundum.
2550 3534 2663 3588 Ista
2683 3539 3002 3605 propterea
3024 3532 3250 3598 dicunt,
3275 3534 3421 3605 quia
3452 3538 3536 3590 at-

1869 3627 2123 3684 tendunt
2152 3625 2413 3686 fabrum,
2462 3628 2518 3678 et
2566 3638 2689 3677 non
2731 3624 2939 3678 Deum.
2975 3622 3156 3678 Aiunt
3180 3623 3342 3677 enim
3395 3642 3406 3678 :
3446 3623 3535 3679 Li-

1869 3734 2057 3789 gnuin
2088 3716 2340 3787 adjuvat
2368 3714 2634 3778 fabrum,
2666 3719 2718 3768 et
2756 3718 3073 3781 argentum
3101 3713 3533 3781 argentarium,

1868 3814 1927 3865 et
1946 3824 2155 3864 aurem
2187 3805 2516 3862 aurificem.
2543 3804 2641 3859 His
2672 3803 2833 3859 enim
2872 3802 3153 3875 quamvis
3203 3802 3532 3872 indigeant,

1866 3903 2071 3955 tamen
2093 3912 2294 3953 creare
2324 3898 2652 3967 nequeunt.
2686 3891 2977 3948 Dominus
3006 3896 3209 3946 autem
3254 3889 3400 3945 nihil
3431 3890 3534 3944 ho-

1866 4003 2002 4043 rum
2036 3984 2310 4055 indiguit,
2338 3984 2445 4038 sed
2466 4000 2538 4038 ex
2566 3980 2808 4038 informi
2838 3980 3089 4035 materia
3111 3978 3380 4033 condidit
3401 3993 3533 4032 om-

1868 4078 1989 4146 nia,
2023 4091 2144 4131 non
2179 4081 2345 4130 extra
2372 4090 2434 4127 se
2468 4079 2758 4144 tanquam
2788 4070 2958 4125 faber
2986 4078 3132 4136 (non
3173 4069 3334 4124 enim
3366 4067 3535 4123 faber

1868 4167 2009 4223 facit
2040 4166 2295 4234 lignum,
2324 4163 2425 4219 sed
2456 4164 2529 4217 de
2562 4162 2726 4231 ligno
2756 4160 2980 4232 aliquid
3015 4159 3196 4224 facit).
3245 4158 3534 4231 Omnipo-

1866 4261 1998 4311 tens
2030 4262 2232 4310 autem
2273 4253 2438 4309 nulla
2468 4268 2529 4307 re
2559 4250 2947 4321 adjuvandus
2992 4254 3138 4317 erat,
3189 4263 3376 4321 quam
3406 4248 3533 4320 ipse

1867 4361 1990 4401 non
2025 4345 2263 4409 fecerat,
2326 4348 2389 4398 ut
2441 4340 2607 4414 quod
2652 4339 2895 4396 volebat
2935 4338 3213 4405 efﬁceret,
3264 4336 3533 4409 alioquin

1870 4439 2023 4491 Deus
2046 4449 2167 4489 non
2198 4436 2374 4487 esset.
3173 4490 3180 4505 .

1944 4524 2058 4581 Sed
2088 4523 2374 4595 quaeritur
2396 4537 2502 4577 cur
2537 4520 2619 4576 ita
2657 4519 2885 4575 dictum
2916 4524 3003 4575 est
3056 4535 3068 4573 :
3129 4520 3203 4575 1n
3230 4519 3532 4588 principio

1866 4615 2011 4683 fecit
2043 4616 2199 4667 Deus
2238 4612 2455 4667 caelum
2494 4616 2549 4665 et
2582 4615 2829 4675 terram,
2881 4612 2939 4663 et
2978 4623 3099 4663 non
3146 4606 3373 4662 dictum
3405 4611 3529 4661 est:

1869 4708 1931 4759 ln
1965 4703 2258 4775 principio
2288 4701 2436 4756 dixit
2486 4703 2639 4755 Deus
2696 4716 2709 4753 :
2769 4698 2892 4753 Fiat
2921 4697 3141 4753 oculum
3172 4701 3229 4751 et
3257 4701 3431 4763 terra,
3464 4694 3536 4748 si-

1870 4798 1969 4848 cut
1994 4792 2069 4847 de
2099 4791 2229 4846 luce
2254 4796 2562 4845 narratur:
2598 4789 2767 4843 Dixit
2800 4789 2956 4842 Deus
2985 4801 3008 4841 .'
3036 4787 3177 4840 Fiat
3208 4786 3336 4844 lux,
3366 4787 3423 4837 et
3446 4799 3533 4837 re-

1869 4883 2036 4955 liqua
2065 4884 2090 4937 ‘2
2136 4882 2254 4937 Nisi
2286 4880 2430 4952 quia
2459 4880 2625 4951 prius
2670 4874 3081 4931 universaliter
3119 4872 3365 4927 nomine
3400 4872 3533 4928 caeli

1869 4977 1927 5028 et
1955 4978 2120 5027 terrae
2152 4965 2794 5040 comprehendendum
2825 4968 2971 5031 erat,
2999 4967 3055 5016 et
3093 4961 3532 5017 commendan-

1870 5063 2017 5117 dum
2039 5074 2201 5133 quoa
2233 5060 2384 5122 fecit,
2410 5064 2467 5112 et
2495 5054 2711 5111 deinde
2727 5069 2835 5124 per
2860 5057 3059 5125 partes
3077 5052 3532 5124 exsequendum

1871 5149 2042 5204 sicuti
2071 5153 2271 5201 actum
2303 5144 2536 5213 legitur.
2572 5142 2849 5211 Sequitur
2882 5156 2893 5194 :

1945 5240 2116 5291 Vens.
2140 5239 2191 5289 2.
2244 5263 2313 5273 -
2365 5235 2552 5286 Terra
2582 5237 2781 5285 autem
2816 5235 2945 5285 erat
2988 5230 3186 5285 inanis
3218 5235 3273 5285 et
3318 5244 3529 5285 vacua.

1872 5331 2018 5383 Cum
2044 5324 2317 5395 superius
2349 5322 2429 5376 ait
2456 5337 2468 5375 :
2506 5321 2741 5375 Creavit
2769 5321 2924 5374 Deus
2957 5320 3171 5374 caelum
3198 5323 3251 5374 et
3281 5324 3533 5379 terram.

1872 5433 1978 5473 cur
2015 5415 2234 5468 dicitur
2268 5428 2280 5466 :
2318 5413 2504 5467 Terra
2542 5416 2739 5466 autem
2768 5415 2897 5465 erat
2940 5410 3139 5471 inanis
3188 5412 3241 5463 et
3290 5422 3481 5462 vacua
3508 5410 3536 5461 ?

1872 5505 1986 5561 nisi
2014 5518 2158 5575 quia
2184 5502 2320 5573 ipsa
2348 5498 2621 5556 informis
2650 5498 2918 5563 materia,
2945 5514 3082 5568 quae
3107 5497 3350 5553 nomine
3369 5502 3533 5552 terrae

1873 5595 2031 5651 dicta
2064 5600 2172 5662 est,
2198 5592 2390 5647 inanis
2423 5594 2631 5645 eratet
2663 5604 2873 5643 vacua.
2908 5588 3118 5643 Inanis
3151 5587 3441 5649 videlicet,
3475 5586 3537 5641 id

1875 5690 1967 5741 est
1997 5684 2399 5759 incomposita
2428 5686 2484 5738 et
2510 5679 2772 5737 necdum
2821 5679 3164 5736 coadunata
3202 5679 3263 5734 in
3308 5677 3545 5749 species
