3944 6456
364 312 473 364 HIS

1482 302 1842 360 ANGELOMI
1898 298 2343 357 LUXOVIENSIS
2393 299 2705 356 MONACHI

3700 303 3816 361 116

363 447 525 488 suas.
575 432 770 487 Vacua
799 448 961 497 vero,
993 431 1138 503 quia
1164 429 1420 485 vacabat
1448 445 1482 483 a
1511 428 1829 497 gignendis
1862 427 2015 481 fruc-
2047 429 2092 480 Α
2133 424 2296 495 quod
2318 424 2551 491 dicitur,
2579 427 2893 495 ferebatur
2919 430 2947 483 ἶ)
2990 427 3270 500 Nunquid
3299 428 3397 483 tali
3426 428 3621 484 modo
3652 444 3820 502 que-

362 520 546 576 tibus.
582 520 747 576 Unde
776 519 892 576 alia
921 519 1229 574 translatio
1258 518 1396 572 dicit
1423 535 1435 571 :
1483 519 1686 573 Invisa
1714 524 1767 572 et
1802 519 2020 571 incom-

356 611 581 680 posita.
618 611 821 664 Invisa
850 613 1094 681 propter
1129 607 1575 667 obscuritatem.
1621 606 2023 673 Incomposita

365 703 610 771 propter
652 698 1113 761 deformitatem,
1141 695 1286 767 quia
1317 695 1517 749 adhuc
1540 700 1661 751 tota
1690 695 1934 766 abysso,
1966 691 2023 746 id

368 791 476 859 est,
502 787 798 842 immensa
827 786 1230 858 profunditate
1248 784 1561 853 tegebatur
1587 785 2026 855 aquarum.Un~

367 876 443 932 de
467 872 577 947 per
604 876 718 931 hoc
748 875 912 948 quod
944 874 1024 930 ait
1056 891 1068 929 :
1131 876 1319 928 Terra
1352 880 1549 928 autem
1580 880 1708 929 erat
1738 874 1936 927 inanis
1973 876 2024 926 et

367 980 580 1033 vacua,
611 963 788 1035 quale
819 964 893 1018 sit
920 963 1160 1030 caelum,
1188 962 1353 1034 quod
1375 964 1639 1034 primum
1667 959 2024 1023 considerat,

365 1058 559 1125 potest
586 1052 855 1122 intelligi,
888 1052 1161 1107 videlicet
1183 1051 1345 1123 quod
1365 1050 1621 1105 abomni
1648 1049 1828 1118 hujus
1851 1061 2027 1101 mun-

366 1142 428 1197 di
457 1141 703 1197 volubili
725 1146 884 1197 statu
926 1146 1242 1206 secretum,
1274 1139 1490 1193 divinae
1523 1137 1852 1210 priesentite
1902 1152 2028 1190 ma-

365 1235 467 1286 net
505 1246 745 1303 semper
779 1229 1072 1302 quietum.
1108 1232 1255 1284 Nam
1285 1228 1359 1282 de
1390 1234 1595 1282 nostro
1618 1226 1790 1292 coelo,
1824 1226 1883 1279 in
1905 1240 2027 1296 quo

368 1324 511 1376 sunt
534 1321 729 1392 posita
755 1318 1100 1387 luminaria,
1130 1316 1387 1389 qualiter
1414 1316 1510 1371 vel
1537 1315 1784 1388 quando
1818 1314 2026 1368 sitfac-

366 1412 520 1477 tum,
549 1408 611 1462 in
637 1406 1026 1479 sequentibus
1052 1405 1408 1460 declaratur.
1440 1408 1566 1459 Non
1596 1420 1738 1469 ergo
1756 1402 2030 1475 superius

369 1497 517 1553 illud
548 1496 760 1551 coelum
786 1496 966 1553 inane
988 1500 1256 1551 creatum
1285 1500 1375 1550 est
1403 1502 1733 1550 etvacuum
1759 1499 1820 1548 ut
1852 1500 2027 1557 terra,

370 1585 664 1659 quoniam
712 1584 858 1639 nihil
896 1586 1191 1641 creatione
1223 1586 1327 1655 [Z.,
1357 1600 1494 1655 quae
1517 1583 1662 1637 nihil
1691 1581 2027 1651 creationis]

371 1674 635 1747 protulit,
658 1675 803 1746 quia
833 1691 975 1730 mox
1002 1673 1361 1729 beatissimis
1393 1673 1747 1741 angelorum
1774 1672 2028 1741 agmini-

372 1763 489 1819 bus
517 1763 831 1835 impletum
889 1767 995 1831 est,
1045 1762 1119 1817 de
1178 1763 1397 1835 quibus
1443 1762 1716 1834 superius
1745 1762 2026 1825 diximus,
2059 1786 2101 1841 Β

373 1868 529 1925 quos
568 1852 629 1907 in
654 1851 950 1924 principio
981 1866 1118 1906 cum
1147 1851 1317 1918 caelo,
1354 1856 1409 1906 et
1453 1858 1604 1905 terra
1631 1850 1707 1904 ad
1738 1849 2030 1903 laudatio-

373 1956 515 1996 nem
547 1940 637 1995 sui
666 1942 913 2010 creavit,
948 1941 1098 1996 sicut
1145 1940 1272 2013 ipse
1318 1940 1396 1996 ad
1424 1940 1670 1995 beatum
1702 1940 1812 1994 Job
1842 1939 1982 1992 dic.-t
2014 1954 2027 1991 :

378 2031 489 2087 Ubi
519 2046 652 2087 eras
709 2032 952 2102 quando
999 2031 1295 2099 ponebam
1344 2032 1747 2101 fundamenta
1808 2033 2033 2084 terrai?

374 2120 523 2190 (Job.
555 2136 800 2186 xxxvm,
824 2120 983 2189 4.)Et
1002 2119 1185 2193 paulo
1210 2125 1380 2192 post:
1410 2122 1559 2175 Cum
1588 2134 1677 2174 me
1705 2119 2030 2173 uzudarent

373 2211 540 2261 astra
554 2206 878 2273 matutina,
894 2205 1294 2273 etjubilarent
1310 2220 1506 2259 omnes
1520 2206 1638 2272 [ἱιιί
1660 2206 1762 2259 Dei
1781 2205 1807 2258 '2
1829 2204 2030 2274 (Ibid)

373 2296 415 2349 Ε
434 2294 657 2366 quibus
691 2294 795 2349 uni
823 2293 1037 2349 dicitur
1071 2310 1082 2346 :
1120 2294 1417 2361 Quomodo
1449 2294 1712 2349 cecidisti
1740 2294 1813 2348 (Ιρ
1840 2294 1986 2348 σιείο
2006 2296 2033 2347 9

372 2387 430 2438 et
451 2383 683 2455 reliqua
704 2384 847 2453 (lsa.
877 2400 995 2454 XIV,
1032 2387 1140 2454 12).
1203 2384 1259 2439 Si
1285 2384 1484 2438 adhuc
1516 2384 1576 2438 in
1599 2382 1749 2439 cado
1778 2388 1904 2437 erat
1928 2398 2033 2453 po-

372 2472 537 2540 situs,
590 2473 902 2545 quomodo
954 2472 1146 2527 dicit:
1206 2473 1277 2528 In
1309 2474 1523 2528 cretum
1583 2472 1973 2527 conscendam
2006 2472 2033 2525 ‘?

374 2561 487 2617 Sed
518 2561 662 2633 quia
681 2562 964 2631 legimus:
1002 2562 1231 2617 Caelum
1251 2564 1385 2617 caeli
1402 2563 1646 2616 Domino
1676 2562 1842 2631 (Psal
1881 2576 2031 2628 eam,

376 2650 482 2720 10),
515 2666 654 2705 cum
686 2660 840 2705 esset
869 2650 929 2705 in
979 2649 1151 2705 coelo.
1189 2649 1249 2703 ld
1297 2655 1383 2704 est
1430 2649 1489 2703 in
1536 2651 1937 2715 firmamento,
1970 2648 2031 2702 in

370 2738 610 2807 caelum,
646 2739 746 2793 ubi
788 2739 1006 2795 solium
1047 2738 1146 2793 Dei
1179 2743 1324 2803 erat,
1368 2738 1648 2809 cupiebat
1687 2738 2028 2795 ascendere.

373 2830 489 2883 Seu
513 2828 665 2883 sicut
693 2828 955 2883 diximus
982 2828 1278 2899 superius,
1328 2834 1431 2882 aut
1472 2827 1607 2899 ipsa
1646 2827 1917 2895 angelica
1948 2826 2034 2880 di-

367 2917 584 2987 gnitas,
615 2923 718 2974 aut
732 2917 1150 2989 ipsainformis
1170 2919 1415 2972 materia
1437 2917 1655 2971 cci-lum
1670 2916 2030 2983 intelligitur.

440 3009 513 3063 Et
537 3007 975 3063 tenebraeerant
1003 3023 1184 3077 super
1206 3009 1424 3077 faciem
1448 3007 1663 3075 abyssi.
1691 3007 1907 3079 Abyssi
1932 3023 2034 3062 no-

376 3096 538 3155 mine
578 3096 679 3151 illa
703 3096 977 3152 informis
1022 3097 1273 3152 materia
1304 3096 1610 3168 accipitur,
1639 3113 1709 3151 eo
1736 3096 1899 3169 quod
1928 3096 2031 3151 ob-

370 3202 550 3243 scura
594 3192 797 3243 eratet
826 3185 1147 3259 profunda.
1182 3186 1274 3242 Ait
1317 3186 1496 3241 enim.
1553 3187 1633 3241 Et
1673 3187 1944 3253 teuebrze,
1975 3190 2031 3241 et

367 3276 623 3349 reliqua.
657 3279 850 3341 Quare
880 3292 1022 3345 ergo
1045 3277 1433 3333 nominantur
1462 3276 1743 3337 tenebras,
1771 3292 1907 3330 cum
1938 3292 2035 3330 su-

366 3367 572 3439 perius
600 3382 726 3421 non
758 3373 1313 3422 commemorantur
1344 3372 1554 3421 creatas
1579 3367 1605 3419 ‘I
1642 3369 1789 3434 Ergo
1822 3366 1869 3419 si
1895 3381 2033 3420 con-

369 3454 508 3509 ditas
546 3469 669 3508 non
719 3459 876 3519 sunt,
906 3455 1182 3526 nunquid
1207 3462 1439 3509 teternae
1471 3460 1611 3508 sunt
1639 3456 1665 3509 '?
1703 3454 1889 3508 Absit.
1920 3453 2033 3508 Sed

372 3537 685 3594 sciendum
698 3542 786 3591 est
799 3540 941 3609 quia
967 3539 1223 3593 tenebrae
1240 3554 1359 3594 non
1377 3544 1464 3592 est.
1484 3554 1577 3592 res
1602 3538 2032 3605 substantialis,

371 3626 479 3682 sed
511 3625 749 3698 proprie
775 3625 1160 3681 nominantur
1184 3627 1439 3681 tenebrae
1455 3627 1725 3682 absentia
1745 3626 1918 3681 lucis.
1956 3629 2037 3681 Si-

373 3720 474 3771 cut
502 3714 663 3771 enim
698 3714 998 3770 silentium
1028 3731 1152 3770 non
1178 3722 1266 3770 est
1288 3716 1643 3781 substantia,
1676 3716 1779 3769 sed
1814 3715 2035 3769 absen-

373 3806 452 3862 tia
480 3805 680 3873 vocis;
725 3809 782 3861 et
811 3805 1052 3861 nuditas
1083 3805 1231 3860 nihil
1282 3805 1559 3860 absentia
1603 3806 1948 3873 tegumenti,
1981 3809 2039 3859 et

371 3901 583 3951 cratera
613 3894 774 3963 talia,
803 3894 887 3949 sic
907 3894 1134 3967 quippe
1164 3894 1432 3950 tenebrae
1463 3898 1549 3949 est
1583 3896 1642 3963 [Ζ
1675 3936 1687 3959 ,
1717 3894 1874 3963 sunt]
1906 3894 2037 3966 ipsa

370 3984 621 4058 privatio
652 3983 822 4050 lucis,
851 3990 908 4040 et
936 4000 1060 4039 non
1086 3984 1314 4056 aliquid
1348 3988 1491 4038 sunt
1520 3983 1623 4037 sed
1660 3982 1759 4036 ubi
1788 3981 1891 4036 lux
1914 3999 2036 4037 non

373 4081 481 4137 est,
510 4074 767 4130 tenebrae
794 4075 1095 4129 dicuntur.
1135 4075 1291 4128 Bene
1323 4089 1589 4145 namque
1621 4073 1840 4127 dicitur
1880 4089 1893 4126 :
1941 4076 2038 4129 Te-

372 4164 575 4219 nebras
621 4169 794 4217 erant
843 4178 1020 4231 super
1058 4162 1280 4231 faciem
1311 4163 1531 4231 abyssi,
1588 4163 1732 4233 quia
1762 4162 2036 4217 nondum

374 4254 502 4307 erat
528 4250 864 4305 illuminata
887 4257 942 4306 et
963 4250 1343 4308 manifestata
1374 4252 1719 4323 supradicta
1766 4250 2037 4305 informis

376 4340 645 4396 materia.
684 4342 797 4396 Seu
846 4341 1026 4396 etiam
1076 4340 1273 4396 dicere
1317 4358 1641 4413 possumus
1684 4342 1849 4413 quod
1886 4342 2038 4394 Deus

377 4444 501 4484 non
533 4428 811 4484 tenebras
852 4429 912 4484 in
962 4445 1123 4500 aqua
1158 4436 1259 4485 aut
1304 4431 1365 4485 in
1401 4446 1536 4485 aere
1564 4430 1700 4484 fecit
1727 4429 1900 4493 ullas,
1932 4430 2038 4482 sed

379 4518 588 4574 ordine
611 4518 886 4574 distincto
916 4499 1307 4592 providentia:
1330 4537 1473 4585 suae,
1503 4520 1670 4592 prius
1694 4536 1885 4591 aquas
1900 4535 2039 4573 cum
2073 4499 2112 4550 θ

380 4608 531 4665 caelo
560 4608 783 4664 creavit
809 4624 879 4663 ac
908 4614 1082 4677 terra,
1107 4614 1163 4664 et
1192 4612 1298 4680 [Z.,
1320 4609 1445 4680 sed]
1466 4610 1573 4664 has
1600 4614 1735 4680 post
1764 4608 2039 4678 modum,

380 4715 518 4754 cum
550 4698 737 4753 voluit
765 4698 911 4770 ipse,
940 4698 1090 4753 lucis
1123 4700 1313 4769 gratia
1342 4699 1696 4754 venustavit.
1731 4697 1903 4761 Quod
1951 4714 2050 4752 us-

379 4804 497 4861 que
515 4788 702 4845 modo
731 4804 871 4844 eum
895 4793 972 4854 et,
1003 4788 1062 4843 in
1077 4804 1237 4860 aqua
1256 4788 1406 4860 ipsa,
1431 4788 1561 4842 etin
1587 4804 1720 4842 aere
1738 4804 1843 4859 per
1858 4786 2049 4859 quoti-

383 4879 635 4934 diarium
659 4878 798 4934 solis
829 4894 1143 4935 accessum
1174 4894 1244 4934 ac
1271 4878 1605 4932 discessum
1653 4877 1849 4932 facere
1890 4877 2052 4932 vide-

384 4983 543 5022 mus.
577 4968 684 5023 Ubi
714 4968 1050 5025 notandum
1099 4968 1244 5040 quia
1267 4982 1408 5022 cum
1440 4966 1685 5021 duobus
1716 4965 2044 5035 elementis,

385 5071 549 5127 aqua
584 5056 852 5113 videlicet
879 5063 935 5113 et
960 5063 1137 5122 terra,
1166 5056 1288 5112 duo
1320 5054 1607 5125 condidit,
1628 5056 1827 5123 ignem
1850 5055 2048 5111 videli-

386 5148 478 5200 cet
499 5147 555 5199 et
583 5159 803 5199 aerem.
834 5145 1039 5212 Ignem
1064 5145 1127 5199 in
1149 5145 1306 5199 ferro
1333 5149 1388 5199 et
1406 5143 1727 5215 lapidibus,
1755 5145 2045 5215 quoniam

386 5236 491 5306 [Z.,
523 5234 680 5306 quae]
705 5239 870 5289 terra:
897 5234 1117 5288 viscere
1144 5235 1273 5303 jam
1310 5233 1577 5290 latebant
1594 5234 1854 5303 condita,
1878 5234 2046 5307 quod

388 5322 564 5379 calidi
594 5337 894 5394 aquarum
926 5321 1119 5377 fontes
1143 5322 1409 5393 produnt
1438 5324 1643 5394 [Petr.,
1663 5324 2041 5395 producunt].

388 5415 603 5466 Aerem
632 5426 775 5466 vero
803 5413 865 5465 in
893 5410 1024 5481 ipsa
1049 5416 1223 5479 terra,
1258 5414 1352 5466 cui
1383 5429 1513 5467 esse
1544 5413 1864 5485 permistus
1884 5430 1956 5468 ex
1974 5428 2046 5468 eo

390 5498 977 5570 cognoscitur,quod
1005 5515 1143 5555 cum
1173 5499 1347 5556 fuerit
1365 5501 1709 5558 humectata
1733 5507 1789 5557 et
1819 5507 2047 5573 tempe-

388 5587 540 5644 riem
567 5586 707 5642 solis
728 5588 1041 5660 acceperit,
1072 5606 1215 5646 mox
1243 5607 1494 5664 vapores
1525 5593 1762 5647 exnalat
1785 5591 2047 5660 largissi-

391 5690 546 5731 IIlOS.

463 5765 543 5822 Et
567 5767 815 5836 spiritus
842 5768 956 5825 Dei
983 5768 1295 5840 ferebatur
1322 5786 1503 5839 super
1526 5785 1735 5842 aquas.
1770 5769 1925 5834 Quid
1958 5773 2050 5826 est

2062 3143 2101 3198 C

2133 514 2527 568 mazimodum
2572 515 2660 568 sul
2699 522 2865 570 terrae
2898 516 3264 588 superfertur
3290 518 3319 573 ?
3364 516 3630 573 Minime.
3691 518 3819 575 Sed

2128 603 2442 671 ferebatur
2469 618 2587 658 non
2621 603 2902 670 localiter,
2936 605 3041 659 sed
3067 606 3490 677 potentialiter,
3526 607 3819 671 regendo

2132 690 2617 746 etsustendando
2644 693 2841 764 ipsam
2882 694 3205 748 informem
3232 695 3591 750 materiam:
3653 695 3822 751 sicut

2135 778 2504 847 superfertur
2547 781 2729 835 rebus
2782 781 3150 837 fabricandis
3204 782 3484 838 voluntas
3527 782 3820 839 artiﬁcis.

2136 865 2299 919 Unde
2330 866 2480 921 bene
2512 868 2625 924 alia
2660 871 2970 926 translatio
3000 872 3142 927 dicit
3195 889 3209 926 :
3266 872 3666 928 [incumbebat
3698 874 3815 944 [Z.,

2134 955 2500 1027 incubabat],
2518 975 2623 1012 seu
2636 961 2984 1028 confovebat
3009 961 3066 1015 in
3090 960 3480 1016 similitudine
3511 961 3817 1023 volucris,

2134 1058 2251 1097 ova
2281 1044 2475 1099 calore
2501 1047 2845 1113 animantis,
2879 1055 2941 1103 ut
2968 1050 3279 1104 manifeste
3327 1048 3702 1118 intelligatur
3728 1049 3819 1106 de

2138 1132 2351 1203 Spiritu
2386 1140 2613 1204 sancto,
2647 1142 2703 1191 et
2730 1153 2852 1192 non
2884 1138 2957 1192 de
2990 1138 3199 1210 spiritu
3238 1139 3423 1209 hujus
3463 1139 3706 1206 mundi,
3737 1140 3825 1194 si-

2136 1226 2234 1275 cut
2260 1222 2516 1278 haeretici
2543 1232 2925 1296 putaverunt.
2958 1227 3109 1291 Quia
3141 1227 3292 1281 sicut
3331 1227 3462 1282 avis
3493 1228 3818 1296 confovet,

2139 1315 2202 1364 ut
2231 1308 2381 1364 fetus
2414 1312 2472 1366 in
2507 1314 2734 1383 species
2778 1315 3093 1387 producat,
3134 1316 3214 1371 ita
3245 1315 3498 1387 Spiritus
3553 1323 3823 1373 sanctus

2137 1398 2373 1454 fovebat
2402 1400 2597 1472 ipsam
2645 1403 2965 1458 informem
3020 1404 3424 1459 substantiam
3471 1410 3537 1461 ut
3582 1412 3822 1462 cuncta

2138 1489 2417 1543 conderet
2447 1506 2519 1544 ex
2550 1506 2638 1545 ea.
2675 1492 3100 1548 Verumtamen
3117 1495 3517 1566 quaerendum
3540 1500 3631 1550 est
3655 1512 3826 1568 qua-

2136 1594 2199 1632 re
2252 1579 2640 1633 nominantur
2697 1596 2893 1652 aquae,
2951 1598 3086 1638 cum
3148 1599 3336 1654 supra
3394 1600 3516 1638 non
3592 1584 3823 1654 legan-

2139 1672 2231 1721 tur
2261 1672 2471 1721 creatae
2502 1670 2523 1721 ‘t
2556 1672 2704 1733 Ergo
2736 1672 3006 1741 nunquid
3041 1678 3277 1726 aeternae
3311 1678 3469 1738 sunt,
3502 1674 3661 1731 sicut
3692 1678 3824 1729 Ma—

2138 1756 2350 1809 nichaei
2381 1757 2668 1827 suspicati
2714 1766 2852 1813 sunt
2879 1762 2905 1814 γ
2938 1764 3083 1815 Non.
3126 1760 3239 1814 Sed
3278 1762 3395 1832 ipsi
3441 1762 3826 1834 semetipsos

2140 1844 2351 1899 fallunt
2384 1848 2481 1913 [Z.,
2515 1846 2627 1917 ipsi
2660 1864 2764 1917 per
2787 1849 3488 1921 semetipsosfalluntur],
3512 1852 3822 1923 quianon

2137 1934 2473 1993 intelliuunt
2517 1935 2683 2005 quod
2732 1937 3029 1991 vocabulo
3079 1954 3253 2009 aquae
3305 1940 3441 2010 ipsa
3490 1940 3825 1995 invisibilis

2140 2023 2476 2078 substantia
2504 2024 2866 2088 nominetur,
2919 2034 2976 2080 et
3015 2042 3277 2095 congrue
3316 2044 3477 2099 aqua
3505 2028 3821 2099 signatur,

2138 2112 2281 2183 quia
2309 2113 2497 2169 ﬂuida
2528 2118 2673 2178 erat,
2708 2119 2763 2168 et
2796 2114 3082 2170 voluntati
3114 2116 3332 2170 divinis
3365 2117 3714 2187 adjacebat,
3747 2126 3825 2174 ut

2138 2200 2345 2257 omnia
2375 2201 2691 2258 humorem
2726 2203 3010 2259 habentia
3052 2220 3123 2259 ex
3154 2206 3288 2277 ipsa
3315 2213 3819 2278 procrearentur.

2139 2290 2364 2345 Cuncta
2386 2289 2682 2360 siquidem
2714 2308 2849 2362 quae
2882 2300 3211 2347 nascuntur
3228 2299 3285 2348 et
3305 2295 3679 2361 nutriuntur,
3700 2297 3822 2351 hu—

2139 2395 2306 2435 more
2366 2396 2539 2450 aquae
2585 2389 2975 2437 concrescunt
3032 2388 3212 2455 atque
3260 2384 3628 2441 coalescunt.
3692 2387 3823 2442 Sed

2142 2467 2451 2523 sciendum
2481 2475 2567 2523 est
2595 2472 2886 2541 quoniam
2918 2471 3139 2526 ideirco
3191 2489 3363 2545 aquae
3398 2475 3823 2546 appellatione

2140 2560 2380 2614 notatur
2407 2558 2541 2629 ipsa
2568 2559 2852 2629 praedicta
2882 2561 3155 2615 informis
3184 2562 3540 2629 substantia,
3567 2564 3719 2636 quia
3734 2565 3823 2621 de

2140 2647 2238 2701 illa
2266 2662 2387 2701 non
2414 2653 2758 2719 poteramus
2790 2649 3017 2721 aliquid
3056 2651 3225 2712 scire,
3277 2652 3391 2706 nisi
3435 2668 3611 2708 sacra
3661 2656 3825 2710 Scri-

2142 2742 2317 2807 ptura
2346 2742 2549 2790 ucstro
2580 2754 2746 2791 more
2778 2738 3139 2810 loqueretur.
3168 2742 3293 2795 Una
3317 2741 3546 2814 quippe
3572 2758 3670 2797 res
3699 2750 3823 2807 est,

2142 2824 2247 2879 sed
2272 2824 2521 2879 diversis
2554 2826 2902 2884 nominibus
2933 2828 3319 2897 distinguitur
3348 2848 3360 2897 ;
3389 2846 3465 2885 ne
3494 2833 3543 2885 si
3575 2832 3825 2887 solum-

2141 2914 2326 2969 modo
2361 2931 2480 2968 uno
2512 2915 2757 2971 nomine
2777 2917 3201 2988 appellaretur,
3232 2918 3346 2975 hoc
3377 2922 3825 2977 tantummodo

2142 3004 2496 3058 crederetur.
2535 3007 2599 3058 Et
2620 3004 2757 3059 ideo
2786 3007 2965 3059 variis
2996 3006 3345 3061 nominibus
3390 3015 3822 3081 nuncupatur,

2140 3094 2283 3165 quia
2306 3109 2376 3147 ex
2410 3093 2546 3165 ipsa
2575 3100 2789 3149 cuncta
2820 3094 3141 3150 formanda
3159 3102 3348 3165 erant,
3382 3102 3445 3154 ut
3472 3114 3568 3152 res
3600 3099 3825 3166 ignota

2142 3184 2296 3238 notis
2326 3184 2635 3238 vocabulis
2657 3184 3057 3239 insinuaretur
3076 3186 3563 3258 imperitioribus.
3585 3189 3827 3244 Dicitur

2142 3274 2301 3327 enim
2319 3272 2559 3338 malum,
2586 3277 2758 3334 terra,
2782 3272 3063 3345 abyssus,
3086 3280 3143 3329 et
3164 3290 3344 3346 aqua,
3367 3276 3513 3347 quia
3537 3276 3824 3333 futurum

2143 3368 2269 3417 erat
2296 3368 2358 3416 ut
2386 3378 2457 3417 ex
2486 3362 2615 3433 ipsa
2648 3369 3053 3430 gignerentur.
3106 3364 3263 3419 Sicut
3304 3366 3466 3419 enim
3510 3365 3571 3419 in
3616 3381 3824 3438 parvo

2145 3468 2333 3521 grano
2362 3451 2595 3505 arboris
2634 3452 2814 3506 variae
2860 3453 3087 3524 species
3127 3452 3331 3522 latent,
3382 3454 3464 3509 sic
3510 3456 3818 3527 profecto.

2144 3545 2321 3612 prout
2355 3541 2483 3609 jam
2531 3540 3000 3611 praelibavimus,
3050 3541 3112 3597 in
3150 3543 3527 3598 hacinformi
3555 3545 3822 3600 materia

2145 3634 2361 3683 cuncta
2378 3628 2734 3683 occultaban
2747 3634 2857 3683 tur.
2880 3629 2993 3685 Sed
3010 3631 3346 3685 notandum
3364 3638 3452 3687 est
3466 3634 3614 3704 quia
3630 3633 3691 3688 in
3717 3650 3821 3689 ca-

2145 3724 2262 3790 pite
2280 3718 2459 3788 hujus
2480 3717 2803 3773 voluminis
2824 3724 2947 3773 tota
2970 3720 3229 3775 Trinitas
3255 3720 3621 3778 declaratur.
3658 3726 3821 3779 Nam

2147 3807 2440 3863 subditur.

2220 3896 2392 3950 Vens.
2423 3900 2473 3951 3.
2499 3928 2567 3936 -—
2588 3897 2870 3967 Dixitque
2894 3899 3049 3953 Deus
3075 3913 3098 3953 .’
3127 3899 3268 3957 Fiat
3299 3900 3427 3965 tux,
3462 3902 3521 3954 et
3542 3899 3814 3972 reliqua.

2148 3984 2295 4050 Quid
2326 3989 2414 4039 est
2460 3985 2617 4040 enim
2652 3985 2817 4056 quod
2849 3986 2947 4055 ait,
2981 3988 3133 4042 dixit
3157 3990 3312 4042 Dms
3341 3992 3369 4042 ?
3398 3989 3682 4061 Nunquid
3716 4006 3821 4044 so-

2147 4074 2352 4129 nando
2375 4075 2819 4128 transeuntibus
2839 4076 3102 4131 sonisloc
3114 4081 3244 4131 utus
3261 4081 3349 4131 est
3365 4076 3391 4130 ‘?
3409 4077 3820 4150 Minimerse

2148 4164 2305 4219 enim
2328 4164 2716 4234 incorporeus
2738 4169 2842 4229 est,
2867 4170 2923 4218 et
2940 4167 2985 4219 si
3006 4165 3289 4237 loquitur,
3305 4166 3581 4237 nunquid
3599 4166 3822 4235 lingua

2152 4253 3291 4326 llebrzea,(irteca,autLatinaloquitur?
3323 4258 3469 4309 Non.
3504 4255 3619 4311 Sed
3641 4257 3819 4327 quod

2150 4342 2250 4411 ait,
2271 4341 2427 4396 dixit
2440 4343 2616 4406 Deus,
2632 4357 2751 4395 non
2771 4343 2897 4413 ipse
2915 4358 3101 4397 sonus
3127 4343 3416 4415 accipitur
3435 4343 3823 4400 locutionum

2152 4432 2252 4501 [Z.,
2275 4429 2633 4500 locutionis],
2669 4432 2775 4484 sed
2802 4431 2947 4485 illud
2973 4431 3141 4503 quod
3167 4432 3513 4501 intelligitur
3544 4433 3603 4487 in
3638 4449 3820 4488 sono.

2152 4520 2325 4591 Apud
2359 4523 2541 4574 Deum
2562 4536 2748 4591 purus
2772 4520 3097 4575 intellectus
3119 4527 3209 4575 est
3227 4521 3351 4576 sine
3379 4522 3626 4594 strepitu
3657 4528 3718 4577 et
3739 4523 3825 4577 dj-

2154 4608 2427 4663 versitate
2452 4608 3023 4677 linguarum.Dicere
3046 4610 3248 4682 itaque
3274 4610 3369 4665 Dei
3391 4609 3587 4665 facere
3610 4617 3721 4677 est,
3749 4612 3827 4665 si.

2156 4704 2255 4752 cut
2285 4696 2570 4769 scriptum
2598 4703 2686 4752 est
2714 4716 2725 4752 :
2758 4699 2887 4767 Ipse
2912 4700 3088 4760 dixit,
3105 4705 3159 4755 et
3174 4702 3344 4768 facta
3366 4705 3530 4768 sunt,
3553 4706 3608 4754 et
3639 4706 3823 4755 caete-

2156 4802 2223 4841 ra
2255 4787 2439 4856 (l’sal.
2468 4803 2695 4856 CXLVIII,
2729 4792 2803 4858 5).
2856 4788 3116 4843 Verbum
3146 4805 3287 4844 vero
3330 4788 3428 4843 Dei
3467 4788 3824 4858 unigenitus

2160 4875 2333 4931 Filius
2358 4880 2467 4945 est,
2496 4877 2725 4931 Joanne
2758 4882 3092 4947 attestante,
3124 4878 3229 4949 qui
3251 4878 3331 4933 ait
3361 4894 3372 4931 :
3410 4879 3479 4931 In
3509 4880 3824 4947 principio

2156 4972 2285 5021 erat
2326 4966 2595 5031 Verbum,
2630 4971 2685 5020 et
2712 4966 2961 5037 reliqua.
2998 4969 3178 5023 Porro
3209 4967 3375 5038 quod
3405 4968 3505 5033 ait,
3538 4968 3723 5033 dixit,
3755 4968 3823 5023 id

2154 5060 2265 5124 est,
2280 5054 2340 5109 in
2354 5055 2545 5109 Verbo
2566 5071 2674 5108 suo
2693 5055 3043 5110 aeternaliter
3064 5062 3342 5111 manente
3357 5056 3823 5113 fecit.Casterum

2154 5144 2319 5216 quod
2349 5143 2447 5210 ait,
2479 5145 2589 5212 ﬂat
2622 5145 2746 5206 lux,
2773 5144 2851 5199 ob
2881 5145 3240 5200 celeritatem
3269 5145 3489 5200 divinas
3524 5146 3822 5217 potentiae

2155 5232 2386 5287 dicitur.
2417 5232 2474 5288 Si
2507 5234 2666 5287 enim
2680 5239 2896 5305 quarta
2927 5234 3022 5289 die
3043 5234 3467 5289 describuntur
3487 5233 3823 5292 luminaria

2155 5321 2329 5387 facta,
2362 5339 2496 5393 qua:
2514 5322 2708 5377 lucem
2728 5324 3171 5393 administrant,
3196 5324 3339 5395 quid
3360 5323 3625 5395 estquod
3641 5323 3818 5394 dixit,

2155 5412 2291 5465 Fiat
2327 5412 2435 5466 tua:
2458 5415 2486 5465 ?
2510 5416 2596 5465 An
2625 5412 2870 5467 forsitan
2900 5413 3030 5483 jam
3059 5418 3185 5467 erat
3227 5413 3430 5485 aliqua
3475 5412 3581 5467 lux
3612 5420 3823 5474 creata

2156 5515 2343 5571 supra
2362 5500 2833 5569 ﬁrmamentum,
2852 5517 2975 5573 quo
2987 5502 3209 5557 lumine
3224 5501 3311 5557 sol
3328 5501 3778 5557 illuminaretur
3792 5505 3824 5559 ‘?

2156 5588 2271 5647 Sed
2300 5590 2543 5645 nomine
2563 5590 2712 5645 lucis
2736 5591 3006 5660 angelica
3035 5592 3297 5661 dignitas
3328 5592 3643 5661 ﬁguratur,
3678 5608 3821 5663 quas

2154 5679 2418 5750 profecto
2444 5696 2551 5752 per
2576 5683 2848 5752 superius
2871 5681 3088 5737 cmlum
3118 5680 3505 5751 signiﬁcatur,
3527 5696 3694 5735 nunc
3714 5681 3821 5737 lux

2155 5767 2389 5825 dicitur.
2416 5768 2579 5826 Prius
2608 5769 2808 5843 itaque
2834 5771 3075 5829 condita
3101 5775 3207 5841 est,
3222 5771 3330 5827 sed
3340 5776 3556 5844 postea
3568 5786 3820 5829 conver-
