3944 6432
61 297 149 350 H7

1444 290 1800 350 COMMENT.
1841 293 1909 347 IN
1947 294 2109 350 GEN.

3405 305 3504 357 H8

57 417 227 475 tendo
248 416 331 473 ad
360 416 775 474 contuendam
807 416 1063 488 gloriam
1087 418 1178 473 sui
1205 418 1488 474 creatoris
1517 417 1620 473 lux
1649 416 1728 472 ef-
1760 422 1807 473 A
1839 420 1920 483 Z.,
1982 418 2164 490 dicta]
2218 420 2409 493 sequi,
2468 424 2522 475 et
2575 420 3014 493 expositionem
3065 422 3337 491 magistri
3392 406 3508 480 nisi

57 510 292 565 fecta.Et
318 507 457 562 ideo
485 507 716 564 dictum
745 512 864 563 est:
896 508 1036 563 Fiat
1065 509 1260 569 tuamet
1278 509 1451 578 facta
1477 514 1561 563 est
1595 508 1725 563 lux.

55 605 126 654 Ac
148 598 194 651 si
227 596 554 653 manifeste
588 598 915 653 diceretur:
947 600 1338 654 Convertatur
1366 597 1446 653 ad
1473 602 1729 653 contem-

56 687 345 761 plandum
375 687 818 743 incessabiliter
846 703 963 743 me.
1001 687 1258 744 Decebat
1282 692 1483 743 autem
1514 691 1580 743 ut
1598 687 1731 759 ipsa

56 777 321 847 angelica
365 775 1111 851 dignitas,quse[Z.,quia]
1140 794 1249 832 sua
1270 777 1559 846 dignitate
1590 790 1731 830 cun-

55 868 153 923 ctis
211 866 504 921 creaturis
545 866 897 929 excellebat,
929 866 1282 922 inhaerendo
1327 882 1581 920 summm
1612 865 1731 920 luci

54 958 148 1012 lux
179 962 522 1024 vocaretur,
547 956 686 1013 licet
710 956 1019 1012 mutabilis
1033 961 1189 1011 esset
1206 955 1466 1010 condita.
1493 955 1549 1012 Si
1569 953 1731 1009 enim

54 1047 445 1103 immutabilis
491 1052 652 1103 esset
699 1047 962 1116 condita,
1008 1046 1349 1102 nullatenus
1380 1045 1479 1101 alii
1517 1047 1729 1101 merito

57 1137 343 1209 superbiae
393 1136 475 1192 ab
520 1137 623 1193 illa
651 1142 877 1193 aeterna
924 1137 1161 1192 visione
1206 1140 1570 1191 corruerent.
1616 1134 1729 1190 Sed

55 1244 181 1299 quae
232 1228 341 1298 [Ζ.,
403 1226 574 1299 quia]
628 1226 937 1282 mutabilis
998 1225 1184 1281 extitit
1215 1230 1455 1291 natura,
1504 1223 1729 1280 caeteris

56 1316 381 1383 ruentibus,
404 1316 599 1385 gratia
629 1314 849 1370 divinas
869 1314 1203 1385 largitionis
1225 1314 1359 1370 fecit
1384 1312 1728 1369 immutabi-

55 1406 184 1460 lem.
219 1406 335 1461 Sed
368 1404 715 1461 notandum
738 1404 904 1477 quod
931 1403 1185 1476 quidam
1212 1402 1528 1458 doctorum
1558 1403 1729 1472 juxta

57 1491 229 1545 ﬁdem
292 1490 565 1546 historiae
622 1489 971 1561 simpliciter
1021 1490 1137 1544 hoc
1195 1487 1440 1556 intelligi
1496 1486 1726 1542 volunt.

57 1580 221 1635 Aiunt
250 1580 416 1635 enim
461 1579 635 1652 quod
670 1579 732 1634 in
780 1578 1191 1651 superioribus
1241 1576 1514 1646 ejusdem
1560 1582 1727 1631 terrm

61 1670 343 1741 partibus,
397 1685 562 1742 quas
592 1673 649 1724 et
672 1683 835 1724 nunc
883 1668 1103 1723 diurna
1147 1666 1287 1722 solis
1330 1665 1435 1720 lux
1470 1664 1726 1720 illustra-

61 1776 115 1815 re
167 1759 506 1828 consuevit,
548 1757 898 1831 principalis
950 1757 1079 1812 hrec
1116 1756 1220 1811 lux
1264 1754 1523 1821 emicuit,
1554 1754 1727 1825 cujus

61 1844 274 1900 visione
327 1842 668 1899 beatissimi
714 1841 914 1909 angeli
970 1840 1088 1898 frui
1127 1844 1453 1913 coeperant.
1484 1843 1597 1895 Nec
1622 1836 1724 1911 [Z.,

62 1949 171 1989 non
225 1934 337 2003 est]
367 1931 748 2002 mirandum,
793 1930 1001 1986 divina
1053 1930 1400 2001 operatione
1436 1928 1635 1984 lucem
1665 1928 1726 1983 in

64 2023 222 2095 aquis
250 2038 439 2096 posse
486 2020 893 2094 resplendere,
916 2037 1056 2077 cum
1085 2023 1143 2075 et
1170 2018 1489 2075 hominum
1519 2034 1730 2091 opera-

66 2114 207 2169 tione
236 2116 477 2169 constat
501 2128 604 2167 eas
635 2110 857 2182 saepius
885 2108 1188 2179 illustrari,
1215 2114 1539 2164 nautarum
1560 2108 1727 2163 vide-

63 2202 183 2257 licet
209 2204 309 2273 (2.,
370 2200 649 2257 videlicet
704 2199 915 2270 more],
947 2199 1052 2272 qui
1083 2198 1146 2254 in
1195 2197 1498 2270 profundo
1542 2196 1727 2254 maris

65 2292 327 2357 demersi,
356 2292 591 2347 emisso
622 2306 694 2346 ex
726 2306 829 2345 ore
861 2288 1015 2357 oleo,
1043 2288 1432 2362 perspicuum
1471 2286 1582 2343 sibi
1612 2286 1727 2342 hoc

66 2398 125 2437 ac
146 2382 413 2438 lucidum
440 2380 728 2437 reddunt.
748 2379 804 2436 Si
835 2379 998 2434 enim
1025 2380 1210 2435 homo
1238 2378 1374 2434 talia
1397 2393 1503 2450 per
1523 2377 1725 2432 oleum

67 2473 145 2527 sui
195 2472 314 2528 oris
342 2475 567 2544 potest,
600 2475 895 2543 quantam
926 2472 1082 2525 Deus
1133 2484 1238 2540 per
1285 2468 1569 2539 Spiritum
1608 2466 1727 2522 oris

68 2562 146 2617 sui
172 2562 363 2619 lucem
395 2577 605 2617 creare
637 2575 815 2633 posse
834 2558 1173 2615 credendus
1204 2563 1292 2614 est
1310 2559 1336 2612 'l
1363 2561 1512 2628 Lege
1538 2560 1727 2612 Hexa-

70 2668 292 2708 emeron
320 2651 520 2718 Bedaa,
554 2650 833 2707 moderni
883 2649 1170 2713 doctoris,
1204 2648 1254 2703 si
1309 2648 1393 2703 ita
1448 2647 1725 2703 volueris.

71 2747 168 2798 Nos
194 2742 440 2816 quidem
471 2741 638 2797 beati
690 2739 1029 2811 Augustini,
1059 2743 1237 2811 prout
1267 2738 1433 2810 prius
1480 2736 1729 2793 inserui-

72 2850 211 2902 mus,
238 2833 397 2889 dicta
428 2831 609 2905 sequi
634 2830 1032 2887 decrevimus.

131 2924 299 2979 Vnus.
330 2927 462 2979 4.-
486 2922 574 2978 Et
602 2921 755 2977 vidit
782 2922 941 2978 Deus
973 2922 1162 2976 lucem
1195 2920 1354 2991 quod
1384 2924 1528 2975 esset
1552 2918 1725 2982 bona,

75 3018 122 3068 et
144 3013 385 3086 reliqua.
433 3013 558 3067 Cur
588 3011 824 3075 dicitur,
858 3011 1008 3066 vidit
1049 3011 1231 3079 Deus,
1286 3009 1465 3081 quasi
1497 3023 1729 3063 novum

76 3101 279 3173 aliquid
336 3100 677 3165 accidisset,
711 3115 851 3153 cum
908 3091 1302 3170 nequaquam
1341 3101 1568 3152 crearet
1616 3094 1730 3149 nisi

78 3191 403 3248 zeternaliter
450 3190 728 3247 videret?
761 3188 874 3245 Sed
906 3189 1055 3245 vidit
1104 3190 1263 3243 Deus
1294 3202 1404 3259 pro
1443 3202 1514 3241 eo
1563 3183 1732 3257 quod

78 3287 167 3342 est,
187 3281 381 3336 videre
402 3282 460 3352 [Ζ
470 3323 507 3349 .,
544 3278 755 3350 videri]
782 3278 936 3334 fecit.
965 3279 1134 3350 Saepe
1163 3278 1323 3332 enim
1344 3292 1450 3347 per
1473 3273 1733 3330 efﬁcien-

78 3370 179 3421 tem
193 3366 248 3421 id
268 3366 432 3440 quod
448 3365 711 3421 efficitur
729 3362 1325 3434 designatumDicitm'
1340 3362 1477 3417 laeta
1487 3360 1729 3426 domus,

80 3462 124 3509 et
149 3455 274 3511 laata
301 3456 584 3530 epistola,
616 3452 934 3510 effundens
959 3453 1242 3524 hydriam
1274 3452 1377 3522 [Z.,
1407 3448 1648 3522 hydria]
1669 3449 1731 3504 in

80 3546 387 3615 canalibus,
418 3550 476 3602 et
507 3549 731 3600 caetera
758 3542 901 3599 talia
929 3560 942 3597 :
998 3542 1166 3614 quod
1198 3558 1389 3611 genus
1407 3538 1730 3596 locutionis

80 3649 111 3687 a
157 3634 559 3705 grammaticis
618 3632 993 3705 metonymia
1046 3636 1313 3687 vocatur.
1370 3629 1530 3685 Vidit
1586 3643 1732 3696 ergo

82 3724 236 3791 Deus,
265 3724 324 3780 id
350 3729 460 3790 est,
495 3722 705 3778 videre
728 3724 830 3792 ]Z.,
858 3720 1071 3790 videri]
1097 3719 1254 3790 fecit,
1285 3718 1404 3791 ipsi
1443 3717 1730 3787 angelicas

81 3820 362 3879 creaturae,
390 3829 587 3887 quam
620 3812 783 3867 bona
830 3826 866 3868 a
918 3812 1038 3867 Deo
1085 3809 1327 3865 condita
1368 3813 1474 3864 est.
1516 3809 1631 3864 Seu
1669 3806 1731 3862 in

84 3904 176 3959 hoc
203 3904 359 3977 quod
398 3904 501 3970 ait,
552 3902 701 3959 vidit
722 3902 783 3957 in
813 3900 1340 3975 praedestinatione
1362 3898 1538 3956 nobis
1572 3897 1734 3955 vide—

82 4008 131 4046 re
157 3994 251 4063 [Z.,
272 3993 493 4063 videre]
528 3991 670 4047 fecit
698 4006 886 4063 quam
919 3990 1081 4046 bona
1102 4005 1139 4044 a
1170 3990 1290 4045 Deo
1320 3992 1520 4044 creata
1550 3992 1726 4045 esset.

82 4082 184 4137 Tali
210 4082 387 4138 modo
421 4080 628 4138 verbis
666 4079 947 4152 praeteriti
987 4078 1276 4151 temporis
1306 4094 1435 4134 rem
1464 4077 1731 4134 futuram

84 4170 358 4242 indicavit,
388 4170 563 4245 quali
603 4169 786 4227 modo
842 4168 1130 4242 apostolis
1160 4168 1272 4224 ait:
1309 4168 1525 4224 Omnia
1574 4182 1733 4239 qure-

86 4275 291 4333 cunque
313 4263 525 4319 audivi
558 4275 597 4317 a
630 4260 814 4317 Patre
840 4274 989 4325 meo,
1022 4264 1165 4314 nota
1186 4258 1311 4327 feci
1341 4256 1499 4313 vobis
1530 4257 1728 4326 (Joan.

82 4364 164 4411 xv,
198 4355 312 4421 l3);
345 4349 515 4423 quod
566 4347 839 4404 futurum
888 4352 1014 4404 erat
1057 4352 1122 4403 ut
1169 4346 1407 4402 faceret.
1438 4345 1730 4403 Caeterum

83 4439 207 4499 dum
252 4442 409 4509 dicit,
440 4441 765 4510 diuisitque
816 4440 1005 4495 lucem
1063 4453 1101 4495 a
1152 4437 1428 4503 tenebris,
1471 4432 1731 4490 ostendit

84 4530 205 4599 quia
225 4530 517 4588 distinctio
566 4530 729 4586 facta
780 4529 1045 4586 estinter
1072 4526 1270 4582 lucem
1324 4529 1381 4580 et
1426 4524 1726 4593 tenebras,

85 4634 185 4674 non
236 4621 486 4678 tenebrae
545 4620 755 4687 factae;
811 4616 1337 4692 quemadmodum
1404 4613 1727 4671 clamando

89 4724 285 4777 vocem,
318 4711 626 4767 silentium
665 4715 870 4767 autem
900 4724 1024 4767 non
1068 4706 1394 4765 clamando
1442 4705 1724 4775 dicimus,

86 4797 206 4867 quia
255 4801 508 4858 cessatio
557 4800 726 4857 vocis
773 4798 1076 4855 silentium
1125 4802 1235 4854 est.
1270 4795 1724 4865 Distinguimus,

87 4890 257 4945 tamen
287 4907 463 4948 sensu
511 4890 789 4963 quodam
820 4888 972 4944 inter
1018 4903 1110 4953 ea,
1144 4892 1201 4943 et
1237 4885 1387 4943 illud
1429 4900 1722 4942 vocamus

88 4990 287 5045 vocem,
312 4980 475 5037 istud
496 4979 823 5039 silentium.
839 4977 1372 5045 Quemadmodum
1403 4992 1546 5046 ergo
1566 4980 1724 5032 recte

88 5064 308 5125 dicimus
357 5070 550 5127 facere
607 5068 931 5137 silentium,
964 5068 1047 5123 sic
1103 5071 1260 5123 recte
1312 5067 1468 5121 Deus
1508 5064 1725 5122 dicitur

90 5151 251 5213 facere
293 5159 569 5216 tenebras
606 5177 619 5226 ;
673 5158 820 5231 quia
872 5157 1093 5224 lucem,
1124 5155 1350 5228 quibus
1392 5154 1539 5223 vult,
1572 5160 1722 5211 tem-

91 5244 303 5311 poribus
330 5253 385 5303 et
413 5247 563 5304 locis
594 5246 690 5303 vel
720 5248 843 5313 dat,
882 5246 972 5303 vel
998 5245 1275 5303 detrahit.
1309 5243 1479 5311 Quia,
1516 5246 1577 5298 ut
1605 5243 1724 5300 (21e-

94 5346 232 5388 mcns
253 5337 358 5394 ait:
385 5339 578 5394 Unam
606 5338 715 5407 [Z.,
743 5336 973 5407 imam],
1007 5336 1218 5408 inquit,
1251 5333 1464 5391 mundi
1490 5338 1723 5406 partem

96 5420 357 5483 illustrans
383 5428 571 5485 aliam
603 5425 842 5498 reliquit
867 5426 1217 5483 obscuram.
1270 5428 1487 5483 Lucem
1521 5424 1723 5480 videli-

96 5518 164 5566 cet
202 5518 253 5575 in
296 5518 600 5590 superiore
630 5516 795 5575 orbis
833 5520 1004 5590 parte
1048 5515 1468 5580 ditfundendo,
1511 5514 1575 5570 in
1602 5531 1727 5587 qua

99 5598 321 5663 humana
336 5614 461 5665 erat
482 5607 866 5664 conversatio
893 5608 1117 5673 futura,
1136 5605 1419 5664 inferiora
1441 5622 1582 5661 vero
1595 5606 1724 5676 ejus

102 5691 269 5757 Priscis
304 5697 360 5752 in
393 5699 655 5756 tenebris
682 5697 1075 5755 remanendo.
1094 5696 1153 5752 Si
1183 5696 1280 5752 cui
1309 5696 1423 5751 hoc
1453 5694 1723 5766 accipere

103 5777 506 5859 Placueritmos,
534 5793 599 5847 ut
620 5787 939 5861 cepimus,
962 5790 1021 5847 Β.
1048 5785 1365 5858 Augustini
1379 5786 1620 5859 [.S‘uppl.
1649 5800 1725 5844 ea:

1758 1782 1798 1834 Β

1759 3136 1801 3191 C

1840 525 2074 563 sumus.

1909 599 1985 652 Et
2042 600 2249 655 divisit
2286 602 2443 655 Deus
2496 601 2685 656 lucem
2712 615 2784 656 ac
2834 601 3109 657 tenebras
3147 603 3252 673 [Z.,
3283 618 3325 659 a
3353 608 3506 660 tene-

1841 688 2006 759 bris],
2030 694 2083 744 et
2110 689 2359 761 reliqua.
2396 690 2457 745 id
2488 694 2594 752 est,
2631 689 2901 746 caelestes
2947 690 3303 759 angelorum
3344 693 3504 749 cives

1839 778 1916 834 ab
1945 777 2275 835 immundis
2299 779 2893 853 spiritibus,quando
2923 780 3149 837 Lucifer
3179 782 3505 839 avertendo

1840 885 1875 923 a
1904 870 2197 935 Creatore,
2248 873 2303 924 et
2336 870 2742 925 convertendo
2772 870 2851 925 ad
2910 886 2995 942 se,
3031 871 3340 928 aestimans
3390 873 3503 928 sibi

1841 953 2136 1020 sufﬁcere,
2171 954 2455 1026 superbia
2480 954 2743 1022 timidus,
2765 955 2889 1011 sine
2922 956 3143 1013 auxilio
3173 957 3265 1013 sui
3295 958 3504 1013 condi-

1842 1043 2000 1109 toris,
2035 1044 2258 1113 ejectus
2284 1046 2375 1099 est
2403 1059 2542 1098 cum
2597 1044 2721 1099 suis
2763 1045 3129 1117 sequacibus
3176 1063 3211 1103 a
3256 1047 3506 1103 caelesti-

1840 1132 1975 1197 bus,
2006 1137 2063 1187 et
2093 1132 2283 1187 czetcri
2312 1132 2372 1186 in
2407 1148 2516 1187 sua
2538 1133 2855 1189 stabilitate
2883 1141 3366 1206 permanserunt,
3391 1136 3503 1192 hos

1837 1238 2201 1294 nuncupans
2231 1212 2411 1286 diem,
2453 1221 2586 1277 illos
2618 1228 2879 1289 noctem,
2906 1224 3079 1293 juxta
3106 1226 3272 1296 quod
3305 1226 3504 1298 sequi-

1838 1316 1953 1375 tur,
1981 1314 2428 1383 appellavitque
2457 1314 2645 1368 lucem
2677 1313 2853 1383 diem,
2879 1319 2932 1368 et
2962 1316 3232 1371 tenebras
3249 1322 3500 1373 noctem.

1840 1402 1988 1468 Quia
2017 1402 2192 1457 ruina
2221 1401 2524 1456 ruentium
2582 1406 2806 1457 aeterna
2857 1401 3015 1457 facta
3065 1408 3152 1458 est
3210 1404 3503 1461 stabilitas

1837 1486 2344 1559 permanentium,
2378 1485 2513 1542 licet
2538 1486 2791 1558 quidam
2841 1486 3046 1543 dicant
3082 1488 3251 1561 quod
3287 1489 3501 1544 divisio

1836 1575 1988 1631 lucis
2020 1591 2056 1630 a
2084 1575 2344 1630 tenebris
2371 1574 2674 1630 distinctio
2700 1573 3060 1633 sitformatae
3083 1577 3166 1632 rei
3206 1576 3286 1632 ab
3316 1576 3503 1632 infor-

1837 1665 1955 1734 mi;
1990 1663 2312 1737 appellatio
2353 1670 2554 1722 autem
2580 1664 2695 1719 diei
2731 1668 2788 1720 et
2817 1665 3034 1735 noctis,
3075 1666 3376 1738 inquiunt,
3410 1666 3502 1721 in-

1838 1753 2097 1810 sinuatio
2145 1753 2580 1810 distributionis
2611 1758 2718 1825 est,
2767 1771 2891 1826 qua
2942 1755 3309 1824 significetur
3354 1754 3504 1811 nihil

1836 1844 2025 1898 Deum
2053 1843 2463 1900 inordinatum
2489 1843 2845 1918 relinquere.
2873 1844 2988 1902 Sed
3011 1844 3181 1917 quod
3207 1846 3309 1912 ait,
3334 1861 3503 1902 voca-

1839 1935 1943 2002 vit,
1991 1934 2227 2004 dicitur,
2259 1933 2461 1990 vocari
2488 1934 2640 1989 fecit.
2678 1936 2828 1999 Quia
2869 1935 2955 1990 sic
2999 1935 3268 1991 distinxit
3294 1937 3503 1991 omnia

1836 2026 1893 2078 et
1918 2024 2239 2092 ordinavit,
2271 2028 2337 2078 ut
2365 2023 2623 2079 discerni
2648 2029 2899 2097 possent
2928 2027 2985 2080 et
3021 2040 3248 2080 nomen
3273 2025 3503 2096 accipe-

1836 2128 1918 2169 re.
1954 2112 2265 2185 Sequitur:

1907 2204 2074 2259 Vens.
2099 2207 2153 2259 5.
2186 2234 2253 2241 -
2282 2203 2654 2274 Factumque
2680 2208 2765 2259 est
2794 2218 3033 2272 vespere
3072 2208 3127 2260 et
3164 2218 3343 2259 mane
3377 2203 3503 2260 dies

1838 2308 2010 2348 unus.
2028 2291 2434 2358 Quaerendum
2463 2297 2553 2346 est
2584 2308 2690 2347 cur
2713 2291 2966 2361 dicatur,
2988 2308 3223 2362 vespere
3253 2300 3309 2349 et
3328 2308 3505 2350 mane

1837 2399 1976 2438 cum
1998 2382 2197 2437 adhuc
2222 2397 2345 2436 non
2367 2385 2494 2436 erat
2517 2381 2607 2435 sol
2624 2382 2682 2437 in
2706 2382 3109 2448 ﬁrmamento,
3132 2382 3306 2453 cujus
3326 2398 3504 2438 occa-

1838 2488 1907 2527 su
1933 2487 2173 2540 vespere
2202 2475 2259 2526 et
2287 2474 2421 2526 ortu
2451 2486 2627 2526 mane
2655 2470 3075 2527 efﬁcerentur?
3096 2474 3189 2526 An
3206 2471 3354 2526 forte
3377 2475 3505 2526 tan-

1838 2567 1966 2617 tum
2006 2560 2271 2633 spatium
2302 2560 2519 2628 prima,
2553 2564 2611 2615 et
2637 2560 2926 2631 secunda,
2952 2565 3013 2616 et
3041 2562 3210 2617 tertia
3242 2560 3372 2617 dies
3402 2546 3506 2617 ha-

1837 2650 1987 2714 buit,
2010 2653 2309 2722 quantum
2333 2655 2425 2705 est
2450 2650 2527 2705 ab
2558 2654 2691 2705 ortu
2721 2649 2862 2705 solis
2891 2666 3083 2722 usque
3107 2650 3185 2706 ad
3216 2665 3505 2706 occasum

1838 2746 1897 2797 et
1921 2738 2515 2811 iterum'_aquilonem
2549 2738 2827 2811 gyrando
2858 2740 3170 2796 revertitur
3208 2740 3288 2796 ad
3317 2739 3507 2796 orien-

1838 2833 1981 2897 tem,
2010 2833 2077 2885 ut
2107 2845 2216 2884 suo
2268 2828 2500 2898 fulgore
2548 2828 2827 2885 tenebras
2857 2827 3073 2884 mundi
3103 2826 3418 2901 propellat,
3451 2827 3510 2880 et

1839 2917 2002 2991 quod
2037 2922 2299 2989 spatium
2322 2916 2404 2972 illi
2437 2917 2542 2989 qui
2571 2917 2634 2974 in
2664 2917 2850 2973 antris
2880 2921 2937 2974 et
2965 2916 3028 2974 in
3075 2915 3414 2987 ergastulis,
3437 2912 3508 2969 li-

1841 3014 1931 3065 cet
1960 3008 2093 3065 luce
2115 3011 2378 3076 careant,
2413 3007 2627 3063 sentire
2654 3024 2763 3079 per
2808 3024 2985 3063 usum
3017 3010 3308 3079 possunt;
3340 3001 3511 3077 quod

1840 3096 2115 3153 fortassis
2147 3096 2227 3152 ita
2246 3095 2491 3164 intelligi
2521 3095 2763 3164 valeret,
2783 3096 2896 3151 nisi
2921 3095 3243 3152 adderetur
3271 3108 3512 3164 vespere

1841 3193 1894 3244 et
1924 3202 2119 3242 mane.
2155 3185 2319 3241 Unde
2349 3188 2535 3241 restat
2562 3185 2701 3241 utin
2737 3185 2907 3256 [Cod.
2942 3188 2999 3241 Z.
3028 3201 3145 3241 om.
3175 3185 3259 3257 in]
3300 3202 3512 3260 vespe-

1840 3292 1908 3332 ra
1960 3274 2323 3343 intelligatur
2391 3274 2674 3346 perfectio
2731 3274 3119 3345 praecedentis
3180 3276 3401 3347 operis,
3453 3282 3512 3334 et

1840 3382 2022 3422 mane
2100 3364 2404 3421 inchoatio
2484 3364 2924 3436 subsequentis.
2983 3365 3267 3436 Loquitur
3348 3366 3513 3423 enim

1840 3471 2008 3512 more
2036 3459 2241 3511 nostro
2298 3453 2621 3526 Scriptura,
2672 3458 2735 3508 ut
2777 3454 3079 3510 distinctio
3125 3470 3379 3526 operum
3406 3455 3513 3513 Dei

1840 3544 2223 3613 intelligatur.
2258 3543 2442 3599 Porro
2491 3544 2657 3615 quod
2685 3543 2787 3610 ait,
2820 3559 3061 3613 vespere
3089 3550 3145 3600 et
3182 3561 3359 3602 mane
3386 3547 3512 3603 dies

1840 3650 2017 3697 unus,
2080 3638 2277 3704 potest
2334 3632 2536 3689 referri
2603 3632 2679 3689 ad
2757 3634 3096 3701 angelicam
3151 3639 3509 3693 creaturam.

1843 3722 2098 3790 Quando
2153 3722 2313 3778 enim
2366 3722 2645 3779 intuitum
2696 3722 3005 3779 avertebat
3040 3738 3077 3781 a
3109 3725 3249 3791 Deo,
3281 3734 3339 3781 et
3374 3742 3516 3782 con-

1841 3812 2184 3871 vertebatur
2215 3811 2295 3867 ad
2327 3812 2739 3867 contuendam
2797 3817 3161 3882 creaturam,
3207 3813 3511 3888 quodam-

1841 3901 2026 3960 modo
2054 3918 2294 3971 vespere
2314 3906 2476 3969 erat;
2510 3919 2649 3957 cum
2682 3918 2823 3958 vero
2854 3901 2932 3959 ad
2979 3906 3338 3972 Creatorem,
3371 3919 3513 3959 con-

1841 3991 2279 4055 vertebatur,ut
2303 3990 2362 4046 in
2384 3990 2517 4063 ipso
2543 3990 2765 4046 clarius
2783 3990 3135 4059 intelligeret
3150 3997 3510 4063 creaturam,

1842 4096 2016 4138 mane
2045 4084 2190 4137 erat.
2223 4082 2645 4137 Verumtamen
2676 4080 2724 4134 si
2754 4080 3192 4152 permansisset
3220 4081 3281 4138 in
3312 4083 3511 4138 consi-

1842 4170 2149 4227 deratione
2178 4174 2483 4235 creaturae,
2518 4185 2640 4226 non
2672 4169 2867 4226 solum
2900 4186 3161 4241 vespere,
3196 4172 3303 4229 sed
3327 4173 3511 4230 etiam

1842 4276 1965 4317 nox
1995 4264 2168 4317 esset.
2206 4262 2339 4316 Dies
2396 4276 2549 4316 unus
2582 4260 2735 4317 bene
2770 4261 3011 4319 additur
3040 4268 3284 4334 propter
3312 4263 3510 4321 unita-

1844 4355 1963 4409 tem
1994 4349 2279 4420 angelicze
2309 4349 2635 4419 dignitatis,
2676 4368 2813 4423 quae
2853 4352 2934 4409 ita
2968 4352 3070 4407 uni
3102 4355 3220 4408 Deo
3248 4357 3512 4410 contem-

1841 4440 2069 4514 plando
2099 4441 2367 4507 inhaeret,
2402 4445 2466 4499 ut
2494 4456 2812 4514 nunquam
2849 4441 3133 4500 intuitum
3162 4448 3445 4501 amoveat
3471 4458 3510 4500 a

1842 4530 2368 4603 contemplatione.

1912 4623 2087 4677 Vuae.
2121 4626 2172 4677 6.
2207 4654 2276 4661 —
2306 4624 2477 4679 Dixit
2507 4638 2740 4694 quoque
2768 4625 2923 4680 Deus
2956 4640 2969 4678 :
3000 4624 3143 4680 Fiat
3169 4625 3513 4693 ﬁrmamen-

1839 4715 1987 4778 tum,
2012 4715 2069 4768 et
2115 4715 2351 4769 caetera.
2386 4712 2769 4769 Firmamenti
2799 4712 3046 4769 nomine
3085 4712 3305 4767 coelum
3339 4726 3508 4766 cons-

1836 4801 2087 4874 picuum
2112 4801 2473 4874 appellatur,
2494 4804 2620 4872 jam
2652 4802 3006 4859 distinctum
3037 4800 3115 4856 ab
3146 4800 3245 4855 illa
3263 4798 3507 4855 informi

1834 4893 2110 4962 materia,
2143 4892 2218 4949 de
2249 4908 2372 4963 quo
2412 4892 2472 4947 in
2520 4892 2915 4963 sequentibus
2944 4890 3193 4944 dicitur:
3238 4890 3506 4945 Vocavit-

1833 4997 1948 5055 que
1976 4985 2132 5039 Deus
2186 4985 2635 5051 ﬁrmamentum
2686 4982 2925 5037 caelum.
2963 4977 3079 5035 Sed
3107 4977 3505 5051 quaerendum

1833 5075 1920 5131 est
1973 5071 2152 5142 quale
2193 5072 2267 5127 sit
2321 5070 2795 5133 ﬁrmamentum,
2842 5065 3010 5139 quod
3048 5066 3279 5124 dividat
3308 5084 3503 5141 aquas

1832 5160 2172 5231 superiores
2203 5158 2282 5217 ab
2318 5157 2700 5215 inferioribus
2720 5156 2747 5211 ‘I
2791 5159 2938 5213 Nam
2994 5157 3269 5213 nonnulli
3298 5157 3507 5214 dicunt

1829 5247 2282 5305 ﬁrmamentum
2303 5262 2439 5303 esse
2460 5245 2680 5303 cmlum
2711 5261 3019 5313 aereum,a
3040 5262 3167 5318 quo
3194 5262 3339 5302 aves
3370 5244 3506 5301 coeli

1831 5336 2243 5405 nominantur,
2262 5335 2429 5407 quod
2459 5335 2690 5392 dividat
2717 5352 2912 5409 aquas
2932 5335 3188 5391 nubium
3214 5335 3294 5391 ab
3323 5335 3502 5407 aquis

1832 5424 2174 5481 ﬂuminum.
2208 5423 2320 5480 Alii
2376 5441 2519 5482 vero
2563 5425 2811 5494 intelligi
2861 5424 3074 5481 volunt
3103 5424 3317 5480 caelum
3349 5424 3503 5480 side-

1832 5532 2023 5583 reum,
2049 5516 2171 5572 sive
2209 5516 2542 5581 athereum,
2599 5532 2670 5573 eo
2701 5515 2870 5589 quod
2910 5514 3139 5572 dividat
3178 5532 3373 5589 aquas
3406 5533 3507 5574 su-

1831 5605 2099 5679 periores
2132 5605 2210 5662 ab
2258 5605 2660 5664 inferioribus.
2694 5609 2898 5680 Neque
2944 5598 3106 5663 enim
3151 5605 3500 5664 incredibile

1832 5700 1919 5751 est
1938 5695 2265 5752 invisibiles
2287 5712 2480 5769 aquas
2506 5696 2827 5754 consistere
2848 5712 3029 5769 super
3048 5696 3501 5754 firmamentum

1834 5784 1941 5843 sed
1970 5785 2019 5841 si
2049 5789 2189 5843 sunt
2214 5802 2339 5845 non
2364 5786 2584 5856 ﬂuidis,
2614 5787 2759 5861 quia
2786 5802 2911 5846 non
2929 5786 3183 5856 ﬂuitant,
3201 5788 3497 5845 sicutistﬂs
