3944 6452
371 286 472 345 119

1494 286 1852 343 ANGELOII
1893 280 2345 341 LUXOVIENSIS
2382 282 2693 340 NONACBI

3709 280 3834 336 120

364 409 649 469 visibiles.
682 410 847 467 Unde
874 410 1059 483 aliqui
1109 410 1342 479 glaciali
1383 410 1678 467 soliditate
1713 408 2029 481 persistere
2062 406 2111 459 Α
2142 420 2349 475 unum,
2378 406 2522 476 quia
2555 404 2685 476 jugi
2717 403 2882 460 unda
2911 408 3091 477 atque
3118 404 3405 460 continua
3454 404 3725 459 Oceano
3770 418 3845 457 ac

367 499 692 566 aestimant,
719 514 843 555 non
896 499 1166 571 vaporali
1227 500 1525 559 tenuitate,
1560 499 1709 554 sicut
1761 514 1831 551 ex
1863 495 2027 550 stella

370 587 630 653 Saturni,
656 603 792 659 qua:
825 587 1205 657 frigidissima
1234 592 1341 654 est,
1386 592 1719 643 autumant.
1747 586 1914 651 Quia.
1944 585 2027 638 in-

369 676 608 750 quiunt,
634 691 708 733 ex
732 675 826 732 his
856 674 1031 748 aquis
1059 676 1335 746 frigidam
1368 693 1517 740 csse,
1560 693 1631 732 eo
1669 675 1835 748 quod
1858 676 2028 745 juxta

372 781 683 822 summum
712 763 931 819 coelum
954 779 1061 836 per
1093 763 1331 833 triginta
1366 780 1558 819 annos
1579 781 1822 819 cursum
1851 779 2028 818 suum

370 857 640 927 peragat,
689 852 825 908 licet
860 852 977 908 hoc
1005 868 1228 923 negare
1257 853 1455 919 velint,
1495 853 1600 925 qui
1628 853 1702 907 de
1757 852 2031 925 ponderi-

369 942 489 999 bus
516 941 846 1015 disputant.
876 944 991 998 Ncc
1043 942 1301 1014 propriis
1330 943 1616 997 distinctae
1648 942 1793 996 locis
1823 941 2029 995 locatae

369 1037 659 1104 tanquam
686 1030 963 1100 ﬂumina,
983 1035 1040 1086 et
1064 1046 1189 1087 non
1218 1030 1488 1086 locorum
1520 1032 1783 1093 sedibus,
1818 1030 1919 1084 sed
1947 1030 2031 1083 di-

368 1120 590 1192 gnitate
620 1124 850 1176 naturae
893 1135 1179 1192 superare
1208 1120 1425 1175 caelum
1447 1119 1689 1184 dicunt;
1721 1120 1865 1191 quia
1894 1136 2032 1173 cum

371 1208 447 1265 sit
472 1208 694 1265 cmlum
725 1225 944 1282 corpus
968 1208 1465 1281 pulcherrimum,
1496 1209 1693 1264 omnis
1719 1208 2033 1263 invisibilis

369 1300 665 1360 creatura,
690 1301 755 1352 ut
794 1296 1012 1352 beatus
1043 1297 1412 1366 Augustinus
1466 1297 1565 1363 ait,
1599 1298 1828 1353 excedit
1854 1298 2033 1351 etiam

369 1384 883 1459 pulchritudinem
914 1384 1065 1441 cceli.
1102 1385 1381 1458 Ideoque,
1411 1391 1473 1443 ut
1496 1386 1657 1442 idem
1687 1386 1896 1441 doctor
1921 1386 2036 1441 exi-

369 1473 532 1530 mius
558 1477 751 1547 putat,
774 1489 949 1546 aquae
983 1491 1165 1548 super
1194 1475 1370 1530 cados
1393 1480 1549 1531 sunt.
1574 1475 1669 1530 Ait
1692 1475 1851 1530 enim
1873 1494 1886 1530 :
1907 1477 2035 1540 Quo

377 1561 567 1618 modo
596 1567 799 1618 autem
830 1567 887 1618 et
914 1562 1269 1636 qualeslibet
1294 1580 1467 1636 aquae
1515 1563 1600 1619 ibi
1632 1564 1769 1633 sint,
1800 1580 1929 1619 esse
1954 1564 2037 1619 ibi

375 1666 479 1708 eas
507 1649 754 1706 minime
805 1650 1189 1720 dubitemus;
1242 1653 1388 1725 quia
1437 1654 1634 1721 major
1661 1657 1769 1715 est,
1821 1652 2034 1724 inquit,

2138 496 2285 547 mari
2313 494 2648 563 junguntur
2678 498 2911 561 Magno.
2947 494 3259 565 Sequitur:

2212 586 2371 637 VEns.
2413 583 2672 640 11-13.—
2691 585 2993 640 Germinet
3022 588 3189 639 terra
3209 582 3457 638 herbam
3492 582 3840 649 virentem,

2138 677 2191 725 et
2244 672 2494 744 reliqua,
2544 689 2731 744 usque
2790 675 2963 742 cujus
3005 688 3201 728 semen
3244 673 3325 727 sit
3355 673 3420 727 in
3469 678 3837 741 semetipso.

2140 766 2254 819 Cur
2283 764 2383 830 ait,
2418 771 2477 818 in
2508 766 2835 833 semetipso,
2856 781 2994 819 cum
3016 764 3218 819 multae
3240 763 3490 819 arbores
3518 779 3656 818 non
3689 779 3843 835 pro-

2140 851 2329 905 ferant
2378 852 2656 913 fructum,
2693 852 2842 907 utin
2887 852 3022 923 ipso
3074 852 3339 907 habeant
3390 853 3666 907 semen?
3709 850 3839 907 Sed

2141 940 2453 995 sciendum
2479 947 2565 995 est
2590 941 2731 1013 quia
2758 941 2805 995 si
2825 957 2947 996 non
2975 940 3200 996 habent
3219 940 3281 996 in
3324 940 3552 1006 fructu,
3584 940 3841 995 habent

2140 1026 2199 1081 in
2227 1028 2448 1098 radice,
2476 1046 2549 1084 ex
2575 1046 2699 1102 qia
2730 1030 3158 1097 get-minentur.

2212 1118 2289 1171 Et
2332 1118 2481 1173 vidit
2536 1120 2692 1174 Deus
2721 1119 2882 1189 quod
2926 1133 3047 1175 esse
3103 1118 3343 1182 bonum,
3374 1122 3431 1173 et
3476 1122 3729 1173 caetera.
3771 1116 3837 1173 Si

2142 1220 2283 1271 ergo
2313 1206 2536 1276 herbae,
2559 1211 2617 1262 et
2659 1207 2884 1263 fructus
2926 1212 3115 1273 terrae,
3176 1212 3234 1263 et
3292 1206 3460 1277 ligna
3510 1205 3838 1278 pomifera

2140 1292 2304 1349 bona
2331 1300 2487 1359 sunt,
2522 1300 2577 1351 et
2624 1295 2848 1351 dictum
2883 1302 3010 1351 est:
3059 1297 3213 1351 Vidit
3240 1298 3392 1352 Deus
3422 1302 3655 1351 cuncta
3684 1309 3837 1367 quae

2137 1382 2388 1450 fecerat,
2424 1389 2479 1439 et
2507 1390 2679 1440 erant
2712 1386 2887 1439 valde
2918 1385 3104 1451 bona;
3131 1390 3187 1440 et
3215 1384 3653 1440 adextremum
3678 1383 3838 1438 sub-

2139 1470 2440 1541 jungitur:
2494 1474 2799 1545 Requievit
2860 1477 3011 1530 Deus
3065 1475 3141 1530 ab
3181 1475 3455 1529 omnibus
3489 1472 3837 1543 operibus;

2143 1560 2290 1631 quid
2319 1561 2394 1615 de
2425 1562 2627 1617 herbis
2657 1562 2993 1629 venenosis,
3025 1567 3084 1618 et
3137 1562 3314 1632 lignis
3347 1562 3581 1618 nocivis
3608 1560 3836 1617 dicen-

2145 1647 2289 1703 dum
2325 1655 2413 1705 est
2432 1651 2461 1705 ?
2486 1651 2554 1706 Et
2598 1650 2746 1723 quid
2777 1656 2866 1708 est
2892 1651 3057 1723 quod
3087 1651 3166 1707 ad
3186 1650 3380 1706 Adam
3410 1649 3494 1707 ait
3513 1649 3591 1706 de
3620 1648 3835 1722 spinis

379 1739 695 1812 Scriptura;
722 1740 905 1811 hujus
935 1742 1279 1805 auctoritas,
1320 1758 1506 1815 quam
1562 1743 1760 1798 omnis
1784 1741 2037 1798 humani
2065 1756 2109 1811 Β
2146 1741 2203 1793 et
2231 1738 2462 1794 tribulis
2488 1758 2502 1796 :
2540 1742 2724 1796 Terra
2780 1748 2883 1796 tua
2907 1743 3110 1811 spinas
3133 1747 3188 1798 et
3218 1741 3472 1797 tribulos
3501 1741 3834 1810 germina-

377 1827 605 1900 ingenii
630 1829 954 1903 capacitas.
987 1832 1127 1897 Quae
1160 1848 1331 1905 aquae
1362 1832 1708 1888 universam
1738 1838 1905 1887 terra;
1936 1848 2035 1886 su-

375 1918 684 1991 perficiem
726 1918 790 1975 in
822 1923 1049 1975 tantam
1105 1921 1387 1990 tegebant
1435 1921 1832 1987 altitudinem,
1888 1920 2039 1978 sicut

378 2006 481 2063 alii
505 2006 783 2064 doctores
810 2007 998 2079 aiunt,
1030 2013 1097 2064 ut
1117 2026 1311 2082 usque
1342 2011 1418 2066 ad
1453 2010 1583 2066 illos
1607 2010 1772 2066 locos
1813 2011 2033 2083 pertin-

376 2099 583 2166 gerent
627 2094 733 2151 ubi
762 2110 923 2151 nunc
958 2113 1152 2169 usque
1199 2114 1379 2170 super
1422 2098 1871 2154 ﬁrmamentum
1901 2098 2034 2154 caeli

374 2199 447 2240 ex
470 2186 639 2257 parte
665 2183 1016 2255 residentes,
1033 2200 1257 2242 nomen
1270 2186 1367 2242 Dei
1399 2186 1681 2243 creatoris
1710 2204 1850 2243 cum
1871 2187 2033 2243 caelis

375 2272 666 2329 caelorum
697 2272 944 2329 laudare
968 2288 1093 2330 non
1123 2274 1425 2330 desinunt.
1443 2275 1705 2348 Denique
1739 2276 1790 2331 si
1819 2276 2035 2349 aliquis

373 2361 491 2418 hoc
535 2377 758 2432 negare
797 2361 1071 2433 voluerit,
1102 2362 1233 2435 iste,
1266 2364 1314 2418 si
1356 2365 1663 2420 hominem
1691 2371 1938 2435 crearet,
1969 2369 2037 2421 ut

374 2450 551 2533 Deus,
578 2451 889 2525 epitimam
915 2468 1041 2508 non
1069 2458 1319 2525 poneret
1348 2455 1407 2509 in
1435 2455 1650 2526 capite,
1679 2454 1787 2509 sed
1814 2454 1877 2510 in
1920 2460 2035 2510 sto-

370 2541 614 2598 macho.
634 2544 911 2598 Attamen
939 2540 1017 2598 de
1035 2542 1151 2598 hac
1167 2558 1230 2598 re
1256 2559 1379 2598 non
1410 2549 1496 2599 est
1521 2549 1795 2600 nostrum
1815 2549 2034 2600 temere

371 2628 641 2701 deﬁnire,
672 2630 818 2703 quia
844 2635 1078 2688 remota
1107 2637 1195 2687 est
1251 2648 1288 2688 a
1331 2632 1553 2688 nostris
1605 2632 1848 2691 visibus.
1900 2633 2035 2699 Qui-

372 2718 518 2776 dam
545 2722 749 2775 autem
774 2735 970 2792 aquas
995 2735 1291 2793 supernas
1320 2721 1623 2793 accipiunt
1640 2721 1901 2795 populos
1926 2737 2032 2778 an-

370 2807 665 2879 gelorum,
679 2808 755 2864 de
784 2809 1009 2881 quibus
1030 2810 1317 2883 scriptum
1335 2816 1423 2865 est
1441 2827 1455 2865 :
1477 2811 1559 2866 Et
1579 2826 1769 2881 aquas,
1787 2827 1920 2882 qua
1940 2827 2035 2866 su-

365 2913 483 2970 per
537 2899 713 2954 caelos
768 2904 935 2970 sunt,
993 2900 1242 2956 laudent
1292 2915 1505 2956 nomen
1553 2902 1795 2956 Domini
1841 2902 2031 2971 (Psal.

369 3002 602 3055 mnu,
651 2987 728 3059 4).
756 2986 1068 3043 Inferiores
1123 3004 1266 3044 vero
1317 3005 1509 3062 aquas
1539 2990 1816 3045 homines
1864 2994 2032 3045 terrae

371 3076 674 3149 [Z.,terra]
700 3075 1008 3148 degentes,
1032 3076 1109 3133 de
1136 3078 1361 3151 quibus
1390 3078 1632 3135 dicitur:
1654 3085 1859 3150 Aquas
1883 3095 2033 3151 quas
2063 3108 2105 3164 ο

368 3166 593 3237 vidisti,
617 3167 838 3236 populi
858 3173 999 3223 sunt
1041 3172 1095 3224 et
1123 3173 1347 3240 gentes,
1379 3184 1533 3241 quas
1563 3168 1769 3242 utique
1811 3168 2032 3224 cmlum

365 3254 668 3312 sidereum
697 3255 776 3312 ad
804 3255 1063 3313 invicem
1093 3264 1388 3329 segregat.

439 3344 613 3399 Vens.
645 3346 957 3401 9.—Di.rit
988 3361 1223 3418 quoque
1251 3350 1444 3404 Deus:
1475 3350 1815 3418 Congretur
1835 3363 2028 3419 aquae,

369 3446 503 3503 qua?
533 3430 642 3485 sub
698 3433 846 3488 caelo
888 3440 1030 3489 sunt
1076 3436 1140 3490 in
1176 3437 1369 3491 locum
1402 3452 1610 3503 unum,
1653 3442 1706 3492 et
1737 3443 2033 3506 appareat

366 3519 568 3587 arida,
599 3522 656 3574 et
677 3519 925 3592 reliqua.
961 3521 1017 3579 Si
1039 3523 1200 3579 enim
1226 3529 1383 3580 totus
1409 3526 1674 3581 mundus
1704 3531 1831 3589 erat
1858 3529 2032 3600 aquis

367 3607 611 3681 plenus,
639 3607 744 3664 ubi
783 3615 1159 3680 congregatae
1191 3618 1348 3683 sunt,
1384 3614 1498 3669 nisi
1531 3615 1696 3687 quod
1727 3615 1836 3671 ait:
1884 3617 2035 3672 Con-

367 3703 700 3768 gregentur
727 3698 791 3754 in
825 3699 1018 3756 locum
1049 3715 1237 3756 unum
1263 3706 1291 3757 ?
1335 3719 1405 3758 ac
1437 3703 1488 3758 si
1514 3702 1771 3773 diceret;
1819 3706 2033 3761 Distin-

364 3792 532 3860 guat,
560 3792 741 3863 atque
769 3788 1070 3862 producat
1106 3790 1231 3862 iam
1264 3807 1336 3847 ex
1368 3808 1429 3847 se
1471 3793 1698 3864 species
1743 3810 1884 3850 suas
1933 3795 2035 3851 illa

361 3876 635 3934 informis
665 3878 940 3950 materia,
972 3884 1030 3936 et
1052 3886 1346 3954 appareat
1365 3881 1595 3953 species
1618 3898 1939 3955 aquarum,
1979 3884 2035 3939 et

365 3966 596 4040 species
624 3972 815 4025 terrai.
840 3972 975 4042 Ipsa
999 3971 1161 4026 enim
1183 3971 1569 4041 congregatio
1591 3972 1650 4028 in
1676 3989 1866 4028 unum
1897 3973 2034 4046 ipsa

363 4058 453 4112 est
491 4071 788 4128 aquarum
843 4058 1144 4129 formatio,
1195 4076 1350 4132 quas
1404 4061 1682 4117 videmus
1726 4067 1783 4118 et
1838 4065 2031 4133 tangi-

362 4159 524 4200 mus.
556 4147 625 4201 Et
646 4146 815 4217 quod
844 4149 947 4212 ait,
978 4155 1276 4217 appareat
1306 4150 1505 4213 arida,
1541 4152 1687 4222 quid
1720 4152 1884 4207 aliud
1914 4153 2029 4207 dici

364 4230 820 4302 intelligendum
866 4239 973 4301 est,
1009 4234 1125 4290 nisi
1148 4236 1428 4293 materies
1452 4239 1705 4311 accipiat
1732 4241 2029 4296 visibilem

364 4320 650 4392 formam,
674 4338 862 4395 quam
894 4340 1055 4380 nunc
1085 4324 1268 4382 habet
1296 4331 1453 4385 terra
1478 4329 1632 4385 ista?
1689 4333 1829 4395 QtIee
1854 4332 2026 4400 bene,

2147 1826 2228 1882 bit
2260 1827 2412 1883 tibi?
2459 1828 2574 1884 nisi
2608 1833 2670 1884 ut
2698 1828 2987 1899 intelligat
3013 1830 3131 1902 qui'
3148 1829 3453 1902 proponit,
3479 1828 3631 1901 quia
3688 1842 3831 1884 non

2144 1916 2417 1973 absolute
2441 1917 2669 1974 dictum
2693 1923 2816 1974 est:
2850 1921 3034 1976 Terra
3058 1921 3264 1988 spinas
3293 1925 3351 1975 et
3395 1919 3655 1974 tributos
3684 1932 3832 1988 ger-

2142 2007 2417 2075 minabit,
2448 2007 2554 2062 sed
2584 2007 2683 2075 ait,
2719 2008 2865 2075 tibi;
2921 2025 2991 2065 ac
3023 2009 3070 2064 si
3111 2009 3367 2065 diceret:
3406 2007 3659 2081 Incipiat
3704 2004 3829 2062 tibi

2143 2096 2478 2166 germinare
2499 2097 2577 2153 ad
2598 2097 2944 2154 exercitium
2958 2098 3350 2171 laboris,qute
3380 2098 3550 2171 prius
3583 2096 3829 2166 germi-

2142 2185 2306 2241 navit
2333 2185 2626 2257 pabulum
2649 2186 2724 2243 ad
2756 2204 2900 2243 usus
2925 2188 3337 2259 jumentorum
3368 2192 3427 2243 et
3447 2185 3823 2243 bestiarum.

2143 2273 2259 2330 Nisi
2282 2276 2446 2331 enim
2474 2281 2798 2347 peccasset,
2856 2292 3242 2350 nequaquam
3276 2275 3457 2332 noxia
3503 2275 3605 2333 illa
3652 2279 3828 2331 terra

2146 2364 2521 2433 germinaret.
2580 2365 2745 2421 Unde
2793 2372 3044 2438 apparet
3105 2367 3248 2438 quia
3300 2370 3438 2438 post
3487 2371 3826 2438 peccatum

2142 2452 2298 2507 illius
2326 2454 2506 2526 coepit
2561 2457 2714 2510 terra
2745 2454 2949 2526 spinas
3003 2455 3244 2524 gignere
3289 2458 3436 2510 Nam
3482 2453 3560 2508 de
3601 2452 3829 2509 herbis

2143 2540 2580 2614 arboribusque
2608 2544 2924 2598 venenosis
2972 2548 3029 2598 et
3058 2543 3266 2598 nocuis
3304 2542 3619 2598 sciendum
3662 2541 3827 2614 quia

2143 2629 2318 2686 valde
2376 2630 2541 2687 bona
2570 2632 2812 2687 condita
2859 2637 3035 2699 sunt;
3091 2632 3237 2705 quia
3278 2632 3327 2687 si
3372 2647 3498 2687 non
3531 2630 3827 2703 prmbant

2143 2735 2367 2782 escam,
2399 2718 2820 2776 administrant
2848 2720 3231 2789 medicinam;
3258 2724 3316 2776 et
3341 2720 3389 2776 si
3416 2719 3594 2775 nobis
3622 2720 3826 2776 noxia

2142 2807 2584 2874 videntur,feris
2614 2813 2671 2865 et
2701 2809 2914 2865 avibus
2940 2809 3197 2865 innoxia:
3219 2808 3530 2881 sunt,quia
3549 2809 3635 2864 eis
3660 2825 3823 2881 pras-

2143 2894 2287 2951 bent
2317 2896 2633 2969 pabulum,
2665 2896 2802 2953 licet
2831 2898 3005 2953 nobis
3054 2914 3174 2953 non
3216 2897 3528 2970 praebeant
3548 2896 3819 2953 alimen-

2142 2988 2293 3040 tum.
2330 2989 2394 3041 Εἰ
2423 2986 2577 3053 ideo,
2615 2986 2769 3042 sicut
2785 2986 3012 3043 dictum
3042 2991 3149 3057 est,
3168 2986 3367 3042 omnis
3390 2990 3669 3041 creatura
3690 2985 3821 3041 val-

2144 3074 2219 3129 de
2246 3075 2407 3130 bona
2439 3076 2680 3132 condita
2710 3082 2816 3144 est,
2851 3075 2959 3131 sed
2991 3082 3125 3150 post
3153 3082 3468 3148 peccatum
3496 3075 3679 3147 primi
3705 3090 3820 3148 pa-

2142 3164 2324 3218 rentis
2355 3168 2552 3219 actum
2581 3171 2671 3220 est
2701 3170 2766 3219 ut
2793 3165 3007 3236 aliqum
3062 3164 3445 3220 infructuosa:
3470 3163 3723 3220 arbores
3752 3168 3820 3220 et

2146 3251 2371 3308 steriles
2403 3258 2715 3325 apparent,
2748 3260 2803 3309 et
2855 3254 3052 3309 herbae
3084 3270 3425 3316 venenosae,
3461 3257 3524 3309 ut
3553 3269 3628 3307 ex
3654 3252 3817 3326 ipsis

2141 3341 2327 3396 homo
2361 3347 2674 3413 peccatum
2722 3358 2901 3397 suum
2952 3342 3411 3414 quodammodo
3455 3341 3816 3397 considam-

2140 3434 2248 3495 ret,
2279 3434 2337 3486 et
2366 3436 2846 3487 commoneretur
2876 3430 3205 3504 aliquando
3245 3431 3427 3487 averti
3450 3448 3487 3487 a
3514 3431 3813 3504 peccatis,

2142 3524 2199 3575 et
2222 3520 2300 3575 ad
2331 3520 2432 3576 Dei
2463 3526 2761 3593 praecepta
2784 3520 3067 3587 converti,
3102 3526 3160 3576 et
3183 3525 3605 3593 expavesceret
3630 3520 3814 3576 amit-

2143 3613 2261 3664 tere
2290 3610 2585 3665 culturam
2618 3610 2737 3677 Dei,
2767 3615 2823 3663 et
2844 3609 3053 3664 sterilis
3085 3625 3379 3681 apparere
3423 3609 3484 3664 in
3515 3624 3664 3678 agro
3699 3611 3813 3664 Ec-

2142 3697 2354 3763 clesiae,
2390 3698 2437 3753 si
2466 3713 2588 3753 non
2615 3702 2767 3753 esset
2787 3698 2970 3753 arbor
2990 3699 3315 3754 fructuosa.
3339 3701 3453 3754 Seu
3484 3703 3811 3770 propterea

2144 3785 2388 3841 arbores
2419 3786 2825 3852 infructuosae,
2856 3790 2913 3841 et
2959 3787 3159 3842 herbae
3196 3787 3425 3842 nociva:
3455 3791 3671 3842 creatae
3697 3805 3711 3853 ;
3741 3793 3811 3844 ut

2144 3874 2307 3929 nulla
2336 3875 2594 3944 indignis
2621 3876 2968 3948 aperiantur
2995 3877 3281 3949 mysteria
3310 3876 3805 3947 [Z.,ministeria],

2142 3979 2338 4035 neque
2382 3964 2733 4020 ostendatur
2776 3964 2836 4020 in
2888 3981 3011 4037 qua
3058 3966 3253 4035 ﬁgura
3298 3965 3638 4022 futurorum
3687 3965 3809 4021 ista

2140 4052 2301 4108 dicta
2323 4058 2479 4110 sunt.

2215 4154 2374 4206 Vens.
2432 4156 2617 4208 14-19.
2644 4183 2714 4193 —
2765 4154 2934 4209 Dixit
2990 4161 3189 4209 autem
3221 4154 3325 4224 [Z..
3360 4155 3582 4225 itaque]
3608 4154 3805 4210 Deus:

2140 4242 2323 4296 Fiant
2350 4243 2677 4297 luminaria
2708 4244 2769 4297 in
2796 4244 3174 4311 ﬁnnamento
3203 4245 3360 4309 caeli,
3399 4248 3456 4299 et
3485 4249 3715 4298 caetera.
3743 4244 3803 4299 Si

2100 4344 2115 4351 -
2138 4335 2353 4401 quarta
2370 4330 2464 4385 die
2484 4330 2639 4386 facta
2668 4335 2807 4385 sunt
2827 4330 3171 4394 luminaria,
3188 4347 3379 4403 quare
3401 4330 3803 4404 superius[l.,

363 4408 641 4482 inquam,
668 4415 825 4468 terra
854 4412 1023 4470 arida
1051 4419 1322 4487 vocatur,
1340 4417 1505 4489 quia,
1536 4418 1687 4473 sicut
1712 4419 1864 4488 ignis
1896 4437 2029 4491 pm-
2065 4461 2103 4513 υ
2140 4418 2330 4489 prius]
2363 4418 2589 4473 dictum
2623 4424 2711 4473 est
2733 4434 2971 4488 vespere
2998 4426 3052 4475 et
3076 4435 3270 4486 mane,
3302 4419 3440 4485 nisi,
3475 4424 3654 4492 prout
3668 4419 3804 4490 jam

365 4497 495 4570 prie
523 4498 807 4572 calorem,
838 4506 897 4558 et
922 4517 1085 4574 aqua
1123 4503 1444 4561 humorem
1469 4505 1553 4562 ita
1587 4520 1831 4579 quoque
1876 4514 2028 4562 tetra
2065 4497 2102 4513 υ
2138 4508 2362 4562 dictum
2386 4512 2493 4575 est,
2524 4507 2585 4562 in
2612 4523 2849 4577 vespere
2877 4507 3167 4581 accipitur
3181 4508 3439 4581 expletio
3459 4508 3805 4581 praeceden-

366 4585 703 4645 ariditatem
728 4589 932 4648 habet.

436 4677 607 4733 Vsus.
628 4682 714 4735 lO.
745 4710 815 4720 —
837 4679 1457 4755 Congregationesque
1494 4699 1792 4756 aquarum
1823 4689 2029 4755 appel-

368 4764 517 4821 lavit
547 4768 766 4825 maria.
798 4769 1139 4826 Notandum
1170 4772 1338 4844 quod
1367 4788 1582 4828 omnes
1608 4776 2026 4843 congregatio-

363 4867 474 4908 nes
528 4870 850 4928 aquarum,
882 4860 1006 4916 sive
1060 4860 1267 4916 dulces
1313 4862 1428 4917 sint
1458 4862 1582 4917 sive
1637 4862 1829 4929 salsae,
1857 4865 2027 4933 juxta

363 4938 594 4998 idioma
611 4943 833 5015 linguae
849 4947 1123 5005 Hebaicae
1147 4950 1341 5007 maria
1362 4958 1807 5023 nuncupantur.
1835 4954 1950 5008 Sed
1964 4953 2028 5008 in

365 5027 779 5089 Hexaemeron
793 5035 923 5105 jam
951 5037 1093 5094 dicti
1121 5038 1383 5095 doctoris
1415 5039 1584 5095 Bedae
1616 5039 1699 5095 ita
1727 5039 1984 5109 legimus
2009 5060 2024 5097 :

366 5116 541 5186 Fieri,
577 5117 790 5192 inquit,
841 5126 1053 5196 potuit,
1085 5132 1153 5182 ut
1202 5131 1360 5184 terra
1400 5131 1529 5201 ipsa
1565 5128 1742 5199 longe
1788 5130 2026 5204 lateque

359 5204 538 5277 jussu
592 5211 881 5267 Creatoris
934 5214 1277 5284 subsidens,
1304 5217 1452 5273 alias
1483 5224 1681 5290 partes
1734 5220 2028 5292 przeberet

365 5309 688 5369 concavas,
717 5298 942 5371 quibus
996 5302 1249 5359 ﬂuentes
1301 5322 1474 5380 aqum
1507 5308 1929 5381 reciperentur,
1964 5316 2029 5365 ut

364 5393 685 5456 appareret
709 5389 901 5446 arida.
944 5394 1138 5450 Potest
1165 5396 1343 5453 etiam
1368 5415 1489 5454 non
1520 5400 1781 5456 absurde
1810 5400 2029 5456 intelli-

364 5471 524 5562 gi_ac
567 5476 728 5562 credi
777 5480 1032 5537 rariores
1062 5483 1383 5556 primarias
1409 5489 1589 5545 fuisse
1640 5504 1854 5562 aquas,
1885 5504 2023 5561 quae

362 5558 528 5616 velut
554 5561 776 5650 nebula
801 5570 989 5627 terras
1010 5575 1291 5644 tegerent,
1324 5558 1788 5650 congregatione
1822 5558 2022 5633 autem

364 5662 497 5704 esse
540 5649 847 5721 spissatas,
902 5675 1037 5732 quae
1067 5662 1222 5720 datis
1253 5666 1369 5722 sibi
1398 5667 1545 5724 locis
1564 5649 1707 5740 capi
1749 5672 2020 5739 possent,

362 5744 694 5810 apparente
722 5745 891 5805 arida
915 5749 978 5806 in
1006 5751 1271 5827 reliquis.
1308 5759 1377 5815 Et
1403 5757 1559 5814 bene
1590 5757 1689 5829 ait,
1722 5758 1785 5813 in
1819 5758 2019 5812 locum

2140 4600 2208 4649 iis
2242 4597 2459 4668 operis,
2488 4597 2549 4651 in
2581 4612 2759 4652 mane
2788 4597 3094 4653 inchoatio
3115 4597 3587 4670 subsequentis?

2206 4686 2284 4739 Et
2305 4688 2424 4739 sint
2451 4687 2513 4740 in
2542 4686 2738 4755 signa,
2769 4691 2825 4741 et
2856 4691 3144 4754 tempora,
3177 4691 3231 4742 et
3252 4701 3464 4753 annos,
3488 4692 3544 4742 et
3575 4686 3807 4741 diesJu

2136 4775 2504 4845 signa,juxta
2524 4773 2690 4846 quod
2721 4774 3007 4829 Dominus
3039 4775 3139 4829 ait:
3163 4776 3359 4830 Erunt
3392 4776 3569 4845 signa
3600 4791 3662 4829 in
3676 4777 3807 4831 sole

2137 4870 2191 4919 et
2246 4865 2416 4931 luna,
2439 4869 2495 4919 et
2524 4864 2713 4919 stellis
2744 4864 2906 4933 (Luc.
2932 4869 2990 4919 2t
3008 4907 3023 4933 ,
3064 4868 3175 4927 25).
3214 4864 3395 4933 Signa
3415 4863 3697 4919 dicuntur
3725 4880 3801 4921 eo

2135 4954 2299 5025 quod
2311 4954 2373 5008 in
2394 4953 2660 5008 futurum
2673 4951 2899 5025 aliquid
2917 4952 3309 5024 signantquia
3320 4958 3461 5008 sunt
3471 4952 3613 5010 talia
3625 4953 3801 5023 signa

2136 5042 2197 5097 in
2239 5041 2532 5096 sideribus
2562 5056 2699 5113 quas
2730 5045 3137 5113 tempestates,
3162 5046 3220 5097 et
3254 5042 3511 5114 pluvias,
3557 5047 3616 5097 et
3641 5042 3802 5099 bella

2138 5131 2515 5194 denuntiant,
2539 5135 2596 5186 et
2613 5131 2790 5187 etiam
2809 5146 2971 5187 uonn
2982 5131 3100 5187 ulla
3118 5132 3546 5202 navigantibus
3564 5132 3623 5187 in
3647 5132 3799 5189 mari

2137 5220 2300 5274 viam
2334 5219 2677 5275 ostendunt.
2700 5221 2780 5274 Et
2804 5221 2867 5276 in
2897 5227 3183 5290 tempora,
3198 5222 3343 5293 quia
3366 5220 3489 5275 suis
3507 5221 3800 5278 vicissitu-

2137 5307 2380 5363 dinibus
2402 5313 2676 5381 tempora
2689 5308 3084 5379 distinguunt,
3100 5309 3249 5364 veris
3269 5309 3537 5365 videlicet
3557 5315 3614 5365 et
3630 5317 3801 5369 aesta-

2136 5398 2233 5464 tis,
2252 5397 2527 5452 autumni
2551 5402 2609 5453 et
2634 5397 2868 5453 hiemis.
2891 5400 3026 5455 Dies
3047 5405 3101 5455 et
3122 5400 3273 5454 anni
3292 5398 3369 5454 ad
3395 5414 3640 5455 cursum
3656 5400 3799 5456 solis

2136 5490 2194 5540 et
2220 5486 2377 5540 lunae
2394 5485 2539 5558 quia
2555 5490 2692 5541 sunt
2711 5486 2934 5542 solares
2955 5485 3105 5557 dies,
3123 5492 3261 5542 sunt
3287 5491 3346 5543 et
3364 5487 3606 5543 lunares
3626 5489 3798 5559 juxta

2136 5575 2545 5631 calculatores.
2570 5575 2683 5632 Seu
2713 5575 2859 5647 quia
2882 5580 3209 5648 antequam
3230 5576 3652 5647 formarentur,
3670 5592 3794 5634 non

2135 5668 2261 5717 erat
2326 5664 2484 5719 unde
2525 5663 2643 5719 diei
2698 5662 3010 5736 noctisque
3039 5666 3199 5720 horae
3255 5665 3612 5735 signaretur.
3646 5669 3791 5723 Nam

2135 5751 2420 5825 scriptum
2437 5759 2556 5809 est:
2590 5755 2749 5810 Fecit
2769 5756 2978 5811 lunam
2999 5770 3062 5810 ιη
3094 5761 3363 5825 tempora
3383 5753 3489 5828 [Z.,
3507 5758 3789 5829 tempore]
