3944 6410
104 274 194 328 ω
1495 275 1853 337 comm.
1887 273 1958 330 IN
1997 274 2157 333 eam.

3442 279 3548 337 £22

103 396 186 451 sol
215 397 495 466 cognovit
520 413 797 456 occasum
829 416 1002 458 suum
1036 401 1589 479 (Psal.cui,l9).Sed
1603 416 1764 476 qure-
1793 401 1842 456 Α
1882 398 2067 455 modo
2097 416 2236 456 cum
2264 401 2516 458 consilio
2561 400 2756 458 facere
2784 400 3103 468 videretur,
3138 405 3195 456 et
3235 405 3302 458 ut
3328 400 3546 458 nobili-

104 484 349 539 rendum
378 490 469 541 est
499 485 549 542 si
573 493 772 561 coepta
792 489 888 545 hic
916 495 1057 548 sunt
1076 496 1370 566 tempora,
1394 498 1452 551 et
1473 492 1769 566 incipiunt

102 574 222 630 dies
246 574 512 632 articulis
541 582 601 634 et
648 580 971 636 momentis
999 580 1291 639 horarum
1329 583 1592 651 decerni,
1618 579 1767 654 quid

101 661 416 719 dicendum
434 668 523 721 est
540 664 617 721 de
633 666 736 722 illo
758 669 953 740 spatio
969 669 1136 742 quod
1158 670 1269 727 fuit
1286 687 1479 745 usque
1495 670 1575 728 ad
1590 684 1770 744 quar-

101 756 222 806 tum
246 751 405 807 diem
426 752 454 807 ?
487 755 770 828 Nunquid
791 773 916 813 non
944 758 1033 829 [Ζ.
1047 775 1164 815 om.
1182 761 1327 832 non]
1357 766 1633 834 tempora
1645 759 1770 815 fue-

98 839 276 895 runt?
308 840 423 896 Sed
436 842 900 914 quodammodo
922 851 1197 920 tempora
1234 848 1495 918 fuerunt,
1515 849 1621 904 sed
1642 863 1766 903 non

101 934 181 983 est
229 928 378 985 illud
422 931 687 1003 spatium
754 933 1105 992 distinctum
1171 937 1435 994 articulis
1476 938 1767 994 horarum

100 1024 160 1072 ut
184 1018 369 1075 modo
398 1017 789 1091 distinguitur
836 1025 945 1095 [Z.,
978 1024 1472 1100 distinguuntur],
1508 1028 1613 1083 sed
1639 1042 1771 1100 per-

97 1108 321 1164 transiit
348 1108 496 1182 quia
516 1110 607 1166 sol
645 1127 769 1168 non
799 1118 928 1170 erat
954 1130 1080 1187 quo
1109 1114 1615 1173 discernerentur.
1644 1115 1769 1173 Tali

96 1195 274 1253 modo
302 1195 533 1253 factum
565 1205 656 1256 est
683 1201 1169 1273 quodammodo,
1194 1205 1349 1261 sicut
1373 1221 1538 1262 nunc
1569 1205 1768 1275 agitur

91 1285 337 1358 quando
368 1287 459 1344 sol
487 1289 652 1346 nube
689 1292 901 1362 tegitur
930 1298 987 1349 et
1033 1299 1307 1367 tempora
1356 1311 1480 1352 non
1512 1302 1767 1369 possunt

93 1369 393 1441 distingui,
422 1373 530 1429 sed
557 1380 764 1432 tamen
798 1378 1061 1450 spatium
1092 1378 1210 1435 diei
1242 1380 1476 1436 transit.

161 1460 327 1516 Vens.
363 1462 550 1519 20-23.
608 1495 679 1505 —
734 1466 906 1521 Dixit
938 1468 1129 1537 igitur
1153 1470 1364 1525 Deus:
1408 1470 1765 1526 Producant

91 1564 257 1620 aquae
287 1552 507 1621 reptile
535 1554 756 1611 anima:
816 1557 1088 1624 viventis,
1118 1563 1174 1613 et
1233 1560 1503 1629 volatile,
1547 1575 1761 1631 usque,

94 1640 387 1697 benedixit
419 1642 504 1698 eis
533 1642 693 1700 Deus
715 1644 957 1703 dicens:
989 1646 1275 1720 Crescite,
1308 1652 1367 1704 et
1396 1652 1629 1705 caetera.
1657 1648 1761 1705 Hic

1877 492 1971 544 tas
1989 489 2119 560 ejus
2145 491 2723 548 ostenderetur.ldeo
2750 491 3195 558 ait,Faciamus.
3217 489 3331 548 Sed
3357 504 3547 563 quare

1879 578 2155 651 superius
2184 580 2413 636 dictum
2442 586 2555 652 est,
2614 581 2891 651 dixitque
2921 582 3112 636 Deus:
3154 580 3318 647 Fiat,
3342 582 3400 635 et
3449 577 3548 635 hic

1878 666 1981 735 ait,
2012 669 2332 725 Faciamus
2378 671 2675 727 hominem
2706 668 2788 727 ad
2834 670 3178 740 imaginem,
3206 673 3263 724 et
3290 666 3545 741 reliqua,

1878 755 2229 829 pluraliter?
2260 761 2329 815 Ut
2356 759 2698 815 ostenderet
2723 777 2735 827 ;
2788 758 2933 831 quia
2959 759 3152 813 trinus
3182 760 3271 813 est
3297 758 3455 812 Deus
3484 756 3547 812 in

1877 848 2173 918 personis,
2205 853 2263 903 et
2284 864 2443 904 unus
2478 848 2539 903 in
2566 847 2803 905 deitatis
2848 852 3067 903 natura
3092 848 3205 919 [Z.,
3239 846 3299 902 in
3329 845 3549 902 deitate

1876 936 2138 1007 natura].
2166 937 2307 992 inde
2338 941 2426 992 est
2453 936 2622 1010 quod
2658 937 2718 992 in
2749 936 3262 1009 consequentibus
3290 934 3545 991 dicitur:

1876 1024 1958 1079 Et
1988 1028 2210 1082 creavit
2236 1027 2395 1082 Deus
2450 1027 2748 1082 hominem
2797 1026 2879 1082 ad
2904 1027 3225 1095 imaginem
3270 1039 3464 1092 suam,
3491 1027 3551 1080 et

1875 1112 2131 1185 reliqua.
2190 1114 2649 1188 Homojquippe
2677 1114 2756 1171 ad
2798 1114 3130 1183 imaginem
3162 1112 3264 1169 Dei
3308 1111 3546 1179 dicitur,

1879 1202 2217 1258 secundum
2242 1202 2411 1276 quod
2441 1204 2710 1259 animam
2741 1202 2923 1258 habet
2950 1201 3312 1258 invisibilem
3344 1205 3402 1257 et
3432 1200 3542 1257 im-

1878 1291 2192 1347 mortalem
2222 1291 2285 1349 in
2307 1308 2417 1348 sua
2437 1298 2672 1349 natura.
2700 1291 2817 1348 Sed
2843 1290 2895 1347 si
2942 1291 3146 1361 imago
3178 1289 3280 1346 Dei
3309 1295 3399 1346 est
3415 1289 3549 1362 ipsa

1874 1380 2028 1436 ratio
2076 1381 2319 1447 animae,
2375 1380 2705 1438 similitudo
2757 1396 2901 1437 vero
2941 1380 3132 1453 ipsius
3188 1384 3279 1435 est
3325 1383 3548 1435 aeterna

1876 1469 2018 1535 vita,
2048 1487 2236 1544 quam
2266 1470 2519 1527 daturus
2577 1475 2666 1526 est
2709 1468 2995 1525 omnibus
3043 1467 3264 1537 electis,
3296 1466 3546 1540 quando

1877 1559 1988 1615 erit
2013 1559 2161 1616 illud
2215 1560 2381 1633 quod
2412 1562 2677 1615 Joannes
2708 1559 2822 1615 ait:
2851 1560 3091 1615 Similes
3133 1559 3187 1614 ei
3219 1555 3462 1627 erimus,
3492 1559 3549 1611 et

1878 1648 2110 1722 reliqua
2137 1652 2335 1718 (Joan.
2367 1666 2453 1717 ιιι,
2485 1654 2567 1720 2),
2603 1665 2728 1705 non
2751 1647 3016 1721 aequales
3055 1646 3195 1704 facti
3227 1644 3544 1711 Divinitati,

92 1728 418 1786 ostenditur
465 1732 615 1805 quia
660 1734 893 1807 reptilia
922 1741 980 1792 et
1025 1736 1284 1794 volatilia
1333 1754 1490 1794 unus
1526 1745 1758 1795 naturae
1801 1756 1846 1808 Β
1880 1737 1985 1793 sed
2014 1738 2223 1794 sociati
2250 1738 2585 1796 aeternitati.
2630 1738 2857 1805 Aliter;
2908 1737 2958 1793 si
2985 1736 3191 1803 imago
3246 1733 3344 1790 Dei
3369 1738 3456 1790 est
3484 1733 3547 1788 in

93 1822 223 1875 sunt
267 1823 452 1892 atque
501 1821 769 1892 originis,
797 1822 905 1880 sed
945 1825 1192 1882 nomine
1236 1842 1411 1900 aquae
1437 1827 1618 1884 etiam
1657 1844 1760 1884 aer

93 1906 194 1963 iste
217 1906 591 1978 intelligitur,
618 1911 724 1984 qui
754 1916 811 1968 et
838 1928 874 1968 a
906 1913 1282 1986 sapientibus
1303 1916 1481 1989 aquis
1512 1916 1762 1989 deputa-

94 2002 181 2053 tur
208 1999 316 2071 ]Z.,
335 2001 484 2072 quia
508 2003 885 2074 sapientibus
911 2020 1074 2078 aqua
1094 2005 1477 2079 disputatur],
1494 2024 1566 2064 eo
1594 2006 1763 2080 quod

94 2087 463 2145 exhalatione
502 2106 805 2164 aquarum
854 2094 1248 2166 evaporando
1298 2096 1659 2168 pinguescit,
1705 2100 1764 2153 et

96 2176 321 2233 volatus
343 2178 554 2235 avium
586 2181 853 2255 suscipit.
884 2182 1003 2238 Nisi
1033 2182 1199 2239 enim
1229 2185 1569 2257 quamdam
1600 2200 1762 2241 cras-

97 2266 410 2323 situdinem
441 2267 716 2341 haberet,
745 2270 982 2327 volatus
1023 2271 1263 2329 illorum
1316 2289 1442 2329 non
1506 2273 1762 2330 sustine-

93 2359 192 2410 ret.
225 2355 387 2412 Unde
417 2356 635 2413 aestivo
693 2364 985 2433 tempore,
1018 2361 1271 2433 quando
1320 2377 1601 2418 serenum
1650 2366 1761 2435 est,

95 2449 302 2501 terram
330 2445 552 2503 irrorat
570 2450 630 2503 et
658 2452 839 2518 guttis
870 2456 1186 2522 apparent.
1224 2453 1288 2507 Et
1315 2450 1430 2507 nisi
1459 2468 1623 2525 aqua
1652 2450 1761 2507 ali-

92 2533 245 2606 quod
288 2535 766 2593 solidamentum
822 2536 1091 2610 haberet,
1151 2556 1408 2614 corpora
1439 2540 1760 2598 hominum

91 2626 349 2682 natantia
375 2630 434 2682 et
462 2625 781 2682 volucrum
811 2642 935 2684 non
965 2628 1179 2695 ferret;
1212 2637 1268 2686 et
1292 2630 1430 2686 ideo
1460 2630 1761 2704 quidquid

95 2708 386 2766 undosum
406 2715 507 2767 est
535 2716 593 2768 et
621 2711 995 2768 conﬂuidum
1022 2715 1137 2785 [Z.,
1158 2714 1442 2787 ﬂuidum]
1468 2715 1757 2789 piscibus;

92 2798 375 2872 quidquid
406 2816 559 2856 vero
591 2815 866 2858 crassum
911 2809 999 2859 est
1027 2807 1085 2859 et
1113 2804 1375 2872 exhalat,
1409 2804 1625 2861 avibus
1654 2803 1760 2860 de-

93 2893 338 2959 putatur.
374 2890 556 2957 Quod
582 2890 743 2946 enim
768 2906 871 2946 aer
889 2891 1133 2965 pinguis
1159 2899 1216 2949 et
1236 2897 1541 2964 ventosus,
1571 2897 1629 2949 et
1657 2892 1762 2949 ﬂa-

94 2982 207 3034 tum
231 2979 527 3052 praabeat,
553 2978 898 3053 philosophi
925 2981 987 3036 in
1013 2987 1218 3038 monte
1249 2982 1508 3056 Olympo
1541 2981 1760 3054 proba-

94 3074 326 3125 verunt:
359 3069 531 3142 quia,
550 3069 1035 3143 inquiunt,quod
1060 3071 1123 3126 in
1153 3072 1286 3143 ejus
1303 3072 1618 3129 cacumine
1645 3086 1758 3127 nec

96 3160 288 3211 ventus
317 3158 635 3226 sentiatur,
685 3173 797 3213 nec
828 3158 1023 3214 nubes
1056 3159 1435 3231 colligantur,
1465 3161 1759 3233 quoniam

97 3246 329 3302 excessit
357 3245 680 3303 altitudine
713 3264 824 3304 sua
855 3254 1043 3305 totum
1090 3249 1277 3305 istum
1326 3266 1526 3306 aerem
1557 3250 1758 3305 humi-

95 3331 227 3389 dum
255 3336 314 3390 in
345 3352 471 3409 quo
502 3351 649 3392 aves
678 3336 950 3406 volitant,
981 3344 1038 3394 et
1062 3338 1198 3394 ideo
1229 3354 1341 3395 nec
1372 3354 1514 3395 aves
1544 3337 1627 3394 ibi
1655 3354 1760 3395 vo-

94 3422 203 3480 lare
251 3432 702 3489 asseverantur,
752 3426 1029 3485 solebant
1078 3444 1189 3501 per
1242 3428 1515 3499 singulos
1567 3444 1761 3485 annos

96 3530 265 3573 causa
278 3516 723 3573 sacriﬁciorum
744 3532 1041 3574 cacumen
1061 3518 1112 3589 ej
1123 3534 1192 3574 us
1215 3518 1561 3590 ascendere,
1576 3524 1633 3575 et
1661 3517 1762 3575 ali-

95 3619 233 3676 quas
257 3613 431 3663 notas
463 3608 526 3662 in
557 3605 805 3680 pulvere
837 3608 1120 3677 scribere,
1143 3624 1300 3681 quas
1332 3608 1451 3664 alio
1478 3623 1640 3664 anno
1669 3609 1762 3664 in-

96 3699 273 3764 tegras
300 3696 733 3765 inveniebant;
757 3697 921 3770 quod
943 3697 1072 3753 ﬁeri
1092 3714 1218 3754 non
1240 3703 1447 3771 posset
1471 3697 1520 3753 si
1548 3703 1761 3755 ventos

98 3790 187 3839 aut
211 3785 441 3857 pluvias
469 3786 652 3842 locus
672 3784 768 3841 ille
795 3791 1130 3859 pateretur:
1156 3792 1213 3843 et
1244 3787 1533 3860 spongias
1550 3787 1762 3843 hume-

98 3879 265 3931 ctatas
279 3876 535 3933 naribus
563 3874 1146 3948 applicabant,unde
1168 3878 1524 3932 crassiorem
1550 3880 1607 3932 et
1620 3892 1762 3932 con-

99 3971 313 4021 suetum
344 3965 633 4039 spiritum
666 3964 975 4030 ducerent,
1005 3965 1152 4037 quia
1182 3965 1438 4021 tenuitas
1469 3964 1629 4020 illius
1660 3981 1760 4021 ae-

97 4053 165 4107 ris
193 4069 310 4111 non
339 4071 412 4112 eo
437 4053 803 4127 inspirabat.
844 4054 957 4120 Qui
987 4054 1169 4111 etiam
1207 4054 1441 4111 nullam
1487 4071 1549 4110 se
1582 4071 1763 4111 avem

99 4143 149 4197 in
167 4160 231 4199 eo
249 4145 381 4201 loco
398 4144 743 4217 aliquando
761 4143 977 4199 vidisse
999 4147 1344 4200 asserunt.N
1352 4160 1455 4199 am
1474 4143 1641 4215 quod
1656 4144 1759 4201 ait:

99 4232 393 4291 Benedixit
424 4237 508 4291 eis
540 4234 779 4290 dicens:
814 4233 1095 4300 Crescite,
1129 4240 1187 4289 et
1227 4233 1481 4305 reliqua,
1513 4233 1609 4289 hic
1638 4234 1760 4307 pri-

100 4338 248 4379 mum
274 4324 411 4381 ideo
439 4322 929 4380 benedictionem
982 4322 1198 4390 intulit,
1230 4324 1377 4396 quia
1425 4323 1760 4380 animantia

1875 1826 2137 1883 interiori
2162 1828 2429 1899 homine,
2459 1828 2789 1884 similitudo
2828 1827 2891 1883 in
2922 1825 3233 1883 moribus:
3268 1823 3375 1879 sed
3398 1822 3550 1879 ima-

1873 1915 2078 1985 ginem
2131 1914 2240 1973 Dei
2289 1933 2501 1973 omnes
2572 1916 2821 1986 habent,
2886 1914 3339 1972 similitudinem
3401 1927 3553 1969 vero

1873 2005 2072 2077 pauci.
2102 2005 2186 2061 illi
2206 2005 2366 2062 enim
2402 2004 2740 2079 specialiter
2771 2003 3225 2061 similitudinem
3262 2000 3421 2058 illius
3459 2005 3546 2057 te-

1872 2100 2035 2161 nent,
2067 2095 2173 2168 qui
2200 2101 2343 2152 sunt
2392 2095 2723 2151 imitatores
2755 2096 2888 2165 ejus
2944 2098 3001 2150 et
3029 2092 3177 2149 illud
3212 2089 3548 2164 adimplent

1872 2183 2041 2256 quod
2067 2186 2186 2240 ait:
2220 2186 2439 2241 Sancti
2467 2191 2667 2255 estote,
2708 2185 2851 2255 quia
2882 2198 2987 2254 ego
3012 2187 3256 2239 sanctus
3303 2196 3457 2245 sum,
3489 2183 3548 2235 et

1870 2271 2105 2345 reliqua
2135 2275 2291 2343 (Lev.
2324 2289 2404 2338 x1,
2429 2276 2544 2340 44).
2593 2275 2740 2328 Nam
2769 2271 3068 2338 subditur,
3106 2275 3160 2327 et
3185 2270 3394 2340 praesit
3420 2271 3543 2339 pis-

1872 2361 2037 2418 cibus
2060 2364 2329 2432 maris,et
2354 2362 2780 2431 cmteranitur
2815 2359 2864 2415 si
2883 2365 3101 2415 cuncta
3124 2357 3460 2415 animantia
3489 2361 3549 2413 et

1870 2450 2135 2508 volatilia
2165 2451 2245 2507 ad
2270 2450 2385 2507 hoc
2411 2456 2614 2507 creata
2638 2454 2778 2505 sunt
2809 2456 2873 2505 ut
2896 2448 3129 2505 homini
3156 2446 3430 2518 subjecta
3458 2461 3547 2501 es-

1872 2545 2023 2608 sent,
2051 2540 2200 2613 quid
2228 2545 2318 2595 est
2345 2539 2512 2612 quod
2543 2539 2734 2595 multa
2758 2538 2941 2594 noxia
2979 2538 3199 2610 patitur
3228 2552 3264 2592 a
3293 2534 3497 2592 bestiis
3517 2534 3547 2591 ?

1872 2631 2019 2685 Ecce
2048 2630 2175 2686 vult
2203 2630 2449 2700 abigere
2476 2646 2617 2685 aves
2647 2627 2992 2690 nonnullas,
3027 2630 3085 2683 et
3110 2641 3234 2682 non
3266 2624 3543 2681 valetsu-

1826 2768 1835 2774 .
1870 2734 2081 2791 perare
2110 2719 2336 2776 bestias
2370 2719 2520 2791 [cod.
2558 2720 2747 2774 2.0m.
2782 2715 3050 2791 bestias],
3084 2719 3141 2771 et
3177 2731 3302 2771 non
3328 2718 3542 2787 potest,

1870 2814 1929 2866 et
1951 2809 2132 2866 etiam
2158 2826 2317 2882 saepe
2344 2825 2453 2883 pro
2494 2808 2811 2878 fragilitate
2851 2808 3123 2863 humana
3145 2804 3224 2862 ab
3273 2803 3422 2876 ipsis
3450 2802 3543 2858 in-

1870 2898 2179 2955 terimitur.
2227 2901 2294 2954 Et
2317 2898 2453 2954 licet
2500 2897 2786 2954 omnibus
2839 2895 3141 2952 dominari
3186 2909 3310 2949 non
3339 2896 3544 2966 queat,

1872 2992 2075 3043 tamen
2098 2987 2441 3045 nullatenus
2470 2985 2821 3042 dominatur
2849 3000 2881 3040 a
2910 2983 3116 3041 bestiis
3148 2984 3257 3054 [Z.,
3290 2981 3543 3037 nullate-

1872 3092 1988 3132 nus
2013 3074 2363 3132 dominatur
2390 3072 2766 3146 bestiis].Sed
2797 3074 3070 3146 quisquis
3093 3073 3209 3128 ista
3235 3069 3541 3143 proponit,

1829 3151 1842 3172 ⁴
1872 3163 2124 3220 attendit
2147 3163 2343 3236 qualis
2368 3162 2562 3219 factus
2593 3166 2682 3218 est
2710 3162 2895 3218 homo
2923 3164 3062 3232 post
3084 3162 3401 3232 peccatum
3428 3175 3443 3226 ;
3486 3161 3544 3213 et

1871 3270 1995 3310 non
2023 3254 2367 3310 considerat
2424 3251 2623 3325 qualis
2678 3251 2916 3308 existitit
2958 3253 3287 3322 antequam
3336 3262 3545 3320 pecca-

1870 3348 1978 3399 ret.
2012 3342 2301 3400 Conditus
2331 3356 2598 3414 namque
2646 3340 2727 3396 ad
2756 3337 3087 3405 imaginem
3131 3336 3252 3405 Dei,
3285 3336 3333 3391 si
3364 3334 3546 3409 persi-

1871 3436 2050 3489 steret
2072 3432 2135 3487 in
2167 3447 2278 3487 suo
2306 3430 2540 3501 ordine,
2573 3428 2782 3486 omnia
2832 3428 2884 3484 ei
2916 3427 3160 3483 subdita
3203 3430 3540 3482 manerent.

1874 3524 2295 3577 Verumtamen
2320 3520 2465 3592 quia
2493 3518 2918 3592 praevaricator
2950 3516 3141 3572 factus
3170 3518 3260 3571 est
3284 3512 3543 3570 manda-

1873 3618 2071 3668 torum
2094 3613 2216 3681 Dei,
2239 3610 2525 3683 quaedam
2547 3608 2600 3664 ei
2626 3608 2704 3665 ad
2732 3607 3044 3664 utilitatem
3065 3619 3358 3662 concessa
3379 3608 3542 3672 sunt,

1871 3701 2154 3775 quaedam
2190 3716 2329 3755 vero
2359 3700 2421 3754 in
2475 3696 2783 3768 ﬂagellum
2812 3711 3123 3764 conversa,
3170 3695 3346 3766 juxta
3374 3691 3544 3767 quod

1869 3790 2003 3863 ipse
2032 3805 2139 3862 per
2164 3789 2517 3862 prophetam
2548 3787 2630 3843 ait
2653 3803 2666 3842 :
2688 3787 2819 3856 Ego
2871 3786 3154 3841 Dominus
3182 3784 3418 3853 faciens
3436 3795 3543 3851 pa-

1872 3896 2017 3946 cem,
2042 3886 2093 3935 et
2126 3894 2337 3935 creans
2364 3879 2593 3933 malum
2623 3877 2759 3948 (Isa.
2791 3892 2924 3940 XLV,
2956 3876 3034 3945 7).
3059 3877 3269 3930 Creare
3304 3869 3542 3927 videtur

1872 3973 2027 4026 Deus
2062 3968 2314 4038 malum,
2349 3965 2598 4039 quando
2623 3965 2808 4020 homo
2848 3980 2885 4019 a
2914 3962 3225 4029 creaturis,
3259 3975 3393 4033 quae
3428 3957 3542 4015 sibi

1872 4058 2157 4129 subjecta:
2190 4073 2323 4112 esse
2350 4055 2708 4124 debuerant,
2740 4050 2981 4122 ﬂagella
3011 4051 3252 4124 patitur.
3288 4048 3467 4120 Igitur
3494 4046 3545 4103 si

1870 4148 2057 4204 homo
2082 4152 2303 4202 teneret
2328 4144 2603 4201 ordinem
2636 4159 2837 4214 suum,
2889 4145 3195 4197 servarent
3238 4146 3294 4196 et
3338 4137 3543 4195 bestiae

1872 4236 2279 4292 obedientiam
2318 4249 2515 4301 suam,
2558 4233 2726 4304 juxta
2755 4230 2923 4304 quod
2970 4231 3032 4286 in
3076 4230 3254 4287 beato
3303 4226 3544 4285 Daniele

1873 4325 2225 4390 ostenditur,
2254 4325 2347 4379 cui
2393 4323 2599 4378 leones
2645 4321 2899 4393 subjecti
2938 4322 3119 4378 etiam
3168 4325 3436 4393 tempore
3461 4318 3545 4373 fa-

101 4419 274 4469 creata
302 4417 462 4481 sunt,
493 4413 626 4469 sive
656 4414 802 4485 quia
831 4412 1100 4469 futurum
1127 4418 1255 4468 erat
1303 4417 1368 4469 ut
1397 4427 1506 4486 per
1534 4428 1759 4485 aquam
1804 4473 1840 4486 ἢ
1875 4414 1988 4471 mis
2012 4415 2271 4469 fuerunt.

101 4500 357 4575 baptismi
386 4473 1192 4560 hominesbenedictionem
1223 4473 1757 4575 consequerentur.
1802 4473 1845 4526 θ
1948 4506 2118 4559 Vens.
2196 4508 2285 4559 27.
2363 4534 2434 4542 —
2481 4500 2825 4557 Notandum
2903 4502 3023 4572 [Z.,
3078 4499 3545 4570 Notandumque

163 4594 314 4649 Vsus.
338 4596 609 4651 24-25.—
630 4593 795 4648 Dicit
811 4597 1011 4649 autem
1038 4593 1229 4648 Deus:
1256 4592 1567 4648 Producat
1596 4597 1761 4648 terra

104 4686 342 4741 animam
374 4687 700 4749 viventem,
735 4687 791 4737 et
831 4681 1087 4756 reliqua,
1124 4698 1312 4754 usque
1342 4688 1397 4738 et
1425 4682 1571 4738 vidit
1605 4683 1761 4737 Deus

105 4775 243 4842 quod
268 4783 408 4832 esset
443 4772 760 4831 bonum.Si
784 4774 943 4828 enim
960 4773 1120 4829 Deus
1144 4774 1293 4828 vidit
1315 4772 1475 4843 quod
1499 4779 1643 4828 esset
1668 4772 1763 4827 bo-

106 4864 412 4938 num,quid
436 4861 776 4921 dicendum
801 4861 876 4917 de
901 4862 1289 4935 putretudine
1306 4862 1593 4917 arborum
1612 4861 1764 4917 etin-

107 4954 467 5010 tirmilatibus
509 4954 894 5009 diversarum
937 4951 1398 5007 creaturarum?
1446 4951 1565 5006 Nisi
1608 4966 1761 5022 quo-

110 5042 249 5099 niam
277 5062 416 5101 cum
448 5047 661 5100 creata
693 5046 852 5109 sunt,
879 5056 1001 5097 non
1033 5040 1415 5114 apparebant
1438 5040 1565 5096 ista:
1597 5038 1764 5095 inﬁr-

110 5132 333 5203 mitates,
357 5133 466 5188 sed
493 5132 560 5188 in
584 5145 699 5185 sua
727 5129 954 5199 origine
985 5134 1350 5201 acceperunt
1380 5133 1443 5184 ut
1472 5127 1532 5183 in
1561 5127 1761 5183 futuro

108 5217 385 5279 haberent.
413 5220 535 5279 Sed
567 5218 721 5292 quid
753 5224 842 5273 est
871 5218 1040 5290 quod
1075 5217 1155 5274 ait
1181 5236 1192 5269 :
1237 5218 1393 5272 Vidit
1418 5220 1572 5273 Deus
1603 5218 1764 5289 quod

111 5319 230 5367 esset
261 5310 570 5383 bonum,id
608 5314 698 5364 est
722 5308 783 5363 in
806 5324 877 5364 ea
905 5307 1174 5363 bonitate
1205 5307 1432 5379 placuit
1464 5311 1526 5362 ut
1555 5322 1651 5361 ma
1665 5322 1761 5361 ae-

112 5406 198 5471 ret,
218 5402 273 5458 in
298 5419 423 5477 qua
447 5398 686 5476 placuit
717 5402 782 5453 ut
826 5396 995 5453 ﬁeret
1023 5397 1192 5470 quod
1241 5397 1394 5453 fecit.
1441 5397 1757 5469 Sequitur:

170 5494 323 5549 Vnus.
357 5497 449 5549 26.
500 5521 575 5531 -—
637 5488 960 5544 Faciamus
992 5487 1289 5544 hominem
1330 5488 1411 5543 ad
1439 5489 1759 5557 imaginem

116 5583 157 5631 et
181 5580 629 5638 similitudinem
661 5584 952 5633 nostram.
1000 5576 1155 5642 Quid
1182 5581 1271 5631 est
1298 5576 1465 5648 quod
1497 5574 1613 5630 ait:
1643 5575 1760 5632 Fa-

117 5680 305 5725 ciamus
332 5672 639 5727 hominem
672 5667 754 5723 ad
778 5668 1099 5737 imaginem
1122 5672 1390 5722 nostram
1410 5668 1438 5720 ε)
1466 5664 1583 5720 nisi
1612 5666 1759 5737 quia

1874 4594 2060 4667 quod]
2093 4594 2237 4667 quia
2258 4591 2426 4666 quod
2453 4592 2638 4648 homo
2671 4590 2751 4646 ad
2780 4591 3111 4663 imaginem
3136 4590 3238 4647 Dei
3266 4587 3545 4645 conditus

1876 4684 1971 4750 sit,
2001 4688 2057 4739 et
2111 4683 2315 4739 bestiis
2368 4697 2652 4754 praeesse,
2686 4681 2747 4736 in
2796 4681 2934 4752 ipsa
2989 4678 3287 4735 creatione
3340 4675 3431 4731 sui
3490 4678 3548 4730 et

1875 4777 2285 4830 creaturarum
2345 4775 2660 4827 ostensum
2711 4775 2817 4825 est.
2856 4772 3045 4824 Homo
3094 4779 3360 4836 namque
3386 4776 3549 4817 crea-

1875 4867 1970 4919 tur
2012 4867 2101 4918 est
2129 4866 2365 4917 erectus
2396 4864 2463 4915 ut
2518 4858 2786 4915 ccelestia
2837 4854 3278 4920 consideraret;
3336 4850 3546 4907 bestiae

1874 4968 2013 5008 vero
2064 4967 2295 5024 prome,
2348 4954 2410 5004 ut
2481 4947 2865 5003 ostenderent
2910 4941 3317 5000 obedientiam
3345 4956 3543 4997 suam.

1876 5041 2107 5097 Creavit
2138 5041 2314 5108 igitur
2342 5038 2443 5092 Dei
2471 5035 2647 5092 Filius
2678 5035 2793 5105 [Z.,
2831 5036 2983 5089 Deus
3006 5031 3204 5103 Filius]
3234 5031 3545 5087 hominem

1874 5130 1952 5185 ad
1981 5131 2308 5193 imaginem
2342 5142 2541 5194 suam,
2584 5130 2639 5179 et
2674 5122 2899 5179 creavit
2940 5122 3021 5179 ad
3068 5122 3396 5192 imaginem
3433 5122 3545 5176 Pa-

1874 5219 1998 5287 tris,
2033 5219 2178 5290 quia
2208 5224 2334 5288 ipse
2367 5223 2455 5270 est
2486 5214 2688 5284 imago
2719 5212 2819 5269 Dei
2852 5213 3055 5279 Patris,
3088 5213 3164 5268 ad
3195 5213 3371 5283 cujus
3401 5211 3550 5266 ima-

1874 5307 2074 5377 ginem
2107 5306 2285 5360 etiam
2310 5301 2589 5358 conditus
2619 5307 2708 5357 est
2740 5304 2942 5357 homo.
2985 5299 3330 5355 Secundum
3360 5298 3545 5366 enim,

1874 5400 2053 5468 prout
2076 5396 2205 5465 jam
2236 5394 2464 5448 dictum
2490 5398 2597 5462 est,
2628 5391 2970 5446 interiorem
3000 5390 3309 5444 hominem
3338 5388 3451 5459 [Z.,
3483 5387 3545 5444 in

1874 5483 2149 5539 interiore
2196 5482 2486 5551 homine],
2525 5480 2669 5552 quia
2705 5478 3008 5534 rationalis
3041 5483 3147 5543 est,
3182 5483 3238 5534 et
3268 5479 3541 5534 animam

1874 5572 2054 5629 habet
2082 5574 2145 5627 in
2177 5589 2289 5628 sua
2319 5578 2552 5635 natura,
2572 5575 2629 5625 et
2650 5567 3003 5624 immortalis
3029 5567 3220 5624 factus
3243 5574 3349 5624 est.
3374 5565 3540 5623 Unde

1870 5662 2191 5735 Apostolus
2216 5663 2328 5718 ait:
2366 5663 2469 5717 Vir
2497 5677 2618 5716 non
2659 5659 2825 5715 debet
2855 5659 3057 5715 velare
3086 5664 3268 5728 caput
3294 5659 3370 5728 [Ζ
3378 5699 3414 5728 .,
3448 5672 3545 5712 ca-

116 5770 225 5823 ,am
242 5757 612 5817 rationabilis
644 5759 917 5813 creatura
936 5754 1331 5823 condebatur,
1368 5760 1429 5810 ut
1458 5752 1756 5831 quodam-
1862 5758 1981 5826 put
2011 5754 2209 5824 suum]
2240 5753 2385 5824 quia
2416 5754 2613 5823 imago
2635 5752 2744 5811 Dei
2763 5756 2847 5809 est
2874 5766 2887 5809 :
2921 5751 3140 5809 mulier
3163 5756 3361 5805 autem
3392 5748 3541 5805 velet
