3944 6410
344 310 449 366 123

342 437 525 501 caput
554 446 745 498 suum,
768 431 909 500 quia
938 431 1133 501 imago
1171 437 1253 486 est
1288 432 1404 486 viri
1449 430 1507 499 (Ι
1528 431 1664 485 Cor.
1697 445 1777 496 x1,
1812 435 1887 497 7).

341 527 636 594 quantum
669 520 828 575 enim
856 520 1039 575 homo
1070 520 1144 575 ad
1174 521 1433 575 eielestia
1484 519 1671 574 tendit
1710 523 1765 573 ct
1796 518 1999 572 divina

344 609 801 681 contemplatur,
832 625 949 663 non
986 610 1161 665 debet
1212 610 1406 665 velare
1436 614 1633 681 caput,
1665 609 1723 663 id
1757 613 1841 663 est
1868 608 2003 661 obs-

349 698 609 753 taculum
644 698 865 769 peccati
897 698 1077 753 menti
1108 715 1413 770 opponere
1473 699 1526 752 Si
1560 703 1757 751 autem
1791 696 2005 750 omise-

345 789 421 843 rit
450 787 651 842 divina
699 787 991 853 meditari,
1024 792 1080 842 et
1125 788 1479 842 converterit
1522 787 1601 841 ad
1642 791 1877 841 terrena
1913 801 2007 839 su-

272 900 289 914 ο
348 877 592 951 perﬂue,
622 892 743 931 non
772 878 898 948 jam
923 877 1027 944 vir,
1062 878 1365 949 superﬂua
1396 878 1627 939 dicitur,
1661 882 1715 930 et
1744 876 1877 929 ideo
1909 891 2008 929 ve-

347 967 424 1022 let
457 972 635 1038 caput
661 971 722 1021 ut
754 968 983 1029 mulier.
1019 966 1080 1021 id
1101 973 1186 1021 est
1219 972 1403 1039 ponat
1433 965 1813 1020 obstaculum
1840 963 2007 1034 justi-

350 1056 460 1117 tiae,
493 1071 566 1109 ne
590 1055 736 1109 dum
761 1054 923 1109 licita
953 1056 1213 1121 cogitare
1236 1056 1501 1126 cmperit,
1534 1054 1609 1108 ad
1643 1053 1839 1108 illicita
1872 1069 2009 1125 pro-

349 1148 611 1215 rumpat,
644 1149 701 1198 et
732 1149 919 1198 totum
954 1159 1013 1197 se
1047 1142 1127 1198 ad
1177 1144 1468 1198 exteriora
1499 1142 1817 1207 diffundat,
1852 1140 2011 1195 unde

356 1236 541 1287 Deum
572 1231 859 1287 otl'endat.

423 1320 761 1374 Masculum
794 1325 847 1374 et
878 1320 1163 1388 feminam
1218 1319 1443 1373 creavit
1488 1334 1599 1373 eos.
1634 1318 1748 1371 Cur
1800 1316 2013 1370 dicitur

354 1409 642 1463 feminam
704 1413 965 1462 creatam
1027 1423 1174 1467 esse,
1226 1423 1360 1461 cum
1434 1406 1823 1478 pestinodum
1884 1421 2015 1459 nar-

350 1502 519 1551 ratur
569 1497 857 1565 formata,
916 1496 1025 1549 nisi
1079 1495 1221 1566 quia
1270 1510 1376 1566 per
1445 1494 1738 1555 originem
1777 1494 1835 1548 in
1884 1494 2012 1547 viro

360 1584 579 1638 creavit
610 1600 766 1651 eam,
794 1584 936 1655 quia
966 1586 1039 1653 [Ζ
1064 1627 1076 1651 ,
1099 1585 1343 1655 quielex
1365 1583 1489 1637 viro
1514 1583 1829 1639 formanda
1861 1581 2016 1636 erat?

362 1672 686 1729 Masculum
717 1678 915 1727 autem
942 1689 1130 1727 unum
1148 1678 1203 1726 et
1225 1673 1507 1726 feminam
1533 1672 1826 1744 imprimis
1858 1688 2017 1725 crea-

1441 301 1794 362 ANGELOMl
1836 298 2305 364 LUXOVIENSIS
2346 307 2665 363 MONACHI

3685 299 3783 351 124

1932 430 1993 481 In
2031 434 2077 485 A
2108 447 2237 499 nes,
2271 432 2489 487 similes
2519 436 2651 485 sunt
2686 429 2885 485 bestiis
2913 447 2924 493 ;
2952 428 3221 482 siautem
3252 428 3570 492 reguntur,
3597 420 3790 476 omni-

2112 538 2189 576 no
2220 526 2665 577 mansucscunt.
2711 521 2855 574 Hine
2880 518 3095 573 Paulus
3121 517 3237 571 ait:
3272 515 3387 581 Qui
3413 518 3619 568 autem
3650 518 3789 565 sunt

2116 612 2361 677 Christi,
2396 628 2635 667 carnem
2682 626 2849 665 suam
2909 606 3347 674 crueiﬁxerunt
3384 602 3552 673 (Gal.
3586 617 3645 669 v,
3681 600 3793 669 ἓξ).

2117 704 2225 759 Sed
2252 703 2537 774 qumritnr
2558 701 2615 755 in
2644 716 2830 772 quam
2854 696 3169 751 utilitatem
3185 692 3679 747 dominationem
3703 704 3795 743 ac-

2117 793 2270 864 cepit
2299 793 2481 845 homo
2513 791 2571 844 in
2606 791 2818 861 pisces,
2840 791 2893 841 et
2924 784 3203 851 volatilia,
3231 786 3287 837 ct
3318 785 3563 848 czetera,
3596 777 3697 833 vel
3719 776 3793 832 ad

2117 899 2269 954 quos
2302 898 2445 934 usus
2469 880 2495 933 ?
2524 883 2646 934 Non
2678 878 2836 931 enim
2860 874 3199 929 comederet
3231 871 3274 925 si
3302 886 3426 924 non
3451 870 3792 941 peccasset,

2120 972 2221 1025 sed
2246 970 2321 1025 ad
2345 986 2542 1024 eseam
2568 968 2761 1022 solum
2786 966 3067 1019 arborum
3099 966 3235 1016 sunt
3255 960 3484 1014 fructus
3506 958 3571 1012 in
3596 956 3797 1029 prima

2120 1060 2456 1117 conditione
2488 1056 2775 1113 concessi.
2812 1054 2928 1109 Nisi
2978 1053 3122 1107 forte
3156 1048 3484 1105 dicendum
3530 1052 3625 1100 est
3656 1046 3799 1116 quia

2120 1154 2503 1222 peccaturum
2533 1144 2881 1218 przesciebat
2941 1158 3079 1195 cum
3133 1143 3303 1201 Deus,
3360 1142 3415 1191 et
3467 1133 3798 1191 mortalem

2121 1239 2427 1311 peccando
2455 1237 2740 1291 futurum.
2770 1233 3027 1303 Ideoque
3070 1228 3285 1283 solatia
3313 1222 3797 1300 primordialiter

2122 1326 2624 1397 instituit,quihus
2656 1338 2829 1377 suam
2854 1319 3231 1387 fragilitatem
3268 1316 3465 1389 possit
3492 1314 3670 1378 tueri,
3696 1328 3802 1365 seu

2124 1418 2473 1473 alimentum
2505 1433 2575 1469 ex
2602 1414 2691 1469 his
2724 1411 2814 1465 vel
2845 1416 3054 1464 czelel‘a
3090 1406 3446 1462 necessaria.

2198 1510 2361 1560 νειμ.
2390 1510 2479 1568 ‘29,
2512 1510 2597 1560 30.
2630 1536 2694 1542 ——
2724 1503 3003 1570 Dixitque
3032 1500 3185 1553 Deus
3213 1513 3224 1550 :
3258 1496 3407 1549 Ecce
3436 1493 3583 1550 dedi
3636 1491 3804 1547 vobis

2125 1614 2349 1651 omnem
2386 1594 2647 1650 herbam.
2682 1598 2732 1647 cl
2768 1592 3042 1643 univirsu
3079 1588 3269 1656 (igne,
3310 1590 3447 1645 etc.,
3481 1597 3702 1653 usque,
3740 1587 3805 1633 ut

2126 1689 2242 1740 sint
2278 1686 2434 1741 mins
2469 1686 2527 1737 in
2554 1698 2765 1738 θείνων).
2809 1686 2863 1735 et
2895 1677 3121 1733 eunetis
3151 1672 3566 1730 animantibus
3595 1677 3804 1724 terrm.

360 1762 445 1817 Vit
478 1762 629 1815 Deus
664 1777 867 1829 “nam,
901 1777 1021 1815 11011
1052 1766 1116 1816 Ut
1168 1761 1454 1817 animalia
1486 1768 1541 1815 (δῖ
1580 1766 1792 1815 εἱειετᾶ
1822 1760 2015 1831 Plura,
2053 1788 2090 1839 Β
2130 1782 2242 1830 (Zur
2272 1775 2429 1828 enim
2462 1773 2680 1835 herbze,
2714 1776 2769 1823 et
2801 1766 3343 1835 lrnetnslignorum
3363 1762 3654 1816 dicuntur
3676 1757 3809 1813 dati

364 1857 428 1905 ut
459 1851 794 1905 humanum
837 1867 1023 1915 genus
1055 1850 1266 1905 ardore
1306 1850 1381 1905 ad
1425 1851 1679 1905 invicem
1722 1849 2019 1904 charitatis

365 1938 992 2011 constringeret.quod
1015 1957 1115 1994 sex
1148 1955 1266 1993 uno
1298 1945 1542 2013 parente
1570 1944 1766 1994 ortum
1791 1938 1897 2010 [Z.,
1934 1954 2022 1991 or—

365 2032 491 2083 tum
524 2029 674 2097 esse]
703 2027 1090 2081 meminisset.
1139 2026 1303 2081 Unde
1335 2026 1645 2081 mulierem
1702 2041 1771 2080 ex
1803 2025 1912 2080 viri
1936 2024 2022 2079 la-

367 2123 483 2171 tere
514 2116 811 2179 formavit,
844 2123 909 2171 ut
936 2120 1145 2171 mutua
1187 2116 1427 2171 illorum
1461 2116 1881 2186 conjunctione
1911 2120 2023 2169 ter-

364 2224 493 2263 ram
525 2224 652 2262 esse
678 2207 1049 2280 implendam
1080 2208 1337 2262 doceret.

435 2297 598 2349 Vens.
626 2300 714 2350 28.
746 2328 815 2336 —
846 2299 1279 2368 Bene/[iretque
1306 2299 1428 2353 illis
1462 2298 1663 2352 dicens
1686 2311 1709 2352 .'
1741 2296 2024 2363 Crescite,

364 2389 417 2439 et
466 2386 977 2457 multiplicamini,
1022 2393 1077 2443 et
1133 2389 1356 2456 replete
1386 2393 1611 2442 terram
1661 2391 1715 2441 et
1744 2386 2030 2455 subjicite

366 2488 514 2528 eam.
544 2476 703 2529 Hane
754 2476 1114 2530 sententiam
1164 2475 1439 2530 nonnulli
1484 2474 1861 2529 historialiter
1905 2489 2037 2527 scn-

370 2562 542 2630 tiunt,
601 2563 853 2635 quidam
898 2580 1041 2619 vero
1092 2564 1459 2635 spiritaliter;
1512 2564 1614 2616 sed
1648 2563 1882 2630 melius,
1928 2568 2033 2633 qui

371 2656 624 2723 utroque
652 2652 854 2707 modo.
919 2652 1031 2709 Sed
1080 2652 1416 2721 sciendum,
1451 2653 1743 2725 quoniam
1776 2668 1896 2705 non
1946 2654 2033 2706 est

370 2739 735 2801 incredibile,
786 2743 1118 2797 secundum
1178 2743 1656 2797 benedictionem
1705 2741 1801 2795 Dei
1858 2757 2033 2811 posse

374 2844 635 2884 crescere
668 2836 723 2886 et
751 2831 1127 2902 multiplicari
1157 2848 1258 2887 eos
1308 2848 1414 2903 per
1453 2832 1695 2896 coitum,
1731 2829 1777 2883 si
1809 2834 2037 2905 optem-

374 2925 651 2989 perantes
708 2920 961 2976 fuissent
1010 2921 1318 2994 praeceptis
1373 2919 1609 2985 divinis,
1663 2919 1743 2973 ita
1790 2936 1926 2973 vero
1978 2922 2040 2972 ut

377 3008 652 3065 membra
683 3011 959 3079 genitalia
989 3017 1368 3065 moverentur
1412 3014 1649 3079 natura,
1680 3024 1802 3063 non
1836 3007 2039 3079 aliqua

2131 1866 2185 1919 in
2217 1881 2415 1919 escam
2444 1861 2671 1915 cunctis
2704 1856 3111 1913 animantibus
3142 1860 3327 1908 terrm.
3353 1858 3405 1906 et
3432 1848 3808 1913 volatilibus,

2131 1972 2268 2009 eum
2300 1953 2498 2006 Illllillt’.
2530 1951 2645 2005 sint
2697 1951 2908 2019 [μελίνη
2942 1946 3096 2014 sunt]
3157 1942 3379 2009 bestiae,
3423 1945 3481 1994 et
3510 1937 3811 2003 volatilia,

2131 2061 2266 2115 quze
2320 2057 2531 2095 carnes
2585 2036 2929 2099 comedunt,
2976 2040 3031 2088 et
3081 2047 3202 2087 non
3248 2030 3493 2086 aluntur
3522 2027 3813 2097 frugibus

2135 2139 2321 2189 terrae.
2353 2132 2501 2184 sicut
2534 2134 2666 2183 sunt
2700 2127 2901 2181 leones
2934 2129 2990 2179 et
3020 2128 3253 2193 caetera,
3288 2120 3399 2175 nisi
3433 2123 3537 2173 aut
3570 2116 3813 2190 specia-

2136 2224 2262 2277 liter
2290 2222 2386 2276 illa
2416 2220 2607 2292 posita
2643 2222 2781 2271 sunt
2810 2233 2944 2288 quer
2985 2214 3076 2268 his
3108 2215 3440 2284 pascuntur
3475 2207 3669 2273 escis;
3706 2209 3816 2260 aut

2137 2311 2365 2367 etiamsi
2400 2326 2607 2364 carnes
2640 2306 3059 2371 comedunt,ex
3092 2302 3183 2356 his
3211 2299 3471 2367 aluntur,
3494 2298 3644 2370 quia
3676 2312 3811 2350 cor-

2140 2418 2288 2475 pora
2319 2416 2525 2454 eorum
2559 2396 2882 2452 comedunt
2927 2410 3060 2466 quae
3106 2392 3196 2445 his
3247 2389 3448 2445 herbis
3485 2392 3588 2442 aut
3620 2385 3815 2453 frugi-

2144 2492 2253 2545 bus
2282 2494 2631 2562 pascuntur,
2667 2483 2833 2539 sicuti
2884 2485 3205 2553 serpentes,
3236 2478 3337 2551 qui
3391 2480 3713 2532 morantur
3750 2474 3814 2528 in

2143 2579 2407 2635 arenosis
2435 2577 2598 2642 locis,
2630 2574 2735 2629 sed
2768 2579 2986 2628 mortes
3036 2568 3436 2627 animantium
3465 2570 3606 2622 sunt
3632 2564 3719 2621 eis
3752 2565 3817 2620 in

2143 2686 2367 2724 escam.

2214 2762 2379 2813 Vnus.
2406 2756 2567 2812 31.—
2608 2755 2759 2809 Vidit
2794 2754 2947 2805 Deus
2972 2755 3189 2805 cuneta
3216 2763 3345 2820 (μαι)
3374 2747 3599 2816 fecit,et
3630 2752 3817 2800 erant

2148 2850 2323 2905 valde
2356 2848 2525 2900 bona.
2550 2848 2695 2899 (lum
2724 2842 2883 2898 enim
2903 2840 3175 2912 superius
3203 2836 3392 2892 multa
3421 2840 3624 2891 creata
3652 2838 3823 2901 sunt,

2149 2944 2203 2993 et
2228 2938 2451 2991 dictum
2485 2940 2568 2989 est
2602 2950 2705 3004 per
2733 2930 2988 2999 singula.
3014 2930 3089 2985 Et
3121 2929 3264 2984 vidit
3300 2928 3455 2980 Deus
3484 2924 3647 2995 quod
3671 2930 3826 2978 esset

2152 3029 2386 3085 bonum.
2408 3041 2511 3079 cur
2534 3024 2590 3078 in
2623 3022 2736 3075 line
2768 3020 3002 3081 dicitur,
3021 3026 3072 3074 et
3097 3022 3267 3072 erant
3298 3016 3474 3071 valde
3502 3015 3682 3081 bona,
3703 3013 3828 3066 nisi

374 3097 696 3167 instigante
728 3102 1207 3173 concupiscentia
1244 3100 1530 3165 libidinis,
1565 3105 1627 3153 ut
1659 3103 1739 3154 tot
1771 3098 1995 3153 VldCllCt

2217 3117 2291 3171 na
2318 3115 2374 3169 in
2409 3113 2528 3165 suis
2554 3110 2865 3183 speciebus
2888 3108 3078 3163 divisa
3098 3106 3256 3160 bona
3279 3109 3448 3169 sunt;
3470 3104 3687 3173 juncta
3712 3117 3832 3157 au-

375 3196 835 3260 procrearentur
863 3208 934 3245 ex
976 3192 1058 3247 eis
1092 3191 1280 3255 electi,
1314 3194 1461 3263 quot
1506 3188 1761 3257 eligendi
1802 3194 2040 3242 suntex

375 3278 659 3334 omnibus
683 3281 959 3349 gentibus
987 3280 1065 3336 ad
1090 3279 1554 3336 instaurandum
1586 3294 1907 3335 numerum
1943 3294 2043 3331 an-

377 3367 645 3435 gelorum
672 3375 727 3423 et
756 3385 1145 3442 nequaquam
1178 3370 1289 3425 sibi
1340 3368 1726 3423 succederent
1787 3368 2042 3422 morien-

379 3456 497 3521 do;
530 3456 633 3511 sed
665 3457 961 3530 completo
990 3474 1241 3513 numero
1288 3458 1613 3513 electorum
1660 3473 1695 3511 a
1744 3455 2042 3529 corporali

382 3545 663 3617 paradiso
696 3546 821 3601 sine
856 3552 1040 3601 morte
1072 3548 1147 3601 ad
1200 3547 1501 3602 caelestem
1556 3547 1892 3601 transirent.
1929 3545 2041 3601 Sed

381 3634 749 3709 quibusdam
778 3635 892 3690 hoc
943 3634 1312 3709 impossibile
1362 3637 1619 3705 videtur,
1652 3642 1717 3689 ut
1771 3636 2045 3689 membra

382 3725 715 3799 potuissent
743 3726 966 3781 moveri
996 3725 1226 3797 absque
1270 3724 1536 3794 libidine,
1585 3741 1725 3779 cum
1770 3724 2044 3779 membra

383 3814 678 3889 inquiunt,
711 3815 1195 3888 concupiscentia
1222 3819 1558 3871 moventur.
1592 3813 1705 3869 Sed
1736 3814 2050 3868 attendant

383 3905 525 3978 quia
555 3922 677 3961 non
710 3906 903 3962 solum
936 3908 995 3961 in
1028 3905 1395 3969 hominibus,
1417 3903 1521 3958 sed
1548 3904 1726 3959 etiam
1748 3903 1806 3958 in
1830 3903 2036 3957 bestiis

383 3993 887 4053 irrationabilibus
917 3997 1118 4070 aliqua
1140 3995 1416 4053 membra
1448 3999 1845 4059 moventur,et
1875 3999 2051 4049 cmte-

388 4098 457 4137 ra
492 4083 829 4140 immobilia
857 4089 1230 4158 permanent,
1293 4101 1427 4155 quae
1458 4084 1561 4150 eis,
1613 4084 1659 4137 si
1708 4084 2046 4138 dicerentur

386 4188 509 4228 non
538 4172 844 4229 crederent
874 4174 983 4229 nisi
1033 4179 1359 4229 cernerent.
1397 4178 1561 4247 Smpe
1604 4189 1867 4249 namque
1899 4173 2049 4228 cutis

395 4261 694 4329 animalis,
722 4263 944 4317 muscis
974 4263 1298 4333 stimulata,
1331 4269 1603 4318 movetur
1630 4263 1778 4331 sola,
1814 4269 1875 4317 ut
1906 4279 2044 4317 mu-

392 4369 523 4407 scas
571 4351 845 4420 excutiat,
896 4357 1108 4408 caetera
1152 4354 1425 4409 membra
1491 4354 1823 4409 immobilia
1855 4369 2051 4425 perse-

390 4446 619 4496 verant.
657 4442 746 4497 Sic
775 4443 951 4498 etiam
980 4448 1036 4498 et
1065 4444 1223 4498 auris
1256 4460 1375 4499 una
1420 4448 1714 4523 movetur,
1748 4447 1803 4495 et
1833 4447 2050 4495 eastern

392 4531 746 4603 quiescunt;
781 4536 837 4586 et
868 4531 1056 4587 multa
1104 4532 1221 4587 alia
1247 4549 1381 4604 quae
1434 4531 1806 4587 incredibilia
1860 4530 2052 4584 forent

392 4621 509 4678 nisi
534 4620 956 4677 viderentur.Si
980 4621 1178 4694 itaque
1209 4623 1321 4676 ista
1354 4626 1605 4694 possunt
1628 4620 1753 4676 fieri
1780 4620 1839 4674 in
1868 4635 2057 4677 mem-

390 4711 515 4767 bris
547 4710 1067 4782 irrationabilium,
1101 4717 1328 4783 quanto
1356 4712 1550 4779 magis
1582 4726 1655 4765 ex
1688 4708 2053 4764 benedictio-

393 4817 467 4857 ne
502 4803 732 4858 Domini
761 4801 1035 4858 membra
1064 4805 1299 4871 natura,
1324 4817 1441 4857 non
1468 4799 1949 4872 concupiscentia
1978 4798 2055 4852 ad

386 4892 827 4964 procreandum
900 4892 1129 4949 moveri
1156 4892 1471 4967 quiverant
1493 4891 1521 4945 ?
1555 4893 1616 4944 Et
1646 4888 1813 4943 sicuti
1845 4887 1903 4941 in
1936 4886 2055 4942 cul-

396 4986 459 5036 tu
488 4982 639 5035 ruris
666 4981 858 5051 agitur
887 4981 965 5037 ad
1006 4988 1233 5053 segetes
1282 4978 1709 5053 procreandas,
1752 4977 1831 5032 ita
1864 4976 2057 5031 Adam

399 5067 525 5123 sine
558 5070 1043 5141 concupiscentia
1074 5072 1136 5128 in
1193 5069 1295 5127 illa
1338 5067 1587 5125 muliere
1618 5066 1797 5123 valuit
1825 5066 2055 5140 prolem

399 5174 733 5234 procreare.

478 5249 655 5306 Salva
690 5247 980 5305 historiali
1001 5247 1365 5318 narratione,
1414 5251 1607 5321 potest
1632 5246 1831 5302 referri
1867 5247 1943 5301 ad
1975 5246 2056 5301 fe-

400 5339 765 5396 cunditatem
797 5337 1036 5404 animus,
1072 5338 1333 5393 crescile.
1360 5337 1420 5392 id
1447 5342 1554 5407 est,
1578 5337 2059 5410 multiplicamini

402 5429 849 5498 augmentando
869 5429 1200 5488 virtutes,et
1222 5430 1444 5495 replete
1474 5428 1837 5499 terram,sub
1862 5428 2058 5483 carnis

399 5517 715 5574 virtutibus
742 5516 1187 5587 fecunditate,et
1217 5518 1484 5589 subjicite
1510 5519 1759 5591 spiritui,
1788 5524 1844 5574 ct
1865 5518 2059 5573 domi-

402 5606 629 5662 namini
655 5606 882 5677 bestiis,
913 5606 1027 5662 hoc
1058 5612 1162 5673 est,
1207 5609 1489 5672 motibus,
1523 5626 1675 5682 quos
1705 5608 1926 5663 similes
1956 5608 2060 5664 be-

405 5698 548 5758 stiis,
578 5713 683 5767 per
712 5699 1167 5771 temperantiam
1200 5699 1309 5769 [Z.,
1339 5700 1570 5755 habetis
1625 5716 1731 5772 per
1768 5700 2060 5769 intempe-

402 5787 701 5861 rantiam];
731 5789 836 5862 qui
853 5789 899 5845 si
925 5795 1247 5857 erumpunt
1266 5790 1328 5846 in
1344 5790 1713 5861 perniciosas
1728 5788 2064 5845 delectatio-

2151 3211 2269 3260 tein
2298 3202 2473 3257 simul
2502 3218 2618 3255 non
2654 3200 2849 3254 solum
2907 3198 3090 3259 bona,
3144 3195 3247 3249 sed
3278 3194 3458 3250 etiam
3488 3193 3548 3248 in
3576 3208 3684 3246 sua
3718 3208 3828 3260 ge-

2152 3293 2455 3350 neralitate
2488 3290 2658 3344 valde
2692 3289 2851 3342 bona
2884 3294 3018 3339 sunt
3042 3286 3067 3340 ‘?
3100 3284 3267 3339 Verbi
3330 3284 3543 3350 gratia,
3598 3281 3833 3337 laudas

2151 3383 2394 3440 oculum
2425 3382 2483 3435 in
2515 3394 2763 3450 corpore
2792 3392 2896 3449 per
2946 3392 3029 3441 se,
3059 3379 3191 3429 etc.:
3226 3372 3344 3427 alia
3378 3371 3655 3426 membra
3691 3388 3839 3443 spe-

2152 3474 2396 3535 cialiter;
2420 3471 2741 3543 conjuncta
2769 3478 2988 3527 autem,
3010 3471 3071 3519 ut
3100 3464 3170 3519 sit
3199 3480 3387 3519 unum
3421 3478 3667 3533 corpus,
3699 3477 3836 3517 non

2154 3562 2348 3619 solum
2380 3560 2541 3615 bona
2572 3555 2855 3625 dicis,sed
2887 3556 3067 3609 etiam
3098 3552 3272 3608 valde
3299 3552 3480 3617 bona;
3514 3557 3569 3605 et
3597 3550 3660 3605 in
3696 3555 3840 3606 tan-

2157 3658 2277 3706 tum
2309 3648 2659 3715 generalitas
2685 3646 2965 3701 laudatur
2988 3645 3045 3698 in
3077 3647 3419 3714 corpore,ut
3445 3640 3681 3695 etiamsi
3720 3640 3837 3694 ali-

2155 3741 2319 3812 quod
2350 3738 2691 3794 mcmbrum
2722 3736 2857 3790 inde
2909 3732 3290 3807 praecidatur,
3322 3746 3444 3787 non
3506 3728 3706 3784 solum
3742 3735 3841 3786 est

2158 3830 2380 3891 inutile,
2411 3828 2714 3882 sedetiam
2750 3824 2931 3880 ftedat
2980 3840 3217 3895 corpus.
3261 3824 3374 3878 Seu
3402 3820 3537 3876 ideo
3579 3819 3840 3875 homine

2158 3920 2397 3974 condito
2426 3918 2577 3971 bene
2605 3914 2988 3979 singulariter
3042 3928 3163 3967 non
3203 3911 3439 3976 dicitur,
3492 3909 3637 3964 vidit
3670 3910 3842 3963 Deus

2159 4010 2316 4085 quod
2345 4015 2487 4063 esset
2522 4008 2756 4069 bonum,
2811 4005 2962 4058 sirut
2989 4002 3061 4056 de
3093 4000 3319 4055 (πίοι-ἓξ
3377 3998 3687 4063 creaturis,
3725 3998 3844 4053 sed

2161 4104 2296 4171 post
2326 4103 2543 4153 cuneta
2572 4100 2773 4149 creata
2794 4093 3018 4147 dictum
3044 4097 3215 4153 est,et
3252 4096 3423 4145 erant
3452 4088 3627 4142 uulde
3648 4086 3842 4157 bona,

2158 4188 2301 4259 quia
2338 4192 2579 4257 propter
2638 4182 2945 4236 hominem
2994 4183 3193 4233 creata
3224 4180 3380 4233 sunt.
3439 4179 3593 4230 Nam
3651 4179 3846 4232 antea

2159 4273 2333 4347 quasi
2363 4270 2594 4337 singula
2628 4276 2795 4323 erant
2824 4269 3020 4331 bona;
3054 4266 3297 4319 homine
3327 4269 3551 4327 autem,
3581 4267 3843 4335 propter

2158 4378 2339 4436 quem
2372 4360 2612 4414 condita
2644 4353 3170 4425 sunt,creato,jam
3195 4350 3617 4417 dicitur,valde
3650 4349 3841 4419 bona,

2160 4453 2303 4525 quia
2333 4448 2539 4505 omnia
2570 4448 2625 4501 in
2660 4447 2939 4501 decorem
2998 4444 3255 4499 hominis
3303 4447 3503 4496 creata
3531 4444 3696 4508 sunt,
3728 4441 3843 4497 ho-

2163 4558 2262 4597 mo
2286 4557 2424 4596 vero
2456 4540 2511 4595 in
2544 4537 2791 4605 gloriam
2811 4542 2865 4590 et
2892 4534 3133 4589 laudem
3166 4531 3490 4587 conditoris
3515 4530 3605 4584 sui
3632 4530 3840 4585 laetus

2163 4634 2271 4684 est.

2823 4712 3056 4767 CAPle
3101 4714 3164 4765 ll.

2239 4810 2401 4861 Vicus.
2439 4805 2485 4860 l.
2546 4835 2613 4843 —-—
2668 4803 2866 4871 Igitur
2888 4799 3149 4869 perfecti
3203 4801 3340 4851 sunt
3392 4796 3531 4850 ρωιί
3554 4800 3611 4850 et
3664 4800 3843 4851 terra

2166 4903 2218 4953 et
2282 4897 2469 4950 omm’s
2519 4899 2770 4948 ornatus
2841 4906 3065 4945 eurum.
3127 4889 3281 4941 Bene
3330 4884 3643 4957 pluraliter
3696 4887 3845 4940 caeli

2168 4991 2492 5057 ponuntur,
2543 4982 2707 5055 quia,
2743 4980 3073 5035 secundum
3107 4975 3519 5031 auctoritatem
3572 4973 3841 5045 scriptu-

2168 5090 2390 5139 rarum,
2448 5077 2563 5127 tres
2612 5086 2740 5123 esse
2800 5065 3315 5139 comprobantur:
3374 5063 3640 5136 primum
3669 5062 3843 5117 vidc-

2167 5163 2301 5218 lieet
2354 5176 2616 5222 aereum,
2682 5174 2717 5213 a
2773 5174 2893 5230 quo
2923 5172 3063 5211 aves
3090 5152 3681 5209 cmlinominantur:
3748 5169 3845 5207 se-

2169 5253 2433 5307 cundum
2472 5251 2813 5313 aetherenin,
2860 5246 2949 5301 vel
2996 5245 3312 5304 sidereum,
3358 5242 3461 5297 ubi
3507 5242 3847 5303 luminaria

2171 5341 2583 5406 continentur;
2617 5339 2852 5393 tertium
2885 5334 3163 5405 spiritale,
3197 5332 3363 5405 quod
3395 5330 3714 5405 proprium
3749 5338 3846 5387 est

2174 5430 2547 5495 angelorum,
2605 5428 2678 5481 de
2729 5443 2849 5499 quo
2898 5424 3117 5479 I’anlus
3164 5422 3474 5494 apostolus
3532 5421 3652 5475 ait:
3697 5425 3846 5477 Seio

2173 5522 2461 5579 hominem
2506 5524 2745 5586 raptum
2812 5530 2994 5585 usque
3048 5515 3127 5569 ad
3186 5514 3423 5567 tertium
3484 5512 3699 5566 cwlum
3759 5513 3858 5580 ([1

2175 5613 2310 5668 Cor.
2346 5626 2442 5674 vn,
2474 5610 2546 5679 '2).
2606 5607 2769 5663 Unde
2827 5608 2963 5677 post
3007 5619 3202 5675 pauca
3254 5600 3537 5665 subdidit,
3587 5606 3843 5670 raptum

2173 5700 2233 5751 iu
2283 5698 2656 5765 paradisum.
2709 5695 2875 5758 Quod
2910 5694 3068 5749 enim
3100 5690 3406 5765 praemisit,
3445 5691 3691 5745 tertium
3729 5706 3849 5746 cm-

2177 5786 2322 5853 lum,
2381 5786 2495 5840 hoc
2523 5785 2735 5842 iterum
2764 5783 3016 5852 iteravit,
3046 5798 3187 5838 cum
3214 5780 3315 5845 ait,
3346 5781 3409 5835 in
3444 5780 3845 5848 paradisum.
