3944 6450
196 304 285 359 125

1569 290 1933 357 COMMENT.
1974 295 2042 351 IN
2080 292 2240 353 GEN.

3520 302 3620 359 128

191 426 293 484 Sed
318 423 630 481 sciendum
660 427 752 480 est
775 424 919 497 quia
943 428 1191 481 ornatus
1218 425 1350 481 coeli
1391 422 1674 498 spiritalis
1704 424 1843 477 sunt
1868 422 1918 478 Α
1956 421 2194 493 quiem;
2219 426 2504 479 creaturae
2521 438 2660 479 vero
2673 427 2809 479 actu
2826 423 2904 479 ab
2926 423 3060 497 ipso
3077 423 3396 481 creationis
3410 441 3621 498 accep-

187 513 391 587 angeli,
445 512 814 583 archangeli,
899 513 1116 582 throni,
1191 519 1335 583 etc.;
1388 519 1637 570 ornatus
1697 526 1841 567 vero

184 603 407 660 aetherei
439 601 592 671 cceli,
612 601 724 672 sol,
748 605 805 657 et
828 601 996 669 luna,
1026 608 1083 659 et
1107 603 1289 659 stellis
1318 622 1332 660 :
1365 606 1613 659 ornatus
1639 608 1841 657 autem

181 693 329 750 aerei
357 691 489 749 cmli
528 691 747 757 nubes,
802 692 981 755 venti,
1016 692 1256 766 pluvia,
1309 693 1572 750 volatilia
1623 689 1844 747 diversi

182 782 425 852 generis.
455 782 649 837 Terrae
676 796 945 854 namque
994 787 1243 839 ornatus
1291 787 1378 839 est
1429 798 1592 839 mare
1624 783 1840 853 [Petr.,

180 877 418 929 ornatus
443 871 505 926 in
535 872 715 943 aere],
738 871 889 943 juga
924 872 1240 940 montium,
1268 872 1570 928 subducta
1595 870 1841 927 vallium

181 967 341 1018 tensa
369 962 481 1033 [Z.,
507 960 723 1033 densa]
753 977 1135 1035 camporum,
1192 962 1636 1018 vicissitudines
1688 966 1839 1017 tem-

178 1066 406 1125 porum.
440 1050 674 1123 species
725 1050 1053 1121 fructuum,
1089 1052 1382 1108 decursus
1431 1067 1752 1125 aquarum,
1787 1053 1842 1105 et

180 1145 401 1197 cratera.
430 1139 711 1213 Sequitur
741 1158 757 1197 :

244 1231 417 1286 Vnus.
447 1233 592 1286 2.-
623 1229 1079 1302 Complevitque
1111 1233 1264 1287 Deus
1296 1232 1393 1288 die
1420 1232 1666 1301 septimo
1692 1245 1841 1300 opus

178 1337 342 1376 suum
362 1320 527 1393 quod
550 1323 803 1391 fecerat,
838 1325 893 1376 et
920 1323 1212 1393 requievit
1235 1322 1332 1377 die
1356 1322 1627 1392 septimo,
1656 1325 1711 1377 et
1733 1336 1841 1376 cae-

182 1416 315 1465 tera.
338 1410 478 1465 Ideo
496 1411 671 1481 juxta
723 1410 1040 1466 historiam
1074 1412 1314 1468 senario
1342 1428 1598 1467 numero
1629 1409 1841 1466 mundi

180 1499 532 1555 creationem
562 1498 831 1572 perfecit,
881 1500 1029 1573 quia
1072 1500 1167 1557 ille
1206 1517 1496 1558 numerus
1543 1500 1841 1574 perfectus

174 1592 337 1660 juxta
359 1590 749 1646 arithmeticae
802 1589 1139 1664 disciplinae
1188 1591 1406 1661 legitur
1433 1592 1748 1658 rationem,
1780 1594 1843 1646 ut

180 1679 504 1735 ostenderet
539 1684 692 1737 Deus
723 1679 930 1735 omnia
952 1680 1215 1753 perfecta
1238 1686 1294 1737 et
1320 1681 1493 1737 valde
1514 1680 1677 1737 bona
1700 1697 1839 1736 eum

1953 515 2013 566 to
2053 510 2278 567 habent
2309 528 2418 585 per
2448 513 2652 589 ipsum
2690 513 2750 569 in
2776 513 2901 569 suis
2937 513 3165 570 naturis
3191 514 3619 587 perfectionem

1950 600 2308 674 quamdam,
2327 602 2471 675 quia
2490 618 2870 675 unaquaeque
2884 608 3157 659 creatura
3168 608 3368 660 creata
3386 609 3619 678 estper-

1951 689 2104 746 fccta
2136 706 2172 747 a
2197 692 2494 758 Creatore,
2527 697 2583 749 et
2604 693 2875 765 requiem
2893 694 2951 749 in
2970 693 3317 767 operatione
3339 695 3621 751 obedien-

1950 780 2064 845 tiae,
2090 787 2147 836 et
2167 783 2423 838 maxime
2446 782 2830 839 rationabiles
2852 788 3138 839 creaturae
3161 801 3233 840 eo
3248 784 3412 841 bono
3425 785 3616 842 beatae

1950 874 2090 926 sunt
2115 875 2181 926 ut
2206 871 2267 927 in
2292 872 2599 928 conditore
2621 888 2732 928 suo
2754 873 3155 946 requiescant.
3184 875 3462 948 Sequitur
3493 892 3507 931 :

2022 959 2195 1016 Vens.
2223 963 2274 1017 3.
2298 994 2367 1003 —
2397 962 2838 1035 Benedixitque
2868 965 2989 1020 diei
3011 967 3278 1034 septimo,
3315 971 3369 1022 et
3399 967 3618 1022 sancti-

1946 1050 2153 1119 ﬁcavit
2184 1051 2381 1107 illum.
2415 1052 2533 1106 Cur
2561 1051 2635 1107 de
2662 1051 2757 1107 die
2790 1052 3050 1110 sabbato
3080 1054 3297 1111 dicitur
3327 1056 3616 1112 :Benedt-

1946 1142 2039 1197 xit
2069 1143 2226 1197 Deus
2256 1141 2375 1198 diei
2411 1144 2681 1212 septimo,
2712 1149 2767 1199 et
2798 1146 3199 1213 sanctiﬁcavit
3239 1146 3435 1212 illum,
3465 1146 3614 1202 dum

1948 1230 2022 1286 de
2050 1230 2181 1287 aliis
2203 1231 2417 1287 diebus
2445 1233 2560 1289 hoc
2582 1248 2709 1289 non
2736 1233 2952 1303 legitur
2974 1250 3112 1290 eum
3141 1235 3366 1291 dixisse
3394 1238 3422 1292 ?
3475 1235 3615 1293 Ideo

1948 1326 2012 1377 ut
2042 1321 2384 1378 ostenderet
2412 1327 2760 1379 sanctorum
2790 1324 3062 1396 requiem
3112 1329 3253 1397 post
3300 1340 3402 1381 sex
3434 1324 3614 1397 hujus

1948 1412 2149 1468 saeculi
2167 1417 2411 1468 tetatum
2436 1412 2674 1468 labores
2697 1414 2758 1468 in
2788 1419 3009 1469 aeterno
3033 1414 3314 1487 sabbato,
3342 1420 3399 1471 et
3427 1415 3610 1471 bene-

1948 1502 2106 1558 dicta
2133 1503 2339 1575 requie
2364 1503 2693 1576 quieturos,
2721 1504 2873 1560 sicut
2902 1503 3175 1560 dicturus
3208 1505 3315 1559 erit
3346 1522 3359 1560 :
3393 1506 3611 1575 Venite,

1951 1592 2246 1649 benedicti
2272 1594 2477 1648 Patris
2508 1595 2642 1655 mei,
2675 1598 2733 1648 et
2779 1592 3013 1666 reliqua
3059 1594 3303 1662 (Matth.
3336 1611 3476 1665 xxv,
3500 1598 3611 1663 34).

1946 1681 2085 1737 Ideo
2125 1686 2182 1737 et
2205 1681 2308 1737 illa
2337 1681 2465 1737 dies
2498 1682 2624 1738 sine
2650 1699 2904 1755 vespera
2960 1682 3194 1754 legitur,
3226 1684 3371 1756 quia
3402 1683 3615 1740 ultima

182 1768 526 1824 condidisse.
592 1771 880 1826 Caeterum
938 1770 1114 1826 altius
1168 1771 1493 1844 requiritur
1557 1771 1705 1844 quid
1749 1774 1839 1827 est
1871 1790 1909 1843 Β
1946 1771 2183 1844 requies
2231 1777 2580 1827 sanctorum
2627 1773 2993 1845 sempiterna
3039 1774 3166 1829 erit.
3229 1776 3293 1829 Et
3351 1789 3613 1843 congrue

181 1858 332 1931 quod
362 1860 456 1914 hic
486 1858 728 1928 dicitur,
762 1863 1073 1932 requievit,
1096 1878 1234 1916 eum
1264 1862 1392 1935 ipse
1426 1862 1485 1917 in
1518 1861 1838 1932 Evangelio

182 1948 286 2003 ait:
312 1949 498 2005 Pater
527 1964 693 2005 meus
725 1964 911 2021 usque
936 1951 1109 2006 modo
1149 1959 1457 2021 operatur,
1491 1958 1545 2009 et
1571 1968 1675 2024 ego
1706 1967 1837 2021 ope-

182 2042 323 2094 ror?
377 2040 661 2109 (Joan.v,
711 2039 818 2111 i7.)
864 2039 979 2094 Sed
1034 2040 1108 2095 de
1160 2040 1366 2114 requie
1423 2042 1521 2097 Dei
1576 2040 1839 2097 trimoda

182 2128 375 2196 [Pctr.,
406 2126 604 2183 tribus
636 2126 857 2199 modis]
889 2128 1183 2201 expositio
1217 2145 1252 2185 a
1283 2130 1632 2186 doctoribus
1668 2129 1838 2203 poni-

182 2222 283 2270 tur.
314 2216 577 2271 Primum
606 2216 775 2289 quod
805 2217 900 2272 hic
934 2217 1034 2285 ait,
1065 2221 1379 2290 requievit,
1414 2219 1474 2274 id
1501 2224 1591 2276 est
1621 2235 1658 2275 a
1694 2234 1837 2274 con-

180 2304 378 2361 dendis
409 2321 714 2362 novarum
746 2311 1161 2364 creaturarum
1203 2308 1522 2377 generibus
1562 2309 1837 2375 cessavit,

180 2395 310 2467 quia
337 2393 623 2468 deinceps
650 2395 798 2451 nihil
825 2397 964 2452 novi
988 2397 1211 2453 creavit
1234 2414 1343 2472 per
1372 2399 1685 2467 originem.
1723 2397 1838 2455 Sed

181 2488 363 2539 tamen
411 2500 608 2558 usque
664 2483 848 2541 modo
903 2489 1186 2558 operatur
1213 2488 1479 2557 regendo
1545 2494 1599 2543 et
1628 2487 1836 2543 minis-

183 2574 376 2630 trando
406 2580 752 2631 creaturam
785 2591 1185 2649 suam,quam
1218 2593 1289 2632 ex
1310 2576 1550 2632 informi
1585 2578 1837 2633 materia

182 2664 528 2720 condiderat.
554 2663 742 2721 Aliter
770 2682 782 2720 :
803 2665 970 2738 quod
993 2666 1092 2734 ait,
1115 2668 1426 2738 requievit,
1450 2666 1586 2722 ideo
1607 2668 1838 2723 dictum

182 2755 417 2831 estquia
471 2754 749 2813 futurum
807 2760 934 2812 erat
964 2761 1024 2813 ut
1086 2756 1233 2830 ipse,
1293 2774 1403 2832 per
1450 2775 1632 2832 quem
1682 2759 1838 2815 facta

185 2849 305 2900 sunt
332 2846 557 2914 omnia,
585 2861 699 2919 pro
723 2851 930 2901 nostra
961 2846 1375 2919 redemptione
1408 2848 1543 2921 ipso
1582 2850 1837 2921 septimo

184 2934 264 2989 die
304 2935 638 3010 quiesceret
679 2937 791 3007 [Z.,
821 2935 1245 3009 requiesceret]
1275 2938 1335 2994 in
1381 2936 1677 3011 sepulcro.
1722 2942 1835 2994 Seu

186 3025 444 3081 translato
476 3040 700 3096 genere
726 3026 1043 3081 locutionis
1075 3032 1271 3099 potest
1312 3028 1512 3083 referri
1540 3028 1617 3084 ad
1650 3045 1838 3083 mem-

1945 1860 2172 1933 quippe
2231 1860 2467 1931 dicitur,
2516 1862 2918 1930 sam-tiﬁcabit
2976 1869 3031 1919 et
3096 1862 3415 1928 benedixit,
3468 1862 3616 1936 quia

1946 1950 2138 2005 sancti
2203 1965 2276 2005 ex
2330 1950 2748 2007 benedictione
2807 1952 3043 2007 Domini
3099 1958 3389 2008 aeternam
3422 1951 3612 2024 perci-

1944 2039 2120 2112 piunt
2147 2039 2439 2112 requiem.

2019 2126 2155 2194 Sed,
2178 2128 2273 2183 his
2305 2127 2650 2201 praelibatis,
2678 2129 3017 2185 notandum
3042 2133 3130 2185 est
3156 2129 3322 2202 quod
3340 2129 3611 2202 operatio

1945 2215 2150 2272 divina
2173 2222 2433 2290 quatuor
2462 2217 2660 2273 modis
2721 2217 3125 2287 distinguitur.
3187 2218 3409 2285 Primo,
3443 2214 3611 2291 quod

1944 2308 2007 2362 in
2040 2306 2205 2362 verbi
2231 2308 2341 2379 [Z.,
2373 2307 2582 2379 verbo]
2615 2308 2715 2363 Dei
2737 2308 3185 2380 dispensatione
3210 2309 3415 2364 omnia
3446 2313 3611 2364 teter-

1945 2413 2029 2453 na
2058 2399 2218 2453 sunt.
2256 2397 2551 2467 Secundo,
2584 2398 2749 2470 quod
2805 2397 2864 2453 in
2905 2399 3157 2454 materia
3209 2397 3471 2465 informi,
3505 2397 3611 2470 qui

1945 2485 2091 2541 vivit
2135 2486 2197 2542 in
2230 2490 2537 2553 aeternum,
2598 2487 2819 2543 ereavit
2874 2488 3080 2543 omnia
3139 2487 3340 2542 simul.
3388 2487 3607 2557 Tertio,

1945 2575 2113 2649 quod
2144 2593 2251 2650 per
2277 2593 2464 2650 opera
2485 2576 2719 2632 dierum
2760 2593 2864 2633 sex
2892 2578 3092 2633 varias
3123 2578 3393 2633 distinxit
3449 2593 3610 2633 crea-

1943 2671 2129 2723 turas.
2166 2668 2409 2738 Quarto,
2443 2664 2610 2740 quod
2642 2684 2712 2722 ex
2747 2666 3241 2741 primordialibus
3280 2666 3610 2722 seminibus

1943 2773 2068 2814 non
2097 2757 2417 2829 incognitis
2446 2764 2675 2814 natura;
2708 2759 2998 2825 oriuntur,
3033 2757 3140 2813 sed
3171 2761 3327 2813 notae
3368 2758 3607 2830 saepius,

1942 2863 2019 2903 ne
2044 2852 2316 2921 pereant,
2340 2848 2764 2904 reformantur.
2800 2848 3099 2904 Hactenus
3131 2848 3445 2903 historiam
3479 2864 3613 2903 suc-

1945 2938 2135 3009 cincte
2159 2939 2480 3009 tetigimus,
2512 2938 2646 2993 licet
2673 2954 2873 3011 pauca
2902 2938 3247 2993 intermixta
3306 2938 3423 2993 sint
3473 2953 3609 3009 quae

1946 3027 2024 3082 ad
2076 3026 2401 3099 spiritalem
2455 3026 2750 3102 pertinere
2803 3027 3122 3082 videantur
3170 3043 3436 3082 sensum.
3497 3024 3611 3082 Sed

186 3113 277 3168 lira
315 3115 540 3187 capitis.
600 3113 826 3171 Dicitur
873 3131 1159 3188 namque,
1192 3117 1349 3172 Deus
1380 3119 1691 3189 requievit,
1726 3134 1836 3190 pro
1866 3147 1909 3202 ο
1945 3115 2273 3189 spiritalem
2334 3114 2790 3185 intelligentiam
2855 3115 3363 3187 praetermittimus
3424 3129 3611 3170 causa

185 3220 243 3257 eo
266 3205 422 3281 quod
452 3210 560 3271 est,
616 3205 996 3279 requiescere
1058 3205 1214 3273 fecit,
1267 3207 1410 3278 quia
1458 3207 1746 3262 nimirum
1774 3208 1835 3263 in

185 3292 299 3365 ipso
327 3294 489 3353 electi
515 3295 851 3370 perfectam
892 3294 1165 3351 obtinent
1187 3296 1459 3368 requiem
1487 3301 1626 3369 post
1676 3297 1834 3352 hanc

182 3383 341 3439 vitam
366 3400 803 3453 aerumnosam,
859 3401 996 3458 quie
1044 3400 1151 3459 per
1200 3402 1305 3441 sex
1367 3386 1495 3441 dies
1539 3384 1835 3455 figuratur

184 3472 395 3529 velutin
420 3476 683 3551 septimo
730 3475 827 3531 die
873 3476 935 3530 in
991 3475 1197 3548 requie
1226 3475 1467 3543 caelesti,
1523 3493 1658 3549 quae
1691 3477 1833 3532 inte-

183 3561 278 3618 rim
297 3563 407 3621 alia
434 3566 495 3621 in
526 3566 654 3621 vita
684 3565 933 3639 suscipit
988 3565 1227 3622 animas
1259 3566 1606 3634 electorum,
1638 3566 1831 3624 donec

185 3653 399 3710 tandem
429 3656 721 3714 adveniat
765 3661 976 3714 octava
1015 3656 1143 3712 dies
1194 3658 1406 3715 futurae
1452 3659 1832 3714 resurrectio-

186 3742 281 3796 nis.
344 3743 494 3805 Bene
552 3762 828 3820 namque
886 3745 1112 3803 dictum
1163 3752 1270 3821 est,
1326 3748 1618 3821 requievit
1672 3749 1828 3803 Deus

185 3837 302 3900 post
324 3833 489 3893 valde
520 3835 695 3893 bona
751 3851 957 3913 opera,
1006 3840 1071 3892 ut
1119 3836 1459 3893 ostenderet
1487 3838 1631 3912 quia
1664 3838 1832 3894 aliter

185 3919 325 3978 electi
350 3940 469 3980 non
529 3925 744 3981 valent
789 3925 1128 4000 pertingere
1187 3925 1265 3982 ad
1295 3926 1617 4000 septimam
1644 3928 1827 3997 diem,

186 4010 247 4065 ad
270 4016 523 4087 requiem
556 4016 785 4073 scilicet
813 4016 1078 4085 beatam,
1112 4017 1231 4073 nisi
1258 4022 1394 4091 post
1440 4033 1625 4091 opera
1655 4018 1829 4075 valde

185 4098 339 4159 bona.
388 4107 578 4162 Movet
636 4105 904 4179 denique
963 4107 1041 4162 ad
1098 4106 1496 4181 quaerendum
1555 4124 1680 4182 qua
1757 4125 1830 4164 ex

187 4204 341 4248 causa
368 4211 469 4250 sex
495 4195 719 4251 diebus
750 4196 985 4271 operari
1030 4196 1217 4252 voluit
1245 4196 1452 4251 omnia
1481 4212 1665 4269 opera
1696 4214 1828 4269 sua,

188 4283 230 4334 et
256 4284 490 4357 septimo
520 4286 860 4361 quiescere,
893 4285 1010 4341 nisi
1041 4286 1185 4361 quia
1217 4286 1323 4342 iste
1376 4302 1666 4342 numerus
1697 4305 1830 4344 ma-

192 4383 350 4436 gnum
377 4375 587 4431 retinet
617 4375 996 4448 mysterium.
1031 4376 1086 4430 Si
1118 4376 1278 4431 enim
1301 4375 1684 4432 dividaturin
1707 4376 1829 4433 duo

190 4455 236 4512 id
263 4467 337 4517 est
363 4462 421 4519 in
453 4481 646 4521 unum
679 4470 739 4521 et
790 4482 913 4534 sex,
946 4465 1006 4521 in
1057 4483 1179 4521 uno
1206 4467 1477 4539 signatur
1520 4468 1713 4527 unitas
1743 4465 1830 4523 di-

192 4546 437 4620 vinitatis,
473 4570 581 4612 seu
632 4553 780 4611 unio
831 4552 949 4627 [Z.,
982 4555 1203 4625 unitas]
1235 4553 1576 4623 charitatis;
1632 4556 1693 4611 in
1724 4572 1828 4612 sex

194 4650 308 4693 vero
358 4644 640 4715 perfectio
697 4642 1004 4700 bonorum
1063 4661 1339 4719 operum,
1386 4644 1528 4700 etin
1572 4645 1828 4717 septimo

194 4731 381 4787 eterna
431 4734 673 4807 requies
738 4734 1102 4791 animarum.
1139 4733 1336 4791 Voluit
1368 4751 1633 4811 namque
1671 4739 1829 4793 Deus

195 4812 379 4876 idcirco
407 4838 596 4899 opera
654 4839 770 4879 sua
814 4840 916 4879 sex
975 4822 1190 4879 diebus
1243 4839 1442 4893 agere,
1485 4828 1541 4879 et
1573 4825 1828 4898 septimo

195 4910 547 4981 requiescere,
581 4913 914 4970 ostendens
938 4914 1104 4987 quod
1135 4913 1217 4969 illi
1244 4914 1346 4987 qui
1398 4913 1583 4970 modo
1638 4916 1832 4971 unita-

197 4996 288 5050 tem
312 5000 604 5060 charitatis
634 5002 1191 5078 perfectionemque
1224 5004 1525 5060 bonorum
1575 5021 1829 5083 operum

197 5086 454 5160 exhibent,
510 5095 866 5168 pervenient
919 5095 998 5151 ad
1052 5094 1321 5171 requiem
1391 5095 1719 5169 caelestem,
1768 5102 1832 5154 ut

197 5184 637 5258 contemplemur
693 5186 985 5242 unitatem
1019 5184 1239 5242 divinae
1297 5186 1645 5257 majestatis,
1695 5186 1831 5246 licet

200 5262 390 5326 dicatur
416 5280 471 5331 et
500 5275 706 5333 altius.
745 5276 1023 5332 Senarius
1080 5292 1223 5333 vero
1268 5292 1561 5333 numerus
1592 5276 1825 5350 primus

202 5368 343 5425 Opere
387 5368 438 5423 et
485 5371 626 5425 actu
681 5365 980 5440 perfectus
1040 5370 1146 5436 est,
1197 5367 1344 5440 quia
1386 5367 1446 5423 in
1480 5383 1580 5422 sex
1608 5365 1825 5425 diebus

205 5452 382 5535 creavit
404 5456 552 5511 Deus
584 5455 835 5527 caelum,
887 5461 943 5514 et
985 5461 1226 5524 terram,
1287 5462 1341 5513 et
1397 5457 1668 5530 partibus
1701 5455 1827 5515 suis

207 5538 453 5609 Impletur.
488 5549 640 5603 Nam
674 5562 857 5615 unus,
891 5545 1035 5617 duo,
1073 5552 1206 5611 tres,
1240 5545 1391 5603 ﬁunt
1422 5564 1544 5605 sex.
1592 5546 1826 5619 Signiﬁ-

208 5634 336 5682 catur
361 5633 509 5692 enim
530 5635 594 5691 in
624 5635 835 5708 requie
865 5635 981 5693 dici
1006 5636 1264 5709 septimi,
1296 5635 1466 5710 quod
1502 5640 1655 5693 Deus
1689 5640 1826 5694 ante

210 5720 516 5780 creationem
546 5724 769 5783 mundi
799 5725 861 5783 in
896 5727 1096 5800 seipso
1154 5730 1373 5785 natura
1425 5730 1481 5783 et
1529 5730 1821 5800 potestate

213 5807 453 5870 ierlectus
506 5819 618 5883 est,
653 5818 715 5873 et
769 5815 1125 5874 asternaliter
1172 5816 1233 5874 in
1281 5815 1481 5889 seipso
1523 5816 1707 5876 habet
1736 5832 1824 5873 re-

1942 3204 2282 3273 brevitatis;
2315 3220 2503 3278 quam
2527 3205 2574 3260 si
2613 3205 2749 3278 quis
2782 3220 3143 3275 cognoscere
3198 3203 3523 3275 desiderat,
3546 3203 3612 3259 ll-

1940 3295 2121 3352 brum
2154 3295 2361 3350 Isidori
2391 3294 2553 3365 legat
2586 3299 3061 3367 caeterorumque
3092 3294 3409 3350 doctorum
3450 3310 3612 3350 cam-

1941 3402 2053 3459 pos
2089 3390 2419 3459 percurrat,
2441 3385 2585 3459 quia
2613 3385 2900 3440 nimirum
2930 3384 3177 3440 historia
3204 3384 3425 3440 divmae
3461 3384 3609 3454 legis

1940 3491 2065 3532 non
2088 3481 2175 3531 est
2192 3475 2321 3531 sine
2343 3476 2599 3548 mystica
2622 3474 3058 3545 signiﬁcatione
3076 3475 3436 3548 conscripta,
3461 3478 3609 3533 teste

1940 3565 2121 3621 Paulo
2154 3564 2446 3639 apostolo,
2481 3565 2586 3641 qui
2610 3566 2689 3620 ait
2721 3582 2733 3621 :
2760 3566 2888 3621 Lex
2917 3566 3071 3621 enim
3113 3564 3378 3635 ﬁguram
3431 3564 3611 3620 habet

1937 3657 2291 3726 futurorum
2325 3656 2615 3711 bonorum
2647 3654 2792 3726 (Col.
2827 3670 2886 3725 li,
2915 3652 3023 3722 l7),
3081 3668 3205 3709 non
3235 3654 3433 3726 ipsam
3460 3653 3609 3710 ima-

1940 3744 2141 3815 ginem
2172 3761 2394 3801 rerum.
2426 3747 2491 3801 Et
2511 3744 2654 3801 alibi
2688 3763 2701 3801 :
2733 3746 2880 3801 Haec
2908 3746 3109 3801 omnia
3140 3746 3200 3800 in
3233 3745 3432 3814 figura
3476 3759 3611 3799 con—

1940 3836 2249 3908 tingebant
2280 3837 2403 3892 illis
2426 3836 2484 3909 (I
2502 3835 2638 3892 Cor.
2663 3852 2723 3903 x,
2755 3840 2865 3903 ti).
2899 3834 3072 3901 Quod
3099 3833 3281 3891 etiam
3298 3848 3608 3907 exponens

1938 3925 2283 3999 exemplum
2305 3925 2487 3997 hujus
2510 3923 2792 3994 historiae,
2818 3923 2920 3980 ubi
2941 3923 3170 3979 dictum
3187 3927 3275 3978 est
3313 3940 3325 3977 :
3346 3923 3608 3992 Propter

1938 4016 2047 4072 hoc
2065 4017 2361 4090 relinquet
2386 4015 2558 4071 homo
2572 4021 2834 4085 patrem,
2878 4019 2929 4069 et
2972 4018 3248 4083 matrem,
3287 4015 3344 4067 et
3372 4015 3604 4083 caetera,

1936 4103 2504 4165 manifestavitinibi
2530 4108 2985 4160 sacramentum
3025 4118 3177 4169 esse,
3231 4117 3371 4158 cum
3410 4099 3554 4157 dicit
3590 4117 3604 4154 :

1935 4198 2390 4252 Sacramentum
2406 4194 2515 4252 hoc
2526 4210 2833 4266 magnum;
2848 4210 2952 4267 ego
2970 4199 3167 4250 autem
3183 4194 3314 4249 dico
3329 4194 3391 4247 in
3406 4190 3609 4251 Chris-

1939 4292 1997 4342 to
2013 4291 2067 4341 et
2088 4286 2151 4340 in
2172 4285 2445 4340 Ecclesia
2462 4284 2708 4355 (Ephes.
2721 4300 2780 4356 v,
2796 4282 2906 4357 32).
2926 4282 3040 4340 Sed
3055 4282 3368 4338 historiam
3386 4280 3606 4337 Veteris

1938 4372 2295 4432 Testamenti
2317 4378 2498 4448 atque
2536 4374 2969 4449 prophetarum
3008 4373 3086 4429 ita
3124 4373 3393 4451 accipere
3425 4371 3606 4428 debe-

1942 4483 2078 4522 mus
2111 4470 2172 4521 ut
2192 4481 2388 4540 neque
2419 4465 2739 4539 mysticam
2789 4460 3293 4537 significationem
3328 4463 3390 4519 in
3416 4462 3608 4518 omni-

1939 4557 2054 4611 bus
2077 4555 2478 4629 requiramus,
2500 4571 2698 4628 neque
2728 4555 2910 4611 etiam
2935 4553 3327 4620 historialem,
3349 4551 3457 4608 sed
3477 4568 3610 4629 par-

1938 4647 2043 4703 tim
2072 4647 2394 4723 mysticum
2445 4645 2959 4723 sensum,partim
2998 4645 3177 4701 etiam
3223 4641 3606 4715 superﬁciem

1935 4736 2218 4794 historiae.
2262 4735 2617 4811 Ubicunque
2663 4735 2825 4792 enim
2860 4734 3183 4790 historialis
3220 4730 3608 4800 intelligentia

1936 4827 2200 4900 ponitur,
2230 4824 2653 4883 tantummodo
2679 4829 2998 4901 propterea
3014 4823 3079 4879 iit
3112 4825 3176 4877 ut
3203 4821 3263 4876 in
3304 4835 3374 4875 ea
3422 4818 3606 4876 conti-

1935 4914 2152 4977 neatur
2172 4915 2455 4991 spiritalis
2478 4914 2835 4981 intellectus,
2865 4913 3016 4969 sicut
3062 4911 3123 4965 in
3154 4908 3315 4964 vasis
3350 4908 3608 4964 musico-

1936 5023 2073 5062 rum
2104 5007 2317 5075 agitur.
2344 5005 2658 5063 Ponuntur
2679 5002 2840 5059 enim
2881 5000 2966 5059 ibi
3004 4999 3192 5070 ligna,
3216 5002 3526 5073 ponuntur
3550 5002 3608 5055 et

1940 5095 2201 5162 chordas,
2226 5100 2290 5149 ut
2312 5093 2402 5149 his
2422 5092 2844 5150 contineantur
2860 5094 2917 5147 et
2942 5090 3202 5147 suaviter
3224 5104 3438 5146 sonare
3468 5104 3605 5162 pos-

1939 5185 2073 5241 sint.
2109 5184 2199 5240 Sie
2230 5188 2285 5239 et
2332 5183 2578 5241 historia
2626 5181 2891 5256 ponitur,
2951 5184 3015 5240 ut
3072 5180 3132 5237 in
3191 5177 3604 5237 connectendo

1941 5272 2270 5349 spiritalem
2296 5271 2755 5344 intelligentiam
2796 5271 3120 5333 contineat.
3154 5269 3465 5345 Sequitur:

2009 5367 2183 5419 Vnus.
2239 5364 2291 5418 4.
2345 5364 2583 5419 -Ῑειςυ
2625 5363 3040 5434 generationes
3096 5360 3235 5421 caeli
3290 5364 3345 5423 et
3403 5363 3600 5431 terrai,

1937 5451 2179 5527 quando
2202 5457 2417 5508 creata:
2445 5457 2585 5508 sunt
2616 5453 2677 5508 in
2709 5450 2804 5508 die
2827 5466 2943 5524 quo
2969 5450 3114 5521 fecit
3136 5448 3423 5507 Dominus
3444 5450 3601 5507 Deus

1937 5544 2155 5600 ca'lum
2173 5548 2225 5599 et
2245 5548 2323 5598 te:
2338 5557 2491 5598 ram.
2518 5541 2797 5616 Sequitur
2819 5541 2915 5599 hic
2932 5538 3348 5614 recapitulatio
3363 5555 3463 5594 sex
3483 5538 3604 5597 die-

1934 5650 2069 5690 rum
2086 5648 2339 5707 operum
2366 5632 2461 5687 Dei
2482 5638 2725 5706 propter
2752 5629 2886 5689 illos
2909 5629 3013 5703 qui
3044 5628 3341 5691 mundum
3366 5636 3605 5687 coaeter-

1934 5740 2081 5782 num
2112 5722 2408 5787 dixerunt,
2442 5728 2497 5779 et
2524 5722 2649 5781 sine
2679 5721 2846 5781 initio
2872 5737 3007 5781 eum
3042 5737 3281 5801 semper
3302 5720 3487 5781 fuisse
3516 5714 3599 5776 af-

1937 5816 2203 5886 ﬁrmant,
2230 5819 2294 5872 ut
2321 5831 2424 5872 ore
2450 5814 2858 5873 conticescant
2879 5818 3061 5888 atque
3088 5813 3328 5888 penitus
3350 5810 3601 5870 confun-
