3944 6410
430 278 535 337 127

1534 271 1889 332 ANGELOMI
1929 269 2386 330 LUXOVIENSIS
2422 274 2734 331 MONACHI
3756 273 3840 329 128

422 404 667 461 dantur.
737 400 851 457 Sed
899 399 1326 473 requirendum
1355 404 1444 456 est
1490 398 1638 473 quid
1666 401 1755 454 est
1786 396 1953 470 quod
1982 395 2078 451 hic
2109 395 2159 449 Α
2193 396 2411 466 faciem
2429 401 2556 469 ejus
2572 399 2945 469 spiraculum
2968 398 3123 461 vitae,
3138 396 3395 470 quaestio
3415 397 3636 454 oritur:
3659 401 3841 453 utrum

425 492 527 559 ait,
549 492 613 547 in
641 490 739 546 die
767 504 882 560 quo
904 490 1053 559 fecit
1083 491 1297 545 caelum
1338 494 1391 545 et
1421 495 1670 553 terram,
1730 503 1869 542 cum
1903 501 2079 557 supe-

423 582 552 638 rius
578 595 682 636 sex
710 577 922 634 diebus
953 578 1158 633 omnia
1178 593 1363 650 opera
1397 593 1508 635 sua
1547 576 1823 632 distincte
1855 579 2083 647 patras-

428 684 493 725 se
519 667 749 738 legitur,
782 665 894 721 nisi
923 665 1089 737 quod
1120 682 1320 722 rerum
1375 666 1652 722 omnium
1682 664 1852 734 origo
1906 660 2084 718 simul

428 759 627 814 creata
655 754 828 811 estin
859 754 1223 816 substantia,
1254 770 1391 826 quae
1422 753 1623 810 varias
1653 751 1915 807 restabat
1950 765 2085 822 pro-

428 843 707 901 ducenda
732 842 1065 899 formarum
1110 842 1444 916 inspecies,
1480 843 1654 913 juxta
1707 840 1874 913 quod
1905 838 2085 911 scrip-

427 938 558 991 tum
586 937 672 990 est
703 951 717 989 :
743 932 857 1000 Qui
884 932 1027 988 vivit
1068 932 1131 987 in
1170 938 1484 1001 aeternum,
1527 932 1754 988 creavit
1786 930 1986 985 omnia
2012 928 2087 982 si-

427 1024 555 1080 mul
579 1022 791 1092 (Eccli.
814 1036 978 1087 xvul,
1010 1020 1080 1091 ι).
1116 1024 1309 1076 Potest
1332 1026 1389 1076 et
1415 1020 1591 1076 altius
1619 1018 1887 1087 intelligi.
1922 1018 2082 1072 Diem

426 1127 694 1185 namque
720 1126 843 1184 quo
892 1116 1162 1183 tempore
1211 1109 1616 1183 primordialis
1649 1114 1934 1164 creaturae
1983 1122 2087 1178 po-

428 1201 568 1272 suit,
598 1201 752 1256 sicut
801 1203 859 1256 et
886 1200 1211 1272 Apostolus
1242 1202 1363 1270 [Z.,
1389 1199 1542 1254 sicut
1569 1198 1710 1253 dicit
1738 1198 1876 1269 Ap.]
1902 1197 2089 1252 :Ecce

426 1306 592 1348 nunc
611 1290 734 1346 dies
759 1290 975 1345 salutis
998 1290 1093 1356 (II
1130 1290 1270 1345 Cor.
1300 1305 1380 1360 v1,
1428 1292 1505 1359 2),
1530 1287 1690 1342 diem
1724 1292 1913 1342 totum
1948 1294 2087 1340 tem-

426 1394 545 1453 pus
575 1377 821 1448 intelligi
870 1378 1058 1434 voluit
1104 1393 1231 1451 quo
1285 1378 1477 1432 sancti
1534 1376 1597 1432 in
1650 1376 1766 1431 hac
1801 1376 1920 1431 vita
1976 1390 2087 1447 pro

442 1472 669 1523 aeterna
701 1466 889 1522 salute
911 1465 1208 1523 laborant.
1246 1466 1522 1538 Sequitur
1553 1483 1567 1521 :

503 1554 680 1609 Vens.
707 1557 763 1608 5.
793 1585 863 1594 —
882 1554 959 1608 Et
990 1569 1160 1609 omne
1186 1554 1516 1623 virgultum
1567 1553 1723 1622 agri,
1768 1558 2085 1622 antequam

432 1642 700 1698 oriretur
748 1642 811 1697 in
856 1647 1041 1705 terra,
1093 1656 1439 1711 omnemque
1510 1640 1756 1697 herbam
1805 1641 2084 1709 regionis,

2196 488 2348 541 Deus
2379 489 2644 543 animam
2673 486 3042 542 insuﬂlando
3073 486 3229 555 fecit,
3263 502 3343 542 an
3368 502 3508 542 eam
3556 502 3743 559 quam
3772 486 3840 543 fe-

2194 581 2372 642 cerat,
2391 576 2625 649 corpori
2647 576 2854 632 dando
2876 576 3076 648 potius
3092 574 3463 632 insuﬂlavit?
3490 575 3611 631 Sed
3631 580 3841 632 utrum-

2192 680 2309 735 que
2342 681 2529 720 unum
2555 670 2661 731 est,
2690 672 2747 720 et
2776 664 2922 720 nihil
2944 664 3125 719 habet
3149 664 3506 737 quaestionis
3532 682 3545 729 ;
3571 664 3841 736 quoniam

2195 753 2316 808 sive
2363 753 2729 809 insufﬂando
2787 753 2922 809 fecit
2951 753 3219 809 animam
3270 753 3397 807 sive
3450 753 3737 822 creando,
3765 754 3841 808 vel

2194 841 2398 896 dando
2450 842 2686 915 corpori
2734 842 3081 911 insutﬂavit,
3115 847 3315 897 tamen
3343 841 3718 897 credendum
3749 848 3839 910 est,

2194 931 2336 1002 quia
2352 931 2715 1002 spiraculum
2734 931 3007 986 divinum
3031 946 3153 986 non
3172 935 3259 985 est
3282 931 3343 986 in
3361 930 3639 986 animam
3658 932 3840 987 viven-

2195 1024 2312 1074 tem
2345 1036 2727 1081 conversum,
2762 1020 2866 1075 sed
2898 1024 3213 1093 operatum
3240 1024 3329 1075 est
3351 1019 3632 1075 animam
3656 1020 3841 1076 viven-

2196 1113 2342 1163 tem:
2367 1113 2557 1164 etnon
2582 1109 2762 1164 habet
2783 1108 2987 1164 anima
3008 1108 3530 1180 participationem
3551 1126 3693 1164 cum
3718 1110 3841 1164 Divi-

2196 1198 2398 1267 nitate,
2429 1214 2537 1253 nec
2567 1197 2641 1254 de
2671 1197 2875 1270 aliquo
2900 1197 3048 1252 ﬂatu
3080 1213 3213 1261 suo,
3248 1213 3358 1252 nec
3384 1197 3459 1252 de
3488 1197 3694 1269 seipso
3722 1213 3842 1252 con-

2196 1286 2363 1354 didit,
2394 1291 2455 1341 ut
2485 1303 2776 1353 cogamur
2804 1286 3000 1342 dicere
3031 1292 3311 1342 naturam
3368 1286 3469 1341 Dei
3500 1302 3638 1341 esse
3667 1296 3841 1342 muta-

2198 1374 2397 1440 bilem,
2415 1376 2807 1442 sicutanima,
2831 1392 2968 1447 quae
2995 1375 3179 1429 modo
3201 1374 3456 1447 proﬁcit,
3472 1374 3667 1431 modo
3689 1377 3841 1446 sapit,

2198 1463 2380 1518 modo
2409 1464 2660 1537 dissipit.
2693 1467 2839 1520 Nam
2870 1463 2945 1518 de
2975 1463 3171 1535 seipso
3216 1463 3265 1518 si
3304 1464 3583 1520 animam
3630 1463 3845 1519 fecisset

2200 1553 2375 1619 Deus,
2406 1568 2721 1625 nunquam
2752 1552 2984 1617 vitiosa,
3012 1557 3116 1607 aut
3163 1552 3491 1618 mutabilis,
3518 1552 3615 1607 vel
3647 1552 3844 1608 misera

2198 1642 2482 1712 potuisset
2509 1658 2656 1697 esse.
2679 1642 2867 1697 Etiam
2895 1640 3204 1696 sciendum
3229 1640 3374 1713 quia
3393 1657 3522 1697 non
3547 1646 3638 1696 est
3658 1640 3731 1697 de
3751 1640 3845 1695 ele-

424 1731 785 1801 priusquam
807 1732 1197 1801 germinaret.
1222 1729 1538 1795 Quomodo
1569 1728 1759 1784 herba
1792 1732 1850 1783 et
1898 1727 2087 1781 viren-
2115 1748 2161 1802 B
2199 1730 2411 1785 mentis
2445 1730 2772 1785 visibilibus
2802 1730 2981 1792 facta,
3011 1730 3156 1801 quia
3181 1729 3228 1784 si
3269 1734 3446 1792 esset,
3479 1729 3735 1785 haberet
3759 1729 3845 1784 ali-

435 1817 519 1875 tia
545 1818 673 1889 agri
704 1823 1031 1891 antequam
1052 1818 1442 1884 exorirentur,
1468 1817 1707 1873 condita
1726 1816 1910 1871 sunt?
1949 1818 2013 1871 Et
2036 1815 2088 1870 si

435 1921 561 1963 non
582 1911 753 1962 erant
771 1912 998 1977 exorta,
1015 1906 1326 1979 quomodo
1353 1911 1522 1961 erant
1542 1906 1700 1961 facta
1727 1906 1912 1975 [Petr.
1926 1947 1940 1972 ,
1962 1919 2089 1958 sex-

434 1993 848 2067 ta],nisiquod
878 1994 1193 2050 causaliter
1214 2001 1267 2050 et
1295 1993 1660 2062 originahter
1690 1997 1830 2049 tunc
1845 1990 2089 2048 condita

434 2087 574 2139 sunt
607 2082 855 2156 quando
887 2083 1114 2139 dictum
1136 2088 1229 2139 est
1261 2084 1597 2139 :Producat
1632 2088 1797 2137 terra
1838 2081 2087 2137 herbam

433 2174 719 2230 virentem
749 2178 778 2229 ἱ)
797 2176 958 2229 Tunc
987 2188 1122 2229 eam
1152 2177 1386 2228 constat
1417 2170 1791 2245 producendi
1829 2170 2088 2243 accepis-

436 2278 501 2318 se
520 2262 817 2334 virtutem,
848 2267 905 2318 et
931 2262 993 2318 in
1016 2278 1089 2318 ea
1111 2263 1323 2318 virtute
1356 2269 1646 2334 tanquam
1668 2261 1728 2316 in
1756 2260 2083 2326 radicibus,

433 2356 501 2409 ut
520 2351 601 2407 ita
627 2350 903 2418 dixerim,
929 2356 1275 2423 temporum
1304 2351 1464 2407 facta
1488 2356 1675 2417 erant,
1700 2366 1837 2422 qua:
1863 2355 2088 2422 tempo-

431 2456 503 2498 ra
526 2445 695 2497 erant
707 2440 976 2497 oriende.
994 2443 1059 2496 Et
1082 2440 1237 2496 bene
1255 2440 1355 2508 ait,
1372 2456 1543 2495 omne
1564 2440 1898 2509 virgultum
1928 2440 2084 2509 agri,

433 2533 493 2587 et
513 2529 766 2602 reliqua,
805 2534 867 2585 ut
890 2528 1249 2586 celeritatem
1279 2532 1478 2601 operis
1506 2527 1603 2583 Dei
1635 2528 2000 2595 insinuaret;
2024 2526 2086 2582 id

435 2622 526 2673 est
544 2623 872 2690 antequam
900 2616 1081 2689 aliqui
1114 2616 1339 2672 fructus
1359 2633 1429 2671 ex
1455 2621 1608 2671 terra
1630 2614 1954 2670 crescendo
1976 2614 2087 2670 ori-

433 2709 639 2762 rentur
662 2712 765 2761 aut
794 2706 1216 2775 germinarent,
1252 2711 1493 2777 repente
1535 2720 1746 2760 omnes
1803 2704 2000 2774 campi
2032 2709 2087 2759 et

436 2792 618 2850 colles
632 2793 833 2849 herbis
855 2798 1024 2850 erant
1044 2799 1100 2850 et
1119 2793 1437 2850 arboribus
1462 2796 1745 2865 cooperti.
1767 2794 1902 2849 Non
1930 2794 2085 2847 enim

429 2885 679 2954 pluerat
702 2885 992 2940 Dominus
1014 2899 1194 2953 super
1237 2890 1482 2945 terram,
1508 2891 1560 2939 et
1590 2883 1762 2938 homo
1812 2898 1932 2938 non
1956 2888 2086 2938 erat

434 2973 545 3044 qui
585 2979 941 3042 operaretur
992 2980 1237 3029 terram.
1273 2976 1388 3029 Cur
1434 2973 1508 3027 de
1534 2971 1798 3038 homine,
1827 2972 1930 3043 qui
1955 2970 2085 3042 jam

2197 1834 2381 1890 quam
2427 1819 2917 1874 communionem
2949 1835 3088 1873 cum
3138 1818 3246 1886 eis,
3281 1817 3559 1875 videlicet
3607 1835 3683 1875 ex
3711 1822 3846 1874 terra

2198 1906 2576 1985 soliditatem,
2596 1924 2667 1962 ex
2699 1923 2862 1979 aqua
2888 1908 3226 1976 humorem,
3258 1923 3331 1962 ex
3361 1923 3500 1963 aere
3532 1908 3763 1971 ﬂatum,
3785 1923 3845 1961 ex

2199 1996 2332 2063 igne
2359 1995 2639 2052 calorem.
2672 1996 2783 2052 Sed
2800 1996 3091 2068 quoniam
3114 1996 3207 2051 his
3238 1996 3528 2051 omnibus
3560 2001 3742 2066 caret,
3758 2011 3847 2068 ap-

2196 2090 2365 2157 paret
2388 2100 2523 2140 eam
2558 2084 2694 2140 inde
2726 2101 2846 2139 non
2875 2100 3033 2153 esse,
3055 2101 3191 2157 qua:
3213 2101 3354 2140 cum
3376 2084 3492 2141 illis
3524 2085 3609 2141 nil
3640 2084 3844 2140 habere

2197 2173 2517 2246 probatur;
2552 2173 2655 2228 sed
2687 2190 2759 2229 ex
2790 2173 2996 2239 nihilo,
3030 2174 3181 2229 sicut
3235 2174 3516 2245 superius
3572 2172 3842 2237 diximus,

2197 2269 2301 2318 aut
2320 2261 2689 2318 insufﬂando
2714 2263 2956 2331 creavit,
2976 2267 3079 2318 aut
3108 2262 3373 2319 creando
3394 2262 3642 2336 corpori
3670 2260 3843 2318 insuf-

2196 2352 2378 2408 flavit.
2412 2352 2489 2407 Et
2532 2352 2738 2421 factus
2782 2358 2866 2407 est
2921 2351 3092 2407 homo
3124 2353 3185 2406 in
3243 2355 3509 2408 animam
3543 2354 3843 2408 viventem.

2196 2444 2323 2496 Non
2346 2441 2505 2495 enim
2529 2439 2853 2511 spiritalem
2876 2439 3185 2495 hominem
3202 2440 3497 2496 debemus
3511 2440 3845 2510 intelligere,

2194 2529 2300 2601 qui
2331 2530 2521 2585 factus
2543 2534 2632 2584 est
2653 2529 2712 2584 in
2734 2528 3001 2584 animam
3026 2529 3347 2599 viventem,
3373 2529 3493 2584 sed.
3512 2529 3717 2585 adhuc
3738 2527 3848 2585 ani-

2195 2618 2436 2673 malem.
2460 2620 2620 2674 Tunc
2642 2617 2801 2673 enim
2830 2617 3109 2689 spiritalis
3126 2618 3372 2673 effectus
3392 2622 3501 2684 est,
3526 2616 3775 2691 quando
3794 2616 3845 2671 in

2196 2706 2477 2779 paradiso
2499 2707 2729 2779 positus
2750 2712 3050 2779 prie-cepta
3073 2706 3449 2779 perfectionis
3467 2707 3725 2779 accepit,
3748 2710 3845 2760 Ita-

2196 2812 2313 2867 que
2344 2802 2669 2867 postquam
2701 2794 2994 2868 peccavit,
3024 2800 3081 2851 et
3103 2795 3361 2850 emissus
3390 2800 3481 2851 est
3510 2795 3589 2851 de
3619 2793 3844 2868 paradi-

2197 2900 2286 2940 so.
2317 2884 2375 2939 in
2407 2900 2477 2939 eo
2506 2884 2797 2939 remansit
2827 2888 2890 2939 ut
2922 2888 3077 2940 esset
3107 2882 3407 2940 animalis.
3443 2886 3512 2939 Et
3568 2884 3707 2939 ideo
3735 2897 3845 2937 om-

2196 2988 2301 3028 nes
2322 2972 2426 3045 qui
2445 2972 2519 3027 de
2536 2972 2635 3027 illo
2665 2972 2995 3038 nascimur,
3020 2973 3185 3045 prius
3211 2971 3504 3028 animales
3539 2972 3841 3037 eﬂicimur,

434 3066 604 3118 sexta
617 3062 711 3117 die
732 3062 925 3118 factus
942 3062 1287 3126 fuerat,hoc
1309 3061 1753 3134 recapitulatur,
1774 3059 2086 3132 nisiquan-
2116 3099 2157 3150 ο
2197 3061 2389 3116 donec
2416 3062 2604 3117 renati
2634 3077 2738 3132 per
2770 3060 2993 3116 fontem
3047 3060 3426 3133 baptismatis
3456 3073 3844 3133 assequamur

430 3149 513 3207 do
540 3149 673 3208 fecit
695 3151 850 3207 Deus
880 3167 1060 3207 omne
1081 3150 1397 3220 virgultum
1438 3150 1587 3220 agri,
1619 3148 1893 3205 nondum
1924 3147 2085 3221 plue-

432 3242 527 3296 rat
549 3245 605 3297 et
624 3240 898 3296 nondum
929 3240 1115 3296 homo
1145 3239 1336 3296 factus
1368 3240 1542 3295 erat?

504 3326 681 3383 Vsus.
710 3333 763 3384 6.
789 3361 858 3369 —
879 3329 998 3385 Sed
1020 3330 1159 3397 fons
1190 3327 1548 3385 ascendebat
1568 3342 1599 3383 e
1625 3333 1789 3382 terra
1818 3327 2087 3396 irrigans

430 3415 777 3472 universam
801 3418 1171 3485 superﬁciem
1202 3423 1398 3472 terrae.
1429 3415 1531 3470 Hic
1568 3416 1777 3470 merito
1802 3415 2090 3487 quaeritur

435 3500 487 3558 si
515 3500 648 3558 fons
697 3502 985 3571 irrigabat
1012 3508 1258 3559 extensa
1286 3519 1646 3574 camporum
1679 3502 2087 3574 superficiem-

432 3604 555 3663 que
575 3591 920 3647 universam
942 3598 1258 3659 terrarum,
1286 3591 1607 3647 cacumina
1643 3591 1941 3646 montium
1967 3607 2088 3645 non

432 3680 721 3751 irrigabat
750 3680 827 3752 [Ζ
832 3722 870 3751 .,
895 3680 1351 3751 irrigabantur]:
1385 3684 1442 3735 et
1467 3680 1515 3734 si
1540 3680 1692 3749 juga
1722 3694 1793 3735 ac
1826 3680 2087 3734 cacumi-

432 3786 518 3828 na
542 3770 841 3827 montium
867 3768 1247 3840 infundebat,
1278 3783 1421 3838 ergo
1450 3781 1571 3824 non
1599 3766 1755 3837 fons,
1803 3768 1909 3822 sed
1935 3767 2088 3822 dilu-

431 3859 596 3927 vium
625 3864 777 3916 erat.
811 3858 926 3915 Sed
955 3859 1120 3931 quod
1143 3858 1244 3924 ait,
1266 3859 1405 3928 fons
1427 3856 1783 3913 ascendebat
1804 3856 1877 3911 de
1901 3863 2089 3921 terra,

432 3954 492 4007 et
541 3949 794 4021 reliqua,
842 3949 1017 4020 juxta
1046 3947 1307 4003 litteram
1354 3946 1472 4002 tale
1502 3951 1591 4001 est
1624 3962 1694 4001 ac
1723 3945 1771 4000 si
1798 3945 2042 4000 dixisset
2073 3962 2085 4001 :

431 4036 713 4095 Nondum
762 4036 1016 4109 pluerat,
1054 4037 1156 4091 sed
1192 4037 1385 4091 fontes
1422 4051 1530 4107 per
1583 4036 1929 4090 universam
1985 4041 2092 4089 ter-

431 4138 589 4193 ram,
621 4124 744 4179 sive
770 4124 832 4179 in
854 4124 1097 4195 planitie
1127 4140 1507 4196 camporum,
1540 4122 1663 4178 sive
1694 4123 1767 4193 [Ζ
1774 4164 1809 4189 .,
1839 4124 1961 4178 sive
2003 4123 2089 4194 in]

432 4211 753 4270 verticibus
780 4212 1224 4276 montium,suis
1252 4211 1593 4284 quibusque
1609 4211 1754 4267 locis
1775 4227 2091 4285 erumpen-

435 4305 548 4367 tes,
578 4299 851 4370 regiones
867 4299 1142 4372 proprias
1162 4299 1513 4371 irrigahaut.
1541 4301 1652 4357 Sed
1669 4302 1897 4370 fontem
1923 4316 2087 4355 more

434 4387 872 4459 Scripturarum
905 4386 1192 4457 singulari
1222 4404 1475 4444 numero
1502 4405 1612 4461 pro
1641 4386 1861 4460 plurali
1889 4388 2088 4461 posuit

433 4480 680 4550 propter
734 4475 1023 4531 unitatem
1078 4481 1329 4546 naturae,
1355 4492 1426 4532 eo
1463 4475 1631 4549 quod
1660 4490 1872 4533 omnes
1898 4490 2085 4531 unam

433 4563 729 4636 originem
758 4562 1004 4620 habent.

505 4654 679 4710 Vens.
712 4658 765 4708 7.
794 4684 865 4693 —
892 4654 1202 4709 Formavit
1257 4654 1451 4725 igitur
1479 4655 1637 4709 Deus
1688 4652 1984 4709 hominem
2016 4653 2088 4709 de

436 4744 787 4811 limoterraa,
806 4749 861 4799 et
890 4743 1213 4813 inspiravit
1233 4743 1293 4798 in
1315 4743 1537 4812 faciem
1564 4744 1693 4810 ejus
1712 4744 2089 4812 spiraculum

434 4833 590 4896 vitm,
622 4838 680 4889 et
706 4831 962 4906 reliqua.
992 4831 1142 4899 Quid
1173 4835 1263 4887 est
1290 4829 1451 4886 enim
1481 4830 1648 4903 quod
1678 4830 1986 4885 hominem
2014 4832 2089 4888 de

432 4918 577 4975 limo
608 4926 775 4976 terrea
802 4921 1103 4985 formavit,
1136 4924 1193 4976 et
1217 4934 1342 4975 non
1370 4918 1445 4973 de
1474 4917 1744 4987 angelica
1795 4923 2086 4982 creatura,

434 5005 549 5060 nisi
569 5007 713 5078 quia
734 5007 869 5063 ideo
892 5008 1078 5065 voluit
1106 5008 1182 5064 de
1211 5008 1358 5063 limo
1388 5012 1557 5061 terrae
1584 5021 1806 5072 creare,
1840 5012 1902 5061 ut
1933 5023 2087 5062 sem-

435 5107 545 5165 per
564 5093 959 5150 humilitatem
979 5101 1298 5161 teneret,et
1326 5110 1453 5150 non
1492 5094 1844 5165 superbiret.
1887 5094 2089 5168 pulve-

434 5196 564 5237 rem
592 5196 655 5236 se
684 5182 1066 5254 cineremque
1092 5184 1267 5253 juxta
1291 5181 1635 5254 exemplum
1649 5182 1900 5239 Abrahae
1921 5200 2089 5239 cons-

436 5271 679 5343 piceret,
713 5275 772 5326 et
800 5276 1003 5341 ageret
1026 5271 1248 5341 gratias
1270 5271 1564 5326 conditori
1601 5287 1708 5327 suo
1729 5289 1799 5327 eo
1821 5274 1985 5345 quod
2012 5274 2086 5329 de

439 5363 561 5413 tam
590 5358 787 5429 fragili
819 5360 1072 5415 materia
1120 5358 1431 5414 conditum
1463 5360 1541 5415 ad
1574 5365 1799 5418 tantam
1831 5364 2083 5434 gratiam

439 5446 643 5510 erexit,
669 5453 754 5517 ut,
788 5448 836 5503 si
884 5436 1161 5503 subditus
1185 5447 1232 5502 ei
1265 5448 1432 5516 foret,
1466 5466 1651 5520 regna
1680 5467 1819 5507 cum
1852 5452 2084 5522 angelis

438 5532 733 5590 obtineret
761 5534 1051 5590 cmlorum
1070 5534 1099 5591 Ἰ
1122 5535 1203 5591 Et
1224 5538 1539 5606 inspiravit
1575 5541 1636 5593 in
1662 5541 1882 5609 faciem
1936 5544 2083 5610 ejus,

439 5626 551 5677 etc.
585 5623 893 5694 lnspiratio
922 5623 1021 5679 Dei
1045 5623 1107 5680 in
1165 5624 1376 5681 faciem
1421 5626 1683 5683 hominis
1730 5629 1970 5684 condito
2000 5634 2088 5683 est

441 5708 659 5766 animas
674 5710 1124 5771 rationalis.Sed
1142 5714 1204 5771 in
1224 5715 1339 5772 hoc
1358 5715 1526 5789 quod
1548 5716 1650 5781 ait,
1671 5719 1991 5788 inspiravit
2020 5719 2083 5773 in

2198 3148 2521 3222 spiritalem
2551 3150 2764 3220 Adam,
2784 3150 2841 3204 id
2869 3154 2957 3205 est
2981 3149 3299 3217 Christum,
3323 3165 3431 3223 per
3459 3165 3650 3223 quem
3671 3148 3842 3204 simus

2197 3238 2506 3311 spiritales,
2536 3238 2709 3309 juxta
2756 3239 2921 3310 quod
2948 3237 3170 3294 Paulus
3221 3237 3538 3311 apostolus
3570 3238 3696 3295 ait:
3724 3237 3842 3292 Non

2192 3330 2365 3397 prius
2395 3327 2554 3399 quod
2580 3328 2855 3396 spiritale
2884 3334 2989 3396 est,
3017 3327 3120 3383 sed
3144 3328 3305 3399 quod
3324 3329 3593 3385 animale
3608 3343 3633 3398 ,'
3650 3324 3844 3383 deinde

2196 3418 2357 3488 quod
2382 3418 2658 3486 spiritale
2687 3418 2711 3485 (
2716 3418 2743 3470 Ι
2773 3416 2909 3471 Cor.
2934 3433 3032 3485 xv,
3064 3419 3174 3485 46).

2270 3508 2434 3561 Vens.
2457 3508 2509 3560 8.
2524 3536 2592 3544 —
2608 3506 3005 3561 Plantaverat
3033 3510 3231 3561 autem
3253 3505 3545 3559 Dominus
3582 3507 3732 3561 Deus
3752 3516 3843 3572 pa-

2198 3595 2465 3649 radisum
2500 3594 2845 3662 voluptatis,
2877 3597 2987 3648 etc.
3019 3592 3334 3649 Paradisus
3367 3593 3603 3664 hortus,
3623 3593 3742 3648 sive
3764 3605 3843 3645 vo-

2200 3683 2423 3751 luptas,
2452 3681 2545 3736 vel
2600 3682 2829 3737 delicia,
2886 3682 3324 3753 interpretatur.
3385 3681 3713 3737 Sciendum
3766 3681 3842 3733 est

2198 3770 2340 3842 quia
2357 3775 2616 3841 quatuor
2634 3769 2830 3825 modis
2852 3769 2911 3825 in
2934 3769 3152 3825 divinis
3179 3769 3345 3825 libris
3377 3769 3699 3842 paradisus
3718 3766 3842 3835 legi-

2200 3862 2313 3913 tur.
2340 3860 2431 3913 Est
2453 3859 2612 3913 enim
2635 3858 2978 3931 paradisus,
3000 3858 3074 3913 de
3096 3874 3217 3930 quo
3238 3858 3298 3913 in
3316 3859 3431 3913 hoc
3452 3857 3589 3914 loco
3617 3860 3840 3929 Moyses

2197 3945 2479 4018 loquitur,
2514 3947 2617 4019 qui
2646 3953 2866 4012 tamen,
2891 3947 2952 4002 in
2982 3963 3105 4019 quo
3132 3946 3287 4017 loco,
3320 3963 3519 4019 quave
3550 3944 3840 4019 provincia

2199 4034 2292 4089 vel
2320 4035 2560 4099 regione
2582 4035 2730 4091 situs
2760 4036 2954 4103 fuerit,
2974 4035 3081 4090 soli
3106 4037 3224 4091 Deo
3251 4036 3562 4106 cognitum
3585 4042 3693 4105 est,
3711 4048 3843 4108 pne-

2199 4123 2401 4178 sertim
2433 4140 2569 4178 cum
2626 4129 2747 4179 toto
2775 4125 2879 4196 [Z.,
2910 4124 2971 4179 in
3021 4126 3164 4194 toto]
3190 4124 3335 4180 orbe
3387 4129 3683 4180 terrarum
3708 4138 3837 4178 nus-

2197 4228 2384 4284 quam
2412 4211 2652 4284 reperiri
2679 4218 2890 4284 potest.
2918 4212 3028 4269 Sed
3053 4217 3277 4282 tamen,
3303 4217 3367 4268 ut
3386 4213 3663 4269 nonnulli
3688 4215 3839 4267 autu-

2200 4302 2461 4363 mant,in
2485 4302 2715 4357 Oriente
2741 4307 2829 4357 est
2854 4302 3103 4374 positus;
3126 4302 3291 4373 quia,
3315 4302 3620 4374 inquiunt,
3640 4314 3839 4374 oppor-

2200 4394 2414 4444 tunum
2442 4394 2568 4445 erat
2598 4396 2664 4445 ut
2690 4389 2856 4445 locus
2888 4406 3010 4462 prie
3066 4390 3288 4445 caeteris
3317 4391 3760 4446 amoenissimus
3787 4387 3838 4440 in

2200 4478 2597 4535 excellentiori
2622 4486 2789 4553 parte
2821 4479 3035 4536 mundi
3087 4479 3477 4553 plantaretur.
3514 4480 3678 4535 Unde
3707 4492 3836 4534 non-

2199 4566 2343 4622 nulli
2370 4568 2835 4623 transtulerunt:
2874 4570 2947 4623 In
2975 4569 3145 4624 Eden
3187 4574 3398 4625 contra
3422 4569 3738 4626 Orientem.
3760 4563 3835 4618 Di-

2199 4655 2348 4711 citur
2368 4662 2425 4711 et
2455 4658 2771 4728 paradisus
2795 4658 3052 4712 mundus
3075 4663 3320 4730 propter
3339 4663 3623 4713 ornatum
3653 4669 3833 4722 suum,

2202 4749 2263 4799 ut
2281 4743 2341 4799 in
2368 4746 2683 4812 Ezechiele,
2709 4746 2811 4801 ubi
2834 4747 3121 4801 Dominus
3146 4746 3221 4802 de
3251 4761 3439 4815 regno
3468 4746 3833 4819 Assyriorum

2196 4831 2431 4888 locutus
2461 4838 2582 4888 est:
2622 4834 2803 4889 Cedri
2828 4850 2947 4889 non
2975 4833 3227 4903 fuerunt
3255 4836 3500 4890 altiores
3524 4835 3633 4890 illo
3657 4835 3715 4889 in
3732 4844 3833 4900 pa-

2197 4922 2399 4976 radiso
2424 4923 2531 4976 Dei
2552 4922 2789 4989 (Ezech.
2823 4939 2984 4985 xxxx,
3017 4926 3093 4989 8).
3128 4923 3365 4993 Legitur
3394 4923 3574 4978 etiam
3600 4928 3656 4979 et
3681 4933 3835 4995 para-

2196 5010 2361 5065 disus
2394 5010 2689 5082 spiritalis,
2725 5012 2785 5065 in
2823 5027 3005 5083 quem
3062 5011 3284 5066 Paulus
3318 5029 3379 5066 se
3409 5018 3651 5083 raptum
3688 5023 3834 5065 com-

2198 5098 2715 5168 memoratdicens
2737 5118 2748 5153 :
2774 5102 2904 5154 Scio
2928 5104 3167 5169 raptum
3196 5100 3491 5156 hominem
3519 5103 3583 5155 in
3612 5096 3835 5170 paradi-

2195 5202 2323 5241 sum
2351 5187 2432 5257 (Il
2459 5187 2596 5243 Cor.
2611 5189 2800 5259 xu,2),
2820 5188 2881 5242 id
2903 5187 3070 5243 estin
3098 5187 3398 5243 cmlestem
3421 5190 3832 5245 amoenitatem.

2194 5276 2368 5329 Juxta
2408 5290 2725 5345 anagogen
2750 5292 2889 5332 vero
2912 5276 3235 5349 paradisus
3263 5276 3525 5333 Ecclesia
3549 5284 3655 5333 est.
3688 5271 3833 5331 Unde

2196 5363 2475 5418 Salomon
2509 5363 2570 5418 in
2602 5365 2844 5420 Cantico
2897 5365 3269 5420 canticorum
3303 5366 3384 5422 ait
3412 5383 3426 5421 :
3460 5367 3690 5422 Hortus
3718 5376 3836 5419 con-

2197 5452 2396 5517 clusus
2418 5467 2588 5507 soror
2617 5470 2767 5519 mea,
2793 5455 3002 5509 hortus
3027 5455 3366 5519 conclusus,
3385 5455 3529 5523 fons
3558 5458 3832 5526 signatus.

2196 5542 2529 5596 emissiones
2556 5546 2676 5598 tute
2701 5541 3025 5610 paradisus
3052 5542 3252 5613 (Cant.
3287 5560 3366 5608 iv,
3398 5547 3513 5613 22).
3546 5544 3639 5599 Ait
3658 5540 3830 5598 enim:

2195 5630 2593 5685 Plantaverat
2674 5638 2871 5686 autem
2931 5632 3223 5687 Dominus
3274 5634 3431 5687 Deus
3493 5631 3829 5701 paradisum

2199 5720 2523 5791 voluptatis
2566 5735 2605 5775 a
2642 5721 2964 5793 principio.
3003 5723 3151 5778 Nam
3199 5721 3367 5794 quod
3420 5721 3525 5790 ait,
3552 5738 3591 5779 a
3626 5714 3836 5792 prind-
