3944 6418
165 281 268 335 129

1552 276 1911 341 ΟΟΙΜΕΝΤ.
1942 280 2018 339 1N
2038 279 2197 340 GEN.

3511 292 3617 353 130

158 404 279 471 pio,
300 402 589 459 nonnulli
620 403 867 475 intelligi
896 404 1103 461 volunt
1128 406 1208 462 ab
1238 406 1406 464 initio
1436 412 1628 474 terra,
1658 407 1713 463 id
1747 412 1839 463 est
1866 411 1914 463 A
1945 407 2268 479 paradisus
2292 407 2636 467 declaratur
2674 410 2983 468 evidenter
3014 410 3117 468 ubi
3159 411 3255 481 sit,
3301 416 3479 488 quasi
3506 432 3617 491 per

160 492 240 547 ab
260 492 522 549 Oriente.
569 493 684 550 Sed
715 495 883 568 quod
913 494 1076 565 dicit,
1105 511 1143 553 a
1170 499 1496 568 principio,
1530 499 1590 554 id
1636 503 1728 553 est
1758 497 1837 553 ab

157 581 435 645 exordio,
457 583 584 638 sive
605 582 684 638 ab
702 583 869 640 initio
889 585 1021 640 caeli
1044 590 1101 641 et
1129 592 1319 657 terrae,
1352 586 1520 643 sicuti
1559 591 1835 659 Symma-

156 671 313 727 chus
345 676 401 727 et
431 672 812 729 Theodotion
869 675 1317 742 transtulerunt,
1350 676 1718 744 intelligitur.
1774 679 1839 732 Et

155 759 298 815 ideo
333 776 458 816 non
489 761 935 832 Orientem,sed
959 764 1296 832 exordium,
1323 771 1380 821 et
1403 765 1637 822 initium
1654 766 1836 836 signi-

156 850 326 904 ticat.
380 850 545 905 Unde
575 850 922 921 intelligitur
949 852 1115 925 quod
1146 859 1473 927 antequam
1525 855 1738 911 caelum
1786 861 1841 911 et

156 943 390 995 terram
422 939 643 996 faceret
676 942 851 1009 Deus,
894 943 1251 1014 paradisum
1285 945 1656 1002 condiderat.
1688 949 1837 1015 Lege

151 1027 391 1083 librum
416 1028 715 1085 Locorum
739 1030 896 1087 beati
931 1032 1292 1105 Hieronymi.
1330 1037 1564 1104 Legitur
1593 1036 1753 1091 enim
1778 1036 1837 1091 in

151 1116 419 1174 Hebraeo
450 1137 465 1175 :
501 1119 900 1177 Plantaverat
936 1128 1133 1178 autem
1162 1125 1452 1180 Dominus
1480 1128 1631 1181 Deus
1657 1140 1839 1195 para-

152 1208 368 1263 disum
402 1209 467 1263 in
492 1208 657 1265 Eden
692 1225 729 1266 a
748 1212 1069 1281 principio.
1101 1212 1262 1269 Eden
1295 1214 1525 1271 deliciae
1555 1215 1838 1288 interpre-

148 1301 341 1352 tatur.
381 1300 533 1353 Bene
564 1298 709 1354 dicit
736 1301 799 1355 in
833 1301 1027 1365 Eden,
1057 1302 1118 1357 id
1167 1308 1278 1367 est,
1326 1304 1385 1359 in
1431 1304 1566 1359 loco
1599 1303 1836 1359 delicia~

145 1401 317 1442 rum.
353 1386 521 1443 Unde
549 1392 605 1443 et
648 1388 813 1460 quod
844 1388 1168 1447 hicdicitur
1184 1393 1534 1464 voluptatis,
1557 1395 1834 1465 Symma-

150 1473 320 1529 chus
348 1476 711 1544 paradisum
726 1478 1038 1545 ﬂorentem
1071 1483 1409 1536 transtulit.

222 1565 398 1618 Vens.
422 1569 476 1621 9.
495 1595 567 1606 —
591 1566 1018 1639 Produxitque
1046 1570 1203 1625 Deus
1262 1570 1335 1626 de
1363 1571 1542 1627 humo
1571 1587 1744 1629 omne
1770 1572 1837 1628 li-

138 1668 323 1723 gnun
338 1655 672 1722 puellarum
696 1657 847 1722 visu,
876 1664 929 1713 et
963 1659 1045 1713 ad
1066 1659 1417 1716 vescendum
1444 1676 1642 1717 suave.
1679 1662 1834 1728 Quid

144 1746 244 1797 est
275 1756 429 1811 ergo
459 1744 625 1816 quod
672 1744 767 1800 hic
810 1745 1027 1801 dicitur
1050 1747 1410 1819 produxisse
1441 1749 1675 1820 lignum
1707 1750 1834 1823 pul-
1868 1770 1906 1823 Β

138 1832 372 1888 chrum
398 1833 475 1888 de
515 1833 727 1903 humo,
759 1840 895 1900 etc.,
928 1853 1068 1893 cum
1111 1854 1297 1910 supra
1339 1838 1575 1909 legitur,
1611 1841 1834 1897 Germi-

142 1928 249 1977 uel
283 1928 457 1979 terra
486 1924 734 1980 herbam
783 1927 1093 1997 virentem,
1122 1934 1177 1983 et
1209 1929 1443 1999 lignum
1468 1932 1834 2000 pomiferum

136 2012 413 2081 faciens,
445 2018 501 2068 et
530 2011 761 2086 reliqua
782 2018 812 2070 ?
840 2015 956 2072 Sed
985 2016 1302 2074 sciendum
1325 2022 1418 2074 est
1446 2034 1566 2075 non
1594 2026 1835 2093 propte-

142 2116 260 2157 rea
291 2100 562 2159 edictum
589 2101 701 2177 [Z.,
732 2104 976 2176 dicitur]
1025 2105 1260 2177 lignum
1318 2108 1641 2181 pulchrum
1697 2127 1834 2184 pro-

144 2189 439 2256 ductum,
470 2196 535 2248 ut
587 2209 813 2249 novum
857 2194 1084 2268 aliquid
1132 2196 1483 2262 condiderit,
1519 2198 1621 2254 sed
1645 2216 1717 2255 ex
1744 2200 1835 2256 his

150 2280 491 2350 generibus
529 2297 668 2354 quae
706 2283 836 2353 jam
886 2289 1041 2341 terra
1082 2284 1255 2342 tertia
1298 2286 1393 2343 die
1440 2288 1829 2361 produxerat,

141 2375 372 2425 exorta
431 2376 572 2427 sunt
615 2374 1033 2445 postmodum,
1088 2380 1144 2431 et
1168 2391 1241 2431 ex
1271 2376 1372 2433 illa
1402 2378 1613 2434 virtute
1642 2396 1830 2451 quam

141 2463 339 2515 antea
362 2462 518 2515 terra
548 2466 882 2533 acceperat,
915 2462 1210 2535 producta
1248 2470 1406 2522 sunt.
1442 2470 1507 2523 Et
1525 2467 1622 2523 hic
1649 2468 1830 2524 etiam

143 2548 583 2621 recapitulatio
645 2556 756 2621 est,
788 2552 959 2608 sicuti
990 2557 1048 2609 et
1102 2553 1179 2610 de
1230 2554 1475 2613 homine
1528 2558 1827 2630 superius.

148 2637 484 2710 Sequitur:
517 2639 778 2710 Lignum
831 2642 1010 2698 etiam
1060 2646 1199 2701 vita:
1224 2646 1287 2700 in
1318 2646 1508 2701 medio
1536 2648 1827 2716 paradisi.

145 2726 423 2793 Quidam
454 2732 690 2785 tantum
730 2730 1046 2801 allegorice
1073 2733 1321 2805 intelligi
1350 2735 1561 2793 volunt
1590 2737 1825 2808 lignum

147 2816 293 2872 vita
316 2815 594 2874 divinam
611 2819 991 2893 sapientiam,
1016 2821 1093 2879 de
1117 2838 1240 2896 qua
1272 2823 1557 2882 Salomon
1580 2826 1662 2883 ait
1689 2845 1702 2882 :
1735 2828 1835 2883 Li-

145 2923 348 2979 gnum
376 2909 519 2964 vitae
550 2914 636 2965 est
670 2910 763 2966 bis
784 2913 893 2983 qui
918 2913 1432 2982 apprehenderint
1463 2931 1592 2973 eam
1619 2935 1631 2984 ;
1656 2924 1711 2974 et
1729 2920 1836 2989 qui

150 2997 424 3053 tenuerit
454 3012 607 3065 eam,
645 2999 853 3055 beatus
910 3002 1110 3069 (Prov.
1145 3019 1224 3070 ιιι,
1284 3005 1384 3076 18).
1435 3004 1550 3062 Sed
1580 3007 1829 3062 creden-

147 3085 308 3141 dum
326 3091 418 3141 est
435 3085 581 3160 quia
599 3087 753 3143 sicut
776 3094 947 3162 petra
978 3106 1264 3163 percussa
1291 3108 1327 3149 a
1348 3095 1549 3166 Moyse
1575 3095 1832 3167 priebuit
1865 3131 1906 3185 η

150 3190 381 3247 aquas,
413 3190 774 3249 quanquam
806 3178 1168 3249 signiﬁcaret
1187 3181 1484 3239 Christum
1514 3183 1832 3241 historiali-

152 3269 249 3320 ter
298 3280 446 3320 vera
472 3270 644 3337 petra
674 3266 781 3323 fuit
807 3286 820 3335 ;
851 3268 933 3324 ita
988 3273 1046 3325 et
1081 3269 1316 3339 lignum
1364 3272 1520 3342 vitae,
1553 3274 1835 3346 quamvis

151 3353 458 3409 eumdum
482 3354 782 3425 signiﬁcat
800 3358 818 3429 [
838 3359 936 3425 X.,
960 3358 1253 3430 signiﬁcet
1269 3361 1612 3433 Christum],
1633 3366 1833 3419 tamen

152 3448 290 3499 erat
348 3444 742 3515 corporaliter
798 3446 1247 3505 evidentissime
1329 3448 1608 3520 lignum;
1667 3451 1836 3524 quod

151 3538 486 3606 propterea
510 3532 747 3603 lignum
791 3534 922 3592 vita:
970 3544 1379 3611 nuncupatur,
1425 3540 1570 3613 quia
1619 3540 1666 3596 si
1696 3540 1835 3597 inde

157 3627 479 3678 sumerent
526 3622 707 3695 primi
742 3629 1042 3697 parentes,
1070 3643 1181 3683 nec
1210 3628 1447 3698 morbo,
1480 3646 1591 3685 nec
1631 3630 1838 3702 aliqua

155 3716 472 3767 senectute
510 3711 857 3783 deﬁcerent,
896 3719 954 3771 et
978 3715 1024 3771 si
1056 3715 1119 3772 in
1149 3716 1494 3774 obedientia
1518 3734 1835 3791 permane-

157 3805 315 3869 rent,
335 3815 449 3855 nec
466 3808 860 3869 morerentur,
885 3804 991 3859 sed
1014 3812 1259 3879 propter
1278 3806 1683 3864 obedientiam
1716 3824 1839 3864 cor-

160 3905 279 3962 pus
328 3905 544 3945 eorum
574 3891 635 3946 in
690 3892 952 3964 spiritale
984 3900 1449 3966 converteretur,
1489 3898 1639 3953 sicut
1662 3914 1837 3954 sanc-

160 3983 367 4035 torum
396 3978 461 4034 in
490 3981 925 4038 resurrectione
956 3983 1085 4042 erit.
1118 3988 1176 4039 et
1205 4000 1241 4038 a
1270 3989 1506 4042 terreno
1536 3986 1615 4041 ad
1633 3986 1840 4042 cmles-

161 4072 286 4124 tem
351 4068 679 4126 transirent
726 4070 1097 4128 immortales
1138 4074 1513 4146 paradisum.
1571 4075 1839 4148 Denique

159 4156 224 4212 in
276 4157 513 4214 caateris
567 4163 695 4215 erat
734 4159 1110 4228 alimentum,
1171 4162 1233 4218 in
1265 4163 1378 4219 isto
1408 4168 1610 4220 autem
1643 4180 1841 4221 sacra-

163 4251 444 4303 mentum
477 4246 835 4323 lignumque
874 4250 1135 4306 scienliae
1180 4251 1324 4307 boni
1377 4257 1433 4309 et
1485 4252 1647 4309 mali.
1687 4257 1839 4309 Deus

163 4337 327 4393 enim
358 4337 574 4393 omnia
616 4337 782 4394 bona
809 4338 962 4407 fecit,
1005 4356 1115 4396 nec
1149 4340 1379 4413 aliquid
1409 4340 1555 4398 mali
1579 4342 1639 4398 in
1670 4359 1840 4414 para-

164 4425 299 4481 diso
335 4426 653 4483 instituere
700 4428 912 4500 potuit.
968 4430 1081 4486 Sed
1111 4446 1301 4502 quare
1332 4430 1568 4495 dicitur,
1606 4434 1837 4503 lignum

163 4516 411 4572 scentiar
461 4515 602 4572 boni
638 4522 693 4573 et
714 4519 884 4586 mali,
913 4518 1028 4574 nisi
1060 4524 1374 4591 propterea
1404 4520 1740 4593 appellatur
1770 4521 1838 4577 li-

164 4620 359 4674 gnum
390 4604 656 4662 scientiae
684 4605 830 4663 boni
887 4612 945 4664 et
995 4608 1160 4676 mali,
1194 4624 1316 4665 non
1374 4610 1541 4674 quod
1600 4610 1747 4665 illud
1777 4610 1838 4666 li-

168 4709 361 4763 gnum
394 4694 458 4750 in
486 4709 598 4751 sua
627 4700 846 4753 natura
871 4697 1228 4753 rationabile
1255 4699 1467 4761 existit,
1501 4704 1566 4755 ut
1595 4700 1844 4756 haberet

166 4784 483 4840 scientiam
517 4784 664 4840 boni
694 4785 781 4841 vel
818 4785 985 4857 mali,
1018 4787 1123 4842 sed
1155 4787 1299 4860 quia
1327 4789 1511 4844 homo
1542 4788 1599 4843 in
1647 4805 1718 4845 eo
1750 4806 1846 4845 ex-

166 4873 347 4946 periri
400 4877 463 4929 et
508 4874 659 4931 scire
698 4876 960 4948 potuerit
1013 4878 1093 4948 [Ζ.
1128 4877 1362 4950 potuit],
1421 4877 1570 4951 quid
1601 4880 1844 4934 interes-

168 4967 256 5018 set
285 4963 449 5019 inter
475 4962 728 5020 bonum
751 4963 1129 5026 obedientiae.
1160 4970 1217 5023 et
1242 4966 1471 5023 malum
1501 4967 1846 5023 inobedien-

167 5052 294 5108 tise?
332 5054 404 5108 Et
454 5051 595 5108 ideo
646 5053 708 5109 in
737 5053 1024 5127 paradiso
1060 5054 1295 5127 lignum
1341 5057 1497 5123 vitae,
1525 5062 1583 5112 et
1610 5056 1843 5125 lignum

169 5142 437 5198 scientia
472 5141 624 5198 boni
648 5148 708 5199 et
741 5143 885 5200 mali
909 5149 1176 5201 creatum
1209 5149 1317 5211 est,
1340 5150 1406 5202 ut
1430 5146 1702 5218 perillud
1735 5163 1842 5219 po-

166 5231 374 5287 tuisset
426 5230 792 5289 immortalis
861 5249 1012 5301 esse,
1064 5250 1173 5307 per
1208 5235 1323 5292 hoc
1374 5251 1478 5291 ver
1525 5236 1839 5291 mortalis:

165 5318 325 5391 ligno
355 5322 500 5377 vitae
532 5322 710 5395 quasi
753 5323 1077 5395 medicina,
1130 5329 1198 5381 ut
1242 5325 1711 5398 incorruptibilis
1758 5342 1844 5380 es-

167 5416 268 5479 set,
300 5410 626 5479 utebatur;
672 5411 841 5483 ligno
884 5419 1087 5471 autem
1135 5415 1394 5471 scientiae
1438 5415 1582 5471 boni
1618 5423 1674 5471 et
1704 5417 1844 5471 mali

167 5503 337 5573 quasi
363 5517 631 5571 veneno,
663 5507 731 5558 ut
760 5510 1114 5561 moreretur.

235 5591 409 5649 Visis.
436 5597 523 5649 10.
542 5592 939 5663 —Et/luvius
955 5594 1378 5665 egrediebatur
1401 5595 1476 5651 de
1497 5596 1624 5651 loco
1649 5597 1850 5665 volup-

172 5684 302 5737 tatis
330 5683 420 5739 ad
448 5682 847 5755 irrigandum
861 5684 1242 5753 paradisum,
1266 5685 1375 5757 qui
1392 5684 1533 5740 inde
1552 5684 1851 5741 dividitur

171 5771 230 5825 in
247 5780 523 5844 quatuor
551 5774 787 5845 capita.
819 5771 1148 5831 Sciendum
1168 5778 1259 5831 est
1285 5773 1432 5847 quia
1458 5789 1570 5831 nec
1603 5789 1712 5849 per
1733 5775 1849 5832 hoc

1946 495 2202 553 ﬂumina
2255 497 2507 555 inveniri
2546 499 2739 573 possit
2789 499 2959 556 locus
2990 500 3206 574 ipsius.
3272 504 3386 569 Qui
3441 505 3617 563 sicuti

1945 584 2222 641 nonnulli
2237 584 2463 652 dicunt,
2497 592 2555 644 et
2580 587 2795 646 beatus
2824 590 3194 659 Augustinus
3222 596 3518 663 autumat,
3544 593 3616 651 li-

1948 678 2041 730 cet
2068 674 2148 730 ab
2178 691 2300 731 uno
2328 676 2488 733 fonte
2517 677 2822 751 Scriptura
2850 682 2995 734 teste
3020 680 3373 752 procedant,
3413 687 3617 741 tamen

1951 763 2165 820 subtus
2194 771 2351 823 terra
2384 768 2715 840 proﬂuunt,
2744 773 2802 824 et
2824 772 2964 841 post
2990 768 3209 840 longos
3238 774 3463 828 tractus
3488 770 3615 828 suis

1947 852 2095 909 locis
2123 860 2451 928 erumpunt
2475 861 2532 912 et
2561 857 2833 914 celantur
2861 858 3099 914 interim
3129 875 3362 917 amnes.

2019 944 2187 999 Vens.
2216 947 2487 1000 tt-l2.—
2509 946 2739 1003 Nomen
2770 947 2880 1002 uni
2905 948 3157 1020 Phison,
3182 950 3311 1019 ipse
3336 956 3422 1007 est
3453 950 3616 1006 Gan-

1945 1046 2046 1103 ges
2077 1033 2302 1101 ﬂuvius
2330 1034 2547 1091 Indice.
2579 1037 2687 1107 qui
2713 1036 2932 1092 circuit
2951 1052 3180 1094 omnem
3217 1044 3444 1097 terram
3467 1038 3613 1096 Evi-

1950 1122 2059 1188 lat,
2084 1122 2188 1176 ubi
2216 1128 2494 1187 nascttur
2523 1138 2765 1193 aurum,
2794 1130 2848 1181 et
2870 1140 3090 1182 aurum
3119 1133 3300 1185 terrae
3328 1130 3496 1188 illius
3517 1148 3619 1203 op-

1949 1212 2158 1267 timum
2186 1216 2294 1282 est,
2328 1213 2528 1284 ibique
2555 1214 2864 1270 invenitur
2886 1214 3173 1272 bdellium
3198 1221 3255 1272 et
3286 1218 3441 1289 lapis
3469 1237 3614 1294 ony-

1947 1300 2181 1357 chinus.
2218 1301 2508 1358 Bdellium
2540 1302 2811 1359 nonnulli
2837 1302 3048 1360 dicunt
3071 1304 3303 1374 lignum
3331 1324 3460 1365 esse
3488 1326 3618 1384 pre-

1945 1390 2362 1459 tiosissimum,
2422 1392 2520 1448 alii
2552 1408 2695 1449 vero
2740 1392 3008 1467 lapidem
3040 1396 3397 1467 pretiosum.
3449 1402 3614 1459 Unde

1945 1480 2220 1536 nonnulli
2272 1498 2382 1554 pro
2442 1480 2665 1537 bdellio
2710 1488 2768 1538 et
2814 1483 3122 1554 onychino
3174 1485 3615 1546 carbunculum

1945 1576 2001 1627 et
2044 1571 2310 1643 lapidem
2348 1573 2668 1646 prasinum
2715 1573 3162 1631 transtulerunt.
3195 1579 3616 1651 interpretatur

1944 1664 2149 1716 autem
2172 1660 2395 1717 Phison
2424 1663 2659 1732 inﬂatio
2683 1662 2859 1733 juxta
2886 1663 3225 1731 historiam,
3255 1666 3402 1739 quia
3438 1674 3615 1727 vento

1945 1754 2209 1805 tumente
2235 1750 2477 1807 inﬂatur
2508 1769 2522 1807 :
2549 1766 2656 1806 seu
2679 1768 2744 1807 os
2758 1753 3035 1822 pupilla,
3068 1753 3235 1827 quod
3264 1756 3479 1812 melius
3504 1764 3611 1816 est.

2019 1843 2185 1895 Vens.
2225 1841 2307 1895 l3.
2335 1842 2652 1898 -—Nomen
2674 1843 2859 1911 fluvio
2884 1843 3145 1899 secundo
3175 1844 3359 1915 Geon,
3387 1847 3513 1917 ipse
3532 1854 3615 1905 est

1946 1934 2002 1985 et
2017 1930 2198 1985 Nilus
2211 1931 2436 1998 ﬂuvius
2450 1931 2739 2002 (Egypli,
2757 1932 2790 2000 ἰ,
2822 1946 2883 1988 se
2902 1937 2989 1988 est
3005 1933 3113 2004 qui
3136 1935 3355 1989 circuit
3381 1949 3614 1991 omnem

1946 2024 2172 2075 terram
2202 2020 2567 2089 zEthiopite.
2590 2019 2699 2086 Qui
2730 2025 2809 2076 ab
2845 2021 3071 2077 oriente
3098 2020 3316 2094 ﬂuens,
3342 2038 3379 2078 a
3396 2022 3614 2079 radici-

1945 2107 2063 2164 bus
2095 2107 2368 2163 videlicet
2414 2108 2665 2165 Atlantis
2698 2109 2942 2180 montis,
2987 2111 3143 2166 sicut
3190 2115 3530 2179 autumant,
3559 2116 3618 2168 et

1945 2196 2027 2253 ad
2081 2197 2551 2269 septentrionem
2611 2196 2826 2260 ﬂexus,
2880 2197 3340 2254 autumnalibus
3397 2198 3617 2271 pluviis

1946 2292 2186 2352 auctus,
2216 2285 2400 2357 plana
2428 2287 2663 2359 [Egypti
2694 2287 2921 2358 irrigat,
2964 2303 3160 2360 usque
3192 2286 3341 2344 dum
3371 2288 3434 2344 in
3457 2286 3614 2344 litto-

1945 2389 2008 2429 re
2035 2375 2220 2430 maris
2264 2374 2453 2430 Rubri
2495 2375 2610 2430 sub
2669 2380 2825 2432 terra
2868 2375 3114 2445 celatur,
3146 2375 3368 2433 deinde
3395 2377 3614 2432 irrum-

1947 2480 2098 2537 pens
2138 2467 2460 2537 Algyptum
2492 2465 2572 2521 ad
2602 2464 2955 2522 occidenten
3000 2465 3151 2522 ﬂuit.
3185 2466 3615 2540 Interpretatur

1944 2552 2127 2626 qtipe
2144 2554 2505 2620 tenebrosus,
2528 2554 2673 2627 quia
2693 2570 2803 2627 per
2817 2553 3177 2627 Ethiopiam
3206 2558 3264 2611 et
3290 2558 3615 2627 Egyptum

1944 2643 2154 2709 currit;
2187 2643 2291 2698 sed
2318 2642 2533 2697 melius
2564 2649 2740 2699 terrm
2761 2645 2988 2714 gratia,
3016 2643 3111 2700 vel
3127 2645 3441 2714 fertilitas,
3470 2643 3616 2717 quia

1942 2730 2143 2787 felices
2170 2732 2447 2788 homines
2480 2732 2654 2804 redit,
2685 2733 2853 2806 quod
2898 2733 3096 2803 magis
3148 2732 3230 2789 ad
3283 2732 3613 2807 spiritalem

1944 2820 2396 2891 intelligentiam
2419 2821 2695 2894 pertinet.

2019 2914 2183 2967 Vens.
2223 2915 2307 2967 14.
2337 2942 2408 2952 -
2435 2912 2667 2969 Nomen
2708 2927 2847 2969 vero
2889 2913 3159 2983 fluminis
3208 2914 3373 2969 tertii
3395 2914 3612 2985 Tigris,

1947 3001 2073 3071 ipse
2098 3000 2266 3056 vadit
2294 3006 2507 3057 contra
2528 3002 2828 3071 Assyrios.
2848 3001 2959 3067 Qui
2984 3000 3615 3074 proptervelocitatem

1946 3104 1984 3145 a
2013 3089 2207 3144 bestia
2238 3103 2462 3144 nomen
2514 3089 2766 3161 accepit,
2798 3094 2856 3145 et
2904 3089 3328 3162 interpretatur
3369 3092 3613 3162 sagitta.

1944 3178 2196 3233 Flavius
2223 3181 2422 3234 autem
2453 3181 2730 3248 quartus,
2780 3179 2907 3247 ipse
2953 3184 3038 3234 est
3083 3179 3452 3248 Euphrates,
3507 3179 3617 3235 ﬂu-

1942 3267 2075 3323 vius
2097 3266 2536 3339 Mesopotamiae
2563 3284 2576 3321 :
2601 3266 2706 3322 sed
2733 3272 3051 3340 propterea
3068 3271 3288 3324 terram
3302 3283 3492 3341 quam
3502 3268 3617 3326 cir-

1943 3357 2130 3413 cumit
2172 3372 2296 3412 non
2342 3356 2619 3412 nominat
2676 3356 3004 3430 Scriptura,
3061 3357 3208 3430 quia
3254 3373 3444 3431 prope
3486 3362 3615 3415 erat

1943 3453 2112 3504 terra:
2130 3446 2499 3513 Judteorum,
2524 3451 2581 3501 et
2612 3450 2794 3502 notus
2821 3452 2951 3503 erat
2977 3447 3087 3515 eis,
3110 3453 3168 3503 et
3189 3446 3613 3521 interpretatur

1943 3537 2208 3594 ubertas.
2265 3539 2564 3593 Hactenus
2609 3536 2920 3594 historiam
2950 3537 3250 3594 succincte
3296 3537 3616 3611 descripsi-

1932 3642 2102 3683 mus.
2161 3626 2305 3682 Hinc
2333 3641 2478 3681 vero
2506 3625 2785 3694 breviter,
2832 3626 3098 3683 maxime
3146 3631 3392 3700 propter
3439 3628 3616 3684 inter-

1946 3714 2310 3789 pretationes
2358 3714 2699 3779 nominum,
2750 3715 2956 3789 aliqua
2986 3731 3124 3788 quae
3155 3715 3237 3772 ad
3286 3716 3616 3789 spiritalem

1947 3805 2448 3875 signiﬁcationem
2521 3805 2840 3877 pertinent,
2908 3805 3168 3861 inserere
3233 3805 3502 3874 nitimur,
3550 3804 3617 3861 li-

1948 3901 2039 3951 cet
2080 3900 2289 3950 contra
2342 3908 2575 3949 morem
2607 3899 2825 3948 nostrae
2852 3883 3274 3966 descriptionis
3306 3908 3615 3949 conemur.

2020 3982 2267 4038 Fluvius
2298 3981 2406 4055 qui
2433 3980 2863 4053 egrediebatur
2890 3981 2966 4037 de
2985 3981 3275 4054 paradiso
3320 3980 3621 4051 signiﬁcat

1949 4072 2275 4129 Dominum
2301 4085 2373 4127 ac
2426 4070 2887 4144 Redemptorem
2921 4076 3219 4139 nostrum,
3261 4070 3337 4128 de
3365 4076 3618 4145 paterno

1949 4162 2111 4219 fonte
2134 4160 2581 4235 procedentem,
2606 4176 2643 4217 a
2666 4176 2790 4233 quo
2821 4160 2992 4231 origo
3022 4165 3111 4218 est
3141 4161 3418 4218 omnium
3448 4177 3618 4217 crea-

1951 4256 2248 4309 turarum.
2285 4254 2362 4306 De
2382 4266 2505 4323 quo
2537 4265 2646 4324 per
2675 4251 3059 4308 Psalmistam
3084 4251 3337 4308 dicitur:
3366 4251 3542 4326 Apud
3564 4255 3621 4307 te

1956 4346 2045 4397 est
2073 4341 2208 4397 fons
2237 4339 2406 4408 vita;
2434 4344 2494 4396 et
2518 4340 2595 4395 de
2644 4356 2769 4413 quo
2829 4342 3122 4414 Propheta
3166 4340 3281 4399 ait:
3328 4341 3620 4398 Dominus

1958 4433 2113 4487 Deus
2152 4434 2355 4486 noster
2392 4429 2613 4485 ﬂuvius
2659 4429 2958 4500 gloriosus
2998 4431 3104 4502 [Z.,
3158 4430 3455 4501 gloriosus
3484 4431 3617 4502 est],

1956 4520 2234 4578 exsiliens
2288 4519 2352 4576 in
2410 4524 2631 4576 terram
2675 4520 2991 4576 sitientem.
3024 4526 3071 4576 A
3113 4537 3238 4593 quo
3286 4520 3624 4593 procedunt

1955 4616 2217 4684 quatuor
2257 4609 2515 4665 ﬂumina
2560 4625 2698 4683 qua:
2745 4609 2997 4679 irrigant
3050 4610 3426 4683 paradisum.
3468 4610 3623 4674 Qua-

1954 4705 2089 4756 tuor
2135 4700 2249 4756 ista
2276 4698 2532 4754 ﬂumina
2578 4703 2841 4770 quatuor
2887 4697 3231 4768 signiﬁcant
3274 4695 3617 4765 Evangelia,

1952 4805 2090 4862 quae
2116 4788 2342 4844 habent
2367 4786 2659 4856 originem
2692 4786 2772 4842 ab
2800 4786 2934 4859 ipso
2973 4786 3229 4841 Domino
3256 4787 3394 4839 Jesu
3423 4782 3620 4839 Chris-

1953 4883 2036 4943 to,
2066 4877 2293 4950 quibus
2339 4875 2549 4945 irrigat
2597 4874 2925 4931 Ecclesiam
2956 4889 3152 4942 suam,
3191 4888 3329 4945 qua;
3373 4887 3483 4945 per
3510 4886 3621 4945 pa-

1952 4968 2225 5024 radisum
2270 4967 2588 5039 ﬁguratur,
2648 4965 2804 5021 sicut
2851 4961 3035 5036 paulo
3092 4961 3370 5035 superius
3418 4963 3617 5036 praeli-

1952 5056 2253 5120 bavimus,
2294 5054 2397 5111 ubi
2457 5052 2808 5127 paradisum
2875 5049 3179 5123 tripliciter
3233 5050 3618 5110 inseruimus.

1958 5145 2122 5201 Unde
2153 5150 2212 5200 et
2261 5141 2779 5216 interpretationes
2822 5155 3034 5197 eorum
3081 5141 3402 5199 nominum
3433 5142 3620 5200 sacris

1958 5233 2289 5304 Evangeliis
2336 5234 2698 5301 congruunt.
2757 5229 2997 5297 Phison,
3042 5231 3148 5305 qui
3195 5232 3620 5304 interpretatur

1956 5340 2017 5380 os
2029 5322 2311 5393 pupille,
2335 5320 2638 5391 signiﬁcat
2658 5318 3048 5391 Evangelium
3074 5320 3290 5377 Joanni
3323 5337 3337 5387 ;
3367 5334 3430 5375 os
3454 5319 3617 5375 enim

1956 5415 2033 5470 ad
2074 5412 2438 5468 locutionem
2495 5410 2771 5484 pertinet,
2815 5410 3057 5481 pupilla
3084 5408 3166 5467 ad
3191 5409 3429 5478 visum;
3477 5408 3624 5484 quia

1956 5502 2123 5576 quod
2166 5501 2293 5574 ipse
2323 5516 2430 5574 per
2458 5499 2808 5557 attributam
2859 5498 2974 5555 sibi
3026 5500 3283 5571 gratiam
3339 5515 3449 5574 per
3474 5515 3621 5557 ocu-

1963 5587 2089 5647 tum
2141 5591 2359 5647 mentis
2383 5590 2460 5646 de
2488 5588 2798 5646 divinitate
2849 5586 3171 5646 Salvatoris
3220 5606 3345 5664 pra
3388 5588 3617 5647 castoris

1960 5683 2137 5739 altius
2192 5680 2497 5748 intellexit,
2540 5678 2851 5753 loquendo
2892 5679 3186 5738 eructavit
3221 5680 3432 5737 dicens
3465 5696 3480 5735 :
3544 5679 3619 5734 In

1951 5773 2260 5844 principio
2287 5777 2419 5832 erat
2450 5770 2718 5844 verbum,
2740 5774 2798 5829 et
2825 5768 3080 5844 reliqua.
3113 5772 3224 5834 Qui
3254 5769 3474 5829 circuit
3501 5783 3621 5825 om-
