  <div class='ocr_page' id='page_1' title='image "/cluster/home/n/w/nwhite01/storage/ocr_20150623/115-116/uc1.31175006916467/073.png"; bbox 0 0 3944 6414; ppageno 0'>
   <div class='ocr_carea' id='block_1_1' title="bbox 455 267 554 332">
    <p class='ocr_par' dir='ltr' id='par_1_1' title="bbox 455 267 554 332">
     <span class='ocr_line' id='line_1_1' title="bbox 455 267 554 332; baseline -0.01 -9"><span class='ocrx_word' id='word_1_1' title='bbox 455 267 554 332; x_wconf 58' lang='lat' dir='ltr'>{at</span> 
     </span>
    </p>
   </div>
   <div class='ocr_carea' id='block_1_2' title="bbox 1555 235 2767 323">
    <p class='ocr_par' dir='ltr' id='par_1_2' title="bbox 1555 235 2767 323">
     <span class='ocr_line' id='line_1_2' title="bbox 1555 235 2767 323; baseline -0.005 -2"><span class='ocrx_word' id='word_1_2' title='bbox 1555 265 1912 323; x_wconf 77' lang='lat' dir='ltr'>ANGELOMI</span> <span class='ocrx_word' id='word_1_3' title='bbox 1952 260 2420 320; x_wconf 74' lang='lat' dir='ltr'>Lexovisnsns</span> <span class='ocrx_word' id='word_1_4' title='bbox 2457 235 2767 318; x_wconf 73' lang='lat' dir='ltr'>neniam</span> 
     </span>
    </p>
   </div>
   <div class='ocr_carea' id='block_1_3' title="bbox 3766 267 3846 322">
    <p class='ocr_par' dir='ltr' id='par_1_3' title="bbox 3766 267 3846 322">
     <span class='ocr_line' id='line_1_3' title="bbox 3766 267 3846 322; baseline 0.013 -1"><span class='ocrx_word' id='word_1_5' title='bbox 3766 267 3846 322; x_wconf 50' lang='lat' dir='ltr'>t3</span> 
     </span>
    </p>
   </div>
   <div class='ocr_carea' id='block_1_4' title="bbox 454 383 3846 460">
    <p class='ocr_par' dir='ltr' id='par_1_4' title="bbox 454 383 3846 460">
     <span class='ocr_line' id='line_1_4' title="bbox 454 383 3846 460; baseline -0.001 -12"><span class='ocrx_word' id='word_1_6' title='bbox 454 405 589 448; x_wconf 75' lang='lat' dir='ltr'>nem</span> <span class='ocrx_word' id='word_1_7' title='bbox 621 395 844 446; x_wconf 86' lang='lat' dir='ltr'>terram</span> <span class='ocrx_word' id='word_1_8' title='bbox 873 390 1096 456; x_wconf 80' lang='lat' dir='ltr'>Evilat,</span> <span class='ocrx_word' id='word_1_9' title='bbox 1115 387 1172 446; x_wconf 97' lang='lat' dir='ltr'>id</span> <span class='ocrx_word' id='word_1_10' title='bbox 1199 393 1290 444; x_wconf 88' lang='lat' dir='ltr'>est</span> <span class='ocrx_word' id='word_1_11' title='bbox 1316 393 1533 444; x_wconf 89' lang='lat' dir='ltr'>terram</span> <span class='ocrx_word' id='word_1_12' title='bbox 1561 387 1930 454; x_wconf 76' lang='lat' dir='ltr'>orientalem,</span> <span class='ocrx_word' id='word_1_13' title='bbox 1964 386 2109 460; x_wconf 87' lang='lat' dir='ltr'>quia</span> <span class='ocrx_word' id='word_1_14' title='bbox 2138 389 2184 444; x_wconf 75' lang='grc' dir='ltr'><strong>Α</strong></span> <span class='ocrx_word' id='word_1_15' title='bbox 2222 383 2399 450; x_wconf 90' lang='lat' dir='ltr'>nitur,</span> <span class='ocrx_word' id='word_1_16' title='bbox 2424 383 2720 454; x_wconf 89' lang='lat' dir='ltr'>signiﬁcat</span> <span class='ocrx_word' id='word_1_17' title='bbox 2745 384 2927 440; x_wconf 90' lang='lat' dir='ltr'>vitam</span> <span class='ocrx_word' id='word_1_18' title='bbox 2950 388 3239 439; x_wconf 65' lang='lat' dir='ltr'>aeternam</span> <span class='ocrx_word' id='word_1_19' title='bbox 3264 399 3377 440; x_wconf 87' lang='lat' dir='ltr'>sua</span> <span class='ocrx_word' id='word_1_20' title='bbox 3394 383 3683 442; x_wconf 80' lang='lat' dir='ltr'>viriditate</span> <span class='ocrx_word' id='word_1_21' title='bbox 3702 404 3846 460; x_wconf 86' lang='lat' dir='ltr'>prop-</span> 
     </span>
    </p>
   </div>
   <div class='ocr_carea' id='block_1_5' title="bbox 449 476 2105 549">
    <p class='ocr_par' dir='ltr' id='par_1_5' title="bbox 449 476 2105 549">
     <span class='ocr_line' id='line_1_5' title="bbox 449 476 2105 549; baseline -0.003 -14"><span class='ocrx_word' id='word_1_22' title='bbox 449 478 538 536; x_wconf 85' lang='lat' dir='ltr'>ibi</span> <span class='ocrx_word' id='word_1_23' title='bbox 579 479 838 535; x_wconf 77' lang='lat' dir='ltr'>maxime</span> <span class='ocrx_word' id='word_1_24' title='bbox 873 477 1090 549; x_wconf 80' lang='lat' dir='ltr'>legitur</span> <span class='ocrx_word' id='word_1_25' title='bbox 1117 476 1192 533; x_wconf 89' lang='lat' dir='ltr'>de</span> <span class='ocrx_word' id='word_1_26' title='bbox 1225 477 1578 535; x_wconf 75' lang='lat' dir='ltr'>excellentia</span> <span class='ocrx_word' id='word_1_27' title='bbox 1637 477 1970 536; x_wconf 76' lang='lat' dir='ltr'>llivinitatis</span> <span class='ocrx_word' id='word_1_28' title='bbox 2020 476 2105 548; x_wconf 91' lang='lat' dir='ltr'>ip-</span> 
     </span>
    </p>
   </div>
   <div class='ocr_carea' id='block_1_6' title="bbox 455 563 2110 639">
    <p class='ocr_par' dir='ltr' id='par_1_6' title="bbox 455 563 2110 639">
     <span class='ocr_line' id='line_1_6' title="bbox 455 563 2110 639; baseline -0.002 -17"><span class='ocrx_word' id='word_1_29' title='bbox 455 566 604 638; x_wconf 84' lang='lat' dir='ltr'>sius,</span> <span class='ocrx_word' id='word_1_30' title='bbox 629 567 734 639; x_wconf 91' lang='lat' dir='ltr'>qui</span> <span class='ocrx_word' id='word_1_31' title='bbox 764 567 970 622; x_wconf 82' lang='lat' dir='ltr'>Oriens</span> <span class='ocrx_word' id='word_1_32' title='bbox 1000 569 1266 634; x_wconf 83' lang='lat' dir='ltr'>vocatur,</span> <span class='ocrx_word' id='word_1_33' title='bbox 1308 565 1604 637; x_wconf 86' lang='lat' dir='ltr'>propheta</span> <span class='ocrx_word' id='word_1_34' title='bbox 1633 570 1965 633; x_wconf 83' lang='lat' dir='ltr'>attestante,</span> <span class='ocrx_word' id='word_1_35' title='bbox 2004 563 2110 636; x_wconf 87' lang='lat' dir='ltr'>qui</span> 
     </span>
    </p>
   </div>
   <div class='ocr_carea' id='block_1_7' title="bbox 453 655 2104 725">
    <p class='ocr_par' dir='ltr' id='par_1_7' title="bbox 453 655 2104 725">
     <span class='ocr_line' id='line_1_7' title="bbox 453 655 2104 725; baseline -0.003 -12"><span class='ocrx_word' id='word_1_36' title='bbox 453 655 570 713; x_wconf 77' lang='lat' dir='ltr'>ait:</span> <span class='ocrx_word' id='word_1_37' title='bbox 618 656 770 711; x_wconf 82' lang='lat' dir='ltr'>Ecce</span> <span class='ocrx_word' id='word_1_38' title='bbox 799 655 911 724; x_wconf 89' lang='lat' dir='ltr'>vir,</span> <span class='ocrx_word' id='word_1_39' title='bbox 972 655 1182 710; x_wconf 71' lang='lat' dir='ltr'>Oriens</span> <span class='ocrx_word' id='word_1_40' title='bbox 1211 669 1426 710; x_wconf 81' lang='lat' dir='ltr'><strong><em>nomen</em></strong></span> <span class='ocrx_word' id='word_1_41' title='bbox 1457 657 1585 724; x_wconf 73' lang='lat' dir='ltr'>eius</span> <span class='ocrx_word' id='word_1_42' title='bbox 1615 656 1828 725; x_wconf 83' lang='lat' dir='ltr'>(Zach.</span> <span class='ocrx_word' id='word_1_43' title='bbox 1877 670 1958 721; x_wconf 77' lang='lat' dir='ltr'>v1,</span> <span class='ocrx_word' id='word_1_44' title='bbox 2003 658 2104 720; x_wconf 76' lang='lat' dir='ltr'>t2).</span> 
     </span>
    </p>
   </div>
   <div class='ocr_carea' id='block_1_8' title="bbox 459 741 2108 816">
    <p class='ocr_par' dir='ltr' id='par_1_8' title="bbox 459 741 2108 816">
     <span class='ocr_line' id='line_1_8' title="bbox 459 741 2108 816; baseline -0.002 -14"><span class='ocrx_word' id='word_1_45' title='bbox 459 745 573 802; x_wconf 82' lang='lat' dir='ltr'>Ubi</span> <span class='ocrx_word' id='word_1_46' title='bbox 599 745 872 800; x_wconf 84' lang='lat' dir='ltr'>nascitur</span> <span class='ocrx_word' id='word_1_47' title='bbox 889 758 1129 812; x_wconf 86' lang='lat' dir='ltr'>aurum,</span> <span class='ocrx_word' id='word_1_48' title='bbox 1163 747 1298 811; x_wconf 88' lang='lat' dir='ltr'>etc.,</span> <span class='ocrx_word' id='word_1_49' title='bbox 1319 741 1426 814; x_wconf 87' lang='lat' dir='ltr'>qui</span> <span class='ocrx_word' id='word_1_50' title='bbox 1455 742 1536 798; x_wconf 89' lang='lat' dir='ltr'>ibi</span> <span class='ocrx_word' id='word_1_51' title='bbox 1566 759 1689 816; x_wconf 67' lang='lat' dir='ltr'>prae</span> <span class='ocrx_word' id='word_1_52' title='bbox 1721 743 1948 799; x_wconf 63' lang='lat' dir='ltr'>caeteris</span> <span class='ocrx_word' id='word_1_53' title='bbox 1977 759 2108 799; x_wconf 90' lang='lat' dir='ltr'>sen-</span> 
     </span>
    </p>
   </div>
   <div class='ocr_carea' id='block_1_9' title="bbox 452 830 2108 904">
    <p class='ocr_par' dir='ltr' id='par_1_9' title="bbox 452 830 2108 904">
     <span class='ocr_line' id='line_1_9' title="bbox 452 830 2108 904; baseline -0.001 -16"><span class='ocrx_word' id='word_1_54' title='bbox 452 849 556 888; x_wconf 90' lang='lat' dir='ltr'>sus</span> <span class='ocrx_word' id='word_1_55' title='bbox 599 831 847 900; x_wconf 78' lang='lat' dir='ltr'>refulget</span> <span class='ocrx_word' id='word_1_56' title='bbox 871 831 1151 903; x_wconf 87' lang='lat' dir='ltr'>spiritalis</span> <span class='ocrx_word' id='word_1_57' title='bbox 1181 830 1512 903; x_wconf 56' lang='lat' dir='ltr'>sapientia.</span> <span class='ocrx_word' id='word_1_58' title='bbox 1565 834 1798 888; x_wconf 86' lang='lat' dir='ltr'>Aurum</span> <span class='ocrx_word' id='word_1_59' title='bbox 1843 848 2108 904; x_wconf 83' lang='lat' dir='ltr'>namque</span> 
     </span>
    </p>
   </div>
   <div class='ocr_carea' id='block_1_10' title="bbox 449 916 2108 992">
    <p class='ocr_par' dir='ltr' id='par_1_10' title="bbox 449 916 2108 992">
     <span class='ocr_line' id='line_1_10' title="bbox 449 916 2108 992; baseline -0.004 -16"><span class='ocrx_word' id='word_1_60' title='bbox 449 919 804 992; x_wconf 74' lang='lat' dir='ltr'>sapientiam</span> <span class='ocrx_word' id='word_1_61' title='bbox 855 919 1174 988; x_wconf 89' lang='lat' dir='ltr'>signiﬁcat,</span> <span class='ocrx_word' id='word_1_62' title='bbox 1233 919 1555 976; x_wconf 86' lang='lat' dir='ltr'>Salomone</span> <span class='ocrx_word' id='word_1_63' title='bbox 1610 924 1946 986; x_wconf 87' lang='lat' dir='ltr'>attestante,</span> <span class='ocrx_word' id='word_1_64' title='bbox 2003 916 2108 988; x_wconf 89' lang='lat' dir='ltr'>qui</span> 
     </span>
    </p>
   </div>
   <div class='ocr_carea' id='block_1_11' title="bbox 445 1007 2110 1078">
    <p class='ocr_par' dir='ltr' id='par_1_11' title="bbox 445 1007 2110 1078">
     <span class='ocr_line' id='line_1_11' title="bbox 445 1007 2110 1078; baseline -0.002 -14"><span class='ocrx_word' id='word_1_65' title='bbox 445 1008 561 1064; x_wconf 86' lang='lat' dir='ltr'>ait:</span> <span class='ocrx_word' id='word_1_66' title='bbox 602 1009 942 1064; x_wconf 75' lang='lat' dir='ltr'>Thesaurus</span> <span class='ocrx_word' id='word_1_67' title='bbox 971 1007 1387 1064; x_wconf 80' lang='lat' dir='ltr'>desiderabilis</span> <span class='ocrx_word' id='word_1_68' title='bbox 1453 1009 1767 1078; x_wconf 71' lang='lat' dir='ltr'>requiescit</span> <span class='ocrx_word' id='word_1_69' title='bbox 1797 1009 1859 1063; x_wconf 85' lang='lat' dir='ltr'>in</span> <span class='ocrx_word' id='word_1_70' title='bbox 1890 1021 1992 1062; x_wconf 83' lang='lat' dir='ltr'>ore</span> <span class='ocrx_word' id='word_1_71' title='bbox 2019 1020 2110 1060; x_wconf 87' lang='lat' dir='ltr'>sa-</span> 
     </span>
    </p>
   </div>
   <div class='ocr_carea' id='block_1_12' title="bbox 440 1097 2106 1169">
    <p class='ocr_par' dir='ltr' id='par_1_12' title="bbox 440 1097 2106 1169">
     <span class='ocr_line' id='line_1_12' title="bbox 440 1097 2106 1169; baseline -0.001 -16"><span class='ocrx_word' id='word_1_72' title='bbox 440 1098 657 1166; x_wconf 80' lang='lat' dir='ltr'>pientis</span> <span class='ocrx_word' id='word_1_73' title='bbox 687 1099 891 1163; x_wconf 67' lang='lat' dir='ltr'>(Prov.</span> <span class='ocrx_word' id='word_1_74' title='bbox 925 1099 1186 1167; x_wconf 66' lang='lat'>1:11.20).</span> <span class='ocrx_word' id='word_1_75' title='bbox 1217 1097 1426 1169; x_wconf 81' lang='lat' dir='ltr'>Ibique</span> <span class='ocrx_word' id='word_1_76' title='bbox 1448 1099 1768 1154; x_wconf 80' lang='lat' dir='ltr'>envenitur</span> <span class='ocrx_word' id='word_1_77' title='bbox 1799 1097 2106 1153; x_wconf 83' lang='lat' dir='ltr'>bdellium.</span> 
     </span>
    </p>
   </div>
   <div class='ocr_carea' id='block_1_13' title="bbox 443 1183 2108 1257">
    <p class='ocr_par' dir='ltr' id='par_1_13' title="bbox 443 1183 2108 1257">
     <span class='ocr_line' id='line_1_13' title="bbox 443 1183 2108 1257; baseline -0.002 -16"><span class='ocrx_word' id='word_1_78' title='bbox 443 1185 813 1252; x_wconf 89' lang='lat' dir='ltr'>Bdellium,si</span> <span class='ocrx_word' id='word_1_79' title='bbox 832 1185 912 1242; x_wconf 81' lang='lat' dir='ltr'>ad</span> <span class='ocrx_word' id='word_1_80' title='bbox 929 1185 1160 1256; x_wconf 83' lang='lat' dir='ltr'>lignum</span> <span class='ocrx_word' id='word_1_81' title='bbox 1173 1186 1743 1256; x_wconf 82' lang='lat' dir='ltr'>refertur,signiﬁcat</span> <span class='ocrx_word' id='word_1_82' title='bbox 1757 1183 2108 1257; x_wconf 81' lang='lat' dir='ltr'>mysterium</span> 
     </span>
    </p>
   </div>
   <div class='ocr_carea' id='block_1_14' title="bbox 442 1273 2111 1348">
    <p class='ocr_par' dir='ltr' id='par_1_14' title="bbox 442 1273 2111 1348">
     <span class='ocr_line' id='line_1_14' title="bbox 442 1273 2111 1348; baseline -0.002 -18"><span class='ocrx_word' id='word_1_83' title='bbox 442 1274 658 1341; x_wconf 86' lang='lat' dir='ltr'>crucis,</span> <span class='ocrx_word' id='word_1_84' title='bbox 682 1274 850 1347; x_wconf 90' lang='lat' dir='ltr'>quod</span> <span class='ocrx_word' id='word_1_85' title='bbox 878 1275 940 1330; x_wconf 87' lang='lat' dir='ltr'>in</span> <span class='ocrx_word' id='word_1_86' title='bbox 970 1275 1085 1330; x_wconf 90' lang='lat' dir='ltr'>hoc</span> <span class='ocrx_word' id='word_1_87' title='bbox 1117 1274 1443 1345; x_wconf 78' lang='lat' dir='ltr'>Evangelia</span> <span class='ocrx_word' id='word_1_88' title='bbox 1474 1274 1822 1348; x_wconf 85' lang='lat' dir='ltr'>plenissime</span> <span class='ocrx_word' id='word_1_89' title='bbox 1845 1273 2111 1329; x_wconf 88' lang='lat' dir='ltr'>declara-</span> 
     </span>
    </p>
   </div>
   <div class='ocr_carea' id='block_1_15' title="bbox 439 1362 2106 1437">
    <p class='ocr_par' dir='ltr' id='par_1_15' title="bbox 439 1362 2106 1437">
     <span class='ocr_line' id='line_1_15' title="bbox 439 1362 2106 1437; baseline -0.002 -16"><span class='ocrx_word' id='word_1_90' title='bbox 439 1367 555 1421; x_wconf 87' lang='lat' dir='ltr'>tur.</span> <span class='ocrx_word' id='word_1_91' title='bbox 591 1365 649 1420; x_wconf 89' lang='lat' dir='ltr'>Si</span> <span class='ocrx_word' id='word_1_92' title='bbox 671 1368 874 1420; x_wconf 87' lang='lat' dir='ltr'>autem</span> <span class='ocrx_word' id='word_1_93' title='bbox 893 1362 973 1420; x_wconf 87' lang='lat' dir='ltr'>ad</span> <span class='ocrx_word' id='word_1_94' title='bbox 991 1363 1280 1436; x_wconf 87' lang='lat' dir='ltr'>lapidem,</span> <span class='ocrx_word' id='word_1_95' title='bbox 1303 1365 1408 1437; x_wconf 91' lang='lat' dir='ltr'>qui</span> <span class='ocrx_word' id='word_1_96' title='bbox 1433 1364 1551 1420; x_wconf 91' lang='lat' dir='ltr'>alio</span> <span class='ocrx_word' id='word_1_97' title='bbox 1576 1364 1821 1420; x_wconf 88' lang='lat' dir='ltr'>nomine</span> <span class='ocrx_word' id='word_1_98' title='bbox 1849 1363 2106 1419; x_wconf 79' lang='lat' dir='ltr'>carbun~</span> 
     </span>
    </p>
   </div>
   <div class='ocr_carea' id='block_1_16' title="bbox 441 1451 2104 1522">
    <p class='ocr_par' dir='ltr' id='par_1_16' title="bbox 441 1451 2104 1522">
     <span class='ocr_line' id='line_1_16' title="bbox 441 1451 2104 1522; baseline -0.001 -15"><span class='ocrx_word' id='word_1_99' title='bbox 441 1451 615 1507; x_wconf 80' lang='lat' dir='ltr'>cuius</span> <span class='ocrx_word' id='word_1_100' title='bbox 643 1455 917 1522; x_wconf 85' lang='lat' dir='ltr'>vocatur,</span> <span class='ocrx_word' id='word_1_101' title='bbox 953 1451 1251 1520; x_wconf 85' lang='lat' dir='ltr'>signiﬁcat</span> <span class='ocrx_word' id='word_1_102' title='bbox 1301 1453 1631 1509; x_wconf 87' lang='lat' dir='ltr'>Divinitatis</span> <span class='ocrx_word' id='word_1_103' title='bbox 1671 1451 2104 1508; x_wconf 80' lang='lat' dir='ltr'>excellentiam.</span> 
     </span>
    </p>
   </div>
   <div class='ocr_carea' id='block_1_17' title="bbox 442 1541 2106 1615">
    <p class='ocr_par' dir='ltr' id='par_1_17' title="bbox 442 1541 2106 1615">
     <span class='ocr_line' id='line_1_17' title="bbox 442 1541 2106 1615; baseline -0.001 -19"><span class='ocrx_word' id='word_1_104' title='bbox 442 1543 513 1596; x_wconf 88' lang='lat' dir='ltr'>Et</span> <span class='ocrx_word' id='word_1_105' title='bbox 566 1541 720 1614; x_wconf 90' lang='lat' dir='ltr'>lapis</span> <span class='ocrx_word' id='word_1_106' title='bbox 750 1541 1110 1613; x_wconf 87' lang='lat' dir='ltr'>onychinus,</span> <span class='ocrx_word' id='word_1_107' title='bbox 1141 1541 1248 1614; x_wconf 90' lang='lat' dir='ltr'>qui</span> <span class='ocrx_word' id='word_1_108' title='bbox 1283 1542 1343 1598; x_wconf 91' lang='lat' dir='ltr'>in</span> <span class='ocrx_word' id='word_1_109' title='bbox 1370 1542 1744 1615; x_wconf 86' lang='lat' dir='ltr'>quibusdam</span> <span class='ocrx_word' id='word_1_110' title='bbox 1798 1541 2106 1598; x_wconf 80' lang='lat' dir='ltr'>codicibus</span> 
     </span>
    </p>
   </div>
   <div class='ocr_carea' id='block_1_18' title="bbox 440 1631 2103 1704">
    <p class='ocr_par' dir='ltr' id='par_1_18' title="bbox 440 1631 2103 1704">
     <span class='ocr_line' id='line_1_18' title="bbox 440 1631 2103 1704; baseline -0.001 -16"><span class='ocrx_word' id='word_1_111' title='bbox 440 1631 727 1704; x_wconf 82' lang='lat' dir='ltr'>prasinus</span> <span class='ocrx_word' id='word_1_112' title='bbox 753 1631 1076 1702; x_wconf 85' lang='lat' dir='ltr'>invenitur,</span> <span class='ocrx_word' id='word_1_113' title='bbox 1107 1632 1405 1700; x_wconf 85' lang='lat' dir='ltr'>signiﬁcat</span> <span class='ocrx_word' id='word_1_114' title='bbox 1431 1632 1870 1690; x_wconf 84' lang='lat' dir='ltr'>humanitatem</span> <span class='ocrx_word' id='word_1_115' title='bbox 1902 1631 2103 1687; x_wconf 86' lang='lat' dir='ltr'>Salva-</span> 
     </span>
    </p>
   </div>
   <div class='ocr_carea' id='block_1_19' title="bbox 2219 472 3847 546">
    <p class='ocr_par' dir='ltr' id='par_1_19' title="bbox 2219 472 3847 546">
     <span class='ocr_line' id='line_1_19' title="bbox 2219 472 3847 546; baseline 0.004 -19"><span class='ocrx_word' id='word_1_116' title='bbox 2219 476 2304 528; x_wconf 91' lang='lat' dir='ltr'>ter</span> <span class='ocrx_word' id='word_1_117' title='bbox 2324 473 2584 544; x_wconf 83' lang='lat' dir='ltr'>vigorem</span> <span class='ocrx_word' id='word_1_118' title='bbox 2604 474 2761 538; x_wconf 69' lang='lat' dir='ltr'>vitae,</span> <span class='ocrx_word' id='word_1_119' title='bbox 2783 473 2927 546; x_wconf 88' lang='lat' dir='ltr'>quia</span> <span class='ocrx_word' id='word_1_120' title='bbox 2951 489 3072 529; x_wconf 93' lang='lat' dir='ltr'>non</span> <span class='ocrx_word' id='word_1_121' title='bbox 3089 472 3320 530; x_wconf 87' lang='lat' dir='ltr'>arescit.</span> <span class='ocrx_word' id='word_1_122' title='bbox 3349 475 3534 543; x_wconf 90' lang='lat' dir='ltr'>Geon,</span> <span class='ocrx_word' id='word_1_123' title='bbox 3557 475 3657 546; x_wconf 88' lang='lat' dir='ltr'>qui</span> <span class='ocrx_word' id='word_1_124' title='bbox 3676 477 3847 533; x_wconf 90' lang='lat' dir='ltr'>circuit</span> 
     </span>
    </p>
   </div>
   <div class='ocr_carea' id='block_1_20' title="bbox 2217 548 3844 637">
    <p class='ocr_par' dir='ltr' id='par_1_20' title="bbox 2217 548 3844 637">
     <span class='ocr_line' id='line_1_20' title="bbox 2217 548 3844 637; baseline 0.002 -19"><span class='ocrx_word' id='word_1_125' title='bbox 2217 577 2462 618; x_wconf 88' lang='lat' dir='ltr'>omnem</span> <span class='ocrx_word' id='word_1_126' title='bbox 2495 566 2707 617; x_wconf 87' lang='lat' dir='ltr'>terram</span> <span class='ocrx_word' id='word_1_127' title='bbox 2756 561 3098 634; x_wconf 66' lang='lat' dir='ltr'>Ethiopum</span> <span class='ocrx_word' id='word_1_128' title='bbox 3140 557 3406 618; x_wconf 80' lang='lat' dir='ltr'>calidam</span> <span class='ocrx_word' id='word_1_129' title='bbox 3437 548 3844 637; x_wconf 34' lang='lat' dir='ltr'>fervente-mque</span> 
     </span>
    </p>
   </div>
   <div class='ocr_carea' id='block_1_21' title="bbox 2217 650 3845 721">
    <p class='ocr_par' dir='ltr' id='par_1_21' title="bbox 2217 650 3845 721">
     <span class='ocr_line' id='line_1_21' title="bbox 2217 650 3845 721; baseline 0.003 -17"><span class='ocrx_word' id='word_1_130' title='bbox 2217 650 2511 718; x_wconf 88' lang='lat' dir='ltr'>signiﬁcat</span> <span class='ocrx_word' id='word_1_131' title='bbox 2539 652 2642 721; x_wconf 81' lang='lat' dir='ltr'>[Z.,</span> <span class='ocrx_word' id='word_1_132' title='bbox 2677 651 2917 721; x_wconf 78' lang='lat' dir='ltr'>ﬁgurat]</span> <span class='ocrx_word' id='word_1_133' title='bbox 2958 650 3367 706; x_wconf 85' lang='lat' dir='ltr'>fortitudinem</span> <span class='ocrx_word' id='word_1_134' title='bbox 3397 650 3598 707; x_wconf 87' lang='lat' dir='ltr'>calore</span> <span class='ocrx_word' id='word_1_135' title='bbox 3635 653 3845 709; x_wconf 86' lang='lat' dir='ltr'>actionis</span> 
     </span>
    </p>
   </div>
   <div class='ocr_carea' id='block_1_22' title="bbox 2217 739 3844 812">
    <p class='ocr_par' dir='ltr' id='par_1_22' title="bbox 2217 739 3844 812">
     <span class='ocr_line' id='line_1_22' title="bbox 2217 739 3844 812; baseline 0.003 -19"><span class='ocrx_word' id='word_1_136' title='bbox 2217 739 2478 795; x_wconf 87' lang='lat' dir='ltr'>alacrem</span> <span class='ocrx_word' id='word_1_137' title='bbox 2507 744 2688 812; x_wconf 88' lang='lat' dir='ltr'>atque</span> <span class='ocrx_word' id='word_1_138' title='bbox 2717 739 3055 812; x_wconf 82' lang='lat' dir='ltr'>impigram,</span> <span class='ocrx_word' id='word_1_139' title='bbox 3079 756 3215 812; x_wconf 68' lang='lat' dir='ltr'>quae</span> <span class='ocrx_word' id='word_1_140' title='bbox 3247 745 3496 812; x_wconf 88' lang='lat' dir='ltr'>superat</span> <span class='ocrx_word' id='word_1_141' title='bbox 3527 757 3755 798; x_wconf 89' lang='lat' dir='ltr'>omnem</span> <span class='ocrx_word' id='word_1_142' title='bbox 3774 760 3844 798; x_wconf 85' lang='lat' dir='ltr'>se-</span> 
     </span>
    </p>
   </div>
   <div class='ocr_carea' id='block_1_23' title="bbox 2218 827 3844 900">
    <p class='ocr_par' dir='ltr' id='par_1_23' title="bbox 2218 827 3844 900">
     <span class='ocr_line' id='line_1_23' title="bbox 2218 827 3844 900; baseline 0.003 -19"><span class='ocrx_word' id='word_1_143' title='bbox 2218 827 2477 895; x_wconf 87' lang='lat' dir='ltr'>gnitiem,</span> <span class='ocrx_word' id='word_1_144' title='bbox 2512 833 2568 882; x_wconf 90' lang='lat' dir='ltr'>et</span> <span class='ocrx_word' id='word_1_145' title='bbox 2597 829 2865 900; x_wconf 89' lang='lat' dir='ltr'>pervenit</span> <span class='ocrx_word' id='word_1_146' title='bbox 2893 828 2973 884; x_wconf 90' lang='lat' dir='ltr'>ad</span> <span class='ocrx_word' id='word_1_147' title='bbox 3017 829 3314 884; x_wconf 81' lang='lat' dir='ltr'>fervorem</span> <span class='ocrx_word' id='word_1_148' title='bbox 3343 829 3694 885; x_wconf 86' lang='lat' dir='ltr'>dilectionis.</span> <span class='ocrx_word' id='word_1_149' title='bbox 3737 835 3844 887; x_wconf 87' lang='lat' dir='ltr'>Ter-</span> 
     </span>
    </p>
   </div>
   <div class='ocr_carea' id='block_1_24' title="bbox 2219 917 3844 990">
    <p class='ocr_par' dir='ltr' id='par_1_24' title="bbox 2219 917 3844 990">
     <span class='ocr_line' id='line_1_24' title="bbox 2219 917 3844 990; baseline 0.003 -19"><span class='ocrx_word' id='word_1_150' title='bbox 2219 917 2334 971; x_wconf 86' lang='lat' dir='ltr'>tius</span> <span class='ocrx_word' id='word_1_151' title='bbox 2355 917 2539 985; x_wconf 81' lang='lat' dir='ltr'>Tigris</span> <span class='ocrx_word' id='word_1_152' title='bbox 2570 917 2730 972; x_wconf 81' lang='lat' dir='ltr'>vadit</span> <span class='ocrx_word' id='word_1_153' title='bbox 2759 923 2967 972; x_wconf 85' lang='lat' dir='ltr'>contra</span> <span class='ocrx_word' id='word_1_154' title='bbox 2998 919 3298 990; x_wconf 79' lang='lat' dir='ltr'>Assyrios,</span> <span class='ocrx_word' id='word_1_155' title='bbox 3331 923 3388 974; x_wconf 89' lang='lat' dir='ltr'>et</span> <span class='ocrx_word' id='word_1_156' title='bbox 3409 919 3702 988; x_wconf 81' lang='lat' dir='ltr'>signiﬁcat</span> <span class='ocrx_word' id='word_1_157' title='bbox 3726 925 3844 976; x_wconf 88' lang='lat' dir='ltr'>tem-</span> 
     </span>
    </p>
   </div>
   <div class='ocr_carea' id='block_1_25' title="bbox 2217 1005 3842 1080">
    <p class='ocr_par' dir='ltr' id='par_1_25' title="bbox 2217 1005 3842 1080">
     <span class='ocr_line' id='line_1_25' title="bbox 2217 1005 3842 1080; baseline 0.002 -20"><span class='ocrx_word' id='word_1_158' title='bbox 2217 1005 2574 1078; x_wconf 86' lang='lat' dir='ltr'>perantiam,</span> <span class='ocrx_word' id='word_1_159' title='bbox 2627 1023 2763 1078; x_wconf 61' lang='lat' dir='ltr'>qua</span> <span class='ocrx_word' id='word_1_160' title='bbox 2816 1006 3033 1062; x_wconf 86' lang='lat' dir='ltr'>resistit</span> <span class='ocrx_word' id='word_1_161' title='bbox 3076 1006 3331 1073; x_wconf 83' lang='lat' dir='ltr'>libidini,</span> <span class='ocrx_word' id='word_1_162' title='bbox 3379 1011 3435 1062; x_wconf 91' lang='lat' dir='ltr'>et</span> <span class='ocrx_word' id='word_1_163' title='bbox 3491 1007 3842 1080; x_wconf 84' lang='lat' dir='ltr'>voluptuosas</span> 
     </span>
    </p>
   </div>
   <div class='ocr_carea' id='block_1_26' title="bbox 2220 1094 3842 1170">
    <p class='ocr_par' dir='ltr' id='par_1_26' title="bbox 2220 1094 3842 1170">
     <span class='ocr_line' id='line_1_26' title="bbox 2220 1094 3842 1170; baseline 0.002 -23"><span class='ocrx_word' id='word_1_164' title='bbox 2220 1095 2406 1148; x_wconf 86' lang='lat' dir='ltr'>frenat</span> <span class='ocrx_word' id='word_1_165' title='bbox 2438 1094 2981 1166; x_wconf 85' lang='lat' dir='ltr'>concupiscentias,</span> <span class='ocrx_word' id='word_1_166' title='bbox 3009 1094 3232 1167; x_wconf 88' lang='lat' dir='ltr'>quibus</span> <span class='ocrx_word' id='word_1_167' title='bbox 3283 1095 3591 1151; x_wconf 87' lang='lat' dir='ltr'>immundi</span> <span class='ocrx_word' id='word_1_168' title='bbox 3619 1097 3842 1170; x_wconf 85' lang='lat' dir='ltr'>spiritus,</span> 
     </span>
    </p>
   </div>
   <div class='ocr_carea' id='block_1_27' title="bbox 2217 1182 3844 1258">
    <p class='ocr_par' dir='ltr' id='par_1_27' title="bbox 2217 1182 3844 1258">
     <span class='ocr_line' id='line_1_27' title="bbox 2217 1182 3844 1258; baseline 0.002 -21"><span class='ocrx_word' id='word_1_169' title='bbox 2217 1182 2321 1254; x_wconf 90' lang='lat' dir='ltr'>qui</span> <span class='ocrx_word' id='word_1_170' title='bbox 2365 1182 2780 1251; x_wconf 85' lang='lat' dir='ltr'>significantur</span> <span class='ocrx_word' id='word_1_171' title='bbox 2822 1200 2930 1256; x_wconf 89' lang='lat' dir='ltr'>per</span> <span class='ocrx_word' id='word_1_172' title='bbox 2965 1183 3260 1256; x_wconf 83' lang='lat' dir='ltr'>Assyrios,</span> <span class='ocrx_word' id='word_1_173' title='bbox 3291 1185 3396 1256; x_wconf 89' lang='lat' dir='ltr'>qui</span> <span class='ocrx_word' id='word_1_174' title='bbox 3419 1185 3844 1258; x_wconf 85' lang='lat' dir='ltr'>interpretantur</span> 
     </span>
    </p>
   </div>
   <div class='ocr_carea' id='block_1_28' title="bbox 2212 1271 3844 1345">
    <p class='ocr_par' dir='ltr' id='par_1_28' title="bbox 2212 1271 3844 1345">
     <span class='ocr_line' id='line_1_28' title="bbox 2212 1271 3844 1345; baseline 0.003 -18"><span class='ocrx_word' id='word_1_175' title='bbox 2212 1273 2460 1340; x_wconf 73' lang='lat' dir='ltr'>feroces,</span> <span class='ocrx_word' id='word_1_176' title='bbox 2495 1271 2586 1327; x_wconf 85' lang='lat' dir='ltr'>vel</span> <span class='ocrx_word' id='word_1_177' title='bbox 2612 1274 2786 1342; x_wconf 85' lang='lat' dir='ltr'>quasi</span> <span class='ocrx_word' id='word_1_178' title='bbox 2809 1275 3126 1342; x_wconf 65' lang='lat' dir='ltr'>daemones,</span> <span class='ocrx_word' id='word_1_179' title='bbox 3146 1273 3422 1345; x_wconf 89' lang='lat' dir='ltr'>decipere</span> <span class='ocrx_word' id='word_1_180' title='bbox 3446 1274 3693 1330; x_wconf 91' lang='lat' dir='ltr'>miseros</span> <span class='ocrx_word' id='word_1_181' title='bbox 3717 1281 3844 1332; x_wconf 86' lang='lat' dir='ltr'>sata-</span> 
     </span>
    </p>
   </div>
   <div class='ocr_carea' id='block_1_29' title="bbox 2217 1361 3845 1436">
    <p class='ocr_par' dir='ltr' id='par_1_29' title="bbox 2217 1361 3845 1436">
     <span class='ocr_line' id='line_1_29' title="bbox 2217 1361 3845 1436; baseline 0.002 -21"><span class='ocrx_word' id='word_1_182' title='bbox 2217 1365 2384 1430; x_wconf 83' lang='lat' dir='ltr'>gunt,</span> <span class='ocrx_word' id='word_1_183' title='bbox 2418 1361 2522 1416; x_wconf 90' lang='lat' dir='ltr'>sed</span> <span class='ocrx_word' id='word_1_184' title='bbox 2544 1362 2655 1416; x_wconf 87' lang='lat' dir='ltr'>hac</span> <span class='ocrx_word' id='word_1_185' title='bbox 2683 1362 2896 1417; x_wconf 85' lang='lat' dir='ltr'>virtute</span> <span class='ocrx_word' id='word_1_186' title='bbox 2928 1367 3309 1434; x_wconf 85' lang='lat' dir='ltr'>superantur.</span> <span class='ocrx_word' id='word_1_187' title='bbox 3335 1363 3600 1428; x_wconf 84' lang='lat' dir='ltr'>Quartus</span> <span class='ocrx_word' id='word_1_188' title='bbox 3621 1364 3845 1436; x_wconf 82' lang='lat' dir='ltr'>Euphra-</span> 
     </span>
    </p>
   </div>
   <div class='ocr_carea' id='block_1_30' title="bbox 2216 1451 3847 1526">
    <p class='ocr_par' dir='ltr' id='par_1_30' title="bbox 2216 1451 3847 1526">
     <span class='ocr_line' id='line_1_30' title="bbox 2216 1451 3847 1526; baseline 0.002 -21"><span class='ocrx_word' id='word_1_189' title='bbox 2216 1455 2302 1506; x_wconf 91' lang='lat' dir='ltr'>tes</span> <span class='ocrx_word' id='word_1_190' title='bbox 2334 1467 2455 1506; x_wconf 92' lang='lat' dir='ltr'>non</span> <span class='ocrx_word' id='word_1_191' title='bbox 2483 1456 2572 1506; x_wconf 90' lang='lat' dir='ltr'>est</span> <span class='ocrx_word' id='word_1_192' title='bbox 2591 1451 2785 1506; x_wconf 87' lang='lat' dir='ltr'>dictus</span> <span class='ocrx_word' id='word_1_193' title='bbox 2806 1468 2930 1524; x_wconf 88' lang='lat' dir='ltr'>quo</span> <span class='ocrx_word' id='word_1_194' title='bbox 2954 1452 3151 1519; x_wconf 82' lang='lat' dir='ltr'>vadat,</span> <span class='ocrx_word' id='word_1_195' title='bbox 3185 1457 3289 1508; x_wconf 90' lang='lat' dir='ltr'>aut</span> <span class='ocrx_word' id='word_1_196' title='bbox 3317 1468 3511 1526; x_wconf 88' lang='lat' dir='ltr'>quam</span> <span class='ocrx_word' id='word_1_197' title='bbox 3537 1458 3745 1509; x_wconf 87' lang='lat' dir='ltr'>terram</span> <span class='ocrx_word' id='word_1_198' title='bbox 3763 1455 3847 1509; x_wconf 85' lang='lat' dir='ltr'>cir-</span> 
     </span>
    </p>
   </div>
   <div class='ocr_carea' id='block_1_31' title="bbox 2215 1539 3846 1614">
    <p class='ocr_par' dir='ltr' id='par_1_31' title="bbox 2215 1539 3846 1614">
     <span class='ocr_line' id='line_1_31' title="bbox 2215 1539 3846 1614; baseline 0.001 -20"><span class='ocrx_word' id='word_1_199' title='bbox 2215 1545 2474 1595; x_wconf 88' lang='lat' dir='ltr'>cumeat.</span> <span class='ocrx_word' id='word_1_200' title='bbox 2505 1539 2806 1608; x_wconf 87' lang='lat' dir='ltr'>Signiﬁcat</span> <span class='ocrx_word' id='word_1_201' title='bbox 2833 1544 3030 1596; x_wconf 86' lang='lat' dir='ltr'>autem</span> <span class='ocrx_word' id='word_1_202' title='bbox 3050 1540 3363 1611; x_wconf 85' lang='lat' dir='ltr'>justitiam,</span> <span class='ocrx_word' id='word_1_203' title='bbox 3383 1558 3524 1614; x_wconf 61' lang='lat' dir='ltr'>quae</span> <span class='ocrx_word' id='word_1_204' title='bbox 3557 1541 3634 1597; x_wconf 92' lang='lat' dir='ltr'>ad</span> <span class='ocrx_word' id='word_1_205' title='bbox 3657 1544 3846 1597; x_wconf 87' lang='lat' dir='ltr'>univcr-</span> 
     </span>
    </p>
   </div>
   <div class='ocr_carea' id='block_1_32' title="bbox 2215 1629 3846 1704">
    <p class='ocr_par' dir='ltr' id='par_1_32' title="bbox 2215 1629 3846 1704">
     <span class='ocr_line' id='line_1_32' title="bbox 2215 1629 3846 1704; baseline 0.002 -22"><span class='ocrx_word' id='word_1_206' title='bbox 2215 1645 2316 1684; x_wconf 88' lang='lat' dir='ltr'>sas</span> <span class='ocrx_word' id='word_1_207' title='bbox 2333 1629 2548 1684; x_wconf 70' lang='lat' dir='ltr'>animae</span> <span class='ocrx_word' id='word_1_208' title='bbox 2571 1629 2822 1700; x_wconf 85' lang='lat' dir='ltr'>pertinet</span> <span class='ocrx_word' id='word_1_209' title='bbox 2843 1635 3074 1700; x_wconf 89' lang='lat' dir='ltr'>partes;</span> <span class='ocrx_word' id='word_1_210' title='bbox 3105 1629 3249 1701; x_wconf 89' lang='lat' dir='ltr'>quia</span> <span class='ocrx_word' id='word_1_211' title='bbox 3274 1629 3405 1702; x_wconf 91' lang='lat' dir='ltr'>ipse</span> <span class='ocrx_word' id='word_1_212' title='bbox 3423 1631 3599 1697; x_wconf 89' lang='lat' dir='ltr'>ordo,</span> <span class='ocrx_word' id='word_1_213' title='bbox 3623 1636 3678 1687; x_wconf 92' lang='lat' dir='ltr'>et</span> <span class='ocrx_word' id='word_1_214' title='bbox 3695 1632 3846 1704; x_wconf 64' lang='lat' dir='ltr'>arqui-</span> 
     </span>
    </p>
   </div>
   <div class='ocr_carea' id='block_1_33' title="bbox 442 1717 3843 1796">
    <p class='ocr_par' dir='ltr' id='par_1_33' title="bbox 442 1717 3843 1796">
     <span class='ocr_line' id='line_1_33' title="bbox 442 1717 3843 1796; baseline 0 -21"><span class='ocrx_word' id='word_1_215' title='bbox 442 1720 610 1791; x_wconf 80' lang='lat' dir='ltr'>toris,</span> <span class='ocrx_word' id='word_1_216' title='bbox 641 1736 777 1793; x_wconf 70' lang='lat' dir='ltr'>quae</span> <span class='ocrx_word' id='word_1_217' title='bbox 815 1719 963 1776; x_wconf 86' lang='lat' dir='ltr'>inibi</span> <span class='ocrx_word' id='word_1_218' title='bbox 992 1721 1295 1776; x_wconf 81' lang='lat' dir='ltr'>evidenter</span> <span class='ocrx_word' id='word_1_219' title='bbox 1319 1721 1679 1786; x_wconf 86' lang='lat' dir='ltr'>declaratur,</span> <span class='ocrx_word' id='word_1_220' title='bbox 1709 1722 1785 1776; x_wconf 90' lang='lat' dir='ltr'>de</span> <span class='ocrx_word' id='word_1_221' title='bbox 1815 1737 1939 1794; x_wconf 88' lang='lat' dir='ltr'>qua</span> <span class='ocrx_word' id='word_1_222' title='bbox 1977 1721 2100 1792; x_wconf 88' lang='lat' dir='ltr'>ple-</span> <span class='ocrx_word' id='word_1_223' title='bbox 2147 1743 2186 1796; x_wconf 76' lang='grc' dir='ltr'>Β</span> <span class='ocrx_word' id='word_1_224' title='bbox 2214 1722 2302 1772; x_wconf 89' lang='lat' dir='ltr'>tas</span> <span class='ocrx_word' id='word_1_225' title='bbox 2328 1717 2544 1773; x_wconf 60' lang='lat' dir='ltr'>anima;</span> <span class='ocrx_word' id='word_1_226' title='bbox 2567 1722 2673 1781; x_wconf 90' lang='lat' dir='ltr'>est,</span> <span class='ocrx_word' id='word_1_227' title='bbox 2714 1733 2837 1789; x_wconf 89' lang='lat' dir='ltr'>qua</span> <span class='ocrx_word' id='word_1_228' title='bbox 2869 1717 2982 1772; x_wconf 87' lang='lat' dir='ltr'>sibi</span> <span class='ocrx_word' id='word_1_229' title='bbox 3010 1717 3123 1774; x_wconf 89' lang='lat' dir='ltr'>tria</span> <span class='ocrx_word' id='word_1_230' title='bbox 3147 1719 3257 1773; x_wconf 84' lang='lat' dir='ltr'>ista</span> <span class='ocrx_word' id='word_1_231' title='bbox 3289 1719 3664 1775; x_wconf 83' lang='lat' dir='ltr'>concorditer</span> <span class='ocrx_word' id='word_1_232' title='bbox 3690 1737 3843 1792; x_wconf 88' lang='lat' dir='ltr'>copu-</span> 
     </span>
    </p>
   </div>
   <div class='ocr_carea' id='block_1_34' title="bbox 439 1808 2098 1881">
    <p class='ocr_par' dir='ltr' id='par_1_34' title="bbox 439 1808 2098 1881">
     <span class='ocr_line' id='line_1_34' title="bbox 439 1808 2098 1881; baseline 0.001 -18"><span class='ocrx_word' id='word_1_233' title='bbox 439 1808 690 1872; x_wconf 80' lang='lat' dir='ltr'>nissime</span> <span class='ocrx_word' id='word_1_234' title='bbox 734 1809 797 1864; x_wconf 91' lang='lat' dir='ltr'>in</span> <span class='ocrx_word' id='word_1_235' title='bbox 839 1809 954 1865; x_wconf 88' lang='lat' dir='ltr'>hoc</span> <span class='ocrx_word' id='word_1_236' title='bbox 1004 1810 1218 1878; x_wconf 88' lang='lat' dir='ltr'>legitur</span> <span class='ocrx_word' id='word_1_237' title='bbox 1247 1810 1585 1880; x_wconf 86' lang='lat' dir='ltr'>Evangelio.</span> <span class='ocrx_word' id='word_1_238' title='bbox 1612 1812 1770 1867; x_wconf 83' lang='lat' dir='ltr'>Gcon</span> <span class='ocrx_word' id='word_1_239' title='bbox 1797 1826 1962 1876; x_wconf 87' lang='lat' dir='ltr'>vero,</span> <span class='ocrx_word' id='word_1_240' title='bbox 1996 1810 2098 1881; x_wconf 90' lang='lat' dir='ltr'>qui</span> 
     </span>
    </p>
   </div>
   <div class='ocr_carea' id='block_1_35' title="bbox 437 1895 2100 1972">
    <p class='ocr_par' dir='ltr' id='par_1_35' title="bbox 437 1895 2100 1972">
     <span class='ocr_line' id='line_1_35' title="bbox 437 1895 2100 1972; baseline 0.001 -20"><span class='ocrx_word' id='word_1_241' title='bbox 437 1895 860 1970; x_wconf 86' lang='lat' dir='ltr'>interpretatur</span> <span class='ocrx_word' id='word_1_242' title='bbox 887 1905 1065 1954; x_wconf 73' lang='lat' dir='ltr'>terrae</span> <span class='ocrx_word' id='word_1_243' title='bbox 1089 1901 1314 1968; x_wconf 81' lang='lat' dir='ltr'>gratia,</span> <span class='ocrx_word' id='word_1_244' title='bbox 1339 1900 1685 1972; x_wconf 68' lang='lat' dir='ltr'>prmﬁgurat</span> <span class='ocrx_word' id='word_1_245' title='bbox 1713 1897 2100 1966; x_wconf 85' lang='lat' dir='ltr'>Evangelium</span> 
     </span>
    </p>
   </div>
   <div class='ocr_carea' id='block_1_36' title="bbox 437 1987 2100 2060">
    <p class='ocr_par' dir='ltr' id='par_1_36' title="bbox 437 1987 2100 2060">
     <span class='ocr_line' id='line_1_36' title="bbox 437 1987 2100 2060; baseline -0.001 -16"><span class='ocrx_word' id='word_1_246' title='bbox 437 1987 707 2054; x_wconf 73' lang='lat' dir='ltr'>Mattheei,</span> <span class='ocrx_word' id='word_1_247' title='bbox 739 1987 883 2060; x_wconf 87' lang='lat' dir='ltr'>quia</span> <span class='ocrx_word' id='word_1_248' title='bbox 907 1987 1133 2044; x_wconf 88' lang='lat' dir='ltr'>ibidem</span> <span class='ocrx_word' id='word_1_249' title='bbox 1151 1990 1488 2045; x_wconf 86' lang='lat' dir='ltr'>continetur</span> <span class='ocrx_word' id='word_1_250' title='bbox 1515 1988 1770 2060; x_wconf 89' lang='lat' dir='ltr'>qualiter</span> <span class='ocrx_word' id='word_1_251' title='bbox 1811 1987 2100 2042; x_wconf 84' lang='lat' dir='ltr'>Dominus</span> 
     </span>
    </p>
   </div>
   <div class='ocr_carea' id='block_1_37' title="bbox 437 2075 2100 2147">
    <p class='ocr_par' dir='ltr' id='par_1_37' title="bbox 437 2075 2100 2147">
     <span class='ocr_line' id='line_1_37' title="bbox 437 2075 2100 2147; baseline 0 -17"><span class='ocrx_word' id='word_1_252' title='bbox 437 2092 548 2132; x_wconf 84' lang='lat' dir='ltr'>sua</span> <span class='ocrx_word' id='word_1_253' title='bbox 581 2077 794 2147; x_wconf 81' lang='lat' dir='ltr'>gratia,</span> <span class='ocrx_word' id='word_1_254' title='bbox 827 2076 1006 2132; x_wconf 87' lang='lat' dir='ltr'>nullis</span> <span class='ocrx_word' id='word_1_255' title='bbox 1035 2077 1260 2133; x_wconf 88' lang='lat' dir='ltr'>nostris</span> <span class='ocrx_word' id='word_1_256' title='bbox 1291 2078 1518 2134; x_wconf 83' lang='lat' dir='ltr'>meritis</span> <span class='ocrx_word' id='word_1_257' title='bbox 1549 2075 1948 2146; x_wconf 83' lang='lat' dir='ltr'>exigentibus,</span> <span class='ocrx_word' id='word_1_258' title='bbox 1985 2082 2100 2130; x_wconf 88' lang='lat' dir='ltr'>ter-</span> 
     </span>
    </p>
   </div>
   <div class='ocr_carea' id='block_1_38' title="bbox 432 2166 2097 2238">
    <p class='ocr_par' dir='ltr' id='par_1_38' title="bbox 432 2166 2097 2238">
     <span class='ocr_line' id='line_1_38' title="bbox 432 2166 2097 2238; baseline 0.001 -17"><span class='ocrx_word' id='word_1_259' title='bbox 432 2179 565 2223; x_wconf 83' lang='lat' dir='ltr'>ram</span> <span class='ocrx_word' id='word_1_260' title='bbox 595 2168 790 2222; x_wconf 87' lang='lat' dir='ltr'>carnis</span> <span class='ocrx_word' id='word_1_261' title='bbox 818 2173 1036 2223; x_wconf 68' lang='lat' dir='ltr'>nostras</span> <span class='ocrx_word' id='word_1_262' title='bbox 1059 2184 1372 2222; x_wconf 85' lang='lat' dir='ltr'>assumere</span> <span class='ocrx_word' id='word_1_263' title='bbox 1404 2166 1689 2237; x_wconf 87' lang='lat' dir='ltr'>dignatus</span> <span class='ocrx_word' id='word_1_264' title='bbox 1717 2173 1827 2236; x_wconf 88' lang='lat' dir='ltr'>est,</span> <span class='ocrx_word' id='word_1_265' title='bbox 1871 2167 1946 2222; x_wconf 90' lang='lat' dir='ltr'>de</span> <span class='ocrx_word' id='word_1_266' title='bbox 1973 2182 2097 2238; x_wconf 89' lang='lat' dir='ltr'>qua</span> 
     </span>
    </p>
   </div>
   <div class='ocr_carea' id='block_1_39' title="bbox 433 2257 2098 2330">
    <p class='ocr_par' dir='ltr' id='par_1_39' title="bbox 433 2257 2098 2330">
     <span class='ocr_line' id='line_1_39' title="bbox 433 2257 2098 2330; baseline 0 -18"><span class='ocrx_word' id='word_1_267' title='bbox 433 2261 490 2312; x_wconf 84' lang='lat' dir='ltr'>et</span> <span class='ocrx_word' id='word_1_268' title='bbox 519 2257 699 2314; x_wconf 85' lang='lat' dir='ltr'>Isaias</span> <span class='ocrx_word' id='word_1_269' title='bbox 723 2257 802 2314; x_wconf 87' lang='lat' dir='ltr'>ad</span> <span class='ocrx_word' id='word_1_270' title='bbox 829 2258 1067 2313; x_wconf 71' lang='lat' dir='ltr'>JUdtBOS</span> <span class='ocrx_word' id='word_1_271' title='bbox 1095 2257 1358 2330; x_wconf 86' lang='lat' dir='ltr'>loquitur</span> <span class='ocrx_word' id='word_1_272' title='bbox 1415 2258 1640 2314; x_wconf 83' lang='lat' dir='ltr'>dicens:</span> <span class='ocrx_word' id='word_1_273' title='bbox 1671 2258 1998 2326; x_wconf 72' lang='lat' dir='ltr'>Inter/iciet</span> <span class='ocrx_word' id='word_1_274' title='bbox 2044 2263 2098 2312; x_wconf 89' lang='lat' dir='ltr'>te</span> 
     </span>
    </p>
   </div>
   <div class='ocr_carea' id='block_1_40' title="bbox 431 2346 2096 2414">
    <p class='ocr_par' dir='ltr' id='par_1_40' title="bbox 431 2346 2096 2414">
     <span class='ocr_line' id='line_1_40' title="bbox 431 2346 2096 2414; baseline 0.001 -14"><span class='ocrx_word' id='word_1_275' title='bbox 431 2346 718 2402; x_wconf 77' lang='lat' dir='ltr'>Dominus</span> <span class='ocrx_word' id='word_1_276' title='bbox 740 2348 896 2402; x_wconf 84' lang='lat' dir='ltr'>Deus</span> <span class='ocrx_word' id='word_1_277' title='bbox 919 2353 1078 2414; x_wconf 75' lang='lat' dir='ltr'>tuus,</span> <span class='ocrx_word' id='word_1_278' title='bbox 1109 2353 1161 2403; x_wconf 92' lang='lat' dir='ltr'>et</span> <span class='ocrx_word' id='word_1_279' title='bbox 1186 2362 1382 2402; x_wconf 86' lang='lat' dir='ltr'>servos</span> <span class='ocrx_word' id='word_1_280' title='bbox 1408 2362 1544 2402; x_wconf 85' lang='lat' dir='ltr'>suos</span> <span class='ocrx_word' id='word_1_281' title='bbox 1595 2347 1824 2402; x_wconf 86' lang='lat' dir='ltr'>vocabit</span> <span class='ocrx_word' id='word_1_282' title='bbox 1857 2347 2096 2401; x_wconf 74' lang='lat' dir='ltr'>uouu&#39;ne</span> 
     </span>
    </p>
   </div>
   <div class='ocr_carea' id='block_1_41' title="bbox 430 2436 2091 2508">
    <p class='ocr_par' dir='ltr' id='par_1_41' title="bbox 430 2436 2091 2508">
     <span class='ocr_line' id='line_1_41' title="bbox 430 2436 2091 2508; baseline -0.001 -17"><span class='ocrx_word' id='word_1_283' title='bbox 430 2438 572 2499; x_wconf 83' lang='lat' dir='ltr'>alio,</span> <span class='ocrx_word' id='word_1_284' title='bbox 608 2438 672 2492; x_wconf 76' lang='lat' dir='ltr'>iu</span> <span class='ocrx_word' id='word_1_285' title='bbox 702 2453 839 2508; x_wconf 87' lang='lat' dir='ltr'>quo,</span> <span class='ocrx_word' id='word_1_286' title='bbox 869 2438 974 2508; x_wconf 86' lang='lat' dir='ltr'>qui</span> <span class='ocrx_word' id='word_1_287' title='bbox 994 2437 1364 2492; x_wconf 69' lang='lat' dir='ltr'>benedicatur</span> <span class='ocrx_word' id='word_1_288' title='bbox 1391 2452 1575 2504; x_wconf 85' lang='lat' dir='ltr'>super</span> <span class='ocrx_word' id='word_1_289' title='bbox 1621 2444 1868 2501; x_wconf 85' lang='lat' dir='ltr'>terram,</span> <span class='ocrx_word' id='word_1_290' title='bbox 1927 2436 2091 2491; x_wconf 82' lang='lat' dir='ltr'>bene-</span> 
     </span>
    </p>
   </div>
   <div class='ocr_carea' id='block_1_42' title="bbox 428 2525 2090 2595">
    <p class='ocr_par' dir='ltr' id='par_1_42' title="bbox 428 2525 2090 2595">
     <span class='ocr_line' id='line_1_42' title="bbox 428 2525 2090 2595; baseline -0.001 -15"><span class='ocrx_word' id='word_1_291' title='bbox 428 2525 665 2581; x_wconf 76' lang='lat' dir='ltr'>dicatur</span> <span class='ocrx_word' id='word_1_292' title='bbox 699 2527 760 2581; x_wconf 87' lang='lat' dir='ltr'>in</span> <span class='ocrx_word' id='word_1_293' title='bbox 793 2527 935 2591; x_wconf 84' lang='lat' dir='ltr'>Deo,</span> <span class='ocrx_word' id='word_1_294' title='bbox 966 2539 1162 2591; x_wconf 70' lang='lat' dir='ltr'>einen,</span> <span class='ocrx_word' id='word_1_295' title='bbox 1218 2531 1272 2580; x_wconf 91' lang='lat' dir='ltr'>et</span> <span class='ocrx_word' id='word_1_296' title='bbox 1324 2530 1428 2595; x_wconf 88' lang='lat' dir='ltr'>qui</span> <span class='ocrx_word' id='word_1_297' title='bbox 1473 2527 1655 2593; x_wconf 87' lang='lat' dir='ltr'>jurat</span> <span class='ocrx_word' id='word_1_298' title='bbox 1688 2527 1751 2581; x_wconf 82' lang='lat' dir='ltr'>in</span> <span class='ocrx_word' id='word_1_299' title='bbox 1781 2531 1966 2594; x_wconf 86' lang='lat' dir='ltr'>terra,</span> <span class='ocrx_word' id='word_1_300' title='bbox 1988 2528 2090 2594; x_wconf 87' lang='lat' dir='ltr'>ju-</span> 
     </span>
    </p>
   </div>
   <div class='ocr_carea' id='block_1_43' title="bbox 429 2615 1435 2682">
    <p class='ocr_par' dir='ltr' id='par_1_43' title="bbox 429 2615 1435 2682">
     <span class='ocr_line' id='line_1_43' title="bbox 429 2615 1435 2682; baseline 0 -13"><span class='ocrx_word' id='word_1_301' title='bbox 429 2619 528 2669; x_wconf 72' lang='grc' dir='ltr'><em>ναι</em></span> <span class='ocrx_word' id='word_1_302' title='bbox 563 2615 625 2668; x_wconf 81' lang='lat' dir='ltr'>iu</span> <span class='ocrx_word' id='word_1_303' title='bbox 652 2615 774 2670; x_wconf 87' lang='lat' dir='ltr'>Deo</span> <span class='ocrx_word' id='word_1_304' title='bbox 796 2630 969 2669; x_wconf 79' lang='lat' dir='ltr'>amen</span> <span class='ocrx_word' id='word_1_305' title='bbox 994 2615 1133 2682; x_wconf 83' lang='lat' dir='ltr'>(Isa.</span> <span class='ocrx_word' id='word_1_306' title='bbox 1163 2630 1292 2679; x_wconf 74' lang='lat' dir='ltr'>va,</span> <span class='ocrx_word' id='word_1_307' title='bbox 1333 2619 1435 2678; x_wconf 79' lang='lat' dir='ltr'>l5).</span> 
     </span>
    </p>
   </div>
   <div class='ocr_carea' id='block_1_44' title="bbox 505 2703 2092 2774">
    <p class='ocr_par' dir='ltr' id='par_1_44' title="bbox 505 2703 2092 2774">
     <span class='ocr_line' id='line_1_44' title="bbox 505 2703 2092 2774; baseline 0.001 -17"><span class='ocrx_word' id='word_1_308' title='bbox 505 2703 719 2772; x_wconf 73' lang='lat' dir='ltr'>Tigris,</span> <span class='ocrx_word' id='word_1_309' title='bbox 747 2704 852 2772; x_wconf 87' lang='lat' dir='ltr'>qui</span> <span class='ocrx_word' id='word_1_310' title='bbox 909 2704 1075 2757; x_wconf 83' lang='lat' dir='ltr'>vadit</span> <span class='ocrx_word' id='word_1_311' title='bbox 1117 2708 1330 2757; x_wconf 84' lang='lat' dir='ltr'>contra</span> <span class='ocrx_word' id='word_1_312' title='bbox 1375 2705 1676 2771; x_wconf 74' lang='lat' dir='ltr'>Assyrios,</span> <span class='ocrx_word' id='word_1_313' title='bbox 1704 2719 1888 2774; x_wconf 89' lang='lat' dir='ltr'>quem</span> <span class='ocrx_word' id='word_1_314' title='bbox 1914 2705 2092 2773; x_wconf 86' lang='lat' dir='ltr'>sagit-</span> 
     </span>
    </p>
   </div>
   <div class='ocr_carea' id='block_1_45' title="bbox 432 2789 2092 2860">
    <p class='ocr_par' dir='ltr' id='par_1_45' title="bbox 432 2789 2092 2860">
     <span class='ocr_line' id='line_1_45' title="bbox 432 2789 2092 2860; baseline 0.001 -17"><span class='ocrx_word' id='word_1_315' title='bbox 432 2794 555 2844; x_wconf 85' lang='lat' dir='ltr'>tam</span> <span class='ocrx_word' id='word_1_316' title='bbox 582 2789 956 2860; x_wconf 88' lang='lat' dir='ltr'>interpretari</span> <span class='ocrx_word' id='word_1_317' title='bbox 973 2789 1201 2855; x_wconf 90' lang='lat' dir='ltr'>dicunt,</span> <span class='ocrx_word' id='word_1_318' title='bbox 1217 2789 1512 2858; x_wconf 85' lang='lat' dir='ltr'>signiﬁcat</span> <span class='ocrx_word' id='word_1_319' title='bbox 1543 2791 1929 2857; x_wconf 84' lang='lat' dir='ltr'>Evangelium</span> <span class='ocrx_word' id='word_1_320' title='bbox 1953 2794 2092 2845; x_wconf 81' lang='lat' dir='ltr'>Mar-</span> 
     </span>
    </p>
   </div>
   <div class='ocr_carea' id='block_1_46' title="bbox 430 2877 2089 2950">
    <p class='ocr_par' dir='ltr' id='par_1_46' title="bbox 430 2877 2089 2950">
     <span class='ocr_line' id='line_1_46' title="bbox 430 2877 2089 2950; baseline 0.001 -18"><span class='ocrx_word' id='word_1_321' title='bbox 430 2877 502 2943; x_wconf 87' lang='lat' dir='ltr'>ci,</span> <span class='ocrx_word' id='word_1_322' title='bbox 535 2879 639 2950; x_wconf 88' lang='lat' dir='ltr'>qui</span> <span class='ocrx_word' id='word_1_323' title='bbox 663 2877 850 2933; x_wconf 91' lang='lat' dir='ltr'>veloci</span> <span class='ocrx_word' id='word_1_324' title='bbox 867 2883 924 2932; x_wconf 84' lang='lat' dir='ltr'>et</span> <span class='ocrx_word' id='word_1_325' title='bbox 939 2877 1102 2932; x_wconf 87' lang='lat' dir='ltr'>brevi</span> <span class='ocrx_word' id='word_1_326' title='bbox 1129 2894 1404 2932; x_wconf 88' lang='lat' dir='ltr'>sermone</span> <span class='ocrx_word' id='word_1_327' title='bbox 1427 2879 1881 2950; x_wconf 89' lang='lat' dir='ltr'>comprehendit</span> <span class='ocrx_word' id='word_1_328' title='bbox 1899 2882 2089 2934; x_wconf 80' lang='lat' dir='ltr'>Evan-</span> 
     </span>
    </p>
   </div>
   <div class='ocr_carea' id='block_1_47' title="bbox 425 2965 2087 3039">
    <p class='ocr_par' dir='ltr' id='par_1_47' title="bbox 425 2965 2087 3039">
     <span class='ocr_line' id='line_1_47' title="bbox 425 2965 2087 3039; baseline 0.002 -18"><span class='ocrx_word' id='word_1_329' title='bbox 425 2965 573 3022; x_wconf 86' lang='lat' dir='ltr'>lium</span> <span class='ocrx_word' id='word_1_330' title='bbox 603 2983 802 3022; x_wconf 88' lang='lat' dir='ltr'>suum.</span> <span class='ocrx_word' id='word_1_331' title='bbox 836 2967 946 3031; x_wconf 84' lang='lat' dir='ltr'>Qui</span> <span class='ocrx_word' id='word_1_332' title='bbox 975 2966 1128 3021; x_wconf 88' lang='lat' dir='ltr'>bene</span> <span class='ocrx_word' id='word_1_333' title='bbox 1161 2974 1367 3022; x_wconf 81' lang='lat' dir='ltr'>contra</span> <span class='ocrx_word' id='word_1_334' title='bbox 1393 2969 1687 3038; x_wconf 80' lang='lat' dir='ltr'>Assyrios,</span> <span class='ocrx_word' id='word_1_335' title='bbox 1719 2969 1821 3039; x_wconf 91' lang='lat' dir='ltr'>qui</span> <span class='ocrx_word' id='word_1_336' title='bbox 1840 2970 2087 3036; x_wconf 79' lang='lat' dir='ltr'>feroces,</span> 
     </span>
    </p>
   </div>
   <div class='ocr_carea' id='block_1_48' title="bbox 2210 1806 3847 1882">
    <p class='ocr_par' dir='ltr' id='par_1_48' title="bbox 2210 1806 3847 1882">
     <span class='ocr_line' id='line_1_48' title="bbox 2210 1806 3847 1882; baseline 0.002 -21"><span class='ocrx_word' id='word_1_337' title='bbox 2210 1806 2432 1875; x_wconf 87' lang='lat' dir='ltr'>lantur,</span> <span class='ocrx_word' id='word_1_338' title='bbox 2465 1810 2524 1862; x_wconf 91' lang='lat' dir='ltr'>et</span> <span class='ocrx_word' id='word_1_339' title='bbox 2548 1806 2609 1862; x_wconf 92' lang='lat' dir='ltr'>in</span> <span class='ocrx_word' id='word_1_340' title='bbox 2633 1806 2747 1862; x_wconf 87' lang='lat' dir='ltr'>ista</span> <span class='ocrx_word' id='word_1_341' title='bbox 2777 1811 2900 1862; x_wconf 89' lang='lat' dir='ltr'>tota</span> <span class='ocrx_word' id='word_1_342' title='bbox 2931 1807 3313 1879; x_wconf 86' lang='lat' dir='ltr'>copulatione</span> <span class='ocrx_word' id='word_1_343' title='bbox 3341 1815 3526 1882; x_wconf 88' lang='lat' dir='ltr'>atque</span> <span class='ocrx_word' id='word_1_344' title='bbox 3558 1811 3847 1866; x_wconf 88' lang='lat' dir='ltr'>ordinatio-</span> 
     </span>
    </p>
   </div>
   <div class='ocr_carea' id='block_1_49' title="bbox 2211 1893 3849 1971">
    <p class='ocr_par' dir='ltr' id='par_1_49' title="bbox 2211 1893 3849 1971">
     <span class='ocr_line' id='line_1_49' title="bbox 2211 1893 3849 1971; baseline 0.002 -21"><span class='ocrx_word' id='word_1_345' title='bbox 2211 1911 2286 1950; x_wconf 91' lang='lat' dir='ltr'>nc</span> <span class='ocrx_word' id='word_1_346' title='bbox 2312 1895 2544 1966; x_wconf 86' lang='lat' dir='ltr'>justitia</span> <span class='ocrx_word' id='word_1_347' title='bbox 2574 1900 2682 1951; x_wconf 90' lang='lat' dir='ltr'>est.</span> <span class='ocrx_word' id='word_1_348' title='bbox 2717 1893 2830 1950; x_wconf 86' lang='lat' dir='ltr'>Sed</span> <span class='ocrx_word' id='word_1_349' title='bbox 2861 1896 3202 1952; x_wconf 83' lang='lat' dir='ltr'>notandum</span> <span class='ocrx_word' id='word_1_350' title='bbox 3232 1902 3321 1952; x_wconf 78' lang='lat' dir='ltr'>est</span> <span class='ocrx_word' id='word_1_351' title='bbox 3357 1899 3508 1970; x_wconf 89' lang='lat' dir='ltr'>quia</span> <span class='ocrx_word' id='word_1_352' title='bbox 3537 1899 3849 1971; x_wconf 82' lang='lat' dir='ltr'>philosOphi</span> 
     </span>
    </p>
   </div>
   <div class='ocr_carea' id='block_1_50' title="bbox 2211 1983 3848 2060">
    <p class='ocr_par' dir='ltr' id='par_1_50' title="bbox 2211 1983 3848 2060">
     <span class='ocr_line' id='line_1_50' title="bbox 2211 1983 3848 2060; baseline 0.002 -21"><span class='ocrx_word' id='word_1_353' title='bbox 2211 1991 2267 2039; x_wconf 90' lang='lat' dir='ltr'>et</span> <span class='ocrx_word' id='word_1_354' title='bbox 2288 1983 2562 2039; x_wconf 91' lang='lat' dir='ltr'>nonnulli</span> <span class='ocrx_word' id='word_1_355' title='bbox 2587 1983 2859 2039; x_wconf 89' lang='lat' dir='ltr'>doctores</span> <span class='ocrx_word' id='word_1_356' title='bbox 2875 1985 3207 2041; x_wconf 82' lang='lat' dir='ltr'>secundum</span> <span class='ocrx_word' id='word_1_357' title='bbox 3222 1987 3483 2043; x_wconf 82' lang='lat' dir='ltr'>ethicam</span> <span class='ocrx_word' id='word_1_358' title='bbox 3501 1988 3848 2060; x_wconf 85' lang='lat' dir='ltr'>disciplinam</span> 
     </span>
    </p>
   </div>
   <div class='ocr_carea' id='block_1_51' title="bbox 2211 2072 3847 2150">
    <p class='ocr_par' dir='ltr' id='par_1_51' title="bbox 2211 2072 3847 2150">
     <span class='ocr_line' id='line_1_51' title="bbox 2211 2072 3847 2150; baseline 0.004 -24"><span class='ocrx_word' id='word_1_359' title='bbox 2211 2073 2584 2145; x_wconf 85' lang='lat' dir='ltr'>supradictas</span> <span class='ocrx_word' id='word_1_360' title='bbox 2645 2072 2886 2128; x_wconf 90' lang='lat' dir='ltr'>virtutes</span> <span class='ocrx_word' id='word_1_361' title='bbox 2937 2073 3021 2129; x_wconf 86' lang='lat' dir='ltr'>ita</span> <span class='ocrx_word' id='word_1_362' title='bbox 3104 2075 3415 2132; x_wconf 86' lang='lat' dir='ltr'>ordinant:</span> <span class='ocrx_word' id='word_1_363' title='bbox 3470 2077 3847 2150; x_wconf 85' lang='lat' dir='ltr'>prudentiam,</span> 
     </span>
    </p>
   </div>
   <div class='ocr_carea' id='block_1_52' title="bbox 2200 2161 3847 2237">
    <p class='ocr_par' dir='ltr' id='par_1_52' title="bbox 2200 2161 3847 2237">
     <span class='ocr_line' id='line_1_52' title="bbox 2200 2161 3847 2237; baseline 0.003 -23"><span class='ocrx_word' id='word_1_364' title='bbox 2200 2161 2516 2231; x_wconf 85' lang='lat' dir='ltr'>justitiam,</span> <span class='ocrx_word' id='word_1_365' title='bbox 2548 2161 2975 2227; x_wconf 79' lang='lat' dir='ltr'>fortitudinem,</span> <span class='ocrx_word' id='word_1_366' title='bbox 3007 2167 3066 2218; x_wconf 91' lang='lat' dir='ltr'>et</span> <span class='ocrx_word' id='word_1_367' title='bbox 3097 2166 3582 2237; x_wconf 88' lang='lat' dir='ltr'>temperantiam.</span> <span class='ocrx_word' id='word_1_368' title='bbox 3619 2167 3847 2222; x_wconf 88' lang='lat' dir='ltr'>Pruden-</span> 
     </span>
    </p>
   </div>
   <div class='ocr_carea' id='block_1_53' title="bbox 2205 2250 3850 2326">
    <p class='ocr_par' dir='ltr' id='par_1_53' title="bbox 2205 2250 3850 2326">
     <span class='ocr_line' id='line_1_53' title="bbox 2205 2250 3850 2326; baseline 0.001 -20"><span class='ocrx_word' id='word_1_369' title='bbox 2205 2250 2306 2320; x_wconf 89' lang='lat' dir='ltr'>tia,</span> <span class='ocrx_word' id='word_1_370' title='bbox 2339 2251 2638 2323; x_wconf 91' lang='lat' dir='ltr'>inquiunt,</span> <span class='ocrx_word' id='word_1_371' title='bbox 2656 2251 2714 2305; x_wconf 91' lang='lat' dir='ltr'>in</span> <span class='ocrx_word' id='word_1_372' title='bbox 2733 2251 3101 2320; x_wconf 80' lang='lat' dir='ltr'>agnitionem</span> <span class='ocrx_word' id='word_1_373' title='bbox 3117 2255 3379 2309; x_wconf 88' lang='lat' dir='ltr'>veritatis</span> <span class='ocrx_word' id='word_1_374' title='bbox 3400 2255 3705 2311; x_wconf 80' lang='lat' dir='ltr'>hominem</span> <span class='ocrx_word' id='word_1_375' title='bbox 3727 2257 3850 2326; x_wconf 87' lang='lat' dir='ltr'>;jus-</span> 
     </span>
    </p>
   </div>
   <div class='ocr_carea' id='block_1_54' title="bbox 2206 2340 3846 2413">
    <p class='ocr_par' dir='ltr' id='par_1_54' title="bbox 2206 2340 3846 2413">
     <span class='ocr_line' id='line_1_54' title="bbox 2206 2340 3846 2413; baseline 0.001 -19"><span class='ocrx_word' id='word_1_376' title='bbox 2206 2341 2332 2395; x_wconf 89' lang='lat' dir='ltr'>titia</span> <span class='ocrx_word' id='word_1_377' title='bbox 2363 2340 2740 2395; x_wconf 68' lang='lat' dir='ltr'>dilectionem</span> <span class='ocrx_word' id='word_1_378' title='bbox 2782 2341 2884 2395; x_wconf 89' lang='lat' dir='ltr'>Dei</span> <span class='ocrx_word' id='word_1_379' title='bbox 2927 2345 2983 2396; x_wconf 91' lang='lat' dir='ltr'>et</span> <span class='ocrx_word' id='word_1_380' title='bbox 3030 2343 3285 2413; x_wconf 82' lang='lat' dir='ltr'>proximi</span> <span class='ocrx_word' id='word_1_381' title='bbox 3322 2351 3561 2412; x_wconf 86' lang='lat' dir='ltr'>servat;</span> <span class='ocrx_word' id='word_1_382' title='bbox 3594 2345 3846 2399; x_wconf 79' lang='lat' dir='ltr'>fortitudo</span> 
     </span>
    </p>
   </div>
   <div class='ocr_carea' id='block_1_55' title="bbox 2203 2431 3848 2506">
    <p class='ocr_par' dir='ltr' id='par_1_55' title="bbox 2203 2431 3848 2506">
     <span class='ocr_line' id='line_1_55' title="bbox 2203 2431 3848 2506; baseline 0.003 -22"><span class='ocrx_word' id='word_1_383' title='bbox 2203 2431 2380 2486; x_wconf 85' lang='lat' dir='ltr'>vincit</span> <span class='ocrx_word' id='word_1_384' title='bbox 2407 2431 2683 2494; x_wconf 82' lang='lat' dir='ltr'>adversa,</span> <span class='ocrx_word' id='word_1_385' title='bbox 2719 2437 3098 2502; x_wconf 83' lang='lat' dir='ltr'>mortemque</span> <span class='ocrx_word' id='word_1_386' title='bbox 3127 2435 3460 2488; x_wconf 84' lang='lat' dir='ltr'>contemnit</span> <span class='ocrx_word' id='word_1_387' title='bbox 3499 2452 3514 2501; x_wconf 89' lang='lat'><strong>;</strong></span> <span class='ocrx_word' id='word_1_388' title='bbox 3544 2440 3848 2506; x_wconf 84' lang='lat' dir='ltr'>temperan-</span> 
     </span>
    </p>
   </div>
   <div class='ocr_carea' id='block_1_56' title="bbox 2204 2519 3842 2592">
    <p class='ocr_par' dir='ltr' id='par_1_56' title="bbox 2204 2519 3842 2592">
     <span class='ocr_line' id='line_1_56' title="bbox 2204 2519 3842 2592; baseline 0.002 -18"><span class='ocrx_word' id='word_1_389' title='bbox 2204 2525 2278 2574; x_wconf 82' lang='lat' dir='ltr'>tia</span> <span class='ocrx_word' id='word_1_390' title='bbox 2293 2521 2532 2576; x_wconf 86' lang='lat' dir='ltr'>vitiosas</span> <span class='ocrx_word' id='word_1_391' title='bbox 2547 2519 2884 2590; x_wconf 85' lang='lat' dir='ltr'>voluptates</span> <span class='ocrx_word' id='word_1_392' title='bbox 2902 2521 3172 2592; x_wconf 84' lang='lat' dir='ltr'>reprimit</span> <span class='ocrx_word' id='word_1_393' title='bbox 3200 2529 3251 2576; x_wconf 88' lang='lat' dir='ltr'>et</span> <span class='ocrx_word' id='word_1_394' title='bbox 3271 2522 3479 2579; x_wconf 86' lang='lat' dir='ltr'>omnia</span> <span class='ocrx_word' id='word_1_395' title='bbox 3504 2525 3842 2579; x_wconf 84' lang='lat' dir='ltr'>moderatur.</span> 
     </span>
    </p>
   </div>
   <div class='ocr_carea' id='block_1_57' title="bbox 2203 2609 3844 2685">
    <p class='ocr_par' dir='ltr' id='par_1_57' title="bbox 2203 2609 3844 2685">
     <span class='ocr_line' id='line_1_57' title="bbox 2203 2609 3844 2685; baseline 0.003 -23"><span class='ocrx_word' id='word_1_396' title='bbox 2203 2610 2300 2663; x_wconf 60' lang='grc' dir='ltr'>Ηυξ</span> <span class='ocrx_word' id='word_1_397' title='bbox 2352 2615 2488 2664; x_wconf 89' lang='lat' dir='ltr'>sunt</span> <span class='ocrx_word' id='word_1_398' title='bbox 2518 2615 2777 2681; x_wconf 87' lang='lat' dir='ltr'>quatuor</span> <span class='ocrx_word' id='word_1_399' title='bbox 2803 2609 3042 2663; x_wconf 85' lang='lat' dir='ltr'>virtutes</span> <span class='ocrx_word' id='word_1_400' title='bbox 3076 2612 3455 2682; x_wconf 81' lang='lat' dir='ltr'>principales,</span> <span class='ocrx_word' id='word_1_401' title='bbox 3493 2630 3634 2685; x_wconf 69' lang='lat' dir='ltr'>quae</span> <span class='ocrx_word' id='word_1_402' title='bbox 3673 2630 3844 2670; x_wconf 86' lang='lat' dir='ltr'>mores</span> 
     </span>
    </p>
   </div>
   <div class='ocr_carea' id='block_1_58' title="bbox 2200 2697 3844 2770">
    <p class='ocr_par' dir='ltr' id='par_1_58' title="bbox 2200 2697 3844 2770">
     <span class='ocr_line' id='line_1_58' title="bbox 2200 2697 3844 2770; baseline 0.001 -16"><span class='ocrx_word' id='word_1_403' title='bbox 2200 2704 2434 2764; x_wconf 88' lang='lat' dir='ltr'>ornant,</span> <span class='ocrx_word' id='word_1_404' title='bbox 2457 2699 2665 2753; x_wconf 85' lang='lat' dir='ltr'>merita</span> <span class='ocrx_word' id='word_1_405' title='bbox 2689 2697 2979 2770; x_wconf 70' lang='lat' dir='ltr'>przrbent,</span> <span class='ocrx_word' id='word_1_406' title='bbox 3007 2699 3316 2755; x_wconf 84' lang='lat' dir='ltr'>diabolum</span> <span class='ocrx_word' id='word_1_407' title='bbox 3358 2700 3627 2768; x_wconf 85' lang='lat' dir='ltr'>vincunt,</span> <span class='ocrx_word' id='word_1_408' title='bbox 3660 2703 3844 2757; x_wconf 59' lang='lat' dir='ltr'>calum</span> 
     </span>
    </p>
   </div>
   <div class='ocr_carea' id='block_1_59' title="bbox 2201 2786 3846 2860">
    <p class='ocr_par' dir='ltr' id='par_1_59' title="bbox 2201 2786 3846 2860">
     <span class='ocr_line' id='line_1_59' title="bbox 2201 2786 3846 2860; baseline 0.002 -18"><span class='ocrx_word' id='word_1_409' title='bbox 2201 2788 2493 2858; x_wconf 85' lang='lat' dir='ltr'>aperiunt.</span> <span class='ocrx_word' id='word_1_410' title='bbox 2529 2788 2719 2841; x_wconf 86' lang='lat' dir='ltr'>Prima</span> <span class='ocrx_word' id='word_1_411' title='bbox 2748 2786 3036 2855; x_wconf 78' lang='lat' dir='ltr'>intelligit,</span> <span class='ocrx_word' id='word_1_412' title='bbox 3060 2789 3327 2844; x_wconf 87' lang='lat' dir='ltr'>secunda</span> <span class='ocrx_word' id='word_1_413' title='bbox 3349 2789 3565 2860; x_wconf 85' lang='lat' dir='ltr'>diligit,</span> <span class='ocrx_word' id='word_1_414' title='bbox 3582 2792 3742 2846; x_wconf 81' lang='lat' dir='ltr'>tertia</span> <span class='ocrx_word' id='word_1_415' title='bbox 3755 2791 3846 2845; x_wconf 85' lang='lat' dir='ltr'>vic-</span> 
     </span>
    </p>
   </div>
   <div class='ocr_carea' id='block_1_60' title="bbox 2201 2876 3842 2952">
    <p class='ocr_par' dir='ltr' id='par_1_60' title="bbox 2201 2876 3842 2952">
     <span class='ocr_line' id='line_1_60' title="bbox 2201 2876 3842 2952; baseline 0.002 -23"><span class='ocrx_word' id='word_1_416' title='bbox 2201 2877 2410 2930; x_wconf 78' lang='lat' dir='ltr'>loriam</span> <span class='ocrx_word' id='word_1_417' title='bbox 2435 2876 2559 2936; x_wconf 84' lang='lat' dir='ltr'>dat,</span> <span class='ocrx_word' id='word_1_418' title='bbox 2586 2876 3060 2947; x_wconf 79' lang='lat' dir='ltr'>quartamoduin</span> <span class='ocrx_word' id='word_1_419' title='bbox 3091 2876 3366 2949; x_wconf 85' lang='lat' dir='ltr'>imponit.</span> <span class='ocrx_word' id='word_1_420' title='bbox 3393 2879 3683 2952; x_wconf 77' lang='lat' dir='ltr'>Quisquis</span> <span class='ocrx_word' id='word_1_421' title='bbox 3707 2880 3842 2934; x_wconf 86' lang='lat' dir='ltr'>enim</span> 
     </span>
    </p>
   </div>
   <div class='ocr_carea' id='block_1_61' title="bbox 2197 2963 3842 3040">
    <p class='ocr_par' dir='ltr' id='par_1_61' title="bbox 2197 2963 3842 3040">
     <span class='ocr_line' id='line_1_61' title="bbox 2197 2963 3842 3040; baseline 0.002 -23"><span class='ocrx_word' id='word_1_422' title='bbox 2197 2971 2458 3035; x_wconf 88' lang='lat' dir='ltr'>quatuor</span> <span class='ocrx_word' id='word_1_423' title='bbox 2478 2963 2808 3026; x_wconf 63' lang='lat' dir='ltr'>tuvanacliis</span> <span class='ocrx_word' id='word_1_424' title='bbox 2831 2963 3152 3020; x_wconf 87' lang='lat' dir='ltr'>instructus</span> <span class='ocrx_word' id='word_1_425' title='bbox 3184 2965 3377 3032; x_wconf 85' lang='lat' dir='ltr'>fuerit,</span> <span class='ocrx_word' id='word_1_426' title='bbox 3402 2973 3460 3022; x_wconf 88' lang='lat' dir='ltr'>et</span> <span class='ocrx_word' id='word_1_427' title='bbox 3491 2968 3588 3023; x_wconf 88' lang='lat' dir='ltr'>his</span> <span class='ocrx_word' id='word_1_428' title='bbox 3610 2974 3842 3040; x_wconf 87' lang='lat' dir='ltr'>quatuor</span> 
     </span>
    </p>
   </div>
   <div class='ocr_carea' id='block_1_62' title="bbox 424 3053 3839 3148">
    <p class='ocr_par' dir='ltr' id='par_1_62' title="bbox 424 3053 3839 3148">
     <span class='ocr_line' id='line_1_62' title="bbox 424 3053 3839 3148; baseline 0 -38"><span class='ocrx_word' id='word_1_429' title='bbox 424 3061 478 3110; x_wconf 86' lang='lat' dir='ltr'>et</span> <span class='ocrx_word' id='word_1_430' title='bbox 505 3058 896 3125; x_wconf 81' lang='lat' dir='ltr'>captivantes,</span> <span class='ocrx_word' id='word_1_431' title='bbox 923 3055 1014 3111; x_wconf 88' lang='lat' dir='ltr'>vel</span> <span class='ocrx_word' id='word_1_432' title='bbox 1044 3059 1218 3127; x_wconf 81' lang='lat' dir='ltr'>quasi</span> <span class='ocrx_word' id='word_1_433' title='bbox 1260 3058 1555 3113; x_wconf 62' lang='lat' dir='ltr'>(laniones</span> <span class='ocrx_word' id='word_1_434' title='bbox 1603 3058 2085 3129; x_wconf 87' lang='lat' dir='ltr'>interpretantur,</span> <span class='ocrx_word' id='word_1_435' title='bbox 2115 3096 2156 3148; x_wconf 67' lang='grc' dir='ltr'>Ο</span> <span class='ocrx_word' id='word_1_436' title='bbox 2196 3053 2515 3107; x_wconf 82' lang='lat' dir='ltr'>virtutibus</span> <span class='ocrx_word' id='word_1_437' title='bbox 2557 3069 2658 3108; x_wconf 84' lang='lat' dir='ltr'>cor</span> <span class='ocrx_word' id='word_1_438' title='bbox 2689 3053 2955 3107; x_wconf 87' lang='lat' dir='ltr'>infusum</span> <span class='ocrx_word' id='word_1_439' title='bbox 2998 3053 3294 3124; x_wconf 87' lang='lat' dir='ltr'>habuerit,</span> <span class='ocrx_word' id='word_1_440' title='bbox 3325 3055 3403 3112; x_wconf 87' lang='lat' dir='ltr'>ab</span> <span class='ocrx_word' id='word_1_441' title='bbox 3448 3060 3622 3112; x_wconf 90' lang='lat' dir='ltr'>omni</span> <span class='ocrx_word' id='word_1_442' title='bbox 3652 3073 3839 3112; x_wconf 82' lang='lat' dir='ltr'>carna-</span> 
     </span>
    </p>
   </div>
   <div class='ocr_carea' id='block_1_63' title="bbox 417 3144 2089 3219">
    <p class='ocr_par' dir='ltr' id='par_1_63' title="bbox 417 3144 2089 3219">
     <span class='ocr_line' id='line_1_63' title="bbox 417 3144 2089 3219; baseline 0 -20"><span class='ocrx_word' id='word_1_443' title='bbox 417 3144 502 3200; x_wconf 88' lang='lat' dir='ltr'>ire</span> <span class='ocrx_word' id='word_1_444' title='bbox 549 3145 784 3212; x_wconf 89' lang='lat' dir='ltr'>dicitur,</span> <span class='ocrx_word' id='word_1_445' title='bbox 813 3146 959 3218; x_wconf 89' lang='lat' dir='ltr'>quia</span> <span class='ocrx_word' id='word_1_446' title='bbox 989 3151 1197 3201; x_wconf 88' lang='lat' dir='ltr'>contra</span> <span class='ocrx_word' id='word_1_447' title='bbox 1227 3162 1433 3202; x_wconf 86' lang='lat' dir='ltr'>aereas</span> <span class='ocrx_word' id='word_1_448' title='bbox 1447 3151 1794 3219; x_wconf 82' lang='lat' dir='ltr'>potestates,</span> <span class='ocrx_word' id='word_1_449' title='bbox 1820 3162 1958 3217; x_wconf 66' lang='lat' dir='ltr'>quae</span> <span class='ocrx_word' id='word_1_450' title='bbox 1991 3162 2089 3214; x_wconf 88' lang='lat' dir='ltr'>ge-</span> 
     </span>
    </p>
   </div>
   <div class='ocr_carea' id='block_1_64' title="bbox 417 3236 2084 3307">
    <p class='ocr_par' dir='ltr' id='par_1_64' title="bbox 417 3236 2084 3307">
     <span class='ocr_line' id='line_1_64' title="bbox 417 3236 2084 3307; baseline -0.001 -16"><span class='ocrx_word' id='word_1_451' title='bbox 417 3251 536 3291; x_wconf 82' lang='lat' dir='ltr'>nus</span> <span class='ocrx_word' id='word_1_452' title='bbox 561 3236 902 3292; x_wconf 84' lang='lat' dir='ltr'>humanum</span> <span class='ocrx_word' id='word_1_453' title='bbox 950 3236 1255 3306; x_wconf 87' lang='lat' dir='ltr'>captivare</span> <span class='ocrx_word' id='word_1_454' title='bbox 1297 3252 1422 3292; x_wconf 89' lang='lat' dir='ltr'>non</span> <span class='ocrx_word' id='word_1_455' title='bbox 1482 3241 1740 3306; x_wconf 80' lang='lat' dir='ltr'>cessant,</span> <span class='ocrx_word' id='word_1_456' title='bbox 1794 3236 2084 3307; x_wconf 86' lang='lat' dir='ltr'>disputat.</span> 
     </span>
    </p>
   </div>
   <div class='ocr_carea' id='block_1_65' title="bbox 414 3325 2086 3398">
    <p class='ocr_par' dir='ltr' id='par_1_65' title="bbox 414 3325 2086 3398">
     <span class='ocr_line' id='line_1_65' title="bbox 414 3325 2086 3398; baseline -0.001 -18"><span class='ocrx_word' id='word_1_457' title='bbox 414 3325 756 3392; x_wconf 76' lang='lat' dir='ltr'>Euphrates</span> <span class='ocrx_word' id='word_1_458' title='bbox 786 3325 1006 3380; x_wconf 83' lang='lat' dir='ltr'>ﬂuvius</span> <span class='ocrx_word' id='word_1_459' title='bbox 1038 3326 1499 3398; x_wconf 65' lang='lat' dir='ltr'>Mesopotamiae,</span> <span class='ocrx_word' id='word_1_460' title='bbox 1532 3325 1636 3396; x_wconf 90' lang='lat' dir='ltr'>qui</span> <span class='ocrx_word' id='word_1_461' title='bbox 1664 3325 2086 3397; x_wconf 87' lang='lat' dir='ltr'>interpretatur</span> 
     </span>
    </p>
   </div>
   <div class='ocr_carea' id='block_1_66' title="bbox 415 3411 2083 3484">
    <p class='ocr_par' dir='ltr' id='par_1_66' title="bbox 415 3411 2083 3484">
     <span class='ocr_line' id='line_1_66' title="bbox 415 3411 2083 3484; baseline 0.001 -18"><span class='ocrx_word' id='word_1_462' title='bbox 415 3411 675 3476; x_wconf 80' lang='lat' dir='ltr'>ubertas,</span> <span class='ocrx_word' id='word_1_463' title='bbox 731 3412 1032 3480; x_wconf 86' lang='lat' dir='ltr'>signiﬁcat</span> <span class='ocrx_word' id='word_1_464' title='bbox 1083 3412 1475 3480; x_wconf 79' lang='lat' dir='ltr'>Evangelium</span> <span class='ocrx_word' id='word_1_465' title='bbox 1539 3415 1731 3481; x_wconf 64' lang='lat' dir='ltr'>Lucus,</span> <span class='ocrx_word' id='word_1_466' title='bbox 1807 3413 1974 3484; x_wconf 86' lang='lat' dir='ltr'>quod</span> <span class='ocrx_word' id='word_1_467' title='bbox 2023 3413 2083 3467; x_wconf 92' lang='lat' dir='ltr'>in</span> 
     </span>
    </p>
   </div>
   <div class='ocr_carea' id='block_1_67' title="bbox 416 3500 2082 3574">
    <p class='ocr_par' dir='ltr' id='par_1_67' title="bbox 416 3500 2082 3574">
     <span class='ocr_line' id='line_1_67' title="bbox 416 3500 2082 3574; baseline 0.001 -18"><span class='ocrx_word' id='word_1_468' title='bbox 416 3515 643 3568; x_wconf 84' lang='lat' dir='ltr'>magna</span> <span class='ocrx_word' id='word_1_469' title='bbox 674 3500 1008 3570; x_wconf 79' lang='lat' dir='ltr'>prolixitate</span> <span class='ocrx_word' id='word_1_470' title='bbox 1041 3501 1448 3572; x_wconf 81' lang='lat' dir='ltr'>conscriptum</span> <span class='ocrx_word' id='word_1_471' title='bbox 1497 3506 1609 3569; x_wconf 89' lang='lat' dir='ltr'>est,</span> <span class='ocrx_word' id='word_1_472' title='bbox 1663 3503 1723 3556; x_wconf 91' lang='lat' dir='ltr'>in</span> <span class='ocrx_word' id='word_1_473' title='bbox 1782 3518 1906 3574; x_wconf 88' lang='lat' dir='ltr'>quo</span> <span class='ocrx_word' id='word_1_474' title='bbox 1957 3517 2082 3557; x_wconf 91' lang='lat' dir='ltr'>non</span> 
     </span>
    </p>
   </div>
   <div class='ocr_carea' id='block_1_68' title="bbox 415 3588 2082 3662">
    <p class='ocr_par' dir='ltr' id='par_1_68' title="bbox 415 3588 2082 3662">
     <span class='ocr_line' id='line_1_68' title="bbox 415 3588 2082 3662; baseline 0.001 -19"><span class='ocrx_word' id='word_1_475' title='bbox 415 3588 611 3644; x_wconf 88' lang='lat' dir='ltr'>solum</span> <span class='ocrx_word' id='word_1_476' title='bbox 641 3588 852 3644; x_wconf 82' lang='lat' dir='ltr'>Christi</span> <span class='ocrx_word' id='word_1_477' title='bbox 870 3588 1172 3656; x_wconf 85' lang='lat' dir='ltr'>nativitas,</span> <span class='ocrx_word' id='word_1_478' title='bbox 1199 3605 1406 3644; x_wconf 90' lang='lat' dir='ltr'>verum</span> <span class='ocrx_word' id='word_1_479' title='bbox 1431 3589 1613 3644; x_wconf 90' lang='lat' dir='ltr'>etiam</span> <span class='ocrx_word' id='word_1_480' title='bbox 1634 3590 1728 3644; x_wconf 90' lang='lat' dir='ltr'>sui</span> <span class='ocrx_word' id='word_1_481' title='bbox 1747 3606 2082 3662; x_wconf 64' lang='lat' dir='ltr'>praecurso-</span> 
     </span>
    </p>
   </div>
   <div class='ocr_carea' id='block_1_69' title="bbox 411 3674 2078 3749">
    <p class='ocr_par' dir='ltr' id='par_1_69' title="bbox 411 3674 2078 3749">
     <span class='ocr_line' id='line_1_69' title="bbox 411 3674 2078 3749; baseline 0 -15"><span class='ocrx_word' id='word_1_482' title='bbox 411 3678 496 3734; x_wconf 82' lang='lat' dir='ltr'>ris</span> <span class='ocrx_word' id='word_1_483' title='bbox 551 3683 780 3734; x_wconf 91' lang='lat' dir='ltr'>tenetur</span> <span class='ocrx_word' id='word_1_484' title='bbox 841 3677 1124 3748; x_wconf 86' lang='lat' dir='ltr'>ascripta,</span> <span class='ocrx_word' id='word_1_485' title='bbox 1209 3681 1266 3732; x_wconf 90' lang='lat' dir='ltr'>et</span> <span class='ocrx_word' id='word_1_486' title='bbox 1322 3677 1525 3732; x_wconf 60' lang='lat' dir='ltr'>multa;</span> <span class='ocrx_word' id='word_1_487' title='bbox 1581 3678 1888 3749; x_wconf 67' lang='lat' dir='ltr'>parabolae</span> <span class='ocrx_word' id='word_1_488' title='bbox 1933 3674 2078 3734; x_wconf 82' lang='lat' dir='ltr'>inibi</span> 
     </span>
    </p>
   </div>
   <div class='ocr_carea' id='block_1_70' title="bbox 407 3765 1606 3839">
    <p class='ocr_par' dir='ltr' id='par_1_70' title="bbox 407 3765 1606 3839">
     <span class='ocr_line' id='line_1_70' title="bbox 407 3765 1606 3839; baseline 0 -17"><span class='ocrx_word' id='word_1_489' title='bbox 407 3766 690 3837; x_wconf 80' lang='lat' dir='ltr'>leguntur</span> <span class='ocrx_word' id='word_1_490' title='bbox 717 3783 854 3839; x_wconf 65' lang='lat' dir='ltr'>quas</span> <span class='ocrx_word' id='word_1_491' title='bbox 891 3767 954 3821; x_wconf 91' lang='lat' dir='ltr'>in</span> <span class='ocrx_word' id='word_1_492' title='bbox 985 3765 1114 3822; x_wconf 88' lang='lat' dir='ltr'>aliis</span> <span class='ocrx_word' id='word_1_493' title='bbox 1147 3781 1269 3822; x_wconf 87' lang='lat' dir='ltr'>non</span> <span class='ocrx_word' id='word_1_494' title='bbox 1290 3765 1606 3822; x_wconf 90' lang='lat' dir='ltr'>habentur.</span> 
     </span>
    </p>
   </div>
   <div class='ocr_carea' id='block_1_71' title="bbox 479 3854 2076 3926">
    <p class='ocr_par' dir='ltr' id='par_1_71' title="bbox 479 3854 2076 3926">
     <span class='ocr_line' id='line_1_71' title="bbox 479 3854 2076 3926; baseline -0.001 -13"><span class='ocrx_word' id='word_1_495' title='bbox 479 3855 758 3913; x_wconf 80' lang='lat' dir='ltr'>Nonnulli</span> <span class='ocrx_word' id='word_1_496' title='bbox 779 3855 960 3912; x_wconf 88' lang='lat' dir='ltr'>etiam</span> <span class='ocrx_word' id='word_1_497' title='bbox 999 3854 1302 3912; x_wconf 87' lang='lat' dir='ltr'>moraliter</span> <span class='ocrx_word' id='word_1_498' title='bbox 1348 3855 1477 3910; x_wconf 66' lang='lat' dir='ltr'>haec</span> <span class='ocrx_word' id='word_1_499' title='bbox 1518 3859 1780 3926; x_wconf 87' lang='lat' dir='ltr'>quatuor</span> <span class='ocrx_word' id='word_1_500' title='bbox 1822 3854 2076 3912; x_wconf 89' lang='lat' dir='ltr'>ﬂumina</span> 
     </span>
    </p>
   </div>
   <div class='ocr_carea' id='block_1_72' title="bbox 405 3943 2066 4018">
    <p class='ocr_par' dir='ltr' id='par_1_72' title="bbox 405 3943 2066 4018">
     <span class='ocr_line' id='line_1_72' title="bbox 405 3943 2066 4018; baseline -0.001 -17"><span class='ocrx_word' id='word_1_501' title='bbox 405 3951 667 4018; x_wconf 87' lang='lat' dir='ltr'>quatuor</span> <span class='ocrx_word' id='word_1_502' title='bbox 697 3945 943 4002; x_wconf 90' lang='lat' dir='ltr'>virtutes</span> <span class='ocrx_word' id='word_1_503' title='bbox 974 3944 1338 4016; x_wconf 86' lang='lat' dir='ltr'>principales</span> <span class='ocrx_word' id='word_1_504' title='bbox 1359 3944 1700 4013; x_wconf 83' lang='lat' dir='ltr'>signiﬁcare</span> <span class='ocrx_word' id='word_1_505' title='bbox 1732 3943 2066 4012; x_wconf 83' lang='lat' dir='ltr'>voluerunt,</span> 
     </span>
    </p>
   </div>
   <div class='ocr_carea' id='block_1_73' title="bbox 403 4033 2066 4105">
    <p class='ocr_par' dir='ltr' id='par_1_73' title="bbox 403 4033 2066 4105">
     <span class='ocr_line' id='line_1_73' title="bbox 403 4033 2066 4105; baseline 0 -15"><span class='ocrx_word' id='word_1_506' title='bbox 403 4033 680 4090; x_wconf 84' lang='lat' dir='ltr'>videlicet</span> <span class='ocrx_word' id='word_1_507' title='bbox 699 4033 1105 4104; x_wconf 87' lang='lat' dir='ltr'>prudentiam,</span> <span class='ocrx_word' id='word_1_508' title='bbox 1129 4033 1561 4093; x_wconf 86' lang='lat' dir='ltr'>fortitudinem.</span> <span class='ocrx_word' id='word_1_509' title='bbox 1585 4035 2066 4105; x_wconf 84' lang='lat' dir='ltr'>temperantiam,</span> 
     </span>
    </p>
   </div>
   <div class='ocr_carea' id='block_1_74' title="bbox 399 4121 2066 4194">
    <p class='ocr_par' dir='ltr' id='par_1_74' title="bbox 399 4121 2066 4194">
     <span class='ocr_line' id='line_1_74' title="bbox 399 4121 2066 4194; baseline 0.002 -18"><span class='ocrx_word' id='word_1_510' title='bbox 399 4122 714 4192; x_wconf 82' lang='lat' dir='ltr'>justitiam.</span> <span class='ocrx_word' id='word_1_511' title='bbox 746 4124 853 4176; x_wconf 85' lang='lat' dir='ltr'>Per</span> <span class='ocrx_word' id='word_1_512' title='bbox 882 4121 1100 4176; x_wconf 89' lang='lat' dir='ltr'>Phison</span> <span class='ocrx_word' id='word_1_513' title='bbox 1136 4121 1480 4191; x_wconf 87' lang='lat' dir='ltr'>intelligitur</span> <span class='ocrx_word' id='word_1_514' title='bbox 1529 4122 1863 4194; x_wconf 88' lang='lat' dir='ltr'>prudentia.</span> <span class='ocrx_word' id='word_1_515' title='bbox 1925 4127 2066 4179; x_wconf 85' lang='lat' dir='ltr'>Pru-</span> 
     </span>
    </p>
   </div>
   <div class='ocr_carea' id='block_1_75' title="bbox 400 4209 2065 4284">
    <p class='ocr_par' dir='ltr' id='par_1_75' title="bbox 400 4209 2065 4284">
     <span class='ocr_line' id='line_1_75' title="bbox 400 4209 2065 4284; baseline 0.002 -19"><span class='ocrx_word' id='word_1_516' title='bbox 400 4209 604 4266; x_wconf 88' lang='lat' dir='ltr'>dentia</span> <span class='ocrx_word' id='word_1_517' title='bbox 631 4225 772 4280; x_wconf 88' lang='lat' dir='ltr'>ergo</span> <span class='ocrx_word' id='word_1_518' title='bbox 799 4209 1095 4280; x_wconf 88' lang='lat' dir='ltr'>signiﬁcat</span> <span class='ocrx_word' id='word_1_519' title='bbox 1135 4210 1331 4281; x_wconf 88' lang='lat' dir='ltr'>ipsam</span> <span class='ocrx_word' id='word_1_520' title='bbox 1359 4211 1936 4284; x_wconf 87' lang='lat' dir='ltr'>contemplationem</span> <span class='ocrx_word' id='word_1_521' title='bbox 1969 4231 2065 4268; x_wconf 89' lang='lat' dir='ltr'>ve-</span> 
     </span>
    </p>
   </div>
   <div class='ocr_carea' id='block_1_76' title="bbox 400 4297 2066 4374">
    <p class='ocr_par' dir='ltr' id='par_1_76' title="bbox 400 4297 2066 4374">
     <span class='ocr_line' id='line_1_76' title="bbox 400 4297 2066 4374; baseline 0.001 -20"><span class='ocrx_word' id='word_1_522' title='bbox 400 4298 612 4364; x_wconf 84' lang='lat' dir='ltr'>ritatis,</span> <span class='ocrx_word' id='word_1_523' title='bbox 663 4297 742 4353; x_wconf 90' lang='lat' dir='ltr'>ab</span> <span class='ocrx_word' id='word_1_524' title='bbox 796 4297 963 4354; x_wconf 90' lang='lat' dir='ltr'>omni</span> <span class='ocrx_word' id='word_1_525' title='bbox 1011 4313 1113 4354; x_wconf 91' lang='lat' dir='ltr'>ore</span> <span class='ocrx_word' id='word_1_526' title='bbox 1163 4299 1435 4356; x_wconf 88' lang='lat' dir='ltr'>humano</span> <span class='ocrx_word' id='word_1_527' title='bbox 1467 4300 1747 4365; x_wconf 90' lang='lat' dir='ltr'>alienam,</span> <span class='ocrx_word' id='word_1_528' title='bbox 1801 4304 1946 4374; x_wconf 89' lang='lat' dir='ltr'>quia</span> <span class='ocrx_word' id='word_1_529' title='bbox 1977 4307 2066 4357; x_wconf 90' lang='lat' dir='ltr'>est</span> 
     </span>
    </p>
   </div>
   <div class='ocr_carea' id='block_1_77' title="bbox 399 4385 2061 4461">
    <p class='ocr_par' dir='ltr' id='par_1_77' title="bbox 399 4385 2061 4461">
     <span class='ocr_line' id='line_1_77' title="bbox 399 4385 2061 4461; baseline 0.001 -17"><span class='ocrx_word' id='word_1_530' title='bbox 399 4385 738 4444; x_wconf 73' lang='lat' dir='ltr'>inetfabilis.</span> <span class='ocrx_word' id='word_1_531' title='bbox 789 4387 952 4446; x_wconf 90' lang='lat' dir='ltr'>Unde</span> <span class='ocrx_word' id='word_1_532' title='bbox 989 4387 1203 4443; x_wconf 79' lang='lat' dir='ltr'>Phison</span> <span class='ocrx_word' id='word_1_533' title='bbox 1238 4391 1358 4444; x_wconf 77' lang='lat' dir='ltr'>oris</span> <span class='ocrx_word' id='word_1_534' title='bbox 1400 4392 1654 4446; x_wconf 86' lang='lat' dir='ltr'>mutatio</span> <span class='ocrx_word' id='word_1_535' title='bbox 1709 4390 2061 4461; x_wconf 87' lang='lat' dir='ltr'>interpreta-</span> 
     </span>
    </p>
   </div>
   <div class='ocr_carea' id='block_1_78' title="bbox 399 4475 2062 4550">
    <p class='ocr_par' dir='ltr' id='par_1_78' title="bbox 399 4475 2062 4550">
     <span class='ocr_line' id='line_1_78' title="bbox 399 4475 2062 4550; baseline 0.001 -18"><span class='ocrx_word' id='word_1_536' title='bbox 399 4480 515 4542; x_wconf 83' lang='lat' dir='ltr'>tur,</span> <span class='ocrx_word' id='word_1_537' title='bbox 557 4491 744 4547; x_wconf 90' lang='lat' dir='ltr'>quam</span> <span class='ocrx_word' id='word_1_538' title='bbox 800 4475 852 4530; x_wconf 89' lang='lat' dir='ltr'>si</span> <span class='ocrx_word' id='word_1_539' title='bbox 923 4475 1124 4548; x_wconf 91' lang='lat' dir='ltr'>eloqui</span> <span class='ocrx_word' id='word_1_540' title='bbox 1155 4477 1322 4545; x_wconf 88' lang='lat' dir='ltr'>velis,</span> <span class='ocrx_word' id='word_1_541' title='bbox 1365 4480 1622 4548; x_wconf 88' lang='lat' dir='ltr'>parturis</span> <span class='ocrx_word' id='word_1_542' title='bbox 1661 4495 1798 4534; x_wconf 90' lang='lat' dir='ltr'>eam</span> <span class='ocrx_word' id='word_1_543' title='bbox 1865 4480 2062 4550; x_wconf 90' lang='lat' dir='ltr'>potius</span> 
     </span>
    </p>
   </div>
   <div class='ocr_carea' id='block_1_79' title="bbox 395 4565 2061 4638">
    <p class='ocr_par' dir='ltr' id='par_1_79' title="bbox 395 4565 2061 4638">
     <span class='ocr_line' id='line_1_79' title="bbox 395 4565 2061 4638; baseline 0.001 -17"><span class='ocrx_word' id='word_1_544' title='bbox 395 4581 584 4638; x_wconf 88' lang='lat' dir='ltr'>quam</span> <span class='ocrx_word' id='word_1_545' title='bbox 635 4565 798 4638; x_wconf 87' lang='lat' dir='ltr'>paris</span> <span class='ocrx_word' id='word_1_546' title='bbox 837 4566 938 4636; x_wconf 75' lang='lat' dir='ltr'>[Z.,</span> <span class='ocrx_word' id='word_1_547' title='bbox 973 4565 1217 4636; x_wconf 83' lang='lat' dir='ltr'>parias],</span> <span class='ocrx_word' id='word_1_548' title='bbox 1258 4567 1404 4638; x_wconf 90' lang='lat' dir='ltr'>quia</span> <span class='ocrx_word' id='word_1_549' title='bbox 1431 4566 1516 4622; x_wconf 83' lang='lat' dir='ltr'>ibi</span> <span class='ocrx_word' id='word_1_550' title='bbox 1568 4567 1799 4622; x_wconf 85' lang='lat' dir='ltr'>audivit</span> <span class='ocrx_word' id='word_1_551' title='bbox 1845 4568 2061 4624; x_wconf 85' lang='lat' dir='ltr'>Paulus</span> 
     </span>
    </p>
   </div>
   <div class='ocr_carea' id='block_1_80' title="bbox 392 4653 2055 4727">
    <p class='ocr_par' dir='ltr' id='par_1_80' title="bbox 392 4653 2055 4727">
     <span class='ocr_line' id='line_1_80' title="bbox 392 4653 2055 4727; baseline 0.001 -17"><span class='ocrx_word' id='word_1_552' title='bbox 392 4653 722 4711; x_wconf 73' lang='lat' dir='ltr'>ineffabilia</span> <span class='ocrx_word' id='word_1_553' title='bbox 789 4654 996 4724; x_wconf 90' lang='lat' dir='ltr'>verba,</span> <span class='ocrx_word' id='word_1_554' title='bbox 1027 4669 1164 4726; x_wconf 76' lang='lat' dir='ltr'>quae</span> <span class='ocrx_word' id='word_1_555' title='bbox 1191 4671 1313 4711; x_wconf 80' lang='lat' dir='ltr'>non</span> <span class='ocrx_word' id='word_1_556' title='bbox 1345 4655 1479 4711; x_wconf 85' lang='lat' dir='ltr'>licet</span> <span class='ocrx_word' id='word_1_557' title='bbox 1512 4656 1742 4712; x_wconf 79' lang='lat' dir='ltr'>homini</span> <span class='ocrx_word' id='word_1_558' title='bbox 1772 4657 1938 4727; x_wconf 80' lang='lat' dir='ltr'>loqui</span> <span class='ocrx_word' id='word_1_559' title='bbox 1965 4659 2055 4724; x_wconf 80' lang='grc' dir='ltr'>(Η</span> 
     </span>
    </p>
   </div>
   <div class='ocr_carea' id='block_1_81' title="bbox 391 4743 2058 4816">
    <p class='ocr_par' dir='ltr' id='par_1_81' title="bbox 391 4743 2058 4816">
     <span class='ocr_line' id='line_1_81' title="bbox 391 4743 2058 4816; baseline 0 -15"><span class='ocrx_word' id='word_1_560' title='bbox 391 4744 646 4812; x_wconf 54' lang='lat' dir='ltr'>Curam,</span> <span class='ocrx_word' id='word_1_561' title='bbox 665 4745 742 4816; x_wconf 82' lang='grc'>4).</span> <span class='ocrx_word' id='word_1_562' title='bbox 770 4746 836 4800; x_wconf 87' lang='lat' dir='ltr'>Et</span> <span class='ocrx_word' id='word_1_563' title='bbox 860 4743 998 4800; x_wconf 90' lang='lat' dir='ltr'>ideo</span> <span class='ocrx_word' id='word_1_564' title='bbox 1024 4745 1232 4801; x_wconf 83' lang='lat' dir='ltr'>Evilat</span> <span class='ocrx_word' id='word_1_565' title='bbox 1262 4743 1688 4816; x_wconf 88' lang='lat' dir='ltr'>interpretatur</span> <span class='ocrx_word' id='word_1_566' title='bbox 1711 4747 2058 4814; x_wconf 78' lang='lat' dir='ltr'>parturiens</span> 
     </span>
    </p>
   </div>
   <div class='ocr_carea' id='block_1_82' title="bbox 392 4833 2057 4907">
    <p class='ocr_par' dir='ltr' id='par_1_82' title="bbox 392 4833 2057 4907">
     <span class='ocr_line' id='line_1_82' title="bbox 392 4833 2057 4907; baseline 0.002 -20"><span class='ocrx_word' id='word_1_567' title='bbox 392 4833 515 4888; x_wconf 90' lang='lat' dir='ltr'>sive</span> <span class='ocrx_word' id='word_1_568' title='bbox 546 4835 740 4903; x_wconf 89' lang='lat' dir='ltr'>labor,</span> <span class='ocrx_word' id='word_1_569' title='bbox 768 4850 957 4907; x_wconf 90' lang='lat' dir='ltr'>quam</span> <span class='ocrx_word' id='word_1_570' title='bbox 986 4833 1192 4890; x_wconf 89' lang='lat' dir='ltr'>circuit</span> <span class='ocrx_word' id='word_1_571' title='bbox 1225 4835 1367 4906; x_wconf 89' lang='lat' dir='ltr'>;qui</span> <span class='ocrx_word' id='word_1_572' title='bbox 1387 4850 1524 4889; x_wconf 89' lang='lat' dir='ltr'>cum</span> <span class='ocrx_word' id='word_1_573' title='bbox 1545 4833 1755 4889; x_wconf 78' lang='lat' dir='ltr'>labere</span> <span class='ocrx_word' id='word_1_574' title='bbox 1782 4850 1887 4906; x_wconf 89' lang='lat' dir='ltr'>per</span> <span class='ocrx_word' id='word_1_575' title='bbox 1911 4851 2057 4906; x_wconf 88' lang='lat' dir='ltr'>pru-</span> 
     </span>
    </p>
   </div>
   <div class='ocr_carea' id='block_1_83' title="bbox 389 4920 2055 4996">
    <p class='ocr_par' dir='ltr' id='par_1_83' title="bbox 389 4920 2055 4996">
     <span class='ocr_line' id='line_1_83' title="bbox 389 4920 2055 4996; baseline 0.002 -20"><span class='ocrx_word' id='word_1_576' title='bbox 389 4920 656 4978; x_wconf 85' lang='lat' dir='ltr'>dentiam</span> <span class='ocrx_word' id='word_1_577' title='bbox 701 4924 902 4994; x_wconf 81' lang='lat' dir='ltr'>magis</span> <span class='ocrx_word' id='word_1_578' title='bbox 925 4923 1184 4996; x_wconf 87' lang='lat' dir='ltr'>parturis</span> <span class='ocrx_word' id='word_1_579' title='bbox 1223 4923 1421 4996; x_wconf 82' lang='lat' dir='ltr'>ipsam</span> <span class='ocrx_word' id='word_1_580' title='bbox 1475 4923 2055 4994; x_wconf 88' lang='lat' dir='ltr'>contemplationem</span> 
     </span>
    </p>
   </div>
   <div class='ocr_carea' id='block_1_84' title="bbox 389 5009 2054 5084">
    <p class='ocr_par' dir='ltr' id='par_1_84' title="bbox 389 5009 2054 5084">
     <span class='ocr_line' id='line_1_84' title="bbox 389 5009 2054 5084; baseline 0.004 -22"><span class='ocrx_word' id='word_1_581' title='bbox 389 5009 652 5065; x_wconf 77' lang='lat' dir='ltr'>veritatis</span> <span class='ocrx_word' id='word_1_582' title='bbox 670 5027 859 5081; x_wconf 88' lang='lat' dir='ltr'>quam</span> <span class='ocrx_word' id='word_1_583' title='bbox 882 5013 1081 5082; x_wconf 81' lang='lat' dir='ltr'>parias</span> <span class='ocrx_word' id='word_1_584' title='bbox 1102 5012 1248 5084; x_wconf 87' lang='lat' dir='ltr'>quia</span> <span class='ocrx_word' id='word_1_585' title='bbox 1263 5011 1514 5084; x_wconf 88' lang='lat' dir='ltr'>plenitcr</span> <span class='ocrx_word' id='word_1_586' title='bbox 1530 5010 1732 5066; x_wconf 87' lang='lat' dir='ltr'>nullus</span> <span class='ocrx_word' id='word_1_587' title='bbox 1746 5028 1877 5068; x_wconf 92' lang='lat' dir='ltr'>eam</span> <span class='ocrx_word' id='word_1_588' title='bbox 1892 5030 2054 5068; x_wconf 91' lang='lat' dir='ltr'>com-</span> 
     </span>
    </p>
   </div>
   <div class='ocr_carea' id='block_1_85' title="bbox 385 5097 2053 5174">
    <p class='ocr_par' dir='ltr' id='par_1_85' title="bbox 385 5097 2053 5174">
     <span class='ocr_line' id='line_1_85' title="bbox 385 5097 2053 5174; baseline 0.004 -21"><span class='ocrx_word' id='word_1_589' title='bbox 385 5097 760 5170; x_wconf 87' lang='lat' dir='ltr'>prehendere</span> <span class='ocrx_word' id='word_1_590' title='bbox 791 5099 964 5154; x_wconf 89' lang='lat' dir='ltr'>valet.</span> <span class='ocrx_word' id='word_1_591' title='bbox 1009 5101 1092 5155; x_wconf 87' lang='lat' dir='ltr'>lbi</span> <span class='ocrx_word' id='word_1_592' title='bbox 1130 5102 1396 5157; x_wconf 87' lang='lat' dir='ltr'>nascitur</span> <span class='ocrx_word' id='word_1_593' title='bbox 1445 5117 1688 5167; x_wconf 89' lang='lat' dir='ltr'>aurum,</span> <span class='ocrx_word' id='word_1_594' title='bbox 1737 5101 2053 5174; x_wconf 87' lang='lat' dir='ltr'>disciplina</span> 
     </span>
    </p>
   </div>
   <div class='ocr_carea' id='block_1_86' title="bbox 385 5185 2047 5260">
    <p class='ocr_par' dir='ltr' id='par_1_86' title="bbox 385 5185 2047 5260">
     <span class='ocr_line' id='line_1_86' title="bbox 385 5185 2047 5260; baseline 0.002 -18"><span class='ocrx_word' id='word_1_595' title='bbox 385 5185 662 5242; x_wconf 86' lang='lat' dir='ltr'>videlicet</span> <span class='ocrx_word' id='word_1_596' title='bbox 715 5185 973 5252; x_wconf 88' lang='lat' dir='ltr'>vivendi,</span> <span class='ocrx_word' id='word_1_597' title='bbox 1021 5189 1312 5258; x_wconf 86' lang='lat' dir='ltr'>quoniam</span> <span class='ocrx_word' id='word_1_598' title='bbox 1353 5189 1458 5259; x_wconf 85' lang='lat' dir='ltr'>[Z.,</span> <span class='ocrx_word' id='word_1_599' title='bbox 1495 5190 1653 5260; x_wconf 58' lang='lat' dir='ltr'>quis]</span> <span class='ocrx_word' id='word_1_600' title='bbox 1703 5189 1896 5246; x_wconf 88' lang='lat' dir='ltr'>aliena</span> <span class='ocrx_word' id='word_1_601' title='bbox 1939 5196 2047 5258; x_wconf 93' lang='lat' dir='ltr'>est,</span> 
     </span>
    </p>
   </div>
   <div class='ocr_carea' id='block_1_87' title="bbox 385 5275 2047 5347">
    <p class='ocr_par' dir='ltr' id='par_1_87' title="bbox 385 5275 2047 5347">
     <span class='ocr_line' id='line_1_87' title="bbox 385 5275 2047 5347; baseline 0.004 -17"><span class='ocrx_word' id='word_1_602' title='bbox 385 5281 565 5347; x_wconf 89' lang='lat' dir='ltr'>atque</span> <span class='ocrx_word' id='word_1_603' title='bbox 595 5275 844 5332; x_wconf 90' lang='lat' dir='ltr'>decocta</span> <span class='ocrx_word' id='word_1_604' title='bbox 873 5275 1106 5330; x_wconf 90' lang='lat' dir='ltr'>nitescit</span> <span class='ocrx_word' id='word_1_605' title='bbox 1130 5275 1210 5331; x_wconf 91' lang='lat' dir='ltr'>ab</span> <span class='ocrx_word' id='word_1_606' title='bbox 1229 5278 1396 5332; x_wconf 90' lang='lat' dir='ltr'>onmi</span> <span class='ocrx_word' id='word_1_607' title='bbox 1424 5278 1619 5344; x_wconf 87' lang='lat' dir='ltr'>sorde,</span> <span class='ocrx_word' id='word_1_608' title='bbox 1653 5279 1809 5335; x_wconf 91' lang='lat' dir='ltr'>velut</span> <span class='ocrx_word' id='word_1_609' title='bbox 1829 5297 1910 5336; x_wconf 88' lang='lat' dir='ltr'>au</span> <span class='ocrx_word' id='word_1_610' title='bbox 1947 5297 2047 5336; x_wconf 90' lang='lat' dir='ltr'>um</span> 
     </span>
    </p>
   </div>
   <div class='ocr_carea' id='block_1_88' title="bbox 383 5363 2046 5440">
    <p class='ocr_par' dir='ltr' id='par_1_88' title="bbox 383 5363 2046 5440">
     <span class='ocr_line' id='line_1_88' title="bbox 383 5363 2046 5440; baseline 0.004 -20"><span class='ocrx_word' id='word_1_611' title='bbox 383 5379 626 5435; x_wconf 81' lang='lat' dir='ltr'>purum.</span> <span class='ocrx_word' id='word_1_612' title='bbox 659 5365 746 5422; x_wconf 89' lang='lat' dir='ltr'>lbi</span> <span class='ocrx_word' id='word_1_613' title='bbox 782 5363 1086 5422; x_wconf 89' lang='lat' dir='ltr'>invenitur</span> <span class='ocrx_word' id='word_1_614' title='bbox 1134 5363 1444 5432; x_wconf 87' lang='lat' dir='ltr'>bdellium,</span> <span class='ocrx_word' id='word_1_615' title='bbox 1499 5368 1603 5440; x_wconf 91' lang='lat' dir='ltr'>qui</span> <span class='ocrx_word' id='word_1_616' title='bbox 1647 5369 1764 5425; x_wconf 88' lang='lat' dir='ltr'>alio</span> <span class='ocrx_word' id='word_1_617' title='bbox 1802 5370 2046 5426; x_wconf 89' lang='lat' dir='ltr'>nomine</span> 
     </span>
    </p>
   </div>
   <div class='ocr_carea' id='block_1_89' title="bbox 384 5451 2045 5526">
    <p class='ocr_par' dir='ltr' id='par_1_89' title="bbox 384 5451 2045 5526">
     <span class='ocr_line' id='line_1_89' title="bbox 384 5451 2045 5526; baseline 0.006 -19"><span class='ocrx_word' id='word_1_618' title='bbox 384 5451 796 5509; x_wconf 81' lang='lat' dir='ltr'>carbunculus</span> <span class='ocrx_word' id='word_1_619' title='bbox 858 5452 1224 5509; x_wconf 87' lang='lat' dir='ltr'>inscribitur.</span> <span class='ocrx_word' id='word_1_620' title='bbox 1283 5453 1584 5526; x_wconf 88' lang='lat' dir='ltr'>Signiﬁcat</span> <span class='ocrx_word' id='word_1_621' title='bbox 1645 5475 1785 5515; x_wconf 90' lang='lat' dir='ltr'>vero</span> <span class='ocrx_word' id='word_1_622' title='bbox 1831 5460 2045 5516; x_wconf 89' lang='lat' dir='ltr'>verita-</span> 
     </span>
    </p>
   </div>
   <div class='ocr_carea' id='block_1_90' title="bbox 382 5540 2046 5617">
    <p class='ocr_par' dir='ltr' id='par_1_90' title="bbox 382 5540 2046 5617">
     <span class='ocr_line' id='line_1_90' title="bbox 382 5540 2046 5617; baseline 0.005 -20"><span class='ocrx_word' id='word_1_623' title='bbox 382 5544 527 5606; x_wconf 89' lang='lat' dir='ltr'>tem,</span> <span class='ocrx_word' id='word_1_624' title='bbox 559 5555 748 5612; x_wconf 88' lang='lat' dir='ltr'>quam</span> <span class='ocrx_word' id='word_1_625' title='bbox 787 5541 956 5596; x_wconf 91' lang='lat' dir='ltr'>nulla</span> <span class='ocrx_word' id='word_1_626' title='bbox 993 5540 1224 5598; x_wconf 83' lang='lat' dir='ltr'>falsitas</span> <span class='ocrx_word' id='word_1_627' title='bbox 1268 5543 1466 5617; x_wconf 88' lang='lat' dir='ltr'>vincit,</span> <span class='ocrx_word' id='word_1_628' title='bbox 1499 5547 1650 5606; x_wconf 91' lang='lat' dir='ltr'>sicut</span> <span class='ocrx_word' id='word_1_629' title='bbox 1693 5548 2046 5606; x_wconf 87' lang='lat' dir='ltr'>carbunculi</span> 
     </span>
    </p>
   </div>
   <div class='ocr_carea' id='block_1_91' title="bbox 379 5627 2042 5711">
    <p class='ocr_par' dir='ltr' id='par_1_91' title="bbox 379 5627 2042 5711">
     <span class='ocr_line' id='line_1_91' title="bbox 379 5627 2042 5711; baseline 0.009 -30"><span class='ocrx_word' id='word_1_630' title='bbox 379 5627 584 5696; x_wconf 85' lang='lat' dir='ltr'>fulgur</span> <span class='ocrx_word' id='word_1_631' title='bbox 606 5628 784 5684; x_wconf 89' lang='lat' dir='ltr'>nullis</span> <span class='ocrx_word' id='word_1_632' title='bbox 800 5629 1060 5686; x_wconf 86' lang='lat' dir='ltr'>tenebris</span> <span class='ocrx_word' id='word_1_633' title='bbox 1075 5633 1264 5688; x_wconf 90' lang='lat' dir='ltr'>noctis</span> <span class='ocrx_word' id='word_1_634' title='bbox 1281 5642 1612 5708; x_wconf 90' lang='lat' dir='ltr'>superatur.</span> <span class='ocrx_word' id='word_1_635' title='bbox 1633 5642 1696 5694; x_wconf 85' lang='lat' dir='ltr'>Et</span> <span class='ocrx_word' id='word_1_636' title='bbox 1714 5638 1866 5711; x_wconf 86' lang='lat' dir='ltr'>lapis</span> <span class='ocrx_word' id='word_1_637' title='bbox 1889 5655 2042 5710; x_wconf 88' lang='lat' dir='ltr'>ony-</span> 
     </span>
    </p>
   </div>
   <div class='ocr_carea' id='block_1_92' title="bbox 381 5717 2040 5802">
    <p class='ocr_par' dir='ltr' id='par_1_92' title="bbox 381 5717 2040 5802">
     <span class='ocr_line' id='line_1_92' title="bbox 381 5717 2040 5802; baseline 0.008 -28"><span class='ocrx_word' id='word_1_638' title='bbox 381 5717 615 5781; x_wconf 77' lang='lat' dir='ltr'>chinus,</span> <span class='ocrx_word' id='word_1_639' title='bbox 637 5719 745 5794; x_wconf 84' lang='lat' dir='ltr'>qui</span> <span class='ocrx_word' id='word_1_640' title='bbox 763 5719 886 5780; x_wconf 84' lang='lat' dir='ltr'>alio</span> <span class='ocrx_word' id='word_1_641' title='bbox 907 5721 1151 5781; x_wconf 81' lang='lat' dir='ltr'>nomine</span> <span class='ocrx_word' id='word_1_642' title='bbox 1175 5726 1453 5797; x_wconf 85' lang='lat' dir='ltr'>prasinus</span> <span class='ocrx_word' id='word_1_643' title='bbox 1472 5730 1582 5802; x_wconf 74' lang='lat'>(2.,</span> <span class='ocrx_word' id='word_1_644' title='bbox 1598 5729 1855 5802; x_wconf 70' lang='lat' dir='ltr'>prasina]</span> <span class='ocrx_word' id='word_1_645' title='bbox 1876 5729 2040 5786; x_wconf 85' lang='lat' dir='ltr'>inve-</span> 
     </span>
    </p>
   </div>
   <div class='ocr_carea' id='block_1_93' title="bbox 2193 3141 3840 3217">
    <p class='ocr_par' dir='ltr' id='par_1_93' title="bbox 2193 3141 3840 3217">
     <span class='ocr_line' id='line_1_93' title="bbox 2193 3141 3840 3217; baseline 0.002 -21"><span class='ocrx_word' id='word_1_646' title='bbox 2193 3141 2340 3197; x_wconf 91' lang='lat' dir='ltr'>lium</span> <span class='ocrx_word' id='word_1_647' title='bbox 2397 3145 2790 3198; x_wconf 88' lang='lat' dir='ltr'>tentationum</span> <span class='ocrx_word' id='word_1_648' title='bbox 2833 3147 2983 3198; x_wconf 69' lang='lat' dir='ltr'>testu</span> <span class='ocrx_word' id='word_1_649' title='bbox 3042 3149 3428 3217; x_wconf 85' lang='lat' dir='ltr'>temperatur,</span> <span class='ocrx_word' id='word_1_650' title='bbox 3483 3151 3544 3201; x_wconf 89' lang='lat' dir='ltr'>et</span> <span class='ocrx_word' id='word_1_651' title='bbox 3573 3145 3840 3201; x_wconf 75' lang='lat' dir='ltr'>habitabit</span> 
     </span>
    </p>
   </div>
   <div class='ocr_carea' id='block_1_94' title="bbox 2193 3229 3836 3304">
    <p class='ocr_par' dir='ltr' id='par_1_94' title="bbox 2193 3229 3836 3304">
     <span class='ocr_line' id='line_1_94' title="bbox 2193 3229 3836 3304; baseline 0.002 -19"><span class='ocrx_word' id='word_1_652' title='bbox 2193 3231 2344 3287; x_wconf 91' lang='lat' dir='ltr'>inter</span> <span class='ocrx_word' id='word_1_653' title='bbox 2391 3232 2553 3301; x_wconf 83' lang='lat' dir='ltr'>ligna</span> <span class='ocrx_word' id='word_1_654' title='bbox 2617 3229 2902 3304; x_wconf 86' lang='lat' dir='ltr'>paradisi,</span> <span class='ocrx_word' id='word_1_655' title='bbox 2963 3232 3235 3289; x_wconf 87' lang='lat' dir='ltr'>videlicet</span> <span class='ocrx_word' id='word_1_656' title='bbox 3287 3242 3516 3290; x_wconf 70' lang='lat' dir='ltr'>sanctae</span> <span class='ocrx_word' id='word_1_657' title='bbox 3573 3237 3836 3300; x_wconf 67' lang='lat' dir='ltr'>Ecclesiae,</span> 
     </span>
    </p>
   </div>
   <div class='ocr_carea' id='block_1_95' title="bbox 2193 3322 3838 3396">
    <p class='ocr_par' dir='ltr' id='par_1_95' title="bbox 2193 3322 3838 3396">
     <span class='ocr_line' id='line_1_95' title="bbox 2193 3322 3838 3396; baseline 0.002 -22"><span class='ocrx_word' id='word_1_658' title='bbox 2193 3337 2377 3392; x_wconf 89' lang='lat' dir='ltr'>opera</span> <span class='ocrx_word' id='word_1_659' title='bbox 2409 3327 2546 3376; x_wconf 90' lang='lat' dir='ltr'>sunt</span> <span class='ocrx_word' id='word_1_660' title='bbox 2587 3322 2857 3394; x_wconf 88' lang='lat' dir='ltr'>ipsorum</span> <span class='ocrx_word' id='word_1_661' title='bbox 2891 3341 2905 3390; x_wconf 87' lang='lat'><strong>;</strong></span> <span class='ocrx_word' id='word_1_662' title='bbox 2938 3323 3170 3393; x_wconf 85' lang='lat' dir='ltr'>lignum</span> <span class='ocrx_word' id='word_1_663' title='bbox 3228 3324 3358 3380; x_wconf 64' lang='lat' dir='ltr'>vita:</span> <span class='ocrx_word' id='word_1_664' title='bbox 3391 3325 3530 3396; x_wconf 84' lang='lat' dir='ltr'>ipsa.</span> <span class='ocrx_word' id='word_1_665' title='bbox 3562 3325 3838 3382; x_wconf 87' lang='lat' dir='ltr'>bonorum</span> 
     </span>
    </p>
   </div>
   <div class='ocr_carea' id='block_1_96' title="bbox 2191 3410 3836 3486">
    <p class='ocr_par' dir='ltr' id='par_1_96' title="bbox 2191 3410 3836 3486">
     <span class='ocr_line' id='line_1_96' title="bbox 2191 3410 3836 3486; baseline 0.002 -24"><span class='ocrx_word' id='word_1_666' title='bbox 2191 3414 2245 3463; x_wconf 92' lang='lat' dir='ltr'>et</span> <span class='ocrx_word' id='word_1_667' title='bbox 2294 3410 2580 3482; x_wconf 89' lang='lat' dir='ltr'>percipiet</span> <span class='ocrx_word' id='word_1_668' title='bbox 2621 3412 2850 3469; x_wconf 88' lang='lat' dir='ltr'>fructus</span> <span class='ocrx_word' id='word_1_669' title='bbox 2895 3413 3196 3482; x_wconf 82' lang='lat' dir='ltr'>lignorum</span> <span class='ocrx_word' id='word_1_670' title='bbox 3227 3418 3409 3486; x_wconf 88' lang='lat' dir='ltr'>atque</span> <span class='ocrx_word' id='word_1_671' title='bbox 3441 3415 3751 3486; x_wconf 87' lang='lat' dir='ltr'>perveniet</span> <span class='ocrx_word' id='word_1_672' title='bbox 3773 3412 3836 3467; x_wconf 85' lang='lat' dir='ltr'>ad</span> 
     </span>
    </p>
   </div>
   <div class='ocr_carea' id='block_1_97' title="bbox 2189 3497 3838 3575">
    <p class='ocr_par' dir='ltr' id='par_1_97' title="bbox 2189 3497 3838 3575">
     <span class='ocr_line' id='line_1_97' title="bbox 2189 3497 3838 3575; baseline 0.002 -23"><span class='ocrx_word' id='word_1_673' title='bbox 2189 3497 2418 3562; x_wconf 72' lang='lat' dir='ltr'>lignum</span> <span class='ocrx_word' id='word_1_674' title='bbox 2465 3501 2613 3554; x_wconf 62' lang='lat' dir='ltr'>vitae.</span> <span class='ocrx_word' id='word_1_675' title='bbox 2649 3501 2834 3570; x_wconf 79' lang='lat' dir='ltr'>Ligna</span> <span class='ocrx_word' id='word_1_676' title='bbox 2865 3502 3133 3575; x_wconf 89' lang='lat' dir='ltr'>paradisi</span> <span class='ocrx_word' id='word_1_677' title='bbox 3179 3502 3507 3571; x_wconf 86' lang='lat' dir='ltr'>fructifera,</span> <span class='ocrx_word' id='word_1_678' title='bbox 3544 3505 3715 3560; x_wconf 87' lang='lat' dir='ltr'>utiles</span> <span class='ocrx_word' id='word_1_679' title='bbox 3742 3503 3838 3557; x_wconf 88' lang='lat' dir='ltr'>dis-</span> 
     </span>
    </p>
   </div>
   <div class='ocr_carea' id='block_1_98' title="bbox 2192 3587 3837 3660">
    <p class='ocr_par' dir='ltr' id='par_1_98' title="bbox 2192 3587 3837 3660">
     <span class='ocr_line' id='line_1_98' title="bbox 2192 3587 3837 3660; baseline 0.002 -20"><span class='ocrx_word' id='word_1_680' title='bbox 2192 3587 2424 3658; x_wconf 78' lang='lat' dir='ltr'>ciplian</span> <span class='ocrx_word' id='word_1_681' title='bbox 2441 3590 2729 3645; x_wconf 85' lang='lat' dir='ltr'>velsancti</span> <span class='ocrx_word' id='word_1_682' title='bbox 2750 3597 2889 3647; x_wconf 89' lang='lat' dir='ltr'>sunt</span> <span class='ocrx_word' id='word_1_683' title='bbox 2908 3608 2923 3656; x_wconf 86' lang='lat'><strong>;</strong></span> <span class='ocrx_word' id='word_1_684' title='bbox 2942 3592 3245 3659; x_wconf 76' lang='lat' dir='ltr'>lignorum</span> <span class='ocrx_word' id='word_1_685' title='bbox 3272 3592 3528 3660; x_wconf 87' lang='lat' dir='ltr'>fructus,</span> <span class='ocrx_word' id='word_1_686' title='bbox 3549 3610 3742 3650; x_wconf 87' lang='lat' dir='ltr'>mores</span> <span class='ocrx_word' id='word_1_687' title='bbox 3763 3590 3837 3646; x_wconf 82' lang='lat' dir='ltr'>vel</span> 
     </span>
    </p>
   </div>
   <div class='ocr_carea' id='block_1_99' title="bbox 2190 3679 3833 3754">
    <p class='ocr_par' dir='ltr' id='par_1_99' title="bbox 2190 3679 3833 3754">
     <span class='ocr_line' id='line_1_99' title="bbox 2190 3679 3833 3754; baseline 0.004 -26"><span class='ocrx_word' id='word_1_688' title='bbox 2190 3691 2375 3746; x_wconf 85' lang='lat' dir='ltr'>opera</span> <span class='ocrx_word' id='word_1_689' title='bbox 2401 3685 2541 3732; x_wconf 89' lang='lat' dir='ltr'>sunt</span> <span class='ocrx_word' id='word_1_690' title='bbox 2570 3679 2869 3750; x_wconf 91' lang='lat' dir='ltr'>ipsorum;</span> <span class='ocrx_word' id='word_1_691' title='bbox 2903 3681 3154 3752; x_wconf 86' lang='lat' dir='ltr'>dignum</span> <span class='ocrx_word' id='word_1_692' title='bbox 3189 3682 3322 3737; x_wconf 65' lang='lat' dir='ltr'>vitae</span> <span class='ocrx_word' id='word_1_693' title='bbox 3363 3681 3498 3754; x_wconf 90' lang='lat' dir='ltr'>ipsa</span> <span class='ocrx_word' id='word_1_694' title='bbox 3553 3683 3833 3739; x_wconf 88' lang='lat' dir='ltr'>bonorum</span> 
     </span>
    </p>
   </div>
   <div class='ocr_carea' id='block_1_100' title="bbox 2189 3766 3832 3842">
    <p class='ocr_par' dir='ltr' id='par_1_100' title="bbox 2189 3766 3832 3842">
     <span class='ocr_line' id='line_1_100' title="bbox 2189 3766 3832 3842; baseline 0.004 -25"><span class='ocrx_word' id='word_1_695' title='bbox 2189 3766 2462 3821; x_wconf 90' lang='lat' dir='ltr'>omnium</span> <span class='ocrx_word' id='word_1_696' title='bbox 2485 3774 2674 3822; x_wconf 88' lang='lat' dir='ltr'>mater</span> <span class='ocrx_word' id='word_1_697' title='bbox 2706 3769 3000 3840; x_wconf 87' lang='lat' dir='ltr'>sapientia</span> <span class='ocrx_word' id='word_1_698' title='bbox 3022 3775 3127 3834; x_wconf 91' lang='lat' dir='ltr'>est,</span> <span class='ocrx_word' id='word_1_699' title='bbox 3154 3769 3229 3825; x_wconf 88' lang='lat' dir='ltr'>de</span> <span class='ocrx_word' id='word_1_700' title='bbox 3260 3787 3385 3842; x_wconf 90' lang='lat' dir='ltr'>qua</span> <span class='ocrx_word' id='word_1_701' title='bbox 3417 3771 3704 3828; x_wconf 88' lang='lat' dir='ltr'>Salomon</span> <span class='ocrx_word' id='word_1_702' title='bbox 3728 3772 3832 3826; x_wconf 89' lang='lat' dir='ltr'>ait:</span> 
     </span>
    </p>
   </div>
   <div class='ocr_carea' id='block_1_101' title="bbox 2185 3854 3835 3931">
    <p class='ocr_par' dir='ltr' id='par_1_101' title="bbox 2185 3854 3835 3931">
     <span class='ocr_line' id='line_1_101' title="bbox 2185 3854 3835 3931; baseline 0.004 -24"><span class='ocrx_word' id='word_1_703' title='bbox 2185 3854 2448 3922; x_wconf 84' lang='lat' dir='ltr'>Dignum</span> <span class='ocrx_word' id='word_1_704' title='bbox 2500 3859 2638 3912; x_wconf 74' lang='lat' dir='ltr'>vitae</span> <span class='ocrx_word' id='word_1_705' title='bbox 2683 3863 2765 3913; x_wconf 90' lang='lat' dir='ltr'>est</span> <span class='ocrx_word' id='word_1_706' title='bbox 2824 3859 2916 3914; x_wconf 79' lang='lat' dir='ltr'>his</span> <span class='ocrx_word' id='word_1_707' title='bbox 2937 3862 3043 3930; x_wconf 86' lang='lat' dir='ltr'>qui</span> <span class='ocrx_word' id='word_1_708' title='bbox 3057 3859 3572 3929; x_wconf 74' lang='lat' dir='ltr'>apprehenderint</span> <span class='ocrx_word' id='word_1_709' title='bbox 3606 3864 3835 3931; x_wconf 81' lang='lat' dir='ltr'>eam;et</span> 
     </span>
    </p>
   </div>
   <div class='ocr_carea' id='block_1_102' title="bbox 2183 3946 3833 4023">
    <p class='ocr_par' dir='ltr' id='par_1_102' title="bbox 2183 3946 3833 4023">
     <span class='ocr_line' id='line_1_102' title="bbox 2183 3946 3833 4023; baseline 0.005 -27"><span class='ocrx_word' id='word_1_710' title='bbox 2183 3946 2288 4013; x_wconf 85' lang='lat' dir='ltr'>qui</span> <span class='ocrx_word' id='word_1_711' title='bbox 2327 3948 2579 4002; x_wconf 83' lang='lat' dir='ltr'>tenuerit</span> <span class='ocrx_word' id='word_1_712' title='bbox 2634 3963 2762 4003; x_wconf 89' lang='lat' dir='ltr'>eam</span> <span class='ocrx_word' id='word_1_713' title='bbox 2821 3949 3024 4005; x_wconf 88' lang='lat' dir='ltr'>beatus</span> <span class='ocrx_word' id='word_1_714' title='bbox 3055 3952 3261 4019; x_wconf 85' lang='lat' dir='ltr'>(Prov.</span> <span class='ocrx_word' id='word_1_715' title='bbox 3291 3967 3372 4018; x_wconf 85' lang='lat' dir='ltr'>in,</span> <span class='ocrx_word' id='word_1_716' title='bbox 3421 3956 3532 4023; x_wconf 79' lang='grc'>18).</span> <span class='ocrx_word' id='word_1_717' title='bbox 3588 3953 3684 4009; x_wconf 86' lang='lat' dir='ltr'>Vel</span> <span class='ocrx_word' id='word_1_718' title='bbox 3724 3954 3833 4023; x_wconf 86' lang='lat' dir='ltr'>ipse</span> 
     </span>
    </p>
   </div>
   <div class='ocr_carea' id='block_1_103' title="bbox 2184 4034 3832 4115">
    <p class='ocr_par' dir='ltr' id='par_1_103' title="bbox 2184 4034 3832 4115">
     <span class='ocr_line' id='line_1_103' title="bbox 2184 4034 3832 4115; baseline 0.004 -28"><span class='ocrx_word' id='word_1_719' title='bbox 2184 4034 2435 4089; x_wconf 89' lang='lat' dir='ltr'>Sanctus</span> <span class='ocrx_word' id='word_1_720' title='bbox 2487 4042 2832 4093; x_wconf 89' lang='lat' dir='ltr'>sanctorum</span> <span class='ocrx_word' id='word_1_721' title='bbox 2887 4039 3173 4110; x_wconf 90' lang='lat' dir='ltr'>Christus,</span> <span class='ocrx_word' id='word_1_722' title='bbox 3223 4040 3304 4096; x_wconf 89' lang='lat' dir='ltr'>ad</span> <span class='ocrx_word' id='word_1_723' title='bbox 3347 4057 3534 4114; x_wconf 83' lang='lat' dir='ltr'>quem</span> <span class='ocrx_word' id='word_1_724' title='bbox 3579 4041 3832 4115; x_wconf 86' lang='lat' dir='ltr'>quisquis</span> 
     </span>
    </p>
   </div>
   <div class='ocr_carea' id='block_1_104' title="bbox 2178 4123 3831 4201">
    <p class='ocr_par' dir='ltr' id='par_1_104' title="bbox 2178 4123 3831 4201">
     <span class='ocr_line' id='line_1_104' title="bbox 2178 4123 3831 4201; baseline 0.005 -25"><span class='ocrx_word' id='word_1_725' title='bbox 2178 4123 2392 4193; x_wconf 68' lang='lat' dir='ltr'>[l’etr.,</span> <span class='ocrx_word' id='word_1_726' title='bbox 2427 4125 2476 4179; x_wconf 89' lang='lat' dir='ltr'>si</span> <span class='ocrx_word' id='word_1_727' title='bbox 2523 4125 2801 4201; x_wconf 83' lang='lat' dir='ltr'>quisque]</span> <span class='ocrx_word' id='word_1_728' title='bbox 2851 4131 3182 4200; x_wconf 80' lang='lat' dir='ltr'>porrexerit</span> <span class='ocrx_word' id='word_1_729' title='bbox 3232 4147 3513 4199; x_wconf 89' lang='lat' dir='ltr'>manum,</span> <span class='ocrx_word' id='word_1_730' title='bbox 3577 4133 3732 4188; x_wconf 89' lang='lat' dir='ltr'>vivet</span> <span class='ocrx_word' id='word_1_731' title='bbox 3781 4132 3831 4184; x_wconf 89' lang='lat' dir='ltr'>in</span> 
     </span>
    </p>
   </div>
   <div class='ocr_carea' id='block_1_105' title="bbox 2178 4216 2838 4287">
    <p class='ocr_par' dir='ltr' id='par_1_105' title="bbox 2178 4216 2838 4287">
     <span class='ocr_line' id='line_1_105' title="bbox 2178 4216 2838 4287; baseline 0.009 -21"><span class='ocrx_word' id='word_1_732' title='bbox 2178 4217 2492 4268; x_wconf 75' lang='lat' dir='ltr'>aeternum.</span> <span class='ocrx_word' id='word_1_733' title='bbox 2522 4216 2800 4287; x_wconf 91' lang='lat' dir='ltr'>Sequitur</span> <span class='ocrx_word' id='word_1_734' title='bbox 2825 4235 2838 4272; x_wconf 88' lang='lat'><strong>:</strong></span> 
     </span>
    </p>
   </div>
   <div class='ocr_carea' id='block_1_106' title="bbox 2247 4301 3828 4377">
    <p class='ocr_par' dir='ltr' id='par_1_106' title="bbox 2247 4301 3828 4377">
     <span class='ocr_line' id='line_1_106' title="bbox 2247 4301 3828 4377; baseline 0.006 -22"><span class='ocrx_word' id='word_1_735' title='bbox 2247 4301 2421 4358; x_wconf 74' lang='lat' dir='ltr'>Vnus.</span> <span class='ocrx_word' id='word_1_736' title='bbox 2458 4309 2542 4358; x_wconf 76' lang='grc'>15.</span> <span class='ocrx_word' id='word_1_737' title='bbox 2567 4333 2636 4344; x_wconf 90' lang='grc'><strong><em>-</em></strong></span> <span class='ocrx_word' id='word_1_738' title='bbox 2661 4307 2821 4361; x_wconf 83' lang='lat' dir='ltr'>Tulit</span> <span class='ocrx_word' id='word_1_739' title='bbox 2848 4323 2990 4377; x_wconf 86' lang='lat' dir='ltr'>ergo</span> <span class='ocrx_word' id='word_1_740' title='bbox 3023 4309 3308 4364; x_wconf 83' lang='lat' dir='ltr'>Dominus</span> <span class='ocrx_word' id='word_1_741' title='bbox 3331 4311 3492 4366; x_wconf 84' lang='lat' dir='ltr'>Deus</span> <span class='ocrx_word' id='word_1_742' title='bbox 3526 4312 3828 4368; x_wconf 82' lang='lat' dir='ltr'>hominem.</span> 
     </span>
    </p>
   </div>
   <div class='ocr_carea' id='block_1_107' title="bbox 2171 4393 3831 4467">
    <p class='ocr_par' dir='ltr' id='par_1_107' title="bbox 2171 4393 3831 4467">
     <span class='ocr_line' id='line_1_107' title="bbox 2171 4393 3831 4467; baseline 0.005 -21"><span class='ocrx_word' id='word_1_743' title='bbox 2171 4397 2225 4446; x_wconf 90' lang='lat' dir='ltr'>et</span> <span class='ocrx_word' id='word_1_744' title='bbox 2252 4393 2448 4460; x_wconf 81' lang='lat' dir='ltr'>posuit</span> <span class='ocrx_word' id='word_1_745' title='bbox 2472 4409 2602 4449; x_wconf 78' lang='lat' dir='ltr'>etun</span> <span class='ocrx_word' id='word_1_746' title='bbox 2635 4396 2693 4448; x_wconf 82' lang='lat' dir='ltr'>in</span> <span class='ocrx_word' id='word_1_747' title='bbox 2713 4397 3002 4464; x_wconf 82' lang='lat' dir='ltr'>paradiso</span> <span class='ocrx_word' id='word_1_748' title='bbox 3027 4399 3371 4467; x_wconf 84' lang='lat' dir='ltr'>voluptatis.</span> <span class='ocrx_word' id='word_1_749' title='bbox 3409 4400 3511 4456; x_wconf 86' lang='lat' dir='ltr'>Hic</span> <span class='ocrx_word' id='word_1_750' title='bbox 3541 4401 3704 4456; x_wconf 89' lang='lat' dir='ltr'>enim</span> <span class='ocrx_word' id='word_1_751' title='bbox 3752 4416 3831 4453; x_wconf 91' lang='lat' dir='ltr'>os-</span> 
     </span>
    </p>
   </div>
   <div class='ocr_carea' id='block_1_108' title="bbox 2176 4480 3829 4558">
    <p class='ocr_par' dir='ltr' id='par_1_108' title="bbox 2176 4480 3829 4558">
     <span class='ocr_line' id='line_1_108' title="bbox 2176 4480 3829 4558; baseline 0.005 -23"><span class='ocrx_word' id='word_1_752' title='bbox 2176 4480 2436 4536; x_wconf 90' lang='lat' dir='ltr'>tenditur</span> <span class='ocrx_word' id='word_1_753' title='bbox 2463 4483 2608 4554; x_wconf 86' lang='lat' dir='ltr'>quia</span> <span class='ocrx_word' id='word_1_754' title='bbox 2637 4489 2803 4540; x_wconf 78' lang='lat' dir='ltr'>extra</span> <span class='ocrx_word' id='word_1_755' title='bbox 2835 4487 3188 4558; x_wconf 88' lang='lat' dir='ltr'>paradisum</span> <span class='ocrx_word' id='word_1_756' title='bbox 3217 4489 3499 4544; x_wconf 90' lang='lat' dir='ltr'>conditus</span> <span class='ocrx_word' id='word_1_757' title='bbox 3546 4497 3656 4548; x_wconf 87' lang='lat' dir='ltr'>est.</span> <span class='ocrx_word' id='word_1_758' title='bbox 3708 4488 3829 4555; x_wconf 82' lang='lat' dir='ltr'>Qui-</span> 
     </span>
    </p>
   </div>
   <div class='ocr_carea' id='block_1_109' title="bbox 2171 4571 3825 4652">
    <p class='ocr_par' dir='ltr' id='par_1_109' title="bbox 2171 4571 3825 4652">
     <span class='ocr_line' id='line_1_109' title="bbox 2171 4571 3825 4652; baseline 0.004 -28"><span class='ocrx_word' id='word_1_759' title='bbox 2171 4571 2313 4625; x_wconf 89' lang='lat' dir='ltr'>dam</span> <span class='ocrx_word' id='word_1_760' title='bbox 2341 4571 2501 4626; x_wconf 91' lang='lat' dir='ltr'>enim</span> <span class='ocrx_word' id='word_1_761' title='bbox 2533 4573 2814 4630; x_wconf 77' lang='lat' dir='ltr'>dixerunt</span> <span class='ocrx_word' id='word_1_762' title='bbox 2842 4577 3008 4648; x_wconf 89' lang='lat' dir='ltr'>quod</span> <span class='ocrx_word' id='word_1_763' title='bbox 3039 4577 3100 4632; x_wconf 91' lang='lat' dir='ltr'>in</span> <span class='ocrx_word' id='word_1_764' title='bbox 3155 4578 3393 4634; x_wconf 85' lang='lat' dir='ltr'>Hebron</span> <span class='ocrx_word' id='word_1_765' title='bbox 3420 4580 3641 4650; x_wconf 73' lang='lat' dir='ltr'>[l’etr.,</span> <span class='ocrx_word' id='word_1_766' title='bbox 3670 4577 3825 4652; x_wconf 87' lang='lat' dir='ltr'>quod</span> 
     </span>
    </p>
   </div>
   <div class='ocr_carea' id='block_1_110' title="bbox 2171 4659 3826 4740">
    <p class='ocr_par' dir='ltr' id='par_1_110' title="bbox 2171 4659 3826 4740">
     <span class='ocr_line' id='line_1_110' title="bbox 2171 4659 3826 4740; baseline 0.004 -24"><span class='ocrx_word' id='word_1_767' title='bbox 2171 4659 2424 4734; x_wconf 86' lang='lat' dir='ltr'>Hebron]</span> <span class='ocrx_word' id='word_1_768' title='bbox 2456 4663 2732 4719; x_wconf 88' lang='lat' dir='ltr'>conditus</span> <span class='ocrx_word' id='word_1_769' title='bbox 2763 4665 2854 4730; x_wconf 91' lang='lat' dir='ltr'>sit,</span> <span class='ocrx_word' id='word_1_770' title='bbox 2909 4666 3011 4722; x_wconf 90' lang='lat' dir='ltr'>ubi</span> <span class='ocrx_word' id='word_1_771' title='bbox 3067 4672 3122 4723; x_wconf 88' lang='lat' dir='ltr'>et</span> <span class='ocrx_word' id='word_1_772' title='bbox 3152 4668 3423 4740; x_wconf 86' lang='lat' dir='ltr'>sepultus</span> <span class='ocrx_word' id='word_1_773' title='bbox 3443 4670 3628 4739; x_wconf 89' lang='lat' dir='ltr'>jacet,</span> <span class='ocrx_word' id='word_1_774' title='bbox 3661 4675 3718 4726; x_wconf 90' lang='lat' dir='ltr'>et</span> <span class='ocrx_word' id='word_1_775' title='bbox 3744 4685 3826 4723; x_wconf 87' lang='lat' dir='ltr'>su-</span> 
     </span>
    </p>
   </div>
   <div class='ocr_carea' id='block_1_111' title="bbox 2169 4751 3826 4830">
    <p class='ocr_par' dir='ltr' id='par_1_111' title="bbox 2169 4751 3826 4830">
     <span class='ocr_line' id='line_1_111' title="bbox 2169 4751 3826 4830; baseline 0.004 -23"><span class='ocrx_word' id='word_1_776' title='bbox 2169 4751 2293 4808; x_wconf 90' lang='lat' dir='ltr'>bito</span> <span class='ocrx_word' id='word_1_777' title='bbox 2322 4752 2459 4808; x_wconf 91' lang='lat' dir='ltr'>illuc</span> <span class='ocrx_word' id='word_1_778' title='bbox 2490 4754 2743 4826; x_wconf 83' lang='lat' dir='ltr'>positus,</span> <span class='ocrx_word' id='word_1_779' title='bbox 2789 4756 2912 4812; x_wconf 87' lang='lat' dir='ltr'>Hoc</span> <span class='ocrx_word' id='word_1_780' title='bbox 2942 4757 3187 4814; x_wconf 89' lang='lat' dir='ltr'>historia</span> <span class='ocrx_word' id='word_1_781' title='bbox 3243 4757 3464 4814; x_wconf 63' lang='lat' dir='ltr'>divinas</span> <span class='ocrx_word' id='word_1_782' title='bbox 3517 4761 3669 4830; x_wconf 88' lang='lat' dir='ltr'>legis</span> <span class='ocrx_word' id='word_1_783' title='bbox 3716 4774 3826 4815; x_wconf 90' lang='lat' dir='ltr'>non</span> 
     </span>
    </p>
   </div>
   <div class='ocr_carea' id='block_1_112' title="bbox 2166 4844 3818 4916">
    <p class='ocr_par' dir='ltr' id='par_1_112' title="bbox 2166 4844 3818 4916">
     <span class='ocr_line' id='line_1_112' title="bbox 2166 4844 3818 4916; baseline 0.004 -20"><span class='ocrx_word' id='word_1_784' title='bbox 2166 4846 2386 4897; x_wconf 88' lang='lat' dir='ltr'>narrat.</span> <span class='ocrx_word' id='word_1_785' title='bbox 2427 4844 2496 4898; x_wconf 90' lang='lat' dir='ltr'>Ut</span> <span class='ocrx_word' id='word_1_786' title='bbox 2544 4852 2901 4912; x_wconf 88' lang='lat' dir='ltr'>operaretur</span> <span class='ocrx_word' id='word_1_787' title='bbox 2952 4853 3004 4902; x_wconf 89' lang='lat' dir='ltr'>et</span> <span class='ocrx_word' id='word_1_788' title='bbox 3062 4849 3388 4905; x_wconf 80' lang='lat' dir='ltr'>custodiret</span> <span class='ocrx_word' id='word_1_789' title='bbox 3439 4851 3641 4906; x_wconf 89' lang='lat' dir='ltr'>illum.</span> <span class='ocrx_word' id='word_1_790' title='bbox 3677 4847 3818 4916; x_wconf 84' lang='lat' dir='ltr'>Quid</span> 
     </span>
    </p>
   </div>
   <div class='ocr_carea' id='block_1_113' title="bbox 2164 4934 3823 5001">
    <p class='ocr_par' dir='ltr' id='par_1_113' title="bbox 2164 4934 3823 5001">
     <span class='ocr_line' id='line_1_113' title="bbox 2164 4934 3823 5001; baseline 0.004 -17"><span class='ocrx_word' id='word_1_791' title='bbox 2164 4937 2530 5001; x_wconf 89' lang='lat' dir='ltr'>operaretur,</span> <span class='ocrx_word' id='word_1_792' title='bbox 2560 4949 2698 4989; x_wconf 91' lang='lat' dir='ltr'>cum</span> <span class='ocrx_word' id='word_1_793' title='bbox 2723 4934 2996 4991; x_wconf 92' lang='lat' dir='ltr'>nondum</span> <span class='ocrx_word' id='word_1_794' title='bbox 3021 4943 3150 4992; x_wconf 89' lang='lat' dir='ltr'>erat</span> <span class='ocrx_word' id='word_1_795' title='bbox 3175 4936 3401 4993; x_wconf 84' lang='lat' dir='ltr'>laboris</span> <span class='ocrx_word' id='word_1_796' title='bbox 3417 4937 3712 4995; x_wconf 86' lang='lat' dir='ltr'>defectio?</span> <span class='ocrx_word' id='word_1_797' title='bbox 3741 4938 3823 4992; x_wconf 84' lang='lat' dir='ltr'>vel</span> 
     </span>
    </p>
   </div>
   <div class='ocr_carea' id='block_1_114' title="bbox 2164 5020 3823 5097">
    <p class='ocr_par' dir='ltr' id='par_1_114' title="bbox 2164 5020 3823 5097">
     <span class='ocr_line' id='line_1_114' title="bbox 2164 5020 3823 5097; baseline 0.005 -24"><span class='ocrx_word' id='word_1_798' title='bbox 2164 5020 2310 5092; x_wconf 91' lang='lat' dir='ltr'>quid</span> <span class='ocrx_word' id='word_1_799' title='bbox 2361 5022 2706 5090; x_wconf 87' lang='lat' dir='ltr'>custodiret,</span> <span class='ocrx_word' id='word_1_800' title='bbox 2763 5041 2902 5080; x_wconf 88' lang='lat' dir='ltr'>cum</span> <span class='ocrx_word' id='word_1_801' title='bbox 2963 5025 3165 5081; x_wconf 90' lang='lat' dir='ltr'>nullus</span> <span class='ocrx_word' id='word_1_802' title='bbox 3236 5032 3362 5083; x_wconf 91' lang='lat' dir='ltr'>erat</span> <span class='ocrx_word' id='word_1_803' title='bbox 3409 5044 3695 5097; x_wconf 86' lang='lat' dir='ltr'>agressor</span> <span class='ocrx_word' id='word_1_804' title='bbox 3737 5025 3823 5082; x_wconf 87' lang='lat' dir='ltr'>vel</span> 
     </span>
    </p>
   </div>
   <div class='ocr_carea' id='block_1_115' title="bbox 2163 5111 3823 5185">
    <p class='ocr_par' dir='ltr' id='par_1_115' title="bbox 2163 5111 3823 5185">
     <span class='ocr_line' id='line_1_115' title="bbox 2163 5111 3823 5185; baseline 0.005 -22"><span class='ocrx_word' id='word_1_805' title='bbox 2163 5111 2418 5181; x_wconf 69' lang='lat' dir='ltr'>praedo?</span> <span class='ocrx_word' id='word_1_806' title='bbox 2449 5115 2538 5168; x_wconf 81' lang='lat' dir='ltr'>An</span> <span class='ocrx_word' id='word_1_807' title='bbox 2575 5119 2820 5185; x_wconf 90' lang='lat' dir='ltr'>propter</span> <span class='ocrx_word' id='word_1_808' title='bbox 2861 5115 3084 5172; x_wconf 86' lang='lat' dir='ltr'>bestias</span> <span class='ocrx_word' id='word_1_809' title='bbox 3131 5117 3328 5174; x_wconf 80' lang='lat' dir='ltr'>dicit?</span> <span class='ocrx_word' id='word_1_810' title='bbox 3359 5117 3617 5176; x_wconf 79' lang='lat' dir='ltr'>Minime.</span> <span class='ocrx_word' id='word_1_811' title='bbox 3679 5118 3823 5184; x_wconf 89' lang='lat' dir='ltr'>Quia</span> 
     </span>
    </p>
   </div>
   <div class='ocr_carea' id='block_1_116' title="bbox 2161 5197 3819 5279">
    <p class='ocr_par' dir='ltr' id='par_1_116' title="bbox 2161 5197 3819 5279">
     <span class='ocr_line' id='line_1_116' title="bbox 2161 5197 3819 5279; baseline 0.004 -26"><span class='ocrx_word' id='word_1_812' title='bbox 2161 5197 2368 5255; x_wconf 74' lang='lat' dir='ltr'>bestire</span> <span class='ocrx_word' id='word_1_813' title='bbox 2417 5201 2641 5256; x_wconf 79' lang='lat' dir='ltr'>nocivae</span> <span class='ocrx_word' id='word_1_814' title='bbox 2705 5218 2828 5258; x_wconf 91' lang='lat' dir='ltr'>non</span> <span class='ocrx_word' id='word_1_815' title='bbox 2882 5202 3122 5260; x_wconf 86' lang='lat' dir='ltr'>fuerunt</span> <span class='ocrx_word' id='word_1_816' title='bbox 3159 5205 3273 5260; x_wconf 90' lang='lat' dir='ltr'>nisi</span> <span class='ocrx_word' id='word_1_817' title='bbox 3321 5211 3460 5277; x_wconf 89' lang='lat' dir='ltr'>post</span> <span class='ocrx_word' id='word_1_818' title='bbox 3489 5212 3819 5279; x_wconf 88' lang='lat' dir='ltr'>peccatum.</span> 
     </span>
    </p>
   </div>
   <div class='ocr_carea' id='block_1_117' title="bbox 2164 5289 3822 5362">
    <p class='ocr_par' dir='ltr' id='par_1_117' title="bbox 2164 5289 3822 5362">
     <span class='ocr_line' id='line_1_117' title="bbox 2164 5289 3822 5362; baseline 0.003 -18"><span class='ocrx_word' id='word_1_819' title='bbox 2164 5289 2276 5344; x_wconf 88' lang='lat' dir='ltr'>Sed</span> <span class='ocrx_word' id='word_1_820' title='bbox 2305 5289 2472 5360; x_wconf 92' lang='lat' dir='ltr'>quod</span> <span class='ocrx_word' id='word_1_821' title='bbox 2493 5291 2592 5352; x_wconf 90' lang='lat' dir='ltr'>ait,</span> <span class='ocrx_word' id='word_1_822' title='bbox 2625 5299 2984 5360; x_wconf 87' lang='lat' dir='ltr'>operaretur</span> <span class='ocrx_word' id='word_1_823' title='bbox 3021 5300 3076 5351; x_wconf 88' lang='lat' dir='ltr'>et</span> <span class='ocrx_word' id='word_1_824' title='bbox 3102 5296 3426 5352; x_wconf 83' lang='lat' dir='ltr'>custodiret</span> <span class='ocrx_word' id='word_1_825' title='bbox 3472 5298 3672 5362; x_wconf 86' lang='lat' dir='ltr'>illum,</span> <span class='ocrx_word' id='word_1_826' title='bbox 3707 5311 3822 5352; x_wconf 90' lang='lat' dir='ltr'>non</span> 
     </span>
    </p>
   </div>
   <div class='ocr_carea' id='block_1_118' title="bbox 2157 5377 3820 5454">
    <p class='ocr_par' dir='ltr' id='par_1_118' title="bbox 2157 5377 3820 5454">
     <span class='ocr_line' id='line_1_118' title="bbox 2157 5377 3820 5454; baseline 0.004 -22"><span class='ocrx_word' id='word_1_827' title='bbox 2157 5377 2411 5449; x_wconf 88' lang='lat' dir='ltr'>pertinet</span> <span class='ocrx_word' id='word_1_828' title='bbox 2462 5379 2541 5436; x_wconf 88' lang='lat' dir='ltr'>ad</span> <span class='ocrx_word' id='word_1_829' title='bbox 2573 5381 2848 5438; x_wconf 89' lang='lat' dir='ltr'>servilem</span> <span class='ocrx_word' id='word_1_830' title='bbox 2903 5382 3200 5454; x_wconf 86' lang='lat' dir='ltr'>laborem,</span> <span class='ocrx_word' id='word_1_831' title='bbox 3233 5385 3340 5442; x_wconf 87' lang='lat' dir='ltr'>sed</span> <span class='ocrx_word' id='word_1_832' title='bbox 3369 5385 3450 5442; x_wconf 88' lang='lat' dir='ltr'>ad</span> <span class='ocrx_word' id='word_1_833' title='bbox 3478 5386 3820 5443; x_wconf 84' lang='lat' dir='ltr'>exercitium</span> 
     </span>
    </p>
   </div>
   <div class='ocr_carea' id='block_1_119' title="bbox 2149 5467 3820 5548">
    <p class='ocr_par' dir='ltr' id='par_1_119' title="bbox 2149 5467 3820 5548">
     <span class='ocr_line' id='line_1_119' title="bbox 2149 5467 3820 5548; baseline 0.006 -28"><span class='ocrx_word' id='word_1_834' title='bbox 2149 5467 2565 5536; x_wconf 87' lang='lat' dir='ltr'>jucunditatis,</span> <span class='ocrx_word' id='word_1_835' title='bbox 2647 5472 2702 5524; x_wconf 92' lang='lat' dir='ltr'>et</span> <span class='ocrx_word' id='word_1_836' title='bbox 2785 5471 3106 5528; x_wconf 88' lang='lat' dir='ltr'>honestam</span> <span class='ocrx_word' id='word_1_837' title='bbox 3183 5474 3373 5532; x_wconf 90' lang='lat' dir='ltr'>animi</span> <span class='ocrx_word' id='word_1_838' title='bbox 3429 5475 3820 5548; x_wconf 85' lang='lat' dir='ltr'>voluptatem,</span> 
     </span>
    </p>
   </div>
   <div class='ocr_carea' id='block_1_120' title="bbox 2155 5554 3820 5638">
    <p class='ocr_par' dir='ltr' id='par_1_120' title="bbox 2155 5554 3820 5638">
     <span class='ocr_line' id='line_1_120' title="bbox 2155 5554 3820 5638; baseline 0.005 -30"><span class='ocrx_word' id='word_1_839' title='bbox 2155 5554 2306 5610; x_wconf 90' lang='lat' dir='ltr'>sicut</span> <span class='ocrx_word' id='word_1_840' title='bbox 2377 5561 2670 5629; x_wconf 89' lang='lat' dir='ltr'>patentes,</span> <span class='ocrx_word' id='word_1_841' title='bbox 2734 5574 2874 5616; x_wconf 91' lang='lat' dir='ltr'>cum</span> <span class='ocrx_word' id='word_1_842' title='bbox 2936 5561 3116 5618; x_wconf 88' lang='lat' dir='ltr'>nullis</span> <span class='ocrx_word' id='word_1_843' title='bbox 3197 5562 3494 5634; x_wconf 88' lang='lat' dir='ltr'>indigent,</span> <span class='ocrx_word' id='word_1_844' title='bbox 3577 5569 3820 5638; x_wconf 90' lang='lat' dir='ltr'>propter</span> 
     </span>
    </p>
   </div>
   <div class='ocr_carea' id='block_1_121' title="bbox 2150 5643 3818 5713">
    <p class='ocr_par' dir='ltr' id='par_1_121' title="bbox 2150 5643 3818 5713">
     <span class='ocr_line' id='line_1_121' title="bbox 2150 5643 3818 5713; baseline 0.005 -16"><span class='ocrx_word' id='word_1_845' title='bbox 2150 5643 2590 5713; x_wconf 89' lang='lat' dir='ltr'>jucunditatem</span> <span class='ocrx_word' id='word_1_846' title='bbox 2637 5651 2840 5704; x_wconf 88' lang='lat' dir='ltr'>tamen</span> <span class='ocrx_word' id='word_1_847' title='bbox 2895 5648 3206 5706; x_wconf 87' lang='lat' dir='ltr'>laboribus</span> <span class='ocrx_word' id='word_1_848' title='bbox 3249 5669 3314 5707; x_wconf 87' lang='lat' dir='ltr'>se</span> <span class='ocrx_word' id='word_1_849' title='bbox 3361 5658 3669 5710; x_wconf 87' lang='lat' dir='ltr'>exercent.</span> <span class='ocrx_word' id='word_1_850' title='bbox 3707 5656 3818 5710; x_wconf 90' lang='lat' dir='ltr'>Seu</span> 
     </span>
    </p>
   </div>
   <div class='ocr_carea' id='block_1_122' title="bbox 2155 5731 3814 5814">
    <p class='ocr_par' dir='ltr' id='par_1_122' title="bbox 2155 5731 3814 5814">
     <span class='ocr_line' id='line_1_122' title="bbox 2155 5731 3814 5814; baseline 0.005 -26"><span class='ocrx_word' id='word_1_851' title='bbox 2155 5731 2336 5790; x_wconf 90' lang='lat' dir='ltr'>etiam</span> <span class='ocrx_word' id='word_1_852' title='bbox 2417 5740 2738 5808; x_wconf 86' lang='lat' dir='ltr'>propterea</span> <span class='ocrx_word' id='word_1_853' title='bbox 2809 5737 3038 5796; x_wconf 89' lang='lat' dir='ltr'>dictum</span> <span class='ocrx_word' id='word_1_854' title='bbox 3111 5745 3223 5812; x_wconf 84' lang='lat' dir='ltr'>est,</span> <span class='ocrx_word' id='word_1_855' title='bbox 3295 5749 3362 5800; x_wconf 89' lang='lat' dir='ltr'>ut</span> <span class='ocrx_word' id='word_1_856' title='bbox 3441 5749 3814 5814; x_wconf 82' lang='lat' dir='ltr'>operaretur</span> 
     </span>
    </p>
   </div>
  </div>
