  <div class='ocr_page' id='page_1' title='image "/cluster/home/n/w/nwhite01/storage/ocr_20150623/115-116/uc1.31175006916467/074.png"; bbox 0 0 3944 6422; ppageno 0'>
   <div class='ocr_carea' id='block_1_1' title="bbox 76 235 1720 300">
    <p class='ocr_par' dir='ltr' id='par_1_1' title="bbox 76 237 1720 298">
     <span class='ocr_line' id='line_1_1' title="bbox 76 237 1720 298; baseline 0 0"><span class='ocrx_word' id='word_1_1' title='bbox 76 246 164 298; x_wconf 81' lang='grc'><strong>133</strong></span> <span class='ocrx_word' id='word_1_2' title='bbox 1443 237 1720 298; x_wconf 70' lang='grc' dir='ltr'><strong>ΕΟΠΙΕΝ</strong></span> 
     </span>
    </p>
   </div>
   <div class='ocr_carea' id='block_1_2' title="bbox 1867 235 2102 300">
    <p class='ocr_par' dir='ltr' id='par_1_2' title="bbox 1867 239 2102 300">
     <span class='ocr_line' id='line_1_2' title="bbox 1867 239 2102 300; baseline 0.009 -6"><span class='ocrx_word' id='word_1_3' title='bbox 1867 239 1904 294; x_wconf 79' lang='grc' dir='ltr'><strong>Ν</strong></span> <span class='ocrx_word' id='word_1_4' title='bbox 1945 239 2102 300; x_wconf 73' lang='grc' dir='ltr'><strong>ΕΕΝ.</strong></span> 
     </span>
    </p>
   </div>
   <div class='ocr_carea' id='block_1_3' title="bbox 3382 255 3484 312">
    <p class='ocr_par' dir='ltr' id='par_1_3' title="bbox 3382 255 3484 312">
     <span class='ocr_line' id='line_1_3' title="bbox 3382 255 3484 312; baseline 0.02 -2"><span class='ocrx_word' id='word_1_5' title='bbox 3382 255 3484 312; x_wconf 73' lang='grc' dir='ltr'><strong>ιόίι</strong></span> 
     </span>
    </p>
   </div>
   <div class='ocr_carea' id='block_1_4' title="bbox 64 358 3489 448">
    <p class='ocr_par' dir='ltr' id='par_1_4' title="bbox 64 358 3489 448">
     <span class='ocr_line' id='line_1_4' title="bbox 64 358 3489 448; baseline 0.004 -26"><span class='ocrx_word' id='word_1_6' title='bbox 64 371 113 422; x_wconf 87' lang='lat' dir='ltr'><strong>et</strong></span> <span class='ocrx_word' id='word_1_7' title='bbox 153 361 463 420; x_wconf 80' lang='lat' dir='ltr'><strong>custodiret</strong></span> <span class='ocrx_word' id='word_1_8' title='bbox 510 361 710 430; x_wconf 81' lang='lat' dir='ltr'><strong>illum,</strong></span> <span class='ocrx_word' id='word_1_9' title='bbox 739 358 803 416; x_wconf 89' lang='lat' dir='ltr'><strong>id</strong></span> <span class='ocrx_word' id='word_1_10' title='bbox 858 363 967 430; x_wconf 89' lang='lat' dir='ltr'><strong>est,</strong></span> <span class='ocrx_word' id='word_1_11' title='bbox 1007 363 1356 434; x_wconf 84' lang='lat' dir='ltr'><strong>operaretur</strong></span> <span class='ocrx_word' id='word_1_12' title='bbox 1403 363 1708 434; x_wconf 83' lang='lat' dir='ltr'><strong>praecepta</strong></span> <span class='ocrx_word' id='word_1_13' title='bbox 1734 367 1782 420; x_wconf 80' lang='grc' dir='ltr'><strong>Α</strong></span> <span class='ocrx_word' id='word_1_14' title='bbox 1821 362 2034 428; x_wconf 81' lang='lat' dir='ltr'><strong>Adam,</strong></span> <span class='ocrx_word' id='word_1_15' title='bbox 2067 370 2156 422; x_wconf 92' lang='lat' dir='ltr'><strong>est</strong></span> <span class='ocrx_word' id='word_1_16' title='bbox 2187 372 2462 426; x_wconf 89' lang='lat' dir='ltr'><strong>mortuus</strong></span> <span class='ocrx_word' id='word_1_17' title='bbox 2486 369 2548 428; x_wconf 88' lang='lat' dir='ltr'><strong>in</strong></span> <span class='ocrx_word' id='word_1_18' title='bbox 2574 371 2799 430; x_wconf 87' lang='lat' dir='ltr'><strong>anima.</strong></span> <span class='ocrx_word' id='word_1_19' title='bbox 2834 372 2972 429; x_wconf 70' lang='lat' dir='ltr'><strong>Haec</strong></span> <span class='ocrx_word' id='word_1_20' title='bbox 3010 373 3208 446; x_wconf 88' lang='lat' dir='ltr'><strong>prima</strong></span> <span class='ocrx_word' id='word_1_21' title='bbox 3237 390 3489 448; x_wconf 60' lang='lat' dir='ltr'><strong>praeces-</strong></span> 
     </span>
    </p>
   </div>
   <div class='ocr_carea' id='block_1_5' title="bbox 61 449 1710 526">
    <p class='ocr_par' dir='ltr' id='par_1_5' title="bbox 61 449 1710 526">
     <span class='ocr_line' id='line_1_5' title="bbox 61 449 1710 526; baseline -0.004 -16"><span class='ocrx_word' id='word_1_22' title='bbox 61 453 300 526; x_wconf 72' lang='lat' dir='ltr'><strong>justitite,</strong></span> <span class='ocrx_word' id='word_1_23' title='bbox 327 457 383 508; x_wconf 91' lang='lat' dir='ltr'><strong>et</strong></span> <span class='ocrx_word' id='word_1_24' title='bbox 417 455 822 524; x_wconf 78' lang='lat' dir='ltr'><strong>perseveraret</strong></span> <span class='ocrx_word' id='word_1_25' title='bbox 849 450 913 506; x_wconf 92' lang='lat' dir='ltr'><strong>in</strong></span> <span class='ocrx_word' id='word_1_26' title='bbox 943 449 1257 521; x_wconf 89' lang='lat' dir='ltr'><strong>mandato,</strong></span> <span class='ocrx_word' id='word_1_27' title='bbox 1290 454 1346 507; x_wconf 91' lang='lat' dir='ltr'><strong>et</strong></span> <span class='ocrx_word' id='word_1_28' title='bbox 1383 451 1710 507; x_wconf 85' lang='lat' dir='ltr'><strong>custodiret</strong></span> 
     </span>
    </p>
   </div>
   <div class='ocr_carea' id='block_1_6' title="bbox 67 538 1707 615">
    <p class='ocr_par' dir='ltr' id='par_1_6' title="bbox 67 538 1707 615">
     <span class='ocr_line' id='line_1_6' title="bbox 67 538 1707 615; baseline -0.004 -15"><span class='ocrx_word' id='word_1_29' title='bbox 67 542 456 614; x_wconf 86' lang='lat' dir='ltr'><strong>semetipsum,</strong></span> <span class='ocrx_word' id='word_1_30' title='bbox 485 557 561 596; x_wconf 92' lang='lat' dir='ltr'><strong>ne</strong></span> <span class='ocrx_word' id='word_1_31' title='bbox 591 539 862 615; x_wconf 86' lang='lat' dir='ltr'><strong>perderet</strong></span> <span class='ocrx_word' id='word_1_32' title='bbox 893 538 1268 612; x_wconf 83' lang='lat' dir='ltr'><strong>paradisum.</strong></span> <span class='ocrx_word' id='word_1_33' title='bbox 1295 541 1508 596; x_wconf 90' lang='lat' dir='ltr'><strong>Dicunt</strong></span> <span class='ocrx_word' id='word_1_34' title='bbox 1527 545 1584 595; x_wconf 90' lang='lat' dir='ltr'><strong>et</strong></span> <span class='ocrx_word' id='word_1_35' title='bbox 1614 539 1707 595; x_wconf 86' lang='lat' dir='ltr'><strong>ali-</strong></span> 
     </span>
    </p>
   </div>
   <div class='ocr_carea' id='block_1_7' title="bbox 63 628 1710 702">
    <p class='ocr_par' dir='ltr' id='par_1_7' title="bbox 63 628 1710 702">
     <span class='ocr_line' id='line_1_7' title="bbox 63 628 1710 702; baseline -0.004 -12"><span class='ocrx_word' id='word_1_36' title='bbox 63 640 172 690; x_wconf 89' lang='lat' dir='ltr'><strong>ter:</strong></span> <span class='ocrx_word' id='word_1_37' title='bbox 219 632 374 688; x_wconf 89' lang='lat' dir='ltr'><strong>Tulit</strong></span> <span class='ocrx_word' id='word_1_38' title='bbox 411 646 553 702; x_wconf 86' lang='lat' dir='ltr'><strong>ergo</strong></span> <span class='ocrx_word' id='word_1_39' title='bbox 601 631 759 686; x_wconf 84' lang='lat' dir='ltr'><strong>Deus</strong></span> <span class='ocrx_word' id='word_1_40' title='bbox 799 629 1115 692; x_wconf 83' lang='lat' dir='ltr'><strong>hominem,</strong></span> <span class='ocrx_word' id='word_1_41' title='bbox 1149 635 1203 686; x_wconf 90' lang='lat' dir='ltr'><strong>et</strong></span> <span class='ocrx_word' id='word_1_42' title='bbox 1246 630 1446 700; x_wconf 80' lang='lat' dir='ltr'><strong>posuit</strong></span> <span class='ocrx_word' id='word_1_43' title='bbox 1487 645 1618 686; x_wconf 90' lang='lat' dir='ltr'><strong>eum</strong></span> <span class='ocrx_word' id='word_1_44' title='bbox 1647 628 1710 684; x_wconf 89' lang='lat' dir='ltr'><strong>in</strong></span> 
     </span>
    </p>
   </div>
   <div class='ocr_carea' id='block_1_8' title="bbox 61 717 1714 794">
    <p class='ocr_par' dir='ltr' id='par_1_8' title="bbox 61 717 1714 794">
     <span class='ocr_line' id='line_1_8' title="bbox 61 717 1714 794; baseline -0.003 -15"><span class='ocrx_word' id='word_1_45' title='bbox 61 721 350 794; x_wconf 82' lang='lat' dir='ltr'><strong>paradiso,</strong></span> <span class='ocrx_word' id='word_1_46' title='bbox 380 725 446 775; x_wconf 87' lang='lat' dir='ltr'><strong>ut</strong></span> <span class='ocrx_word' id='word_1_47' title='bbox 476 725 835 790; x_wconf 80' lang='lat' dir='ltr'><strong>operaretur</strong></span> <span class='ocrx_word' id='word_1_48' title='bbox 863 725 918 776; x_wconf 88' lang='lat' dir='ltr'><strong>et</strong></span> <span class='ocrx_word' id='word_1_49' title='bbox 949 719 1270 775; x_wconf 78' lang='lat' dir='ltr'><strong>custodiret</strong></span> <span class='ocrx_word' id='word_1_50' title='bbox 1304 721 1503 782; x_wconf 86' lang='lat' dir='ltr'><strong>illum,</strong></span> <span class='ocrx_word' id='word_1_51' title='bbox 1532 717 1596 773; x_wconf 91' lang='lat' dir='ltr'><strong>id</strong></span> <span class='ocrx_word' id='word_1_52' title='bbox 1625 722 1714 774; x_wconf 90' lang='lat' dir='ltr'><strong>est</strong></span> 
     </span>
    </p>
   </div>
   <div class='ocr_carea' id='block_1_9' title="bbox 64 807 1715 884">
    <p class='ocr_par' dir='ltr' id='par_1_9' title="bbox 64 807 1715 884">
     <span class='ocr_line' id='line_1_9' title="bbox 64 807 1715 884; baseline -0.002 -17"><span class='ocrx_word' id='word_1_53' title='bbox 64 815 122 867; x_wconf 91' lang='lat' dir='ltr'><strong>ut</strong></span> <span class='ocrx_word' id='word_1_54' title='bbox 149 812 336 884; x_wconf 91' lang='lat' dir='ltr'><strong>ipsum</strong></span> <span class='ocrx_word' id='word_1_55' title='bbox 365 809 678 866; x_wconf 88' lang='lat' dir='ltr'><strong>hominem</strong></span> <span class='ocrx_word' id='word_1_56' title='bbox 709 809 863 865; x_wconf 87' lang='lat' dir='ltr'><strong>Deus</strong></span> <span class='ocrx_word' id='word_1_57' title='bbox 901 812 1268 882; x_wconf 87' lang='lat' dir='ltr'><strong>operaretur,</strong></span> <span class='ocrx_word' id='word_1_58' title='bbox 1301 813 1354 864; x_wconf 90' lang='lat' dir='ltr'><strong>et</strong></span> <span class='ocrx_word' id='word_1_59' title='bbox 1385 807 1715 864; x_wconf 84' lang='lat' dir='ltr'><strong>custodiret</strong></span> 
     </span>
    </p>
   </div>
   <div class='ocr_carea' id='block_1_10' title="bbox 64 898 1710 972">
    <p class='ocr_par' dir='ltr' id='par_1_10' title="bbox 64 898 1710 972">
     <span class='ocr_line' id='line_1_10' title="bbox 64 898 1710 972; baseline -0.002 -16"><span class='ocrx_word' id='word_1_60' title='bbox 64 900 254 969; x_wconf 91' lang='lat' dir='ltr'><strong>illum;</strong></span> <span class='ocrx_word' id='word_1_61' title='bbox 297 903 646 972; x_wconf 85' lang='lat' dir='ltr'><strong>operaretur</strong></span> <span class='ocrx_word' id='word_1_62' title='bbox 693 903 760 956; x_wconf 90' lang='lat' dir='ltr'><strong>ut</strong></span> <span class='ocrx_word' id='word_1_63' title='bbox 799 898 1000 969; x_wconf 89' lang='lat' dir='ltr'><strong>justus</strong></span> <span class='ocrx_word' id='word_1_64' title='bbox 1031 903 1224 966; x_wconf 91' lang='lat' dir='ltr'><strong>esset;</strong></span> <span class='ocrx_word' id='word_1_65' title='bbox 1280 903 1336 955; x_wconf 93' lang='lat' dir='ltr'><strong>et</strong></span> <span class='ocrx_word' id='word_1_66' title='bbox 1363 898 1710 964; x_wconf 85' lang='lat' dir='ltr'><strong>custodiret,</strong></span> 
     </span>
    </p>
   </div>
   <div class='ocr_carea' id='block_1_11' title="bbox 67 986 1713 1060">
    <p class='ocr_par' dir='ltr' id='par_1_11' title="bbox 67 986 1713 1060">
     <span class='ocr_line' id='line_1_11' title="bbox 67 986 1713 1060; baseline -0.002 -14"><span class='ocrx_word' id='word_1_67' title='bbox 67 994 121 1046; x_wconf 92' lang='lat' dir='ltr'><strong>ut</strong></span> <span class='ocrx_word' id='word_1_68' title='bbox 149 993 300 1046; x_wconf 89' lang='lat' dir='ltr'><strong>tutus</strong></span> <span class='ocrx_word' id='word_1_69' title='bbox 331 994 483 1045; x_wconf 85' lang='lat' dir='ltr'><strong>esset</strong></span> <span class='ocrx_word' id='word_1_70' title='bbox 511 1007 525 1056; x_wconf 93' lang='lat'><strong>;</strong></span> <span class='ocrx_word' id='word_1_71' title='bbox 553 988 703 1044; x_wconf 86' lang='lat' dir='ltr'><strong>sicut</strong></span> <span class='ocrx_word' id='word_1_72' title='bbox 725 992 881 1044; x_wconf 87' lang='lat' dir='ltr'><strong>terra</strong></span> <span class='ocrx_word' id='word_1_73' title='bbox 907 987 1144 1060; x_wconf 89' lang='lat' dir='ltr'><strong>operari</strong></span> <span class='ocrx_word' id='word_1_74' title='bbox 1173 987 1389 1044; x_wconf 91' lang='lat' dir='ltr'><strong>dicitur</strong></span> <span class='ocrx_word' id='word_1_75' title='bbox 1418 986 1497 1044; x_wconf 91' lang='lat' dir='ltr'><strong>ab</strong></span> <span class='ocrx_word' id='word_1_76' title='bbox 1522 986 1713 1043; x_wconf 86' lang='lat' dir='ltr'><strong>homi-</strong></span> 
     </span>
    </p>
   </div>
   <div class='ocr_carea' id='block_1_12' title="bbox 65 1077 1710 1146">
    <p class='ocr_par' dir='ltr' id='par_1_12' title="bbox 65 1077 1710 1146">
     <span class='ocr_line' id='line_1_12' title="bbox 65 1077 1710 1146; baseline -0.002 -10"><span class='ocrx_word' id='word_1_77' title='bbox 65 1079 228 1136; x_wconf 88' lang='lat' dir='ltr'><strong>nibus</strong></span> <span class='ocrx_word' id='word_1_78' title='bbox 257 1095 376 1136; x_wconf 92' lang='lat' dir='ltr'><strong>non</strong></span> <span class='ocrx_word' id='word_1_79' title='bbox 410 1078 696 1146; x_wconf 84' lang='lat' dir='ltr'><strong>creando,</strong></span> <span class='ocrx_word' id='word_1_80' title='bbox 729 1078 834 1133; x_wconf 90' lang='lat' dir='ltr'><strong>sed</strong></span> <span class='ocrx_word' id='word_1_81' title='bbox 860 1077 1218 1145; x_wconf 79' lang='lat' dir='ltr'><strong>exercendo,</strong></span> <span class='ocrx_word' id='word_1_82' title='bbox 1246 1082 1308 1133; x_wconf 91' lang='lat' dir='ltr'><strong>ut</strong></span> <span class='ocrx_word' id='word_1_83' title='bbox 1335 1077 1597 1134; x_wconf 89' lang='lat' dir='ltr'><strong>fructum</strong></span> <span class='ocrx_word' id='word_1_84' title='bbox 1631 1077 1710 1132; x_wconf 79' lang='lat' dir='ltr'><strong>fe-</strong></span> 
     </span>
    </p>
   </div>
   <div class='ocr_carea' id='block_1_13' title="bbox 63 1165 1712 1243">
    <p class='ocr_par' dir='ltr' id='par_1_13' title="bbox 63 1165 1712 1243">
     <span class='ocr_line' id='line_1_13' title="bbox 63 1165 1712 1243; baseline -0.003 -16"><span class='ocrx_word' id='word_1_85' title='bbox 63 1173 163 1242; x_wconf 89' lang='lat' dir='ltr'><strong>rat,</strong></span> <span class='ocrx_word' id='word_1_86' title='bbox 192 1185 370 1243; x_wconf 88' lang='lat' dir='ltr'><strong>quem</strong></span> <span class='ocrx_word' id='word_1_87' title='bbox 403 1184 656 1224; x_wconf 88' lang='lat' dir='ltr'><strong>sensum</strong></span> <span class='ocrx_word' id='word_1_88' title='bbox 704 1166 977 1224; x_wconf 91' lang='lat' dir='ltr'><strong>nonnulli</strong></span> <span class='ocrx_word' id='word_1_89' title='bbox 1025 1167 1465 1240; x_wconf 87' lang='lat' dir='ltr'><strong>reprehendere</strong></span> <span class='ocrx_word' id='word_1_90' title='bbox 1507 1165 1712 1223; x_wconf 85' lang='lat' dir='ltr'><strong>volue-</strong></span> 
     </span>
    </p>
   </div>
   <div class='ocr_carea' id='block_1_14' title="bbox 63 1246 1712 1332">
    <p class='ocr_par' dir='ltr' id='par_1_14' title="bbox 63 1246 1712 1332">
     <span class='ocr_line' id='line_1_14' title="bbox 63 1246 1712 1332; baseline -0.003 -16"><span class='ocrx_word' id='word_1_91' title='bbox 63 1262 206 1327; x_wconf 90' lang='lat' dir='ltr'><strong>runt,</strong></span> <span class='ocrx_word' id='word_1_92' title='bbox 233 1258 392 1332; x_wconf 84' lang='lat' dir='ltr'><strong>quia,</strong></span> <span class='ocrx_word' id='word_1_93' title='bbox 424 1257 726 1332; x_wconf 86' lang='lat' dir='ltr'><strong>inquiunt,</strong></span> <span class='ocrx_word' id='word_1_94' title='bbox 758 1257 807 1314; x_wconf 91' lang='lat' dir='ltr'><strong>si</strong></span> <span class='ocrx_word' id='word_1_95' title='bbox 855 1246 996 1314; x_wconf 84' lang='lat' dir='ltr'><strong>eum</strong></span> <span class='ocrx_word' id='word_1_96' title='bbox 1037 1257 1391 1323; x_wconf 83' lang='lat' dir='ltr'><strong>custodiret,</strong></span> <span class='ocrx_word' id='word_1_97' title='bbox 1421 1273 1546 1314; x_wconf 88' lang='lat' dir='ltr'><strong>non</strong></span> <span class='ocrx_word' id='word_1_98' title='bbox 1575 1272 1712 1330; x_wconf 86' lang='lat' dir='ltr'><strong>pec-</strong></span> 
     </span>
    </p>
   </div>
   <div class='ocr_carea' id='block_1_15' title="bbox 63 1348 574 1422">
    <p class='ocr_par' dir='ltr' id='par_1_15' title="bbox 63 1348 574 1422">
     <span class='ocr_line' id='line_1_15' title="bbox 63 1348 574 1422; baseline -0.006 -16"><span class='ocrx_word' id='word_1_99' title='bbox 63 1353 225 1406; x_wconf 87' lang='lat' dir='ltr'><strong>caret.</strong></span> <span class='ocrx_word' id='word_1_100' title='bbox 263 1348 539 1422; x_wconf 89' lang='lat' dir='ltr'><strong>Sequitur</strong></span> <span class='ocrx_word' id='word_1_101' title='bbox 559 1364 574 1404; x_wconf 90' lang='lat'><strong>:</strong></span> 
     </span>
    </p>
   </div>
   <div class='ocr_carea' id='block_1_16' title="bbox 127 1436 1715 1508">
    <p class='ocr_par' dir='ltr' id='par_1_16' title="bbox 127 1436 1715 1508">
     <span class='ocr_line' id='line_1_16' title="bbox 127 1436 1715 1508; baseline -0.001 -16"><span class='ocrx_word' id='word_1_102' title='bbox 127 1438 294 1494; x_wconf 70' lang='lat' dir='ltr'><strong>Vsus.</strong></span> <span class='ocrx_word' id='word_1_103' title='bbox 331 1442 414 1494; x_wconf 87' lang='lat' dir='ltr'><strong>l6.</strong></span> <span class='ocrx_word' id='word_1_104' title='bbox 450 1469 519 1477; x_wconf 95' lang='lat'>—</span> <span class='ocrx_word' id='word_1_105' title='bbox 547 1436 960 1508; x_wconf 68' lang='lat' dir='ltr'><strong>Przecepitque</strong></span> <span class='ocrx_word' id='word_1_106' title='bbox 981 1437 1035 1492; x_wconf 90' lang='lat' dir='ltr'><strong>ei</strong></span> <span class='ocrx_word' id='word_1_107' title='bbox 1053 1437 1256 1493; x_wconf 86' lang='lat' dir='ltr'><strong>dicens</strong></span> <span class='ocrx_word' id='word_1_108' title='bbox 1285 1455 1297 1492; x_wconf 93' lang='lat'>:</span> <span class='ocrx_word' id='word_1_109' title='bbox 1324 1437 1424 1493; x_wconf 77' lang='lat' dir='ltr'><strong>Ea:</strong></span> <span class='ocrx_word' id='word_1_110' title='bbox 1454 1436 1617 1492; x_wconf 88' lang='lat' dir='ltr'><strong>omni</strong></span> <span class='ocrx_word' id='word_1_111' title='bbox 1648 1436 1715 1491; x_wconf 89' lang='lat' dir='ltr'><strong>li-</strong></span> 
     </span>
    </p>
   </div>
   <div class='ocr_carea' id='block_1_17' title="bbox 62 1525 1716 1601">
    <p class='ocr_par' dir='ltr' id='par_1_17' title="bbox 62 1525 1716 1601">
     <span class='ocr_line' id='line_1_17' title="bbox 62 1525 1716 1601; baseline -0.002 -17"><span class='ocrx_word' id='word_1_112' title='bbox 62 1545 169 1601; x_wconf 83' lang='lat' dir='ltr'><strong>gno</strong></span> <span class='ocrx_word' id='word_1_113' title='bbox 211 1528 484 1598; x_wconf 73' lang='lat' dir='ltr'><strong>paradisi</strong></span> <span class='ocrx_word' id='word_1_114' title='bbox 531 1527 785 1594; x_wconf 86' lang='lat' dir='ltr'><strong>comede,</strong></span> <span class='ocrx_word' id='word_1_115' title='bbox 820 1533 928 1582; x_wconf 86' lang='lat' dir='ltr'><strong>etc.</strong></span> <span class='ocrx_word' id='word_1_116' title='bbox 965 1528 1258 1592; x_wconf 63' lang='lat' dir='ltr'><strong>Quaeritur</strong></span> <span class='ocrx_word' id='word_1_117' title='bbox 1289 1526 1602 1599; x_wconf 89' lang='lat' dir='ltr'><strong>quomodo</strong></span> <span class='ocrx_word' id='word_1_118' title='bbox 1632 1525 1716 1580; x_wconf 89' lang='lat' dir='ltr'><strong>lo-</strong></span> 
     </span>
    </p>
   </div>
   <div class='ocr_carea' id='block_1_18' title="bbox 65 1615 1718 1692">
    <p class='ocr_par' dir='ltr' id='par_1_18' title="bbox 65 1615 1718 1692">
     <span class='ocr_line' id='line_1_18' title="bbox 65 1615 1718 1692; baseline -0.002 -18"><span class='ocrx_word' id='word_1_119' title='bbox 65 1617 344 1692; x_wconf 89' lang='lat' dir='ltr'><strong>quebatur</strong></span> <span class='ocrx_word' id='word_1_120' title='bbox 369 1616 515 1672; x_wconf 74' lang='lat' dir='ltr'><strong>Adae</strong></span> <span class='ocrx_word' id='word_1_121' title='bbox 549 1616 744 1672; x_wconf 83' lang='lat' dir='ltr'><strong>Deus?</strong></span> <span class='ocrx_word' id='word_1_122' title='bbox 786 1619 902 1672; x_wconf 85' lang='lat' dir='ltr'><strong>Aut</strong></span> <span class='ocrx_word' id='word_1_123' title='bbox 949 1632 1057 1688; x_wconf 92' lang='lat' dir='ltr'><strong>per</strong></span> <span class='ocrx_word' id='word_1_124' title='bbox 1099 1615 1400 1672; x_wconf 70' lang='lat' dir='ltr'><strong>cmlestem</strong></span> <span class='ocrx_word' id='word_1_125' title='bbox 1438 1615 1718 1671; x_wconf 89' lang='lat' dir='ltr'><strong>substan-</strong></span> 
     </span>
    </p>
   </div>
   <div class='ocr_carea' id='block_1_19' title="bbox 1822 452 3415 534">
    <p class='ocr_par' dir='ltr' id='par_1_19' title="bbox 1822 452 3415 534">
     <span class='ocr_line' id='line_1_19' title="bbox 1822 452 3415 534; baseline 0.009 -27"><span class='ocrx_word' id='word_1_126' title='bbox 1822 452 1896 508; x_wconf 91' lang='lat' dir='ltr'><strong>sit</strong></span> <span class='ocrx_word' id='word_1_127' title='bbox 1926 453 2184 512; x_wconf 88' lang='lat' dir='ltr'><strong>desertio</strong></span> <span class='ocrx_word' id='word_1_128' title='bbox 2213 458 2333 527; x_wconf 89' lang='lat' dir='ltr'><strong>Dei,</strong></span> <span class='ocrx_word' id='word_1_129' title='bbox 2366 463 2485 516; x_wconf 88' lang='lat' dir='ltr'><strong>tres</strong></span> <span class='ocrx_word' id='word_1_130' title='bbox 2515 465 2726 534; x_wconf 88' lang='lat' dir='ltr'><strong>postea</strong></span> <span class='ocrx_word' id='word_1_131' title='bbox 2751 467 2968 518; x_wconf 68' lang='lat' dir='ltr'><strong>secuta:</strong></span> <span class='ocrx_word' id='word_1_132' title='bbox 2995 467 3136 522; x_wconf 85' lang='lat' dir='ltr'><strong>sunt</strong></span> <span class='ocrx_word' id='word_1_133' title='bbox 3165 471 3415 522; x_wconf 86' lang='lat' dir='ltr'><strong>mortes.</strong></span> 
     </span>
    </p>
   </div>
   <div class='ocr_carea' id='block_1_20' title="bbox 1893 546 3488 624">
    <p class='ocr_par' dir='ltr' id='par_1_20' title="bbox 1893 546 3488 624">
     <span class='ocr_line' id='line_1_20' title="bbox 1893 546 3488 624; baseline 0.01 -26"><span class='ocrx_word' id='word_1_134' title='bbox 1893 546 2061 602; x_wconf 56' lang='grc' dir='ltr'>νεεδ.</span> <span class='ocrx_word' id='word_1_135' title='bbox 2092 546 2175 602; x_wconf 89' lang='lat'><strong>18.</strong></span> <span class='ocrx_word' id='word_1_136' title='bbox 2210 581 2276 589; x_wconf 92' lang='lat'><strong>—</strong></span> <span class='ocrx_word' id='word_1_137' title='bbox 2305 551 2476 607; x_wconf 77' lang='lat' dir='ltr'><strong>Dixit</strong></span> <span class='ocrx_word' id='word_1_138' title='bbox 2503 568 2734 624; x_wconf 81' lang='lat' dir='ltr'><strong>quoque</strong></span> <span class='ocrx_word' id='word_1_139' title='bbox 2761 554 2964 610; x_wconf 80' lang='lat' dir='ltr'><strong>Deus:</strong></span> <span class='ocrx_word' id='word_1_140' title='bbox 2990 555 3128 612; x_wconf 90' lang='lat' dir='ltr'><strong>Non</strong></span> <span class='ocrx_word' id='word_1_141' title='bbox 3158 560 3244 612; x_wconf 73' lang='lat' dir='ltr'><strong>cst</strong></span> <span class='ocrx_word' id='word_1_142' title='bbox 3268 556 3488 620; x_wconf 81' lang='lat' dir='ltr'><strong>bonum</strong></span> 
     </span>
    </p>
   </div>
   <div class='ocr_carea' id='block_1_21' title="bbox 1819 635 3488 715">
    <p class='ocr_par' dir='ltr' id='par_1_21' title="bbox 1819 635 3488 715">
     <span class='ocr_line' id='line_1_21' title="bbox 1819 635 3488 715; baseline 0.008 -25"><span class='ocrx_word' id='word_1_143' title='bbox 1819 648 1940 690; x_wconf 84' lang='lat' dir='ltr'><strong>esse</strong></span> <span class='ocrx_word' id='word_1_144' title='bbox 1969 635 2262 696; x_wconf 84' lang='lat' dir='ltr'><strong>hominem</strong></span> <span class='ocrx_word' id='word_1_145' title='bbox 2293 642 2506 698; x_wconf 89' lang='lat' dir='ltr'><strong>solum.</strong></span> <span class='ocrx_word' id='word_1_146' title='bbox 2531 644 2852 700; x_wconf 80' lang='lat' dir='ltr'><strong>Faciamus</strong></span> <span class='ocrx_word' id='word_1_147' title='bbox 2874 645 2929 700; x_wconf 86' lang='lat' dir='ltr'><strong>ei</strong></span> <span class='ocrx_word' id='word_1_148' title='bbox 2953 645 3295 715; x_wconf 86' lang='lat' dir='ltr'><strong>adjutorem</strong></span> <span class='ocrx_word' id='word_1_149' title='bbox 3321 648 3488 704; x_wconf 85' lang='lat' dir='ltr'><strong>simi-</strong></span> 
     </span>
    </p>
   </div>
   <div class='ocr_carea' id='block_1_22' title="bbox 1825 725 3493 810">
    <p class='ocr_par' dir='ltr' id='par_1_22' title="bbox 1825 725 3493 810">
     <span class='ocr_line' id='line_1_22' title="bbox 1825 725 3493 810; baseline 0.01 -31"><span class='ocrx_word' id='word_1_150' title='bbox 1825 725 1937 780; x_wconf 86' lang='lat' dir='ltr'><strong>lem</strong></span> <span class='ocrx_word' id='word_1_151' title='bbox 1964 727 2078 784; x_wconf 86' lang='lat' dir='ltr'><strong>sui.</strong></span> <span class='ocrx_word' id='word_1_152' title='bbox 2113 728 2217 784; x_wconf 86' lang='lat' dir='ltr'><strong>Hic</strong></span> <span class='ocrx_word' id='word_1_153' title='bbox 2247 731 2408 786; x_wconf 89' lang='lat' dir='ltr'><strong>enim</strong></span> <span class='ocrx_word' id='word_1_154' title='bbox 2429 732 2767 789; x_wconf 85' lang='lat' dir='ltr'><strong>ostenditur</strong></span> <span class='ocrx_word' id='word_1_155' title='bbox 2793 733 2938 806; x_wconf 85' lang='lat' dir='ltr'><strong>quia</strong></span> <span class='ocrx_word' id='word_1_156' title='bbox 2956 750 3108 792; x_wconf 75' lang='lat' dir='ltr'><strong>uxor</strong></span> <span class='ocrx_word' id='word_1_157' title='bbox 3130 741 3374 810; x_wconf 85' lang='lat' dir='ltr'><strong>propter</strong></span> <span class='ocrx_word' id='word_1_158' title='bbox 3396 753 3493 794; x_wconf 86' lang='lat' dir='ltr'><strong>so-</strong></span> 
     </span>
    </p>
   </div>
   <div class='ocr_carea' id='block_1_23' title="bbox 1819 811 3491 896">
    <p class='ocr_par' dir='ltr' id='par_1_23' title="bbox 1819 811 3491 896">
     <span class='ocr_line' id='line_1_23' title="bbox 1819 811 3491 896; baseline 0.01 -28"><span class='ocrx_word' id='word_1_159' title='bbox 1819 811 2031 872; x_wconf 84' lang='lat' dir='ltr'><strong>latium</strong></span> <span class='ocrx_word' id='word_1_160' title='bbox 2061 821 2118 874; x_wconf 93' lang='lat' dir='ltr'><strong>et</strong></span> <span class='ocrx_word' id='word_1_161' title='bbox 2146 818 2512 889; x_wconf 89' lang='lat' dir='ltr'><strong>adjutorium</strong></span> <span class='ocrx_word' id='word_1_162' title='bbox 2543 827 2743 879; x_wconf 88' lang='lat' dir='ltr'><strong>creata</strong></span> <span class='ocrx_word' id='word_1_163' title='bbox 2789 829 2879 879; x_wconf 91' lang='lat' dir='ltr'><strong>est</strong></span> <span class='ocrx_word' id='word_1_164' title='bbox 2905 823 3056 896; x_wconf 88' lang='lat' dir='ltr'><strong>viro,</strong></span> <span class='ocrx_word' id='word_1_165' title='bbox 3087 831 3144 882; x_wconf 87' lang='lat' dir='ltr'><strong>et</strong></span> <span class='ocrx_word' id='word_1_166' title='bbox 3171 825 3310 882; x_wconf 89' lang='lat' dir='ltr'><strong>ideo</strong></span> <span class='ocrx_word' id='word_1_167' title='bbox 3339 827 3491 884; x_wconf 85' lang='lat' dir='ltr'><strong>sola-</strong></span> 
     </span>
    </p>
   </div>
   <div class='ocr_carea' id='block_1_24' title="bbox 1824 903 3488 988">
    <p class='ocr_par' dir='ltr' id='par_1_24' title="bbox 1824 903 3488 988">
     <span class='ocr_line' id='line_1_24' title="bbox 1824 903 3488 988; baseline 0.009 -30"><span class='ocrx_word' id='word_1_168' title='bbox 1824 903 1970 960; x_wconf 90' lang='lat' dir='ltr'><strong>tium</strong></span> <span class='ocrx_word' id='word_1_169' title='bbox 1997 905 2050 960; x_wconf 92' lang='lat' dir='ltr'><strong>ei</strong></span> <span class='ocrx_word' id='word_1_170' title='bbox 2079 907 2346 979; x_wconf 68' lang='lat' dir='ltr'><strong>prasbere</strong></span> <span class='ocrx_word' id='word_1_171' title='bbox 2373 909 2555 968; x_wconf 87' lang='lat' dir='ltr'><strong>debet</strong></span> <span class='ocrx_word' id='word_1_172' title='bbox 2581 917 2763 986; x_wconf 89' lang='lat' dir='ltr'><strong>atque</strong></span> <span class='ocrx_word' id='word_1_173' title='bbox 2793 912 3034 970; x_wconf 89' lang='lat' dir='ltr'><strong>subdita</strong></span> <span class='ocrx_word' id='word_1_174' title='bbox 3054 931 3188 970; x_wconf 89' lang='lat' dir='ltr'><strong>esse</strong></span> <span class='ocrx_word' id='word_1_175' title='bbox 3211 917 3272 988; x_wconf 92' lang='grc' dir='ltr'><strong>[Ζ</strong></span> <span class='ocrx_word' id='word_1_176' title='bbox 3315 953 3330 984; x_wconf 87' lang='grc'><em>,</em></span> <span class='ocrx_word' id='word_1_177' title='bbox 3351 916 3488 974; x_wconf 88' lang='lat' dir='ltr'><strong>ideo</strong></span> 
     </span>
    </p>
   </div>
   <div class='ocr_carea' id='block_1_25' title="bbox 1821 994 3489 1076">
    <p class='ocr_par' dir='ltr' id='par_1_25' title="bbox 1821 994 3489 1076">
     <span class='ocr_line' id='line_1_25' title="bbox 1821 994 3489 1076; baseline 0.008 -29"><span class='ocrx_word' id='word_1_178' title='bbox 1821 998 1887 1048; x_wconf 87' lang='lat' dir='ltr'><strong>ut</strong></span> <span class='ocrx_word' id='word_1_179' title='bbox 1917 994 2194 1052; x_wconf 90' lang='lat' dir='ltr'><strong>solatium</strong></span> <span class='ocrx_word' id='word_1_180' title='bbox 2225 997 2278 1052; x_wconf 91' lang='lat' dir='ltr'><strong>ei</strong></span> <span class='ocrx_word' id='word_1_181' title='bbox 2308 999 2620 1071; x_wconf 69' lang='lat' dir='ltr'><strong>praeberet,</strong></span> <span class='ocrx_word' id='word_1_182' title='bbox 2639 1005 2821 1073; x_wconf 87' lang='lat' dir='ltr'><strong>atque</strong></span> <span class='ocrx_word' id='word_1_183' title='bbox 2844 1001 3089 1060; x_wconf 87' lang='lat' dir='ltr'><strong>subdita</strong></span> <span class='ocrx_word' id='word_1_184' title='bbox 3115 1005 3312 1076; x_wconf 82' lang='lat' dir='ltr'><strong>esset],</strong></span> <span class='ocrx_word' id='word_1_185' title='bbox 3341 1009 3489 1063; x_wconf 76' lang='lat' dir='ltr'><strong>teste</strong></span> 
     </span>
    </p>
   </div>
   <div class='ocr_carea' id='block_1_26' title="bbox 1821 1084 3488 1160">
    <p class='ocr_par' dir='ltr' id='par_1_26' title="bbox 1821 1084 3488 1160">
     <span class='ocr_line' id='line_1_26' title="bbox 1821 1084 3488 1160; baseline 0.01 -24"><span class='ocrx_word' id='word_1_186' title='bbox 1821 1084 2106 1154; x_wconf 85' lang='lat' dir='ltr'><strong>Apostolo</strong></span> <span class='ocrx_word' id='word_1_187' title='bbox 2130 1103 2142 1141; x_wconf 93' lang='lat'>:</span> <span class='ocrx_word' id='word_1_188' title='bbox 2174 1087 2398 1143; x_wconf 66' lang='lat' dir='ltr'><strong>Mulier</strong></span> <span class='ocrx_word' id='word_1_189' title='bbox 2425 1091 2522 1145; x_wconf 79' lang='lat' dir='ltr'><strong>sui</strong></span> <span class='ocrx_word' id='word_1_190' title='bbox 2547 1091 2816 1159; x_wconf 83' lang='lat' dir='ltr'><strong>corporis</strong></span> <span class='ocrx_word' id='word_1_191' title='bbox 2837 1097 3192 1160; x_wconf 79' lang='lat' dir='ltr'><strong>potestatem</strong></span> <span class='ocrx_word' id='word_1_192' title='bbox 3225 1110 3346 1150; x_wconf 89' lang='lat' dir='ltr'><strong>non</strong></span> <span class='ocrx_word' id='word_1_193' title='bbox 3378 1094 3488 1152; x_wconf 83' lang='lat' dir='ltr'><strong>ha-</strong></span> 
     </span>
    </p>
   </div>
   <div class='ocr_carea' id='block_1_27' title="bbox 1823 1171 3492 1252">
    <p class='ocr_par' dir='ltr' id='par_1_27' title="bbox 1823 1171 3492 1252">
     <span class='ocr_line' id='line_1_27' title="bbox 1823 1171 3492 1252; baseline 0.008 -26"><span class='ocrx_word' id='word_1_194' title='bbox 1823 1171 1912 1228; x_wconf 94' lang='lat' dir='ltr'><strong>bet</strong></span> <span class='ocrx_word' id='word_1_195' title='bbox 1945 1173 2046 1244; x_wconf 87' lang='lat' dir='ltr'><strong>[Z.,</strong></span> <span class='ocrx_word' id='word_1_196' title='bbox 2082 1173 2342 1247; x_wconf 77' lang='lat' dir='ltr'><strong>habeat],</strong></span> <span class='ocrx_word' id='word_1_197' title='bbox 2372 1177 2477 1234; x_wconf 87' lang='lat' dir='ltr'><strong>sed</strong></span> <span class='ocrx_word' id='word_1_198' title='bbox 2505 1179 2616 1233; x_wconf 85' lang='lat' dir='ltr'><strong>vir.</strong></span> <span class='ocrx_word' id='word_1_199' title='bbox 2647 1178 2763 1234; x_wconf 85' lang='lat' dir='ltr'><strong>Sed</strong></span> <span class='ocrx_word' id='word_1_200' title='bbox 2792 1179 3227 1252; x_wconf 88' lang='lat' dir='ltr'><strong>requirendum</strong></span> <span class='ocrx_word' id='word_1_201' title='bbox 3258 1181 3492 1240; x_wconf 80' lang='lat' dir='ltr'><strong>videtur</strong></span> 
     </span>
    </p>
   </div>
   <div class='ocr_carea' id='block_1_28' title="bbox 1821 1263 3487 1344">
    <p class='ocr_par' dir='ltr' id='par_1_28' title="bbox 1821 1263 3487 1344">
     <span class='ocr_line' id='line_1_28' title="bbox 1821 1263 3487 1344; baseline 0.007 -27"><span class='ocrx_word' id='word_1_202' title='bbox 1821 1276 2012 1334; x_wconf 90' lang='lat' dir='ltr'><strong>quare</strong></span> <span class='ocrx_word' id='word_1_203' title='bbox 2065 1263 2259 1320; x_wconf 75' lang='lat' dir='ltr'><strong>Adam</strong></span> <span class='ocrx_word' id='word_1_204' title='bbox 2312 1265 2526 1322; x_wconf 86' lang='lat' dir='ltr'><strong>mundi</strong></span> <span class='ocrx_word' id='word_1_205' title='bbox 2581 1267 2869 1324; x_wconf 85' lang='lat' dir='ltr'><strong>dominus</strong></span> <span class='ocrx_word' id='word_1_206' title='bbox 2919 1267 3116 1338; x_wconf 86' lang='lat' dir='ltr'><strong>legem</strong></span> <span class='ocrx_word' id='word_1_207' title='bbox 3173 1271 3487 1344; x_wconf 88' lang='lat' dir='ltr'><strong>acceperit.</strong></span> 
     </span>
    </p>
   </div>
   <div class='ocr_carea' id='block_1_29' title="bbox 1825 1350 3491 1428">
    <p class='ocr_par' dir='ltr' id='par_1_29' title="bbox 1825 1350 3491 1428">
     <span class='ocr_line' id='line_1_29' title="bbox 1825 1350 3491 1428; baseline 0.007 -23"><span class='ocrx_word' id='word_1_208' title='bbox 1825 1350 1984 1418; x_wconf 87' lang='lat' dir='ltr'><strong>Ideo,</strong></span> <span class='ocrx_word' id='word_1_209' title='bbox 2013 1367 2088 1408; x_wconf 91' lang='lat' dir='ltr'><strong>ne</strong></span> <span class='ocrx_word' id='word_1_210' title='bbox 2115 1369 2177 1408; x_wconf 91' lang='lat' dir='ltr'><strong>se</strong></span> <span class='ocrx_word' id='word_1_211' title='bbox 2204 1354 2509 1411; x_wconf 87' lang='lat' dir='ltr'><strong>extolleret</strong></span> <span class='ocrx_word' id='word_1_212' title='bbox 2527 1355 2820 1428; x_wconf 84' lang='lat' dir='ltr'><strong>dominio,</strong></span> <span class='ocrx_word' id='word_1_213' title='bbox 2844 1357 2950 1413; x_wconf 92' lang='lat' dir='ltr'><strong>sed</strong></span> <span class='ocrx_word' id='word_1_214' title='bbox 2979 1359 3042 1413; x_wconf 89' lang='lat' dir='ltr'><strong>in</strong></span> <span class='ocrx_word' id='word_1_215' title='bbox 3071 1359 3491 1419; x_wconf 86' lang='lat' dir='ltr'><strong>observatione</strong></span> 
     </span>
    </p>
   </div>
   <div class='ocr_carea' id='block_1_30' title="bbox 1825 1441 3276 1516">
    <p class='ocr_par' dir='ltr' id='par_1_30' title="bbox 1825 1441 3276 1516">
     <span class='ocr_line' id='line_1_30' title="bbox 1825 1441 3276 1516; baseline 0.006 -20"><span class='ocrx_word' id='word_1_216' title='bbox 1825 1441 2094 1498; x_wconf 86' lang='lat' dir='ltr'><strong>mandati</strong></span> <span class='ocrx_word' id='word_1_217' title='bbox 2124 1443 2297 1499; x_wconf 87' lang='lat' dir='ltr'><strong>sciret</strong></span> <span class='ocrx_word' id='word_1_218' title='bbox 2327 1460 2390 1500; x_wconf 91' lang='lat' dir='ltr'><strong>se</strong></span> <span class='ocrx_word' id='word_1_219' title='bbox 2422 1444 2764 1516; x_wconf 86' lang='lat' dir='ltr'><strong>subjectum</strong></span> <span class='ocrx_word' id='word_1_220' title='bbox 2794 1462 2928 1502; x_wconf 90' lang='lat' dir='ltr'><strong>esse</strong></span> <span class='ocrx_word' id='word_1_221' title='bbox 2951 1447 3276 1506; x_wconf 88' lang='lat' dir='ltr'><strong>Conditori.</strong></span> 
     </span>
    </p>
   </div>
   <div class='ocr_carea' id='block_1_31' title="bbox 1898 1533 3494 1606">
    <p class='ocr_par' dir='ltr' id='par_1_31' title="bbox 1898 1533 3494 1606">
     <span class='ocr_line' id='line_1_31' title="bbox 1898 1533 3494 1606; baseline 0.005 -20"><span class='ocrx_word' id='word_1_222' title='bbox 1898 1533 2068 1588; x_wconf 72' lang='lat' dir='ltr'><strong>Vens.</strong></span> <span class='ocrx_word' id='word_1_223' title='bbox 2105 1534 2185 1588; x_wconf 90' lang='lat' dir='ltr'><strong>l9.</strong></span> <span class='ocrx_word' id='word_1_224' title='bbox 2213 1563 2286 1576; x_wconf 93' lang='lat'>—</span> <span class='ocrx_word' id='word_1_225' title='bbox 2310 1535 2612 1591; x_wconf 85' lang='lat' dir='ltr'><strong>Formatis</strong></span> <span class='ocrx_word' id='word_1_226' title='bbox 2657 1537 2848 1606; x_wconf 86' lang='lat' dir='ltr'><strong>igitur</strong></span> <span class='ocrx_word' id='word_1_227' title='bbox 2901 1537 2976 1594; x_wconf 85' lang='lat' dir='ltr'><strong>de</strong></span> <span class='ocrx_word' id='word_1_228' title='bbox 3027 1537 3207 1594; x_wconf 84' lang='lat' dir='ltr'><strong>humo</strong></span> <span class='ocrx_word' id='word_1_229' title='bbox 3262 1541 3494 1595; x_wconf 86' lang='lat' dir='ltr'><strong>cunctis</strong></span> 
     </span>
    </p>
   </div>
   <div class='ocr_carea' id='block_1_32' title="bbox 1825 1621 3494 1691">
    <p class='ocr_par' dir='ltr' id='par_1_32' title="bbox 1825 1621 3494 1691">
     <span class='ocr_line' id='line_1_32' title="bbox 1825 1621 3494 1691; baseline 0.004 -14"><span class='ocrx_word' id='word_1_230' title='bbox 1825 1621 2235 1678; x_wconf 77' lang='lat' dir='ltr'><strong>animantibus</strong></span> <span class='ocrx_word' id='word_1_231' title='bbox 2284 1629 2480 1691; x_wconf 56' lang='lat' dir='ltr'><strong>terra,</strong></span> <span class='ocrx_word' id='word_1_232' title='bbox 2507 1625 2772 1680; x_wconf 70' lang='lat' dir='ltr'><strong>adduxit</strong></span> <span class='ocrx_word' id='word_1_233' title='bbox 2820 1641 2889 1682; x_wconf 91' lang='lat' dir='ltr'><strong>ea</strong></span> <span class='ocrx_word' id='word_1_234' title='bbox 2935 1627 3018 1684; x_wconf 89' lang='lat' dir='ltr'><strong>ad</strong></span> <span class='ocrx_word' id='word_1_235' title='bbox 3044 1626 3263 1683; x_wconf 87' lang='lat' dir='ltr'><strong>Adam.</strong></span> <span class='ocrx_word' id='word_1_236' title='bbox 3298 1627 3494 1684; x_wconf 84' lang='lat' dir='ltr'><strong>Scien-</strong></span> 
     </span>
    </p>
   </div>
   <div class='ocr_carea' id='block_1_33' title="bbox 67 1703 3498 1786">
    <p class='ocr_par' dir='ltr' id='par_1_33' title="bbox 67 1703 3498 1786">
     <span class='ocr_line' id='line_1_33' title="bbox 67 1703 3498 1786; baseline 0.005 -29"><span class='ocrx_word' id='word_1_237' title='bbox 67 1708 216 1778; x_wconf 73' lang='lat' dir='ltr'><strong>tiam,</strong></span> <span class='ocrx_word' id='word_1_238' title='bbox 263 1703 574 1779; x_wconf 86' lang='lat' dir='ltr'><strong>quomodo</strong></span> <span class='ocrx_word' id='word_1_239' title='bbox 625 1721 786 1760; x_wconf 90' lang='lat' dir='ltr'><strong>nunc</strong></span> <span class='ocrx_word' id='word_1_240' title='bbox 829 1703 1094 1777; x_wconf 89' lang='lat' dir='ltr'><strong>loquitur</strong></span> <span class='ocrx_word' id='word_1_241' title='bbox 1136 1705 1404 1774; x_wconf 83' lang='lat' dir='ltr'><strong>angelis;</strong></span> <span class='ocrx_word' id='word_1_242' title='bbox 1467 1708 1571 1760; x_wconf 91' lang='lat' dir='ltr'><strong>aut</strong></span> <span class='ocrx_word' id='word_1_243' title='bbox 1610 1719 1718 1776; x_wconf 86' lang='lat' dir='ltr'><strong>per</strong></span> <span class='ocrx_word' id='word_1_244' title='bbox 1751 1731 1788 1786; x_wconf 71' lang='grc' dir='ltr'><strong>Β</strong></span> <span class='ocrx_word' id='word_1_245' title='bbox 1826 1709 1974 1766; x_wconf 88' lang='lat' dir='ltr'><strong>dum</strong></span> <span class='ocrx_word' id='word_1_246' title='bbox 2014 1716 2248 1768; x_wconf 85' lang='lat' dir='ltr'><strong>estnon</strong></span> <span class='ocrx_word' id='word_1_247' title='bbox 2281 1712 2530 1769; x_wconf 86' lang='lat' dir='ltr'><strong>circuitu</strong></span> <span class='ocrx_word' id='word_1_248' title='bbox 2559 1713 2735 1770; x_wconf 86' lang='lat' dir='ltr'><strong>locali</strong></span> <span class='ocrx_word' id='word_1_249' title='bbox 2762 1714 3097 1782; x_wconf 83' lang='lat' dir='ltr'><strong>adducens,</strong></span> <span class='ocrx_word' id='word_1_250' title='bbox 3131 1718 3282 1772; x_wconf 82' lang='lat' dir='ltr'><strong>sicut</strong></span> <span class='ocrx_word' id='word_1_251' title='bbox 3314 1732 3498 1774; x_wconf 82' lang='lat' dir='ltr'><strong>aucu-</strong></span> 
     </span>
    </p>
   </div>
   <div class='ocr_carea' id='block_1_34' title="bbox 67 1793 1718 1870">
    <p class='ocr_par' dir='ltr' id='par_1_34' title="bbox 67 1793 1718 1870">
     <span class='ocr_line' id='line_1_34' title="bbox 67 1793 1718 1870; baseline -0.002 -17"><span class='ocrx_word' id='word_1_252' title='bbox 67 1796 420 1870; x_wconf 87' lang='lat' dir='ltr'><strong>corporalem</strong></span> <span class='ocrx_word' id='word_1_253' title='bbox 449 1793 735 1869; x_wconf 88' lang='lat' dir='ltr'><strong>speciem,</strong></span> <span class='ocrx_word' id='word_1_254' title='bbox 755 1793 818 1850; x_wconf 91' lang='lat' dir='ltr'><strong>id</strong></span> <span class='ocrx_word' id='word_1_255' title='bbox 847 1799 937 1850; x_wconf 89' lang='lat' dir='ltr'><strong>est</strong></span> <span class='ocrx_word' id='word_1_256' title='bbox 961 1811 1035 1850; x_wconf 82' lang='lat' dir='ltr'><strong>ex</strong></span> <span class='ocrx_word' id='word_1_257' title='bbox 1065 1810 1200 1850; x_wconf 89' lang='lat' dir='ltr'><strong>aere</strong></span> <span class='ocrx_word' id='word_1_258' title='bbox 1225 1795 1448 1850; x_wconf 77' lang='lat' dir='ltr'><strong>caelesti</strong></span> <span class='ocrx_word' id='word_1_259' title='bbox 1475 1797 1718 1867; x_wconf 89' lang='lat' dir='ltr'><strong>sumpta</strong></span> 
     </span>
    </p>
   </div>
   <div class='ocr_carea' id='block_1_35' title="bbox 67 1885 1716 1958">
    <p class='ocr_par' dir='ltr' id='par_1_35' title="bbox 67 1885 1716 1958">
     <span class='ocr_line' id='line_1_35' title="bbox 67 1885 1716 1958; baseline -0.002 -14"><span class='ocrx_word' id='word_1_260' title='bbox 67 1887 325 1958; x_wconf 79' lang='lat' dir='ltr'><strong>imagine,</strong></span> <span class='ocrx_word' id='word_1_261' title='bbox 357 1886 513 1942; x_wconf 90' lang='lat' dir='ltr'><strong>sicut</strong></span> <span class='ocrx_word' id='word_1_262' title='bbox 543 1885 687 1942; x_wconf 92' lang='lat' dir='ltr'><strong>olim</strong></span> <span class='ocrx_word' id='word_1_263' title='bbox 715 1885 1106 1956; x_wconf 88' lang='lat' dir='ltr'><strong>patriarchis;</strong></span> <span class='ocrx_word' id='word_1_264' title='bbox 1139 1889 1243 1942; x_wconf 90' lang='lat' dir='ltr'><strong>aut</strong></span> <span class='ocrx_word' id='word_1_265' title='bbox 1272 1885 1625 1958; x_wconf 89' lang='lat' dir='ltr'><strong>inspirando</strong></span> <span class='ocrx_word' id='word_1_266' title='bbox 1655 1885 1716 1940; x_wconf 91' lang='lat' dir='ltr'><strong>in</strong></span> 
     </span>
    </p>
   </div>
   <div class='ocr_carea' id='block_1_36' title="bbox 69 1974 1712 2050">
    <p class='ocr_par' dir='ltr' id='par_1_36' title="bbox 69 1974 1712 2050">
     <span class='ocr_line' id='line_1_36' title="bbox 69 1974 1712 2050; baseline -0.002 -17"><span class='ocrx_word' id='word_1_267' title='bbox 69 1981 264 2045; x_wconf 83' lang='lat' dir='ltr'><strong>mente,</strong></span> <span class='ocrx_word' id='word_1_268' title='bbox 295 1974 612 2050; x_wconf 88' lang='lat' dir='ltr'><strong>quomodo</strong></span> <span class='ocrx_word' id='word_1_269' title='bbox 660 1975 988 2048; x_wconf 86' lang='lat' dir='ltr'><strong>prophetis,</strong></span> <span class='ocrx_word' id='word_1_270' title='bbox 1043 1975 1195 2032; x_wconf 89' lang='lat' dir='ltr'><strong>sicut</strong></span> <span class='ocrx_word' id='word_1_271' title='bbox 1241 1977 1532 2048; x_wconf 89' lang='lat' dir='ltr'><strong>scriptum</strong></span> <span class='ocrx_word' id='word_1_272' title='bbox 1585 1979 1712 2030; x_wconf 88' lang='lat' dir='ltr'><strong>est:</strong></span> 
     </span>
    </p>
   </div>
   <div class='ocr_carea' id='block_1_37' title="bbox 69 2065 1716 2140">
    <p class='ocr_par' dir='ltr' id='par_1_37' title="bbox 69 2065 1716 2140">
     <span class='ocr_line' id='line_1_37' title="bbox 69 2065 1716 2140; baseline -0.002 -16"><span class='ocrx_word' id='word_1_273' title='bbox 69 2069 214 2124; x_wconf 70' lang='lat' dir='ltr'><strong>Dicit</strong></span> <span class='ocrx_word' id='word_1_274' title='bbox 245 2067 408 2138; x_wconf 89' lang='lat' dir='ltr'><strong>mihi,</strong></span> <span class='ocrx_word' id='word_1_275' title='bbox 442 2067 552 2140; x_wconf 85' lang='lat' dir='ltr'><strong>qui</strong></span> <span class='ocrx_word' id='word_1_276' title='bbox 601 2067 960 2138; x_wconf 88' lang='lat' dir='ltr'><strong>loquebatur</strong></span> <span class='ocrx_word' id='word_1_277' title='bbox 988 2068 1050 2121; x_wconf 89' lang='lat' dir='ltr'><strong>in</strong></span> <span class='ocrx_word' id='word_1_278' title='bbox 1080 2081 1172 2123; x_wconf 89' lang='lat' dir='ltr'><strong>me</strong></span> <span class='ocrx_word' id='word_1_279' title='bbox 1195 2071 1223 2122; x_wconf 87' lang='lat'><strong><em>?</em></strong></span> <span class='ocrx_word' id='word_1_280' title='bbox 1261 2066 1374 2121; x_wconf 91' lang='lat' dir='ltr'><strong>Sed</strong></span> <span class='ocrx_word' id='word_1_281' title='bbox 1403 2065 1716 2122; x_wconf 89' lang='lat' dir='ltr'><strong>sciendum</strong></span> 
     </span>
    </p>
   </div>
   <div class='ocr_carea' id='block_1_38' title="bbox 68 2154 1717 2231">
    <p class='ocr_par' dir='ltr' id='par_1_38' title="bbox 68 2154 1717 2231">
     <span class='ocr_line' id='line_1_38' title="bbox 68 2154 1717 2231; baseline -0.001 -19"><span class='ocrx_word' id='word_1_282' title='bbox 68 2165 144 2213; x_wconf 90' lang='lat' dir='ltr'><strong>est</strong></span> <span class='ocrx_word' id='word_1_283' title='bbox 181 2174 298 2231; x_wconf 89' lang='lat' dir='ltr'><strong>qua</strong></span> <span class='ocrx_word' id='word_1_284' title='bbox 334 2156 530 2230; x_wconf 88' lang='lat' dir='ltr'><strong>prius,</strong></span> <span class='ocrx_word' id='word_1_285' title='bbox 565 2161 893 2229; x_wconf 88' lang='lat' dir='ltr'><strong>antequam</strong></span> <span class='ocrx_word' id='word_1_286' title='bbox 947 2160 1243 2228; x_wconf 87' lang='lat' dir='ltr'><strong>peccaret,</strong></span> <span class='ocrx_word' id='word_1_287' title='bbox 1273 2156 1634 2229; x_wconf 85' lang='lat' dir='ltr'><strong>loquebatur</strong></span> <span class='ocrx_word' id='word_1_288' title='bbox 1664 2154 1717 2210; x_wconf 90' lang='lat' dir='ltr'><strong>ei</strong></span> 
     </span>
    </p>
   </div>
   <div class='ocr_carea' id='block_1_39' title="bbox 68 2243 1714 2320">
    <p class='ocr_par' dir='ltr' id='par_1_39' title="bbox 68 2243 1714 2320">
     <span class='ocr_line' id='line_1_39' title="bbox 68 2243 1714 2320; baseline -0.004 -17"><span class='ocrx_word' id='word_1_289' title='bbox 68 2263 160 2320; x_wconf 89' lang='lat' dir='ltr'><strong>per</strong></span> <span class='ocrx_word' id='word_1_290' title='bbox 203 2246 498 2303; x_wconf 77' lang='lat' dir='ltr'><strong>ccelestem</strong></span> <span class='ocrx_word' id='word_1_291' title='bbox 547 2243 969 2312; x_wconf 87' lang='lat' dir='ltr'><strong>substantiam,</strong></span> <span class='ocrx_word' id='word_1_292' title='bbox 1020 2245 1172 2301; x_wconf 90' lang='lat' dir='ltr'><strong>sicut</strong></span> <span class='ocrx_word' id='word_1_293' title='bbox 1222 2245 1494 2314; x_wconf 81' lang='lat' dir='ltr'><strong>angelis;</strong></span> <span class='ocrx_word' id='word_1_294' title='bbox 1550 2247 1714 2316; x_wconf 91' lang='lat' dir='ltr'><strong>post-</strong></span> 
     </span>
    </p>
   </div>
   <div class='ocr_carea' id='block_1_40' title="bbox 67 2331 1717 2408">
    <p class='ocr_par' dir='ltr' id='par_1_40' title="bbox 67 2331 1717 2408">
     <span class='ocr_line' id='line_1_40' title="bbox 67 2331 1717 2408; baseline -0.004 -16"><span class='ocrx_word' id='word_1_295' title='bbox 67 2352 236 2408; x_wconf 89' lang='lat' dir='ltr'><strong>quam</strong></span> <span class='ocrx_word' id='word_1_296' title='bbox 264 2351 396 2392; x_wconf 84' lang='lat' dir='ltr'><strong>vero</strong></span> <span class='ocrx_word' id='word_1_297' title='bbox 425 2334 718 2408; x_wconf 86' lang='lat' dir='ltr'><strong>peccavit,</strong></span> <span class='ocrx_word' id='word_1_298' title='bbox 752 2349 859 2406; x_wconf 91' lang='lat' dir='ltr'><strong>per</strong></span> <span class='ocrx_word' id='word_1_299' title='bbox 885 2333 1224 2405; x_wconf 90' lang='lat' dir='ltr'><strong>subjectam</strong></span> <span class='ocrx_word' id='word_1_300' title='bbox 1263 2338 1622 2400; x_wconf 90' lang='lat' dir='ltr'><strong>creaturam,</strong></span> <span class='ocrx_word' id='word_1_301' title='bbox 1655 2331 1717 2387; x_wconf 90' lang='lat' dir='ltr'><strong>id</strong></span> 
     </span>
    </p>
   </div>
   <div class='ocr_carea' id='block_1_41' title="bbox 68 2423 603 2498">
    <p class='ocr_par' dir='ltr' id='par_1_41' title="bbox 68 2423 603 2498">
     <span class='ocr_line' id='line_1_41' title="bbox 68 2423 603 2498; baseline -0.006 -18"><span class='ocrx_word' id='word_1_302' title='bbox 68 2431 143 2481; x_wconf 88' lang='lat' dir='ltr'><strong>est</strong></span> <span class='ocrx_word' id='word_1_303' title='bbox 169 2441 268 2498; x_wconf 91' lang='lat' dir='ltr'><strong>per</strong></span> <span class='ocrx_word' id='word_1_304' title='bbox 295 2423 603 2497; x_wconf 82' lang='lat' dir='ltr'><strong>angelum.</strong></span> 
     </span>
    </p>
   </div>
   <div class='ocr_carea' id='block_1_42' title="bbox 129 2513 1719 2586">
    <p class='ocr_par' dir='ltr' id='par_1_42' title="bbox 129 2513 1719 2586">
     <span class='ocr_line' id='line_1_42' title="bbox 129 2513 1719 2586; baseline 0 -16"><span class='ocrx_word' id='word_1_305' title='bbox 129 2517 283 2571; x_wconf 75' lang='lat' dir='ltr'><strong>Vens.</strong></span> <span class='ocrx_word' id='word_1_306' title='bbox 316 2520 399 2571; x_wconf 86' lang='lat' dir='ltr'><strong>l7.</strong></span> <span class='ocrx_word' id='word_1_307' title='bbox 431 2546 504 2555; x_wconf 90' lang='lat'><strong>—-</strong></span> <span class='ocrx_word' id='word_1_308' title='bbox 551 2513 625 2569; x_wconf 88' lang='lat' dir='ltr'><strong>In</strong></span> <span class='ocrx_word' id='word_1_309' title='bbox 665 2529 1024 2586; x_wconf 83' lang='lat' dir='ltr'><strong>quacunque</strong></span> <span class='ocrx_word' id='word_1_310' title='bbox 1079 2515 1176 2570; x_wconf 86' lang='lat' dir='ltr'><strong>die</strong></span> <span class='ocrx_word' id='word_1_311' title='bbox 1227 2513 1598 2570; x_wconf 86' lang='lat' dir='ltr'><strong>comederitis</strong></span> <span class='ocrx_word' id='word_1_312' title='bbox 1641 2529 1719 2570; x_wconf 71' lang='lat' dir='ltr'><strong>ea:</strong></span> 
     </span>
    </p>
   </div>
   <div class='ocr_carea' id='block_1_43' title="bbox 73 2602 1716 2675">
    <p class='ocr_par' dir='ltr' id='par_1_43' title="bbox 73 2602 1716 2675">
     <span class='ocr_line' id='line_1_43' title="bbox 73 2602 1716 2675; baseline -0.002 -14"><span class='ocrx_word' id='word_1_313' title='bbox 73 2620 142 2674; x_wconf 83' lang='lat' dir='ltr'><strong>eo,</strong></span> <span class='ocrx_word' id='word_1_314' title='bbox 172 2611 351 2662; x_wconf 88' lang='lat' dir='ltr'><strong>morte</strong></span> <span class='ocrx_word' id='word_1_315' title='bbox 398 2604 761 2660; x_wconf 82' lang='lat' dir='ltr'><strong>moriemini.</strong></span> <span class='ocrx_word' id='word_1_316' title='bbox 793 2603 1087 2669; x_wconf 80' lang='lat' dir='ltr'><strong>Quaeritur</strong></span> <span class='ocrx_word' id='word_1_317' title='bbox 1130 2602 1205 2658; x_wconf 93' lang='lat' dir='ltr'><strong>de</strong></span> <span class='ocrx_word' id='word_1_318' title='bbox 1233 2619 1376 2675; x_wconf 70' lang='lat' dir='ltr'><strong>,qua</strong></span> <span class='ocrx_word' id='word_1_319' title='bbox 1408 2607 1598 2659; x_wconf 90' lang='lat' dir='ltr'><strong>morte</strong></span> <span class='ocrx_word' id='word_1_320' title='bbox 1626 2603 1716 2658; x_wconf 91' lang='lat' dir='ltr'><strong>di-</strong></span> 
     </span>
    </p>
   </div>
   <div class='ocr_carea' id='block_1_44' title="bbox 74 2691 1715 2759">
    <p class='ocr_par' dir='ltr' id='par_1_44' title="bbox 74 2691 1715 2759">
     <span class='ocr_line' id='line_1_44' title="bbox 74 2691 1715 2759; baseline 0 -12"><span class='ocrx_word' id='word_1_321' title='bbox 74 2699 236 2759; x_wconf 87' lang='lat' dir='ltr'><strong>catur,</strong></span> <span class='ocrx_word' id='word_1_322' title='bbox 267 2697 466 2749; x_wconf 87' lang='lat' dir='ltr'><strong>utrum</strong></span> <span class='ocrx_word' id='word_1_323' title='bbox 494 2691 573 2747; x_wconf 90' lang='lat' dir='ltr'><strong>de</strong></span> <span class='ocrx_word' id='word_1_324' title='bbox 600 2696 791 2748; x_wconf 90' lang='lat' dir='ltr'><strong>morte</strong></span> <span class='ocrx_word' id='word_1_325' title='bbox 821 2691 1112 2757; x_wconf 76' lang='lat' dir='ltr'><strong>corporis,</strong></span> <span class='ocrx_word' id='word_1_326' title='bbox 1145 2707 1224 2747; x_wconf 90' lang='lat' dir='ltr'><strong>an</strong></span> <span class='ocrx_word' id='word_1_327' title='bbox 1264 2691 1338 2746; x_wconf 87' lang='lat' dir='ltr'><strong>de</strong></span> <span class='ocrx_word' id='word_1_328' title='bbox 1365 2696 1556 2746; x_wconf 88' lang='lat' dir='ltr'><strong>morte</strong></span> <span class='ocrx_word' id='word_1_329' title='bbox 1587 2692 1715 2747; x_wconf 83' lang='lat' dir='ltr'><strong>ani-</strong></span> 
     </span>
    </p>
   </div>
   <div class='ocr_carea' id='block_1_45' title="bbox 75 2781 1720 2854">
    <p class='ocr_par' dir='ltr' id='par_1_45' title="bbox 75 2781 1720 2854">
     <span class='ocr_line' id='line_1_45' title="bbox 75 2781 1720 2854; baseline 0 -17"><span class='ocrx_word' id='word_1_330' title='bbox 75 2798 190 2854; x_wconf 65' lang='lat' dir='ltr'><strong>mae,</strong></span> <span class='ocrx_word' id='word_1_331' title='bbox 220 2799 291 2840; x_wconf 86' lang='lat' dir='ltr'><strong>an</strong></span> <span class='ocrx_word' id='word_1_332' title='bbox 347 2783 422 2838; x_wconf 93' lang='lat' dir='ltr'><strong>de</strong></span> <span class='ocrx_word' id='word_1_333' title='bbox 471 2786 667 2838; x_wconf 88' lang='lat' dir='ltr'><strong>morte</strong></span> <span class='ocrx_word' id='word_1_334' title='bbox 709 2781 998 2851; x_wconf 64' lang='lat' dir='ltr'><strong>gehennae</strong></span> <span class='ocrx_word' id='word_1_335' title='bbox 1025 2783 1052 2837; x_wconf 84' lang='lat'><strong>?</strong></span> <span class='ocrx_word' id='word_1_336' title='bbox 1112 2781 1227 2838; x_wconf 87' lang='lat' dir='ltr'><strong>Sed</strong></span> <span class='ocrx_word' id='word_1_337' title='bbox 1275 2781 1590 2837; x_wconf 89' lang='lat' dir='ltr'><strong>sciendum</strong></span> <span class='ocrx_word' id='word_1_338' title='bbox 1631 2786 1720 2837; x_wconf 91' lang='lat' dir='ltr'><strong>est</strong></span> 
     </span>
    </p>
   </div>
   <div class='ocr_carea' id='block_1_46' title="bbox 73 2871 1717 2946">
    <p class='ocr_par' dir='ltr' id='par_1_46' title="bbox 73 2871 1717 2946">
     <span class='ocr_line' id='line_1_46' title="bbox 73 2871 1717 2946; baseline -0.002 -19"><span class='ocrx_word' id='word_1_339' title='bbox 73 2874 195 2944; x_wconf 88' lang='lat' dir='ltr'><strong>quia</strong></span> <span class='ocrx_word' id='word_1_340' title='bbox 245 2872 316 2929; x_wconf 91' lang='lat' dir='ltr'><strong>de</strong></span> <span class='ocrx_word' id='word_1_341' title='bbox 375 2879 633 2946; x_wconf 89' lang='lat' dir='ltr'><strong>utraque</strong></span> <span class='ocrx_word' id='word_1_342' title='bbox 675 2877 867 2928; x_wconf 89' lang='lat' dir='ltr'><strong>morte</strong></span> <span class='ocrx_word' id='word_1_343' title='bbox 915 2871 1296 2928; x_wconf 88' lang='lat' dir='ltr'><strong>sentiendum</strong></span> <span class='ocrx_word' id='word_1_344' title='bbox 1349 2877 1459 2935; x_wconf 91' lang='lat' dir='ltr'><strong>est,</strong></span> <span class='ocrx_word' id='word_1_345' title='bbox 1499 2871 1717 2928; x_wconf 73' lang='lat' dir='ltr'><strong>animm</strong></span> 
     </span>
    </p>
   </div>
   <div class='ocr_carea' id='block_1_47' title="bbox 75 2961 1720 3036">
    <p class='ocr_par' dir='ltr' id='par_1_47' title="bbox 75 2961 1720 3036">
     <span class='ocr_line' id='line_1_47' title="bbox 75 2961 1720 3036; baseline 0.001 -21"><span class='ocrx_word' id='word_1_346' title='bbox 75 2961 314 3019; x_wconf 76' lang='lat' dir='ltr'><strong>videlicet</strong></span> <span class='ocrx_word' id='word_1_347' title='bbox 337 2969 393 3020; x_wconf 91' lang='lat' dir='ltr'><strong>et</strong></span> <span class='ocrx_word' id='word_1_348' title='bbox 422 2961 720 3036; x_wconf 88' lang='lat' dir='ltr'><strong>corporis.</strong></span> <span class='ocrx_word' id='word_1_349' title='bbox 751 2962 981 3018; x_wconf 62' lang='lat' dir='ltr'><strong>Animae</strong></span> <span class='ocrx_word' id='word_1_350' title='bbox 1013 2978 1178 3017; x_wconf 90' lang='lat' dir='ltr'><strong>mors</strong></span> <span class='ocrx_word' id='word_1_351' title='bbox 1211 2967 1318 3031; x_wconf 91' lang='lat' dir='ltr'><strong>est,</strong></span> <span class='ocrx_word' id='word_1_352' title='bbox 1350 2961 1501 3016; x_wconf 91' lang='lat' dir='ltr'><strong>dum</strong></span> <span class='ocrx_word' id='word_1_353' title='bbox 1539 2977 1720 3034; x_wconf 89' lang='lat' dir='ltr'><strong>prop-</strong></span> 
     </span>
    </p>
   </div>
   <div class='ocr_carea' id='block_1_48' title="bbox 79 3051 1718 3125">
    <p class='ocr_par' dir='ltr' id='par_1_48' title="bbox 79 3051 1718 3125">
     <span class='ocr_line' id='line_1_48' title="bbox 79 3051 1718 3125; baseline 0 -19"><span class='ocrx_word' id='word_1_354' title='bbox 79 3056 146 3106; x_wconf 86' lang='lat' dir='ltr'><strong>ter</strong></span> <span class='ocrx_word' id='word_1_355' title='bbox 189 3057 492 3125; x_wconf 81' lang='lat' dir='ltr'><strong>peccatum</strong></span> <span class='ocrx_word' id='word_1_356' title='bbox 547 3051 861 3125; x_wconf 88' lang='lat' dir='ltr'><strong>quodlibet</strong></span> <span class='ocrx_word' id='word_1_357' title='bbox 890 3052 1046 3107; x_wconf 92' lang='lat' dir='ltr'><strong>Deus</strong></span> <span class='ocrx_word' id='word_1_358' title='bbox 1105 3051 1398 3108; x_wconf 87' lang='lat' dir='ltr'><strong>deseritur</strong></span> <span class='ocrx_word' id='word_1_359' title='bbox 1440 3052 1546 3123; x_wconf 76' lang='lat' dir='ltr'><strong>[Z.,</strong></span> <span class='ocrx_word' id='word_1_360' title='bbox 1579 3068 1718 3107; x_wconf 90' lang='lat' dir='ltr'><strong>eum</strong></span> 
     </span>
    </p>
   </div>
   <div class='ocr_carea' id='block_1_49' title="bbox 81 3140 1716 3216">
    <p class='ocr_par' dir='ltr' id='par_1_49' title="bbox 81 3140 1716 3216">
     <span class='ocr_line' id='line_1_49' title="bbox 81 3140 1716 3216; baseline -0.001 -19"><span class='ocrx_word' id='word_1_361' title='bbox 81 3145 209 3198; x_wconf 86' lang='lat' dir='ltr'><strong>Deus</strong></span> <span class='ocrx_word' id='word_1_362' title='bbox 237 3143 490 3216; x_wconf 83' lang='lat' dir='ltr'><strong>deserit],</strong></span> <span class='ocrx_word' id='word_1_363' title='bbox 525 3141 633 3215; x_wconf 90' lang='lat' dir='ltr'><strong>qui</strong></span> <span class='ocrx_word' id='word_1_364' title='bbox 678 3146 764 3198; x_wconf 87' lang='lat' dir='ltr'><strong>est</strong></span> <span class='ocrx_word' id='word_1_365' title='bbox 789 3142 912 3198; x_wconf 89' lang='lat' dir='ltr'><strong>vita</strong></span> <span class='ocrx_word' id='word_1_366' title='bbox 941 3142 992 3212; x_wconf 89' lang='lat' dir='ltr'><strong>ej</strong></span> <span class='ocrx_word' id='word_1_367' title='bbox 1005 3159 1091 3197; x_wconf 90' lang='lat' dir='ltr'><strong>us.</strong></span> <span class='ocrx_word' id='word_1_368' title='bbox 1125 3145 1277 3199; x_wconf 87' lang='lat' dir='ltr'><strong>Mors</strong></span> <span class='ocrx_word' id='word_1_369' title='bbox 1306 3140 1576 3214; x_wconf 88' lang='lat' dir='ltr'><strong>corporis</strong></span> <span class='ocrx_word' id='word_1_370' title='bbox 1606 3146 1716 3210; x_wconf 90' lang='lat' dir='ltr'><strong>est,</strong></span> 
     </span>
    </p>
   </div>
   <div class='ocr_carea' id='block_1_50' title="bbox 78 3227 1719 3306">
    <p class='ocr_par' dir='ltr' id='par_1_50' title="bbox 78 3227 1719 3306">
     <span class='ocr_line' id='line_1_50' title="bbox 78 3227 1719 3306; baseline 0.001 -24"><span class='ocrx_word' id='word_1_371' title='bbox 78 3227 204 3286; x_wconf 85' lang='lat' dir='ltr'><strong>dum</strong></span> <span class='ocrx_word' id='word_1_372' title='bbox 231 3237 467 3306; x_wconf 89' lang='lat' dir='ltr'><strong>propter</strong></span> <span class='ocrx_word' id='word_1_373' title='bbox 495 3231 920 3287; x_wconf 89' lang='lat' dir='ltr'><strong>necessitatem</strong></span> <span class='ocrx_word' id='word_1_374' title='bbox 969 3229 1301 3304; x_wconf 80' lang='lat' dir='ltr'><strong>quamlibet</strong></span> <span class='ocrx_word' id='word_1_375' title='bbox 1353 3246 1572 3304; x_wconf 90' lang='lat' dir='ltr'><strong>corpus</strong></span> <span class='ocrx_word' id='word_1_376' title='bbox 1614 3230 1719 3284; x_wconf 90' lang='lat' dir='ltr'><strong>de-</strong></span> 
     </span>
    </p>
   </div>
   <div class='ocr_carea' id='block_1_51' title="bbox 81 3319 1718 3390">
    <p class='ocr_par' dir='ltr' id='par_1_51' title="bbox 81 3319 1718 3390">
     <span class='ocr_line' id='line_1_51' title="bbox 81 3319 1718 3390; baseline 0.003 -21"><span class='ocrx_word' id='word_1_377' title='bbox 81 3319 262 3374; x_wconf 84' lang='lat' dir='ltr'><strong>seritur</strong></span> <span class='ocrx_word' id='word_1_378' title='bbox 285 3320 361 3377; x_wconf 89' lang='lat' dir='ltr'><strong>ab</strong></span> <span class='ocrx_word' id='word_1_379' title='bbox 390 3320 624 3377; x_wconf 86' lang='lat' dir='ltr'><strong>anima.</strong></span> <span class='ocrx_word' id='word_1_380' title='bbox 659 3320 809 3385; x_wconf 88' lang='lat' dir='ltr'><strong>Quia</strong></span> <span class='ocrx_word' id='word_1_381' title='bbox 841 3319 992 3375; x_wconf 90' lang='lat' dir='ltr'><strong>sicut</strong></span> <span class='ocrx_word' id='word_1_382' title='bbox 1037 3321 1191 3374; x_wconf 92' lang='lat' dir='ltr'><strong>Deus</strong></span> <span class='ocrx_word' id='word_1_383' title='bbox 1214 3325 1302 3374; x_wconf 91' lang='lat' dir='ltr'><strong>est</strong></span> <span class='ocrx_word' id='word_1_384' title='bbox 1325 3320 1448 3375; x_wconf 89' lang='lat' dir='ltr'><strong>vita</strong></span> <span class='ocrx_word' id='word_1_385' title='bbox 1477 3319 1718 3390; x_wconf 77' lang='lat' dir='ltr'><strong>animae,</strong></span> 
     </span>
    </p>
   </div>
   <div class='ocr_carea' id='block_1_52' title="bbox 79 3405 1722 3481">
    <p class='ocr_par' dir='ltr' id='par_1_52' title="bbox 79 3405 1722 3481">
     <span class='ocr_line' id='line_1_52' title="bbox 79 3405 1722 3481; baseline 0.002 -22"><span class='ocrx_word' id='word_1_386' title='bbox 79 3405 144 3462; x_wconf 90' lang='lat' dir='ltr'><strong>ita</strong></span> <span class='ocrx_word' id='word_1_387' title='bbox 169 3409 356 3466; x_wconf 86' lang='lat' dir='ltr'><strong>anima</strong></span> <span class='ocrx_word' id='word_1_388' title='bbox 393 3415 482 3466; x_wconf 89' lang='lat' dir='ltr'><strong>est</strong></span> <span class='ocrx_word' id='word_1_389' title='bbox 515 3408 640 3464; x_wconf 87' lang='lat' dir='ltr'><strong>vita</strong></span> <span class='ocrx_word' id='word_1_390' title='bbox 677 3408 965 3480; x_wconf 88' lang='lat' dir='ltr'><strong>corporis,</strong></span> <span class='ocrx_word' id='word_1_391' title='bbox 999 3424 1190 3481; x_wconf 89' lang='lat' dir='ltr'><strong>quam</strong></span> <span class='ocrx_word' id='word_1_392' title='bbox 1221 3413 1481 3464; x_wconf 88' lang='lat' dir='ltr'><strong>mortem</strong></span> <span class='ocrx_word' id='word_1_393' title='bbox 1512 3423 1722 3479; x_wconf 90' lang='lat' dir='ltr'><strong>corpo-</strong></span> 
     </span>
    </p>
   </div>
   <div class='ocr_carea' id='block_1_53' title="bbox 81 3496 1720 3573">
    <p class='ocr_par' dir='ltr' id='par_1_53' title="bbox 81 3496 1720 3573">
     <span class='ocr_line' id='line_1_53' title="bbox 81 3496 1720 3573; baseline 0.002 -24"><span class='ocrx_word' id='word_1_394' title='bbox 81 3497 144 3550; x_wconf 85' lang='lat' dir='ltr'><strong>ris</strong></span> <span class='ocrx_word' id='word_1_395' title='bbox 174 3499 466 3569; x_wconf 89' lang='lat' dir='ltr'><strong>peccando</strong></span> <span class='ocrx_word' id='word_1_396' title='bbox 496 3504 988 3573; x_wconf 86' lang='lat' dir='ltr'><strong>promeruerunt,</strong></span> <span class='ocrx_word' id='word_1_397' title='bbox 1021 3497 1316 3571; x_wconf 86' lang='lat' dir='ltr'><strong>quoniam</strong></span> <span class='ocrx_word' id='word_1_398' title='bbox 1347 3496 1720 3553; x_wconf 88' lang='lat' dir='ltr'><strong>immortales</strong></span> 
     </span>
    </p>
   </div>
   <div class='ocr_carea' id='block_1_54' title="bbox 82 3584 1722 3663">
    <p class='ocr_par' dir='ltr' id='par_1_54' title="bbox 82 3584 1722 3663">
     <span class='ocr_line' id='line_1_54' title="bbox 82 3584 1722 3663; baseline 0.001 -24"><span class='ocrx_word' id='word_1_399' title='bbox 82 3584 244 3644; x_wconf 85' lang='lat' dir='ltr'><strong>forent</strong></span> <span class='ocrx_word' id='word_1_400' title='bbox 268 3589 312 3644; x_wconf 89' lang='lat' dir='ltr'><strong>si</strong></span> <span class='ocrx_word' id='word_1_401' title='bbox 341 3605 461 3646; x_wconf 91' lang='lat' dir='ltr'><strong>non</strong></span> <span class='ocrx_word' id='word_1_402' title='bbox 495 3594 854 3663; x_wconf 89' lang='lat' dir='ltr'><strong>peccassent</strong></span> <span class='ocrx_word' id='word_1_403' title='bbox 881 3606 893 3655; x_wconf 89' lang='lat'><strong>;</strong></span> <span class='ocrx_word' id='word_1_404' title='bbox 941 3592 998 3644; x_wconf 91' lang='lat' dir='ltr'><strong>et</strong></span> <span class='ocrx_word' id='word_1_405' title='bbox 1026 3587 1162 3644; x_wconf 91' lang='lat' dir='ltr'><strong>licet</strong></span> <span class='ocrx_word' id='word_1_406' title='bbox 1190 3603 1313 3643; x_wconf 91' lang='lat' dir='ltr'><strong>non</strong></span> <span class='ocrx_word' id='word_1_407' title='bbox 1347 3587 1548 3642; x_wconf 88' lang='lat' dir='ltr'><strong>statim</strong></span> <span class='ocrx_word' id='word_1_408' title='bbox 1580 3586 1722 3642; x_wconf 83' lang='lat' dir='ltr'><strong>fuis-</strong></span> 
     </span>
    </p>
   </div>
   <div class='ocr_carea' id='block_1_55' title="bbox 85 3676 1721 3751">
    <p class='ocr_par' dir='ltr' id='par_1_55' title="bbox 85 3676 1721 3751">
     <span class='ocr_line' id='line_1_55' title="bbox 85 3676 1721 3751; baseline 0 -21"><span class='ocrx_word' id='word_1_409' title='bbox 85 3681 193 3731; x_wconf 85' lang='lat' dir='ltr'><strong>seut</strong></span> <span class='ocrx_word' id='word_1_410' title='bbox 242 3679 472 3749; x_wconf 88' lang='lat' dir='ltr'><strong>mortui,</strong></span> <span class='ocrx_word' id='word_1_411' title='bbox 537 3676 649 3734; x_wconf 92' lang='lat' dir='ltr'><strong>sed</strong></span> <span class='ocrx_word' id='word_1_412' title='bbox 700 3682 840 3751; x_wconf 87' lang='lat' dir='ltr'><strong>post</strong></span> <span class='ocrx_word' id='word_1_413' title='bbox 883 3677 1137 3746; x_wconf 88' lang='lat' dir='ltr'><strong>longum</strong></span> <span class='ocrx_word' id='word_1_414' title='bbox 1197 3682 1458 3748; x_wconf 88' lang='lat' dir='ltr'><strong>tempus,</strong></span> <span class='ocrx_word' id='word_1_415' title='bbox 1519 3681 1721 3731; x_wconf 87' lang='lat' dir='ltr'><strong>tamen</strong></span> 
     </span>
    </p>
   </div>
   <div class='ocr_carea' id='block_1_56' title="bbox 83 3765 1722 3842">
    <p class='ocr_par' dir='ltr' id='par_1_56' title="bbox 83 3765 1722 3842">
     <span class='ocr_line' id='line_1_56' title="bbox 83 3765 1722 3842; baseline 0.002 -24"><span class='ocrx_word' id='word_1_416' title='bbox 83 3765 201 3835; x_wconf 86' lang='lat' dir='ltr'><strong>quia</strong></span> <span class='ocrx_word' id='word_1_417' title='bbox 222 3766 341 3838; x_wconf 89' lang='lat' dir='ltr'><strong>jam</strong></span> <span class='ocrx_word' id='word_1_418' title='bbox 389 3785 528 3842; x_wconf 90' lang='lat' dir='ltr'><strong>spes</strong></span> <span class='ocrx_word' id='word_1_419' title='bbox 580 3766 1045 3824; x_wconf 86' lang='lat' dir='ltr'><strong>immortalitatis</strong></span> <span class='ocrx_word' id='word_1_420' title='bbox 1071 3767 1304 3822; x_wconf 90' lang='lat' dir='ltr'><strong>amissa</strong></span> <span class='ocrx_word' id='word_1_421' title='bbox 1343 3770 1487 3828; x_wconf 90' lang='lat' dir='ltr'><strong>erat,</strong></span> <span class='ocrx_word' id='word_1_422' title='bbox 1522 3766 1722 3821; x_wconf 86' lang='lat' dir='ltr'><strong>futura</strong></span> 
     </span>
    </p>
   </div>
   <div class='ocr_carea' id='block_1_57' title="bbox 85 3854 1722 3928">
    <p class='ocr_par' dir='ltr' id='par_1_57' title="bbox 85 3854 1722 3928">
     <span class='ocr_line' id='line_1_57' title="bbox 85 3854 1722 3928; baseline 0.001 -20"><span class='ocrx_word' id='word_1_423' title='bbox 85 3869 220 3910; x_wconf 90' lang='lat' dir='ltr'><strong>mors</strong></span> <span class='ocrx_word' id='word_1_424' title='bbox 266 3873 528 3926; x_wconf 73' lang='lat' dir='ltr'><strong>prtesens</strong></span> <span class='ocrx_word' id='word_1_425' title='bbox 586 3857 750 3914; x_wconf 89' lang='lat' dir='ltr'><strong>dicta</strong></span> <span class='ocrx_word' id='word_1_426' title='bbox 796 3860 904 3927; x_wconf 88' lang='lat' dir='ltr'><strong>est,</strong></span> <span class='ocrx_word' id='word_1_427' title='bbox 935 3855 1229 3928; x_wconf 90' lang='lat' dir='ltr'><strong>quoniam</strong></span> <span class='ocrx_word' id='word_1_428' title='bbox 1277 3856 1406 3911; x_wconf 69' lang='lat' dir='ltr'><strong>haec</strong></span> <span class='ocrx_word' id='word_1_429' title='bbox 1453 3855 1632 3927; x_wconf 84' lang='lat' dir='ltr'><strong>coepit</strong></span> <span class='ocrx_word' id='word_1_430' title='bbox 1660 3854 1722 3910; x_wconf 89' lang='lat' dir='ltr'><strong>in</strong></span> 
     </span>
    </p>
   </div>
   <div class='ocr_carea' id='block_1_58' title="bbox 86 3943 1718 4020">
    <p class='ocr_par' dir='ltr' id='par_1_58' title="bbox 86 3943 1718 4020">
     <span class='ocr_line' id='line_1_58' title="bbox 86 3943 1718 4020; baseline 0.001 -22"><span class='ocrx_word' id='word_1_431' title='bbox 86 3959 170 4014; x_wconf 82' lang='lat' dir='ltr'><strong>spe</strong></span> <span class='ocrx_word' id='word_1_432' title='bbox 197 3944 411 4004; x_wconf 86' lang='lat' dir='ltr'><strong>haberi.</strong></span> <span class='ocrx_word' id='word_1_433' title='bbox 443 3946 614 4005; x_wconf 92' lang='lat' dir='ltr'><strong>Unde</strong></span> <span class='ocrx_word' id='word_1_434' title='bbox 645 3945 1047 4020; x_wconf 77' lang='lat' dir='ltr'><strong>Symmachus</strong></span> <span class='ocrx_word' id='word_1_435' title='bbox 1081 3943 1401 4012; x_wconf 89' lang='lat' dir='ltr'><strong>transtulit,</strong></span> <span class='ocrx_word' id='word_1_436' title='bbox 1434 3945 1718 4000; x_wconf 74' lang='lat' dir='ltr'><strong>mortales</strong></span> 
     </span>
    </p>
   </div>
   <div class='ocr_carea' id='block_1_59' title="bbox 84 4035 1722 4110">
    <p class='ocr_par' dir='ltr' id='par_1_59' title="bbox 84 4035 1722 4110">
     <span class='ocr_line' id='line_1_59' title="bbox 84 4035 1722 4110; baseline 0.001 -24"><span class='ocrx_word' id='word_1_437' title='bbox 84 4035 238 4090; x_wconf 84' lang='lat' dir='ltr'><strong>eritis.</strong></span> <span class='ocrx_word' id='word_1_438' title='bbox 269 4038 332 4092; x_wconf 82' lang='lat' dir='ltr'><strong>Et</strong></span> <span class='ocrx_word' id='word_1_439' title='bbox 360 4037 518 4094; x_wconf 88' lang='lat' dir='ltr'><strong>hanc</strong></span> <span class='ocrx_word' id='word_1_440' title='bbox 550 4037 808 4110; x_wconf 89' lang='lat' dir='ltr'><strong>duplam</strong></span> <span class='ocrx_word' id='word_1_441' title='bbox 849 4035 1112 4092; x_wconf 87' lang='lat' dir='ltr'><strong>hominis</strong></span> <span class='ocrx_word' id='word_1_442' title='bbox 1166 4039 1422 4091; x_wconf 89' lang='lat' dir='ltr'><strong>mortem</strong></span> <span class='ocrx_word' id='word_1_443' title='bbox 1453 4035 1722 4090; x_wconf 81' lang='lat' dir='ltr'><strong>Christus</strong></span> 
     </span>
    </p>
   </div>
   <div class='ocr_carea' id='block_1_60' title="bbox 88 4123 1722 4201">
    <p class='ocr_par' dir='ltr' id='par_1_60' title="bbox 88 4123 1722 4201">
     <span class='ocr_line' id='line_1_60' title="bbox 88 4123 1722 4201; baseline 0.003 -26"><span class='ocrx_word' id='word_1_444' title='bbox 88 4139 172 4180; x_wconf 83' lang='lat' dir='ltr'><strong>sua</strong></span> <span class='ocrx_word' id='word_1_445' title='bbox 201 4126 404 4201; x_wconf 91' lang='lat' dir='ltr'><strong>simpla</strong></span> <span class='ocrx_word' id='word_1_446' title='bbox 432 4133 629 4185; x_wconf 87' lang='lat' dir='ltr'><strong>morte</strong></span> <span class='ocrx_word' id='word_1_447' title='bbox 669 4125 981 4183; x_wconf 76' lang='lat' dir='ltr'><strong>destruxit.</strong></span> <span class='ocrx_word' id='word_1_448' title='bbox 1012 4129 1164 4182; x_wconf 83' lang='lat' dir='ltr'><strong>Nam</strong></span> <span class='ocrx_word' id='word_1_449' title='bbox 1194 4123 1326 4180; x_wconf 88' lang='lat' dir='ltr'><strong>sola</strong></span> <span class='ocrx_word' id='word_1_450' title='bbox 1353 4141 1532 4180; x_wconf 88' lang='lat' dir='ltr'><strong>carne</strong></span> <span class='ocrx_word' id='word_1_451' title='bbox 1566 4141 1722 4180; x_wconf 88' lang='lat' dir='ltr'><strong>mor-</strong></span> 
     </span>
    </p>
   </div>
   <div class='ocr_carea' id='block_1_61' title="bbox 88 4216 1721 4292">
    <p class='ocr_par' dir='ltr' id='par_1_61' title="bbox 88 4216 1721 4292">
     <span class='ocr_line' id='line_1_61' title="bbox 88 4216 1721 4292; baseline 0.004 -28"><span class='ocrx_word' id='word_1_452' title='bbox 88 4216 196 4268; x_wconf 87' lang='lat' dir='ltr'><strong>tuus</strong></span> <span class='ocrx_word' id='word_1_453' title='bbox 211 4222 288 4272; x_wconf 89' lang='lat' dir='ltr'><strong>est</strong></span> <span class='ocrx_word' id='word_1_454' title='bbox 303 4217 378 4274; x_wconf 90' lang='lat' dir='ltr'><strong>ad</strong></span> <span class='ocrx_word' id='word_1_455' title='bbox 397 4224 661 4292; x_wconf 89' lang='lat' dir='ltr'><strong>tempus,</strong></span> <span class='ocrx_word' id='word_1_456' title='bbox 681 4217 887 4272; x_wconf 90' lang='lat' dir='ltr'><strong>anima</strong></span> <span class='ocrx_word' id='word_1_457' title='bbox 908 4232 1050 4272; x_wconf 90' lang='lat' dir='ltr'><strong>vero</strong></span> <span class='ocrx_word' id='word_1_458' title='bbox 1071 4231 1410 4288; x_wconf 89' lang='lat' dir='ltr'><strong>nunquam,</strong></span> <span class='ocrx_word' id='word_1_459' title='bbox 1427 4217 1721 4286; x_wconf 81' lang='lat' dir='ltr'><strong>quoniam</strong></span> 
     </span>
    </p>
   </div>
   <div class='ocr_carea' id='block_1_62' title="bbox 89 4305 1721 4382">
    <p class='ocr_par' dir='ltr' id='par_1_62' title="bbox 89 4305 1721 4382">
     <span class='ocr_line' id='line_1_62' title="bbox 89 4305 1721 4382; baseline 0.001 -24"><span class='ocrx_word' id='word_1_460' title='bbox 89 4316 361 4379; x_wconf 88' lang='lat' dir='ltr'><strong>nunquam</strong></span> <span class='ocrx_word' id='word_1_461' title='bbox 410 4307 708 4382; x_wconf 90' lang='lat' dir='ltr'><strong>peccavit.</strong></span> <span class='ocrx_word' id='word_1_462' title='bbox 745 4309 1076 4363; x_wconf 89' lang='lat' dir='ltr'><strong>Possumus</strong></span> <span class='ocrx_word' id='word_1_463' title='bbox 1125 4305 1307 4361; x_wconf 88' lang='lat' dir='ltr'><strong>etiam</strong></span> <span class='ocrx_word' id='word_1_464' title='bbox 1338 4311 1592 4360; x_wconf 90' lang='lat' dir='ltr'><strong>mortem</strong></span> <span class='ocrx_word' id='word_1_465' title='bbox 1625 4322 1721 4374; x_wconf 90' lang='lat' dir='ltr'><strong>ge-</strong></span> 
     </span>
    </p>
   </div>
   <div class='ocr_carea' id='block_1_63' title="bbox 91 4391 1722 4471">
    <p class='ocr_par' dir='ltr' id='par_1_63' title="bbox 91 4391 1722 4471">
     <span class='ocr_line' id='line_1_63' title="bbox 91 4391 1722 4471; baseline 0.001 -22"><span class='ocrx_word' id='word_1_466' title='bbox 91 4391 264 4452; x_wconf 70' lang='lat' dir='ltr'><strong>hennae</strong></span> <span class='ocrx_word' id='word_1_467' title='bbox 293 4398 645 4468; x_wconf 81' lang='lat' dir='ltr'><strong>intelligere,</strong></span> <span class='ocrx_word' id='word_1_468' title='bbox 679 4413 804 4471; x_wconf 90' lang='lat' dir='ltr'><strong>qua</strong></span> <span class='ocrx_word' id='word_1_469' title='bbox 833 4413 996 4454; x_wconf 91' lang='lat' dir='ltr'><strong>nunc</strong></span> <span class='ocrx_word' id='word_1_470' title='bbox 1048 4395 1348 4452; x_wconf 85' lang='lat' dir='ltr'><strong>cruciatur</strong></span> <span class='ocrx_word' id='word_1_471' title='bbox 1377 4394 1580 4451; x_wconf 87' lang='lat' dir='ltr'><strong>anima</strong></span> <span class='ocrx_word' id='word_1_472' title='bbox 1606 4395 1722 4468; x_wconf 89' lang='lat' dir='ltr'><strong>pri-</strong></span> 
     </span>
    </p>
   </div>
   <div class='ocr_carea' id='block_1_64' title="bbox 92 4485 1722 4561">
    <p class='ocr_par' dir='ltr' id='par_1_64' title="bbox 92 4485 1722 4561">
     <span class='ocr_line' id='line_1_64' title="bbox 92 4485 1722 4561; baseline 0.002 -25"><span class='ocrx_word' id='word_1_473' title='bbox 92 4488 195 4539; x_wconf 72' lang='lat' dir='ltr'><strong>vata</strong></span> <span class='ocrx_word' id='word_1_474' title='bbox 223 4487 489 4546; x_wconf 86' lang='lat' dir='ltr'><strong>societate</strong></span> <span class='ocrx_word' id='word_1_475' title='bbox 521 4494 898 4559; x_wconf 88' lang='lat' dir='ltr'><strong>sanctorum,</strong></span> <span class='ocrx_word' id='word_1_476' title='bbox 921 4503 1058 4561; x_wconf 66' lang='lat' dir='ltr'><strong>qua:</strong></span> <span class='ocrx_word' id='word_1_477' title='bbox 1085 4491 1223 4560; x_wconf 91' lang='lat' dir='ltr'><strong>post</strong></span> <span class='ocrx_word' id='word_1_478' title='bbox 1240 4485 1538 4557; x_wconf 88' lang='lat' dir='ltr'><strong>judicium</strong></span> <span class='ocrx_word' id='word_1_479' title='bbox 1564 4501 1722 4541; x_wconf 91' lang='lat' dir='ltr'><strong>rece-</strong></span> 
     </span>
    </p>
   </div>
   <div class='ocr_carea' id='block_1_65' title="bbox 92 4576 1721 4653">
    <p class='ocr_par' dir='ltr' id='par_1_65' title="bbox 92 4576 1721 4653">
     <span class='ocr_line' id='line_1_65' title="bbox 92 4576 1721 4653; baseline 0.004 -27"><span class='ocrx_word' id='word_1_480' title='bbox 92 4578 171 4642; x_wconf 87' lang='lat' dir='ltr'><strong>pto</strong></span> <span class='ocrx_word' id='word_1_481' title='bbox 195 4591 426 4652; x_wconf 89' lang='lat' dir='ltr'><strong>corpore</strong></span> <span class='ocrx_word' id='word_1_482' title='bbox 457 4580 685 4653; x_wconf 85' lang='lat' dir='ltr'><strong>pariter</strong></span> <span class='ocrx_word' id='word_1_483' title='bbox 713 4594 963 4652; x_wconf 81' lang='lat' dir='ltr'><strong>pcenam</strong></span> <span class='ocrx_word' id='word_1_484' title='bbox 1003 4576 1340 4634; x_wconf 87' lang='lat' dir='ltr'><strong>sustinebit.</strong></span> <span class='ocrx_word' id='word_1_485' title='bbox 1373 4577 1538 4632; x_wconf 90' lang='lat' dir='ltr'><strong>Unde</strong></span> <span class='ocrx_word' id='word_1_486' title='bbox 1567 4592 1721 4633; x_wconf 91' lang='lat' dir='ltr'><strong>non-</strong></span> 
     </span>
    </p>
   </div>
   <div class='ocr_carea' id='block_1_66' title="bbox 93 4662 1724 4741">
    <p class='ocr_par' dir='ltr' id='par_1_66' title="bbox 93 4662 1724 4741">
     <span class='ocr_line' id='line_1_66' title="bbox 93 4662 1724 4741; baseline 0.003 -22"><span class='ocrx_word' id='word_1_487' title='bbox 93 4662 225 4733; x_wconf 87' lang='lat' dir='ltr'><strong>nulli,</strong></span> <span class='ocrx_word' id='word_1_488' title='bbox 281 4669 633 4727; x_wconf 83' lang='lat' dir='ltr'><strong>auctoritate</strong></span> <span class='ocrx_word' id='word_1_489' title='bbox 703 4669 1147 4741; x_wconf 87' lang='lat' dir='ltr'><strong>Scripturarum</strong></span> <span class='ocrx_word' id='word_1_490' title='bbox 1203 4665 1408 4733; x_wconf 87' lang='lat' dir='ltr'><strong>fulciti,</strong></span> <span class='ocrx_word' id='word_1_491' title='bbox 1462 4672 1724 4739; x_wconf 86' lang='lat' dir='ltr'><strong>quatuor</strong></span> 
     </span>
    </p>
   </div>
   <div class='ocr_carea' id='block_1_67' title="bbox 96 4757 1721 4832">
    <p class='ocr_par' dir='ltr' id='par_1_67' title="bbox 96 4757 1721 4832">
     <span class='ocr_line' id='line_1_67' title="bbox 96 4757 1721 4832; baseline 0.006 -27"><span class='ocrx_word' id='word_1_492' title='bbox 96 4760 273 4810; x_wconf 84' lang='lat' dir='ltr'><strong>mortes</strong></span> <span class='ocrx_word' id='word_1_493' title='bbox 299 4759 658 4816; x_wconf 89' lang='lat' dir='ltr'><strong>ostendunt:</strong></span> <span class='ocrx_word' id='word_1_494' title='bbox 693 4759 892 4832; x_wconf 89' lang='lat' dir='ltr'><strong>prima</strong></span> <span class='ocrx_word' id='word_1_495' title='bbox 921 4775 1089 4814; x_wconf 91' lang='lat' dir='ltr'><strong>mors</strong></span> <span class='ocrx_word' id='word_1_496' title='bbox 1126 4762 1238 4828; x_wconf 91' lang='lat' dir='ltr'><strong>est,</strong></span> <span class='ocrx_word' id='word_1_497' title='bbox 1265 4757 1565 4830; x_wconf 89' lang='lat' dir='ltr'><strong>inquiunt.</strong></span> <span class='ocrx_word' id='word_1_498' title='bbox 1591 4758 1721 4814; x_wconf 90' lang='lat' dir='ltr'><strong>ani-</strong></span> 
     </span>
    </p>
   </div>
   <div class='ocr_carea' id='block_1_68' title="bbox 97 4847 1720 4920">
    <p class='ocr_par' dir='ltr' id='par_1_68' title="bbox 97 4847 1720 4920">
     <span class='ocr_line' id='line_1_68' title="bbox 97 4847 1720 4920; baseline -0.004 -10"><span class='ocrx_word' id='word_1_499' title='bbox 97 4854 338 4920; x_wconf 59' lang='grc' dir='ltr'><strong>ωωνειιιω</strong></span> <span class='ocrx_word' id='word_1_500' title='bbox 365 4849 588 4906; x_wconf 89' lang='lat' dir='ltr'><strong>deserit</strong></span> <span class='ocrx_word' id='word_1_501' title='bbox 608 4865 791 4905; x_wconf 91' lang='lat' dir='ltr'><strong>suum</strong></span> <span class='ocrx_word' id='word_1_502' title='bbox 813 4853 1165 4906; x_wconf 86' lang='lat' dir='ltr'><strong>creatorem.</strong></span> <span class='ocrx_word' id='word_1_503' title='bbox 1194 4848 1343 4903; x_wconf 93' lang='lat' dir='ltr'><strong>Cum</strong></span> <span class='ocrx_word' id='word_1_504' title='bbox 1367 4847 1527 4904; x_wconf 90' lang='lat' dir='ltr'><strong>enim</strong></span> <span class='ocrx_word' id='word_1_505' title='bbox 1549 4849 1720 4904; x_wconf 88' lang='lat' dir='ltr'><strong>dese-</strong></span> 
     </span>
    </p>
   </div>
   <div class='ocr_carea' id='block_1_69' title="bbox 97 4931 1723 5007">
    <p class='ocr_par' dir='ltr' id='par_1_69' title="bbox 97 4931 1723 5007">
     <span class='ocr_line' id='line_1_69' title="bbox 97 4931 1723 5007; baseline 0.007 -24"><span class='ocrx_word' id='word_1_506' title='bbox 97 4931 166 4998; x_wconf 85' lang='lat' dir='ltr'><strong>rit,</strong></span> <span class='ocrx_word' id='word_1_507' title='bbox 188 4945 391 5007; x_wconf 88' lang='lat' dir='ltr'><strong>peccat.</strong></span> <span class='ocrx_word' id='word_1_508' title='bbox 423 4941 574 4996; x_wconf 82' lang='lat' dir='ltr'><strong>Hinc</strong></span> <span class='ocrx_word' id='word_1_509' title='bbox 604 4939 898 4995; x_wconf 88' lang='lat' dir='ltr'><strong>Dominus</strong></span> <span class='ocrx_word' id='word_1_510' title='bbox 913 4939 976 4994; x_wconf 92' lang='lat' dir='ltr'><strong>in</strong></span> <span class='ocrx_word' id='word_1_511' title='bbox 994 4937 1314 5007; x_wconf 77' lang='lat' dir='ltr'><strong>Evangelio</strong></span> <span class='ocrx_word' id='word_1_512' title='bbox 1331 4937 1443 4994; x_wconf 85' lang='lat' dir='ltr'><strong>ait:</strong></span> <span class='ocrx_word' id='word_1_513' title='bbox 1475 4939 1723 4995; x_wconf 85' lang='lat' dir='ltr'><strong>Dimitte</strong></span> 
     </span>
    </p>
   </div>
   <div class='ocr_carea' id='block_1_70' title="bbox 99 5028 1718 5102">
    <p class='ocr_par' dir='ltr' id='par_1_70' title="bbox 99 5028 1718 5102">
     <span class='ocr_line' id='line_1_70' title="bbox 99 5028 1718 5102; baseline 0.008 -30"><span class='ocrx_word' id='word_1_514' title='bbox 99 5031 310 5084; x_wconf 78' lang='lat' dir='ltr'><strong>nwrtuos</strong></span> <span class='ocrx_word' id='word_1_515' title='bbox 353 5032 608 5102; x_wconf 79' lang='lat' dir='ltr'><strong>sepelire</strong></span> <span class='ocrx_word' id='word_1_516' title='bbox 657 5036 923 5086; x_wconf 87' lang='lat' dir='ltr'><strong>mortuos</strong></span> <span class='ocrx_word' id='word_1_517' title='bbox 973 5045 1108 5086; x_wconf 83' lang='lat' dir='ltr'><strong>suos</strong></span> <span class='ocrx_word' id='word_1_518' title='bbox 1154 5028 1398 5098; x_wconf 80' lang='lat' dir='ltr'><strong>(Matth.</strong></span> <span class='ocrx_word' id='word_1_519' title='bbox 1432 5044 1553 5095; x_wconf 85' lang='lat' dir='ltr'><strong>vni,</strong></span> <span class='ocrx_word' id='word_1_520' title='bbox 1604 5029 1718 5099; x_wconf 74' lang='lat'><strong>2&#39;2).</strong></span> 
     </span>
    </p>
   </div>
   <div class='ocr_carea' id='block_1_71' title="bbox 102 5108 1724 5192">
    <p class='ocr_par' dir='ltr' id='par_1_71' title="bbox 102 5108 1724 5192">
     <span class='ocr_line' id='line_1_71' title="bbox 102 5108 1724 5192; baseline 0.008 -31"><span class='ocrx_word' id='word_1_521' title='bbox 102 5108 199 5168; x_wconf 65' lang='lat' dir='ltr'><strong>[lac</strong></span> <span class='ocrx_word' id='word_1_522' title='bbox 223 5131 471 5192; x_wconf 80' lang='lat' dir='ltr'><strong>namque</strong></span> <span class='ocrx_word' id='word_1_523' title='bbox 503 5119 805 5178; x_wconf 87' lang='lat' dir='ltr'><strong>sententia</strong></span> <span class='ocrx_word' id='word_1_524' title='bbox 830 5119 987 5175; x_wconf 89' lang='lat' dir='ltr'><strong>duas</strong></span> <span class='ocrx_word' id='word_1_525' title='bbox 1019 5118 1495 5186; x_wconf 67' lang='lat' dir='ltr'><strong>mortes,anime</strong></span> <span class='ocrx_word' id='word_1_526' title='bbox 1523 5117 1724 5174; x_wconf 88' lang='lat' dir='ltr'><strong>videli-</strong></span> 
     </span>
    </p>
   </div>
   <div class='ocr_carea' id='block_1_72' title="bbox 102 5206 1720 5284">
    <p class='ocr_par' dir='ltr' id='par_1_72' title="bbox 102 5206 1720 5284">
     <span class='ocr_line' id='line_1_72' title="bbox 102 5206 1720 5284; baseline 0.002 -24"><span class='ocrx_word' id='word_1_527' title='bbox 102 5206 168 5255; x_wconf 70' lang='lat' dir='ltr'><strong>cet</strong></span> <span class='ocrx_word' id='word_1_528' title='bbox 200 5209 248 5262; x_wconf 90' lang='lat' dir='ltr'><strong>et</strong></span> <span class='ocrx_word' id='word_1_529' title='bbox 286 5211 550 5284; x_wconf 91' lang='lat' dir='ltr'><strong>corporis</strong></span> <span class='ocrx_word' id='word_1_530' title='bbox 581 5209 864 5267; x_wconf 87' lang='lat' dir='ltr'><strong>ostendit.</strong></span> <span class='ocrx_word' id='word_1_531' title='bbox 894 5209 1093 5266; x_wconf 86' lang='lat' dir='ltr'><strong>Tertia</strong></span> <span class='ocrx_word' id='word_1_532' title='bbox 1132 5214 1220 5264; x_wconf 87' lang='lat' dir='ltr'><strong>est</strong></span> <span class='ocrx_word' id='word_1_533' title='bbox 1265 5207 1449 5264; x_wconf 89' lang='lat' dir='ltr'><strong>solius</strong></span> <span class='ocrx_word' id='word_1_534' title='bbox 1478 5207 1720 5275; x_wconf 77' lang='lat' dir='ltr'><strong>animae,</strong></span> 
     </span>
    </p>
   </div>
   <div class='ocr_carea' id='block_1_73' title="bbox 103 5298 1718 5373">
    <p class='ocr_par' dir='ltr' id='par_1_73' title="bbox 103 5298 1718 5373">
     <span class='ocr_line' id='line_1_73' title="bbox 103 5298 1718 5373; baseline -0.002 -15"><span class='ocrx_word' id='word_1_535' title='bbox 103 5303 263 5364; x_wconf 73' lang='lat' dir='ltr'><strong>quam,</strong></span> <span class='ocrx_word' id='word_1_536' title='bbox 290 5298 430 5356; x_wconf 90' lang='lat' dir='ltr'><strong>dum</strong></span> <span class='ocrx_word' id='word_1_537' title='bbox 462 5318 539 5358; x_wconf 84' lang='lat' dir='ltr'><strong>ex</strong></span> <span class='ocrx_word' id='word_1_538' title='bbox 564 5301 686 5357; x_wconf 91' lang='lat' dir='ltr'><strong>hoc</strong></span> <span class='ocrx_word' id='word_1_539' title='bbox 711 5315 962 5373; x_wconf 90' lang='lat' dir='ltr'><strong>corpore</strong></span> <span class='ocrx_word' id='word_1_540' title='bbox 989 5301 1094 5371; x_wconf 87' lang='lat' dir='ltr'><strong>[Z.,</strong></span> <span class='ocrx_word' id='word_1_541' title='bbox 1110 5315 1270 5372; x_wconf 72' lang='lat' dir='ltr'><strong>quae,</strong></span> <span class='ocrx_word' id='word_1_542' title='bbox 1292 5298 1442 5354; x_wconf 88' lang='lat' dir='ltr'><strong>dum</strong></span> <span class='ocrx_word' id='word_1_543' title='bbox 1468 5314 1506 5354; x_wconf 89' lang='lat' dir='ltr'><strong>a</strong></span> <span class='ocrx_word' id='word_1_544' title='bbox 1531 5298 1718 5370; x_wconf 91' lang='lat' dir='ltr'><strong>corp].</strong></span> 
     </span>
    </p>
   </div>
   <div class='ocr_carea' id='block_1_74' title="bbox 106 5380 1719 5463">
    <p class='ocr_par' dir='ltr' id='par_1_74' title="bbox 106 5380 1719 5463">
     <span class='ocr_line' id='line_1_74' title="bbox 106 5380 1719 5463; baseline 0.007 -32"><span class='ocrx_word' id='word_1_545' title='bbox 106 5380 277 5454; x_wconf 67' lang='lat' dir='ltr'><strong>exierit,</strong></span> <span class='ocrx_word' id='word_1_546' title='bbox 302 5390 539 5462; x_wconf 88' lang='lat' dir='ltr'><strong>patitur,</strong></span> <span class='ocrx_word' id='word_1_547' title='bbox 574 5404 768 5463; x_wconf 90' lang='lat' dir='ltr'><strong>quam</strong></span> <span class='ocrx_word' id='word_1_548' title='bbox 803 5388 1139 5445; x_wconf 88' lang='lat' dir='ltr'><strong>sustinebat</strong></span> <span class='ocrx_word' id='word_1_549' title='bbox 1166 5387 1336 5444; x_wconf 86' lang='lat' dir='ltr'><strong>dives</strong></span> <span class='ocrx_word' id='word_1_550' title='bbox 1364 5387 1425 5444; x_wconf 90' lang='lat' dir='ltr'><strong>in</strong></span> <span class='ocrx_word' id='word_1_551' title='bbox 1465 5387 1719 5454; x_wconf 85' lang='lat' dir='ltr'><strong>inferno,</strong></span> 
     </span>
    </p>
   </div>
   <div class='ocr_carea' id='block_1_75' title="bbox 107 5470 1723 5553">
    <p class='ocr_par' dir='ltr' id='par_1_75' title="bbox 107 5470 1723 5553">
     <span class='ocr_line' id='line_1_75' title="bbox 107 5470 1723 5553; baseline 0.002 -23"><span class='ocrx_word' id='word_1_552' title='bbox 107 5470 182 5553; x_wconf 63' lang='lat' dir='ltr'><strong>qui</strong></span> <span class='ocrx_word' id='word_1_553' title='bbox 221 5482 428 5543; x_wconf 77' lang='lat' dir='ltr'><strong>guttam</strong></span> <span class='ocrx_word' id='word_1_554' title='bbox 477 5495 663 5553; x_wconf 62' lang='lat' dir='ltr'><strong>aqua;</strong></span> <span class='ocrx_word' id='word_1_555' title='bbox 715 5477 901 5552; x_wconf 86' lang='lat' dir='ltr'><strong>petiit.</strong></span> <span class='ocrx_word' id='word_1_556' title='bbox 939 5480 1182 5546; x_wconf 88' lang='lat' dir='ltr'><strong>Quarta,</strong></span> <span class='ocrx_word' id='word_1_557' title='bbox 1215 5493 1356 5534; x_wconf 89' lang='lat' dir='ltr'><strong>cum</strong></span> <span class='ocrx_word' id='word_1_558' title='bbox 1409 5475 1616 5533; x_wconf 88' lang='lat' dir='ltr'><strong>anima</strong></span> <span class='ocrx_word' id='word_1_559' title='bbox 1661 5476 1723 5534; x_wconf 75' lang='lat' dir='ltr'><strong>in</strong></span> 
     </span>
    </p>
   </div>
   <div class='ocr_carea' id='block_1_76' title="bbox 113 5550 1723 5643">
    <p class='ocr_par' dir='ltr' id='par_1_76' title="bbox 113 5550 1723 5643">
     <span class='ocr_line' id='line_1_76' title="bbox 113 5550 1723 5643; baseline -0.002 -20"><span class='ocrx_word' id='word_1_560' title='bbox 113 5550 259 5618; x_wconf 68' lang='grc' dir='ltr'><strong>ίυιωο</strong></span> <span class='ocrx_word' id='word_1_561' title='bbox 299 5550 582 5643; x_wconf 75' lang='lat' dir='ltr'><strong>receperit</strong></span> <span class='ocrx_word' id='word_1_562' title='bbox 619 5550 847 5640; x_wconf 81' lang='lat' dir='ltr'><strong>corpus</strong></span> <span class='ocrx_word' id='word_1_563' title='bbox 881 5583 1084 5634; x_wconf 85' lang='lat' dir='ltr'><strong>suum,</strong></span> <span class='ocrx_word' id='word_1_564' title='bbox 1115 5572 1173 5623; x_wconf 90' lang='lat' dir='ltr'><strong>et</strong></span> <span class='ocrx_word' id='word_1_565' title='bbox 1199 5565 1262 5622; x_wconf 90' lang='lat' dir='ltr'><strong>in</strong></span> <span class='ocrx_word' id='word_1_566' title='bbox 1294 5565 1500 5635; x_wconf 89' lang='lat' dir='ltr'><strong>ignem</strong></span> <span class='ocrx_word' id='word_1_567' title='bbox 1529 5564 1723 5620; x_wconf 89' lang='lat' dir='ltr'><strong>mitte-</strong></span> 
     </span>
    </p>
   </div>
   <div class='ocr_carea' id='block_1_77' title="bbox 115 5646 1724 5725">
    <p class='ocr_par' dir='ltr' id='par_1_77' title="bbox 115 5646 1724 5725">
     <span class='ocr_line' id='line_1_77' title="bbox 115 5646 1724 5725; baseline 0.011 -30"><span class='ocrx_word' id='word_1_568' title='bbox 115 5646 193 5717; x_wconf 86' lang='lat' dir='ltr'><strong>tur,</strong></span> <span class='ocrx_word' id='word_1_569' title='bbox 217 5659 439 5725; x_wconf 85' lang='lat' dir='ltr'><strong>quando</strong></span> <span class='ocrx_word' id='word_1_570' title='bbox 493 5657 787 5716; x_wconf 86' lang='lat' dir='ltr'><strong>Dominus</strong></span> <span class='ocrx_word' id='word_1_571' title='bbox 817 5657 1086 5714; x_wconf 89' lang='lat' dir='ltr'><strong>dicturus</strong></span> <span class='ocrx_word' id='word_1_572' title='bbox 1115 5661 1235 5713; x_wconf 88' lang='lat' dir='ltr'><strong>est:</strong></span> <span class='ocrx_word' id='word_1_573' title='bbox 1278 5658 1369 5712; x_wconf 88' lang='lat' dir='ltr'><strong>Ite</strong></span> <span class='ocrx_word' id='word_1_574' title='bbox 1417 5656 1478 5711; x_wconf 87' lang='lat' dir='ltr'><strong>in</strong></span> <span class='ocrx_word' id='word_1_575' title='bbox 1529 5655 1724 5724; x_wconf 86' lang='lat' dir='ltr'><strong>ignem</strong></span> 
     </span>
    </p>
   </div>
   <div class='ocr_carea' id='block_1_78' title="bbox 1826 1803 3496 1878">
    <p class='ocr_par' dir='ltr' id='par_1_78' title="bbox 1826 1803 3496 1878">
     <span class='ocr_line' id='line_1_78' title="bbox 1826 1803 3496 1878; baseline 0.005 -24"><span class='ocrx_word' id='word_1_576' title='bbox 1826 1817 1932 1872; x_wconf 88' lang='lat' dir='ltr'><strong>pes</strong></span> <span class='ocrx_word' id='word_1_577' title='bbox 1957 1806 2013 1856; x_wconf 94' lang='lat' dir='ltr'><strong>et</strong></span> <span class='ocrx_word' id='word_1_578' title='bbox 2037 1806 2372 1864; x_wconf 84' lang='lat' dir='ltr'><strong>venatores,</strong></span> <span class='ocrx_word' id='word_1_579' title='bbox 2391 1803 2498 1858; x_wconf 89' lang='lat' dir='ltr'><strong>sed</strong></span> <span class='ocrx_word' id='word_1_580' title='bbox 2519 1803 2754 1860; x_wconf 85' lang='lat' dir='ltr'><strong>occulto</strong></span> <span class='ocrx_word' id='word_1_581' title='bbox 2773 1809 2925 1861; x_wconf 92' lang='lat' dir='ltr'><strong>nutu</strong></span> <span class='ocrx_word' id='word_1_582' title='bbox 2947 1822 3072 1861; x_wconf 72' lang='lat' dir='ltr'><strong>suae</strong></span> <span class='ocrx_word' id='word_1_583' title='bbox 3096 1806 3372 1878; x_wconf 67' lang='lat' dir='ltr'><strong>potentiae</strong></span> <span class='ocrx_word' id='word_1_584' title='bbox 3393 1822 3496 1862; x_wconf 87' lang='lat' dir='ltr'><strong>vo-</strong></span> 
     </span>
    </p>
   </div>
   <div class='ocr_carea' id='block_1_79' title="bbox 1825 1889 3492 1967">
    <p class='ocr_par' dir='ltr' id='par_1_79' title="bbox 1825 1889 3492 1967">
     <span class='ocr_line' id='line_1_79' title="bbox 1825 1889 3492 1967; baseline 0.006 -23"><span class='ocrx_word' id='word_1_585' title='bbox 1825 1889 1931 1946; x_wconf 90' lang='lat' dir='ltr'><strong>luit</strong></span> <span class='ocrx_word' id='word_1_586' title='bbox 1952 1896 2012 1946; x_wconf 92' lang='lat' dir='ltr'><strong>ut</strong></span> <span class='ocrx_word' id='word_1_587' title='bbox 2040 1892 2328 1961; x_wconf 81' lang='lat' dir='ltr'><strong>venirent,</strong></span> <span class='ocrx_word' id='word_1_588' title='bbox 2349 1899 2410 1947; x_wconf 89' lang='lat' dir='ltr'><strong>ut</strong></span> <span class='ocrx_word' id='word_1_589' title='bbox 2441 1894 2665 1950; x_wconf 82' lang='lat' dir='ltr'><strong>videret</strong></span> <span class='ocrx_word' id='word_1_590' title='bbox 2692 1895 2839 1965; x_wconf 85' lang='lat' dir='ltr'><strong>quid</strong></span> <span class='ocrx_word' id='word_1_591' title='bbox 2855 1901 3092 1952; x_wconf 87' lang='lat' dir='ltr'><strong>vocaret</strong></span> <span class='ocrx_word' id='word_1_592' title='bbox 3111 1911 3202 1952; x_wconf 88' lang='lat' dir='ltr'><strong>ea.</strong></span> <span class='ocrx_word' id='word_1_593' title='bbox 3238 1896 3492 1967; x_wconf 73' lang='lat' dir='ltr'><strong>Viderat,</strong></span> 
     </span>
    </p>
   </div>
   <div class='ocr_carea' id='block_1_80' title="bbox 1826 1979 3420 2056">
    <p class='ocr_par' dir='ltr' id='par_1_80' title="bbox 1826 1979 3420 2056">
     <span class='ocr_line' id='line_1_80' title="bbox 1826 1979 3420 2056; baseline 0.004 -22"><span class='ocrx_word' id='word_1_594' title='bbox 1826 1979 1887 2035; x_wconf 91' lang='lat' dir='ltr'><strong>id</strong></span> <span class='ocrx_word' id='word_1_595' title='bbox 1916 1985 2004 2035; x_wconf 91' lang='lat' dir='ltr'><strong>est</strong></span> <span class='ocrx_word' id='word_1_596' title='bbox 2028 1979 2391 2036; x_wconf 88' lang='lat' dir='ltr'><strong>discerneret</strong></span> <span class='ocrx_word' id='word_1_597' title='bbox 2419 1985 2478 2037; x_wconf 92' lang='lat' dir='ltr'><strong>et</strong></span> <span class='ocrx_word' id='word_1_598' title='bbox 2499 1981 2851 2052; x_wconf 83' lang='lat' dir='ltr'><strong>intelligeret</strong></span> <span class='ocrx_word' id='word_1_599' title='bbox 2877 1983 3028 2056; x_wconf 90' lang='lat' dir='ltr'><strong>quid</strong></span> <span class='ocrx_word' id='word_1_600' title='bbox 3059 1988 3301 2040; x_wconf 86' lang='lat' dir='ltr'><strong>vocaret</strong></span> <span class='ocrx_word' id='word_1_601' title='bbox 3328 2000 3420 2041; x_wconf 87' lang='lat' dir='ltr'><strong>ea.</strong></span> 
     </span>
    </p>
   </div>
   <div class='ocr_carea' id='block_1_81' title="bbox 1897 2071 3494 2142">
    <p class='ocr_par' dir='ltr' id='par_1_81' title="bbox 1897 2071 3494 2142">
     <span class='ocr_line' id='line_1_81' title="bbox 1897 2071 3494 2142; baseline 0.003 -18"><span class='ocrx_word' id='word_1_602' title='bbox 1897 2071 2064 2125; x_wconf 75' lang='lat' dir='ltr'><strong>Vens.</strong></span> <span class='ocrx_word' id='word_1_603' title='bbox 2087 2071 2176 2124; x_wconf 81' lang='lat'><strong>20.</strong></span> <span class='ocrx_word' id='word_1_604' title='bbox 2196 2071 2740 2142; x_wconf 78' lang='lat' dir='ltr'><strong>—-Appetlavitque</strong></span> <span class='ocrx_word' id='word_1_605' title='bbox 2767 2072 2966 2128; x_wconf 82' lang='lat' dir='ltr'><strong>Adam</strong></span> <span class='ocrx_word' id='word_1_606' title='bbox 3000 2073 3342 2129; x_wconf 81' lang='lat' dir='ltr'><strong>nominibus</strong></span> <span class='ocrx_word' id='word_1_607' title='bbox 3371 2075 3494 2128; x_wconf 80' lang='lat' dir='ltr'><strong>suis</strong></span> 
     </span>
    </p>
   </div>
   <div class='ocr_carea' id='block_1_82' title="bbox 1827 2160 3498 2232">
    <p class='ocr_par' dir='ltr' id='par_1_82' title="bbox 1827 2160 3498 2232">
     <span class='ocr_line' id='line_1_82' title="bbox 1827 2160 3498 2232; baseline 0.002 -18"><span class='ocrx_word' id='word_1_608' title='bbox 1827 2165 2046 2214; x_wconf 89' lang='lat' dir='ltr'><strong>cuncta</strong></span> <span class='ocrx_word' id='word_1_609' title='bbox 2074 2160 2434 2226; x_wconf 84' lang='lat' dir='ltr'><strong>animantia,</strong></span> <span class='ocrx_word' id='word_1_610' title='bbox 2467 2165 2524 2216; x_wconf 88' lang='lat' dir='ltr'><strong>et</strong></span> <span class='ocrx_word' id='word_1_611' title='bbox 2546 2160 2795 2232; x_wconf 89' lang='lat' dir='ltr'><strong>reliqua.</strong></span> <span class='ocrx_word' id='word_1_612' title='bbox 2829 2161 2930 2217; x_wconf 88' lang='lat' dir='ltr'><strong>Hic</strong></span> <span class='ocrx_word' id='word_1_613' title='bbox 2961 2161 3124 2218; x_wconf 91' lang='lat' dir='ltr'><strong>enim</strong></span> <span class='ocrx_word' id='word_1_614' title='bbox 3149 2161 3324 2232; x_wconf 84' lang='lat' dir='ltr'><strong>juxta</strong></span> <span class='ocrx_word' id='word_1_615' title='bbox 3346 2161 3498 2218; x_wconf 84' lang='lat' dir='ltr'><strong>litte-</strong></span> 
     </span>
    </p>
   </div>
   <div class='ocr_carea' id='block_1_83' title="bbox 1825 2249 3494 2324">
    <p class='ocr_par' dir='ltr' id='par_1_83' title="bbox 1825 2249 3494 2324">
     <span class='ocr_line' id='line_1_83' title="bbox 1825 2249 3494 2324; baseline 0.003 -21"><span class='ocrx_word' id='word_1_616' title='bbox 1825 2265 1958 2304; x_wconf 89' lang='lat' dir='ltr'><strong>ram</strong></span> <span class='ocrx_word' id='word_1_617' title='bbox 2003 2249 2336 2304; x_wconf 83' lang='lat' dir='ltr'><strong>ostenditur</strong></span> <span class='ocrx_word' id='word_1_618' title='bbox 2387 2253 2615 2322; x_wconf 88' lang='lat' dir='ltr'><strong>quanta</strong></span> <span class='ocrx_word' id='word_1_619' title='bbox 2661 2250 2767 2320; x_wconf 86' lang='lat' dir='ltr'><strong>[Z.,</strong></span> <span class='ocrx_word' id='word_1_620' title='bbox 2797 2250 2859 2306; x_wconf 90' lang='lat' dir='ltr'><strong>in</strong></span> <span class='ocrx_word' id='word_1_621' title='bbox 2901 2251 3155 2324; x_wconf 86' lang='lat' dir='ltr'><strong>quanta]</strong></span> <span class='ocrx_word' id='word_1_622' title='bbox 3206 2250 3494 2320; x_wconf 85' lang='lat' dir='ltr'><strong>dignitate</strong></span> 
     </span>
    </p>
   </div>
   <div class='ocr_carea' id='block_1_84' title="bbox 1826 2338 3494 2410">
    <p class='ocr_par' dir='ltr' id='par_1_84' title="bbox 1826 2338 3494 2410">
     <span class='ocr_line' id='line_1_84' title="bbox 1826 2338 3494 2410; baseline 0.002 -17"><span class='ocrx_word' id='word_1_623' title='bbox 1826 2339 2011 2394; x_wconf 89' lang='lat' dir='ltr'><strong>homo</strong></span> <span class='ocrx_word' id='word_1_624' title='bbox 2037 2338 2358 2410; x_wconf 89' lang='lat' dir='ltr'><strong>pecoribus</strong></span> <span class='ocrx_word' id='word_1_625' title='bbox 2383 2338 2821 2394; x_wconf 89' lang='lat' dir='ltr'><strong>etanimalibus</strong></span> <span class='ocrx_word' id='word_1_626' title='bbox 2848 2340 3360 2396; x_wconf 89' lang='lat' dir='ltr'><strong>irrationabilibus</strong></span> <span class='ocrx_word' id='word_1_627' title='bbox 3386 2356 3494 2396; x_wconf 88' lang='lat' dir='ltr'><strong>an-</strong></span> 
     </span>
    </p>
   </div>
   <div class='ocr_carea' id='block_1_85' title="bbox 1827 2426 3498 2500">
    <p class='ocr_par' dir='ltr' id='par_1_85' title="bbox 1827 2426 3498 2500">
     <span class='ocr_line' id='line_1_85' title="bbox 1827 2426 3498 2500; baseline 0.002 -18"><span class='ocrx_word' id='word_1_628' title='bbox 1827 2427 2060 2493; x_wconf 88' lang='lat' dir='ltr'><strong>tecellit,</strong></span> <span class='ocrx_word' id='word_1_629' title='bbox 2110 2428 2215 2500; x_wconf 90' lang='lat' dir='ltr'><strong>qui</strong></span> <span class='ocrx_word' id='word_1_630' title='bbox 2257 2426 2558 2483; x_wconf 88' lang='lat' dir='ltr'><strong>intellectu</strong></span> <span class='ocrx_word' id='word_1_631' title='bbox 2613 2443 2722 2484; x_wconf 91' lang='lat' dir='ltr'><strong>suo</strong></span> <span class='ocrx_word' id='word_1_632' title='bbox 2773 2435 2992 2484; x_wconf 90' lang='lat' dir='ltr'><strong>cuncta</strong></span> <span class='ocrx_word' id='word_1_633' title='bbox 3041 2429 3410 2498; x_wconf 84' lang='lat' dir='ltr'><strong>distinguere</strong></span> <span class='ocrx_word' id='word_1_634' title='bbox 3439 2435 3498 2485; x_wconf 89' lang='lat' dir='ltr'><strong>et</strong></span> 
     </span>
    </p>
   </div>
   <div class='ocr_carea' id='block_1_86' title="bbox 1825 2516 3495 2591">
    <p class='ocr_par' dir='ltr' id='par_1_86' title="bbox 1825 2516 3495 2591">
     <span class='ocr_line' id='line_1_86' title="bbox 1825 2516 3495 2591; baseline 0.001 -19"><span class='ocrx_word' id='word_1_635' title='bbox 1825 2516 2184 2573; x_wconf 88' lang='lat' dir='ltr'><strong>nominatim</strong></span> <span class='ocrx_word' id='word_1_636' title='bbox 2214 2516 2550 2572; x_wconf 86' lang='lat' dir='ltr'><strong>discernere</strong></span> <span class='ocrx_word' id='word_1_637' title='bbox 2582 2517 2791 2588; x_wconf 90' lang='lat' dir='ltr'><strong>potuit,</strong></span> <span class='ocrx_word' id='word_1_638' title='bbox 2826 2523 2881 2574; x_wconf 91' lang='lat' dir='ltr'><strong>et</strong></span> <span class='ocrx_word' id='word_1_639' title='bbox 2921 2517 3256 2576; x_wconf 78' lang='lat' dir='ltr'><strong>secundum</strong></span> <span class='ocrx_word' id='word_1_640' title='bbox 3299 2519 3495 2591; x_wconf 89' lang='lat' dir='ltr'><strong>quali-</strong></span> 
     </span>
    </p>
   </div>
   <div class='ocr_carea' id='block_1_87' title="bbox 1828 2605 3492 2680">
    <p class='ocr_par' dir='ltr' id='par_1_87' title="bbox 1828 2605 3492 2680">
     <span class='ocr_line' id='line_1_87' title="bbox 1828 2605 3492 2680; baseline 0.002 -20"><span class='ocrx_word' id='word_1_641' title='bbox 1828 2611 1994 2674; x_wconf 89' lang='lat' dir='ltr'><strong>tates,</strong></span> <span class='ocrx_word' id='word_1_642' title='bbox 2029 2623 2228 2662; x_wconf 90' lang='lat' dir='ltr'><strong>mores</strong></span> <span class='ocrx_word' id='word_1_643' title='bbox 2272 2611 2329 2662; x_wconf 86' lang='lat' dir='ltr'><strong>et</strong></span> <span class='ocrx_word' id='word_1_644' title='bbox 2373 2605 2493 2661; x_wconf 88' lang='lat' dir='ltr'><strong>iras</strong></span> <span class='ocrx_word' id='word_1_645' title='bbox 2521 2605 2853 2662; x_wconf 86' lang='lat' dir='ltr'><strong>bestiarum</strong></span> <span class='ocrx_word' id='word_1_646' title='bbox 2884 2608 3135 2664; x_wconf 87' lang='lat' dir='ltr'><strong>nomina</strong></span> <span class='ocrx_word' id='word_1_647' title='bbox 3165 2609 3492 2680; x_wconf 88' lang='lat' dir='ltr'><strong>imposuit;</strong></span> 
     </span>
    </p>
   </div>
   <div class='ocr_carea' id='block_1_88' title="bbox 1828 2695 3493 2764">
    <p class='ocr_par' dir='ltr' id='par_1_88' title="bbox 1828 2695 3493 2764">
     <span class='ocr_line' id='line_1_88' title="bbox 1828 2695 3493 2764; baseline 0.002 -14"><span class='ocrx_word' id='word_1_648' title='bbox 1828 2695 1923 2751; x_wconf 91' lang='lat' dir='ltr'><strong>cui</strong></span> <span class='ocrx_word' id='word_1_649' title='bbox 1953 2696 2109 2752; x_wconf 90' lang='lat' dir='ltr'><strong>hanc</strong></span> <span class='ocrx_word' id='word_1_650' title='bbox 2137 2696 2491 2764; x_wconf 88' lang='lat' dir='ltr'><strong>dignitatem</strong></span> <span class='ocrx_word' id='word_1_651' title='bbox 2521 2695 2810 2751; x_wconf 90' lang='lat' dir='ltr'><strong>Dominus</strong></span> <span class='ocrx_word' id='word_1_652' title='bbox 2833 2697 2969 2752; x_wconf 91' lang='lat' dir='ltr'><strong>ideo</strong></span> <span class='ocrx_word' id='word_1_653' title='bbox 2991 2698 3260 2753; x_wconf 89' lang='lat' dir='ltr'><strong>conferre</strong></span> <span class='ocrx_word' id='word_1_654' title='bbox 3287 2697 3493 2760; x_wconf 85' lang='lat' dir='ltr'><strong>voluit,</strong></span> 
     </span>
    </p>
   </div>
   <div class='ocr_carea' id='block_1_89' title="bbox 1829 2785 3496 2857">
    <p class='ocr_par' dir='ltr' id='par_1_89' title="bbox 1829 2785 3496 2857">
     <span class='ocr_line' id='line_1_89' title="bbox 1829 2785 3496 2857; baseline 0.001 -16"><span class='ocrx_word' id='word_1_655' title='bbox 1829 2791 1892 2842; x_wconf 91' lang='lat' dir='ltr'><strong>ut</strong></span> <span class='ocrx_word' id='word_1_656' title='bbox 1911 2785 2259 2854; x_wconf 86' lang='lat' dir='ltr'><strong>intelligeret</strong></span> <span class='ocrx_word' id='word_1_657' title='bbox 2290 2785 2561 2856; x_wconf 83' lang='lat' dir='ltr'><strong>seipsum</strong></span> <span class='ocrx_word' id='word_1_658' title='bbox 2590 2789 2647 2840; x_wconf 92' lang='lat' dir='ltr'><strong>et</strong></span> <span class='ocrx_word' id='word_1_659' title='bbox 2676 2791 2906 2857; x_wconf 90' lang='lat' dir='ltr'><strong>quanto</strong></span> <span class='ocrx_word' id='word_1_660' title='bbox 2935 2786 3144 2842; x_wconf 88' lang='lat' dir='ltr'><strong>melior</strong></span> <span class='ocrx_word' id='word_1_661' title='bbox 3181 2793 3337 2843; x_wconf 86' lang='lat' dir='ltr'><strong>esset</strong></span> <span class='ocrx_word' id='word_1_662' title='bbox 3366 2786 3496 2842; x_wconf 85' lang='lat' dir='ltr'><strong>ani-</strong></span> 
     </span>
    </p>
   </div>
   <div class='ocr_carea' id='block_1_90' title="bbox 1827 2875 3501 2948">
    <p class='ocr_par' dir='ltr' id='par_1_90' title="bbox 1827 2875 3501 2948">
     <span class='ocr_line' id='line_1_90' title="bbox 1827 2875 3501 2948; baseline 0.001 -18"><span class='ocrx_word' id='word_1_663' title='bbox 1827 2875 2154 2941; x_wconf 87' lang='lat' dir='ltr'><strong>mantibus,</strong></span> <span class='ocrx_word' id='word_1_664' title='bbox 2186 2878 2356 2930; x_wconf 87' lang='lat' dir='ltr'><strong>tanto</strong></span> <span class='ocrx_word' id='word_1_665' title='bbox 2405 2891 2586 2930; x_wconf 86' lang='lat' dir='ltr'><strong>suum</strong></span> <span class='ocrx_word' id='word_1_666' title='bbox 2635 2879 2943 2932; x_wconf 86' lang='lat' dir='ltr'><strong>auctorem</strong></span> <span class='ocrx_word' id='word_1_667' title='bbox 3001 2876 3198 2948; x_wconf 88' lang='lat' dir='ltr'><strong>potius</strong></span> <span class='ocrx_word' id='word_1_668' title='bbox 3229 2876 3501 2942; x_wconf 72' lang='lat' dir='ltr'><strong>diligeret</strong></span> 
     </span>
    </p>
   </div>
   <div class='ocr_carea' id='block_1_91' title="bbox 1829 2963 3498 3036">
    <p class='ocr_par' dir='ltr' id='par_1_91' title="bbox 1829 2963 3498 3036">
     <span class='ocr_line' id='line_1_91' title="bbox 1829 2963 3498 3036; baseline 0.001 -16"><span class='ocrx_word' id='word_1_669' title='bbox 1829 2967 1930 3034; x_wconf 69' lang='lat' dir='ltr'><strong>[Z.,</strong></span> <span class='ocrx_word' id='word_1_670' title='bbox 1961 2965 2170 3020; x_wconf 78' lang='lat' dir='ltr'><strong>addit:</strong></span> <span class='ocrx_word' id='word_1_671' title='bbox 2199 2979 2322 3036; x_wconf 87' lang='lat' dir='ltr'><strong>quo</strong></span> <span class='ocrx_word' id='word_1_672' title='bbox 2354 2980 2416 3020; x_wconf 90' lang='lat' dir='ltr'><strong>se</strong></span> <span class='ocrx_word' id='word_1_673' title='bbox 2446 2963 2758 3020; x_wconf 86' lang='lat' dir='ltr'><strong>meliorem</strong></span> <span class='ocrx_word' id='word_1_674' title='bbox 2796 2964 2927 3019; x_wconf 84' lang='lat' dir='ltr'><strong>aliis</strong></span> <span class='ocrx_word' id='word_1_675' title='bbox 2959 2965 3300 3021; x_wconf 84' lang='lat' dir='ltr'><strong>viventibus</strong></span> <span class='ocrx_word' id='word_1_676' title='bbox 3333 2965 3498 3022; x_wconf 79' lang='lat' dir='ltr'><strong>intel-</strong></span> 
     </span>
    </p>
   </div>
   <div class='ocr_carea' id='block_1_92' title="bbox 1769 3053 3501 3124">
    <p class='ocr_par' dir='ltr' id='par_1_92' title="bbox 1769 3053 3501 3124">
     <span class='ocr_line' id='line_1_92' title="bbox 1769 3053 3501 3124; baseline 0.001 -17"><span class='ocrx_word' id='word_1_677' title='bbox 1769 3095 1788 3114; x_wconf 62' lang='lat'><strong>,</strong></span> <span class='ocrx_word' id='word_1_678' title='bbox 1827 3053 2074 3124; x_wconf 81' lang='lat' dir='ltr'><strong>ligeret].</strong></span> <span class='ocrx_word' id='word_1_679' title='bbox 2098 3054 2297 3108; x_wconf 83' lang='lat' dir='ltr'><strong>Adam</strong></span> <span class='ocrx_word' id='word_1_680' title='bbox 2322 3067 2458 3108; x_wconf 88' lang='lat' dir='ltr'><strong>vero</strong></span> <span class='ocrx_word' id='word_1_681' title='bbox 2483 3067 2606 3107; x_wconf 88' lang='lat' dir='ltr'><strong>non</strong></span> <span class='ocrx_word' id='word_1_682' title='bbox 2626 3053 3046 3108; x_wconf 81' lang='lat' dir='ltr'><strong>inveniebatur</strong></span> <span class='ocrx_word' id='word_1_683' title='bbox 3069 3054 3321 3122; x_wconf 82' lang='lat' dir='ltr'><strong>adjutor</strong></span> <span class='ocrx_word' id='word_1_684' title='bbox 3340 3055 3501 3110; x_wconf 80' lang='lat' dir='ltr'><strong>simi-</strong></span> 
     </span>
    </p>
   </div>
   <div class='ocr_carea' id='block_1_93' title="bbox 1830 3141 3498 3214">
    <p class='ocr_par' dir='ltr' id='par_1_93' title="bbox 1830 3141 3498 3214">
     <span class='ocr_line' id='line_1_93' title="bbox 1830 3141 3498 3214; baseline 0 -16"><span class='ocrx_word' id='word_1_685' title='bbox 1830 3143 1902 3198; x_wconf 84' lang='lat' dir='ltr'><strong>lis</strong></span> <span class='ocrx_word' id='word_1_686' title='bbox 1933 3141 2157 3212; x_wconf 82' lang='lat' dir='ltr'><strong>ejus,id</strong></span> <span class='ocrx_word' id='word_1_687' title='bbox 2184 3147 2290 3211; x_wconf 90' lang='lat' dir='ltr'><strong>est,</strong></span> <span class='ocrx_word' id='word_1_688' title='bbox 2309 3141 2455 3214; x_wconf 90' lang='lat' dir='ltr'><strong>quia</strong></span> <span class='ocrx_word' id='word_1_689' title='bbox 2482 3141 2637 3196; x_wconf 84' lang='lat' dir='ltr'><strong>inter</strong></span> <span class='ocrx_word' id='word_1_690' title='bbox 2665 3142 2871 3198; x_wconf 84' lang='lat' dir='ltr'><strong>omnia</strong></span> <span class='ocrx_word' id='word_1_691' title='bbox 2901 3143 3231 3198; x_wconf 88' lang='lat' dir='ltr'><strong>animantia</strong></span> <span class='ocrx_word' id='word_1_692' title='bbox 3265 3142 3498 3198; x_wconf 84' lang='lat' dir='ltr'><strong>nullum</strong></span> 
     </span>
    </p>
   </div>
   <div class='ocr_carea' id='block_1_94' title="bbox 1829 3230 3499 3288">
    <p class='ocr_par' dir='ltr' id='par_1_94' title="bbox 1829 3230 3499 3288">
     <span class='ocr_line' id='line_1_94' title="bbox 1829 3230 3499 3288; baseline -0.001 0"><span class='ocrx_word' id='word_1_693' title='bbox 1829 3231 2119 3288; x_wconf 88' lang='lat' dir='ltr'><strong>rationale</strong></span> <span class='ocrx_word' id='word_1_694' title='bbox 2159 3230 2576 3286; x_wconf 82' lang='lat' dir='ltr'><strong>inveniebatur</strong></span> <span class='ocrx_word' id='word_1_695' title='bbox 2605 3230 2716 3285; x_wconf 88' lang='lat' dir='ltr'><strong>nisi</strong></span> <span class='ocrx_word' id='word_1_696' title='bbox 2747 3230 2842 3286; x_wconf 82' lang='lat' dir='ltr'><strong>ille</strong></span> <span class='ocrx_word' id='word_1_697' title='bbox 2875 3230 3058 3286; x_wconf 90' lang='lat' dir='ltr'><strong>solus.</strong></span> <span class='ocrx_word' id='word_1_698' title='bbox 3089 3231 3282 3286; x_wconf 84' lang='lat' dir='ltr'><strong>Adam</strong></span> <span class='ocrx_word' id='word_1_699' title='bbox 3313 3231 3499 3286; x_wconf 85' lang='lat' dir='ltr'><strong>inter-</strong></span> 
     </span>
    </p>
   </div>
   <div class='ocr_carea' id='block_1_95' title="bbox 1828 3319 3498 3395">
    <p class='ocr_par' dir='ltr' id='par_1_95' title="bbox 1828 3319 3498 3395">
     <span class='ocr_line' id='line_1_95' title="bbox 1828 3319 3498 3395; baseline -0.001 -18"><span class='ocrx_word' id='word_1_700' title='bbox 1828 3325 2096 3395; x_wconf 88' lang='lat' dir='ltr'><strong>pretatur</strong></span> <span class='ocrx_word' id='word_1_701' title='bbox 2117 3319 2308 3382; x_wconf 90' lang='lat' dir='ltr'><strong>homo,</strong></span> <span class='ocrx_word' id='word_1_702' title='bbox 2343 3319 2466 3374; x_wconf 86' lang='lat' dir='ltr'><strong>sive</strong></span> <span class='ocrx_word' id='word_1_703' title='bbox 2493 3326 2788 3386; x_wconf 84' lang='lat' dir='ltr'><strong>terrenus,</strong></span> <span class='ocrx_word' id='word_1_704' title='bbox 2823 3320 2945 3375; x_wconf 88' lang='lat' dir='ltr'><strong>sive</strong></span> <span class='ocrx_word' id='word_1_705' title='bbox 2986 3325 3151 3376; x_wconf 84' lang='lat' dir='ltr'><strong>terra</strong></span> <span class='ocrx_word' id='word_1_706' title='bbox 3181 3321 3394 3382; x_wconf 84' lang='lat' dir='ltr'><strong>rubra.</strong></span> <span class='ocrx_word' id='word_1_707' title='bbox 3423 3331 3498 3376; x_wconf 78' lang='lat' dir='ltr'><strong>ex</strong></span> 
     </span>
    </p>
   </div>
   <div class='ocr_carea' id='block_1_96' title="bbox 1829 3408 3501 3479">
    <p class='ocr_par' dir='ltr' id='par_1_96' title="bbox 1829 3408 3501 3479">
     <span class='ocr_line' id='line_1_96' title="bbox 1829 3408 3501 3479; baseline -0.001 -12"><span class='ocrx_word' id='word_1_708' title='bbox 1829 3417 1984 3468; x_wconf 89' lang='lat' dir='ltr'><strong>terra</strong></span> <span class='ocrx_word' id='word_1_709' title='bbox 2037 3411 2196 3464; x_wconf 91' lang='lat' dir='ltr'><strong>enim</strong></span> <span class='ocrx_word' id='word_1_710' title='bbox 2247 3408 2406 3465; x_wconf 89' lang='lat' dir='ltr'><strong>facta</strong></span> <span class='ocrx_word' id='word_1_711' title='bbox 2447 3413 2536 3464; x_wconf 89' lang='lat' dir='ltr'><strong>est</strong></span> <span class='ocrx_word' id='word_1_712' title='bbox 2586 3425 2749 3479; x_wconf 91' lang='lat' dir='ltr'><strong>caro,</strong></span> <span class='ocrx_word' id='word_1_713' title='bbox 2779 3414 2835 3463; x_wconf 91' lang='lat' dir='ltr'><strong>et</strong></span> <span class='ocrx_word' id='word_1_714' title='bbox 2864 3409 3088 3464; x_wconf 85' lang='lat' dir='ltr'><strong>humus</strong></span> <span class='ocrx_word' id='word_1_715' title='bbox 3118 3410 3380 3464; x_wconf 82' lang='lat' dir='ltr'><strong>hominis</strong></span> <span class='ocrx_word' id='word_1_716' title='bbox 3410 3409 3501 3466; x_wconf 68' lang='grc' dir='ltr'><strong>ἰω-</strong></span> 
     </span>
    </p>
   </div>
   <div class='ocr_carea' id='block_1_97' title="bbox 1829 3497 3501 3570">
    <p class='ocr_par' dir='ltr' id='par_1_97' title="bbox 1829 3497 3501 3570">
     <span class='ocr_line' id='line_1_97' title="bbox 1829 3497 3501 3570; baseline -0.001 -14"><span class='ocrx_word' id='word_1_717' title='bbox 1829 3500 2025 3557; x_wconf 88' lang='lat' dir='ltr'><strong>ciendi</strong></span> <span class='ocrx_word' id='word_1_718' title='bbox 2066 3499 2346 3555; x_wconf 88' lang='lat' dir='ltr'><strong>materies</strong></span> <span class='ocrx_word' id='word_1_719' title='bbox 2396 3498 2523 3554; x_wconf 82' lang='lat' dir='ltr'><strong>fuit.</strong></span> <span class='ocrx_word' id='word_1_720' title='bbox 2561 3501 2709 3554; x_wconf 81' lang='lat' dir='ltr'><strong>Nam</strong></span> <span class='ocrx_word' id='word_1_721' title='bbox 2759 3497 3098 3570; x_wconf 86' lang='lat' dir='ltr'><strong>spiritaliter</strong></span> <span class='ocrx_word' id='word_1_722' title='bbox 3126 3498 3294 3570; x_wconf 91' lang='lat' dir='ltr'><strong>quod</strong></span> <span class='ocrx_word' id='word_1_723' title='bbox 3345 3505 3501 3554; x_wconf 88' lang='lat' dir='ltr'><strong>terra</strong></span> 
     </span>
    </p>
   </div>
   <div class='ocr_carea' id='block_1_98' title="bbox 1828 3587 3501 3658">
    <p class='ocr_par' dir='ltr' id='par_1_98' title="bbox 1828 3587 3501 3658">
     <span class='ocr_line' id='line_1_98' title="bbox 1828 3587 3501 3658; baseline -0.001 -12"><span class='ocrx_word' id='word_1_724' title='bbox 1828 3590 2014 3646; x_wconf 86' lang='lat' dir='ltr'><strong>rubra</strong></span> <span class='ocrx_word' id='word_1_725' title='bbox 2039 3588 2272 3654; x_wconf 90' lang='lat' dir='ltr'><strong>dicitur,</strong></span> <span class='ocrx_word' id='word_1_726' title='bbox 2303 3587 2600 3658; x_wconf 79' lang='lat' dir='ltr'><strong>signiﬁcat</strong></span> <span class='ocrx_word' id='word_1_727' title='bbox 2639 3587 2935 3643; x_wconf 83' lang='lat' dir='ltr'><strong>Christum</strong></span> <span class='ocrx_word' id='word_1_728' title='bbox 2983 3603 3057 3643; x_wconf 83' lang='lat' dir='ltr'><strong>ex</strong></span> <span class='ocrx_word' id='word_1_729' title='bbox 3101 3590 3233 3658; x_wconf 88' lang='lat' dir='ltr'><strong>ejus</strong></span> <span class='ocrx_word' id='word_1_730' title='bbox 3273 3589 3501 3645; x_wconf 86' lang='lat' dir='ltr'><strong>semine</strong></span> 
     </span>
    </p>
   </div>
   <div class='ocr_carea' id='block_1_99' title="bbox 1831 3676 3502 3750">
    <p class='ocr_par' dir='ltr' id='par_1_99' title="bbox 1831 3676 3502 3750">
     <span class='ocr_line' id='line_1_99' title="bbox 1831 3676 3502 3750; baseline -0.001 -15"><span class='ocrx_word' id='word_1_731' title='bbox 1831 3695 2075 3735; x_wconf 89' lang='lat' dir='ltr'><strong>carnem</strong></span> <span class='ocrx_word' id='word_1_732' title='bbox 2131 3683 2576 3750; x_wconf 87' lang='lat' dir='ltr'><strong>suscepturum,</strong></span> <span class='ocrx_word' id='word_1_733' title='bbox 2607 3676 2714 3749; x_wconf 88' lang='lat' dir='ltr'><strong>qui</strong></span> <span class='ocrx_word' id='word_1_734' title='bbox 2757 3676 2838 3732; x_wconf 91' lang='lat' dir='ltr'><strong>ab</strong></span> <span class='ocrx_word' id='word_1_735' title='bbox 2867 3677 3154 3748; x_wconf 78' lang='lat' dir='ltr'><strong>Apostolo</strong></span> <span class='ocrx_word' id='word_1_736' title='bbox 3199 3678 3502 3734; x_wconf 82' lang='lat' dir='ltr'><strong>secundus</strong></span> 
     </span>
    </p>
   </div>
   <div class='ocr_carea' id='block_1_100' title="bbox 1829 3766 3502 3838">
    <p class='ocr_par' dir='ltr' id='par_1_100' title="bbox 1829 3766 3502 3838">
     <span class='ocr_line' id='line_1_100' title="bbox 1829 3766 3502 3838; baseline -0.001 -13"><span class='ocrx_word' id='word_1_737' title='bbox 1829 3769 2021 3825; x_wconf 80' lang='lat' dir='ltr'><strong>Adam</strong></span> <span class='ocrx_word' id='word_1_738' title='bbox 2048 3767 2264 3824; x_wconf 88' lang='lat' dir='ltr'><strong>dicitur</strong></span> <span class='ocrx_word' id='word_1_739' title='bbox 2312 3767 2487 3837; x_wconf 91' lang='lat' dir='ltr'><strong>cujus</strong></span> <span class='ocrx_word' id='word_1_740' title='bbox 2515 3782 2654 3822; x_wconf 88' lang='lat' dir='ltr'><strong>caro</strong></span> <span class='ocrx_word' id='word_1_741' title='bbox 2681 3766 2927 3838; x_wconf 86' lang='lat' dir='ltr'><strong>proprio</strong></span> <span class='ocrx_word' id='word_1_742' title='bbox 2949 3767 3244 3835; x_wconf 88' lang='lat' dir='ltr'><strong>sanguine</strong></span> <span class='ocrx_word' id='word_1_743' title='bbox 3269 3767 3332 3821; x_wconf 91' lang='lat' dir='ltr'><strong>in</strong></span> <span class='ocrx_word' id='word_1_744' title='bbox 3363 3782 3502 3838; x_wconf 80' lang='lat' dir='ltr'><strong>pas-</strong></span> 
     </span>
    </p>
   </div>
   <div class='ocr_carea' id='block_1_101' title="bbox 1831 3854 3503 3927">
    <p class='ocr_par' dir='ltr' id='par_1_101' title="bbox 1831 3854 3503 3927">
     <span class='ocr_line' id='line_1_101' title="bbox 1831 3854 3503 3927; baseline -0.001 -13"><span class='ocrx_word' id='word_1_745' title='bbox 1831 3857 1997 3914; x_wconf 90' lang='lat' dir='ltr'><strong>sione</strong></span> <span class='ocrx_word' id='word_1_746' title='bbox 2028 3862 2154 3913; x_wconf 87' lang='lat' dir='ltr'><strong>erat</strong></span> <span class='ocrx_word' id='word_1_747' title='bbox 2192 3854 2560 3912; x_wconf 87' lang='lat' dir='ltr'><strong>rubricanda</strong></span> <span class='ocrx_word' id='word_1_748' title='bbox 2589 3855 2692 3926; x_wconf 92' lang='lat' dir='ltr'><strong>[Z.,</strong></span> <span class='ocrx_word' id='word_1_749' title='bbox 2721 3854 3101 3926; x_wconf 86' lang='lat' dir='ltr'><strong>rubicunda],</strong></span> <span class='ocrx_word' id='word_1_750' title='bbox 3131 3855 3305 3925; x_wconf 78' lang='lat' dir='ltr'><strong>juxta</strong></span> <span class='ocrx_word' id='word_1_751' title='bbox 3334 3854 3503 3927; x_wconf 85' lang='lat' dir='ltr'><strong>quod</strong></span> 
     </span>
    </p>
   </div>
   <div class='ocr_carea' id='block_1_102' title="bbox 1831 3944 3504 4023">
    <p class='ocr_par' dir='ltr' id='par_1_102' title="bbox 1831 3944 3504 4023">
     <span class='ocr_line' id='line_1_102' title="bbox 1831 3944 3504 4023; baseline -0.001 -21"><span class='ocrx_word' id='word_1_752' title='bbox 1831 3948 2016 4004; x_wconf 87' lang='lat' dir='ltr'><strong>Isaias</strong></span> <span class='ocrx_word' id='word_1_753' title='bbox 2058 3949 2388 4023; x_wconf 81' lang='lat' dir='ltr'><strong>interrogat</strong></span> <span class='ocrx_word' id='word_1_754' title='bbox 2431 3944 2680 4000; x_wconf 86' lang='lat' dir='ltr'><strong>dicens:</strong></span> <span class='ocrx_word' id='word_1_755' title='bbox 2726 3946 2922 4012; x_wconf 82' lang='lat' dir='ltr'><strong>Quare</strong></span> <span class='ocrx_word' id='word_1_756' title='bbox 2951 3959 3094 4014; x_wconf 84' lang='lat' dir='ltr'><strong>ergo</strong></span> <span class='ocrx_word' id='word_1_757' title='bbox 3135 3945 3386 4000; x_wconf 86' lang='lat' dir='ltr'><strong>rubrum</strong></span> <span class='ocrx_word' id='word_1_758' title='bbox 3417 3949 3504 4000; x_wconf 82' lang='lat' dir='ltr'><strong>est</strong></span> 
     </span>
    </p>
   </div>
   <div class='ocr_carea' id='block_1_103' title="bbox 1829 4033 3319 4106">
    <p class='ocr_par' dir='ltr' id='par_1_103' title="bbox 1829 4033 3319 4106">
     <span class='ocr_line' id='line_1_103' title="bbox 1829 4033 3319 4106; baseline -0.002 -13"><span class='ocrx_word' id='word_1_759' title='bbox 1829 4038 2248 4093; x_wconf 80' lang='lat' dir='ltr'><strong>indumentum</strong></span> <span class='ocrx_word' id='word_1_760' title='bbox 2281 4042 2452 4091; x_wconf 89' lang='lat' dir='ltr'><strong>tuum</strong></span> <span class='ocrx_word' id='word_1_761' title='bbox 2474 4039 2503 4090; x_wconf 87' lang='lat'><strong><em>?</em></strong></span> <span class='ocrx_word' id='word_1_762' title='bbox 2532 4039 2589 4090; x_wconf 92' lang='lat' dir='ltr'><strong>et</strong></span> <span class='ocrx_word' id='word_1_763' title='bbox 2618 4033 2851 4106; x_wconf 88' lang='lat' dir='ltr'><strong>reliqua</strong></span> <span class='ocrx_word' id='word_1_764' title='bbox 2881 4035 3020 4103; x_wconf 84' lang='lat' dir='ltr'><strong>(Isa.</strong></span> <span class='ocrx_word' id='word_1_765' title='bbox 3055 4049 3209 4101; x_wconf 72' lang='lat' dir='ltr'><strong>um,</strong></span> <span class='ocrx_word' id='word_1_766' title='bbox 3243 4037 3319 4105; x_wconf 79' lang='lat'><strong>‘2.)</strong></span> 
     </span>
    </p>
   </div>
   <div class='ocr_carea' id='block_1_104' title="bbox 1904 4125 3502 4195">
    <p class='ocr_par' dir='ltr' id='par_1_104' title="bbox 1904 4125 3502 4195">
     <span class='ocr_line' id='line_1_104' title="bbox 1904 4125 3502 4195; baseline 0 -13"><span class='ocrx_word' id='word_1_767' title='bbox 1904 4130 2069 4182; x_wconf 75' lang='lat' dir='ltr'><strong>Vens.</strong></span> <span class='ocrx_word' id='word_1_768' title='bbox 2096 4126 2185 4182; x_wconf 71' lang='lat'><strong>‘21.</strong></span> <span class='ocrx_word' id='word_1_769' title='bbox 2223 4157 2291 4166; x_wconf 93' lang='lat'><strong>—</strong></span> <span class='ocrx_word' id='word_1_770' title='bbox 2319 4125 2572 4181; x_wconf 82' lang='lat' dir='ltr'><strong>Immisit</strong></span> <span class='ocrx_word' id='word_1_771' title='bbox 2624 4139 2764 4195; x_wconf 84' lang='lat' dir='ltr'><strong>ergo</strong></span> <span class='ocrx_word' id='word_1_772' title='bbox 2805 4125 3096 4179; x_wconf 83' lang='lat' dir='ltr'><strong>Dominus</strong></span> <span class='ocrx_word' id='word_1_773' title='bbox 3137 4140 3406 4194; x_wconf 84' lang='lat' dir='ltr'><strong>soporem</strong></span> <span class='ocrx_word' id='word_1_774' title='bbox 3437 4126 3502 4182; x_wconf 80' lang='lat' dir='ltr'><strong>in</strong></span> 
     </span>
    </p>
   </div>
   <div class='ocr_carea' id='block_1_105' title="bbox 1829 4213 3503 4288">
    <p class='ocr_par' dir='ltr' id='par_1_105' title="bbox 1829 4213 3503 4288">
     <span class='ocr_line' id='line_1_105' title="bbox 1829 4213 3503 4288; baseline -0.002 -15"><span class='ocrx_word' id='word_1_775' title='bbox 1829 4218 2049 4288; x_wconf 85' lang='lat' dir='ltr'><strong>Adam,</strong></span> <span class='ocrx_word' id='word_1_776' title='bbox 2083 4220 2140 4272; x_wconf 89' lang='lat' dir='ltr'><strong>et</strong></span> <span class='ocrx_word' id='word_1_777' title='bbox 2167 4215 2420 4288; x_wconf 87' lang='lat' dir='ltr'><strong>reliqua.</strong></span> <span class='ocrx_word' id='word_1_778' title='bbox 2449 4213 2604 4280; x_wconf 88' lang='lat' dir='ltr'><strong>Quid</strong></span> <span class='ocrx_word' id='word_1_779' title='bbox 2633 4219 2724 4269; x_wconf 90' lang='lat' dir='ltr'><strong>est</strong></span> <span class='ocrx_word' id='word_1_780' title='bbox 2765 4214 2932 4286; x_wconf 88' lang='lat' dir='ltr'><strong>quod</strong></span> <span class='ocrx_word' id='word_1_781' title='bbox 2961 4213 3213 4270; x_wconf 87' lang='lat' dir='ltr'><strong>dicitur:</strong></span> <span class='ocrx_word' id='word_1_782' title='bbox 3249 4215 3503 4271; x_wconf 79' lang='lat' dir='ltr'><strong>Immisit</strong></span> 
     </span>
    </p>
   </div>
   <div class='ocr_carea' id='block_1_106' title="bbox 1830 4302 3508 4376">
    <p class='ocr_par' dir='ltr' id='par_1_106' title="bbox 1830 4302 3508 4376">
     <span class='ocr_line' id='line_1_106' title="bbox 1830 4302 3508 4376; baseline -0.002 -14"><span class='ocrx_word' id='word_1_783' title='bbox 1830 4318 2120 4376; x_wconf 73' lang='lat' dir='ltr'><strong>soporem,</strong></span> <span class='ocrx_word' id='word_1_784' title='bbox 2146 4310 2210 4360; x_wconf 90' lang='lat' dir='ltr'><strong>ut</strong></span> <span class='ocrx_word' id='word_1_785' title='bbox 2244 4303 2559 4359; x_wconf 89' lang='lat' dir='ltr'><strong>mulierem</strong></span> <span class='ocrx_word' id='word_1_786' title='bbox 2589 4302 2914 4359; x_wconf 77' lang='lat' dir='ltr'><strong>formaret?</strong></span> <span class='ocrx_word' id='word_1_787' title='bbox 2945 4303 3224 4376; x_wconf 80' lang='lat' dir='ltr'><strong>Nunquid</strong></span> <span class='ocrx_word' id='word_1_788' title='bbox 3247 4319 3371 4359; x_wconf 90' lang='lat' dir='ltr'><strong>non</strong></span> <span class='ocrx_word' id='word_1_789' title='bbox 3401 4319 3508 4376; x_wconf 87' lang='lat' dir='ltr'><strong>po-</strong></span> 
     </span>
    </p>
   </div>
   <div class='ocr_carea' id='block_1_107' title="bbox 1835 4392 3504 4466">
    <p class='ocr_par' dir='ltr' id='par_1_107' title="bbox 1835 4392 3504 4466">
     <span class='ocr_line' id='line_1_107' title="bbox 1835 4392 3504 4466; baseline -0.002 -14"><span class='ocrx_word' id='word_1_790' title='bbox 1835 4400 1985 4452; x_wconf 85' lang='lat' dir='ltr'><strong>terat</strong></span> <span class='ocrx_word' id='word_1_791' title='bbox 2012 4395 2166 4450; x_wconf 88' lang='lat' dir='ltr'><strong>Deus</strong></span> <span class='ocrx_word' id='word_1_792' title='bbox 2194 4393 2463 4464; x_wconf 81' lang='lat' dir='ltr'><strong>vigilanti</strong></span> <span class='ocrx_word' id='word_1_793' title='bbox 2501 4398 2730 4449; x_wconf 90' lang='lat' dir='ltr'><strong>costam</strong></span> <span class='ocrx_word' id='word_1_794' title='bbox 2781 4392 3036 4450; x_wconf 85' lang='lat' dir='ltr'><strong>educere</strong></span> <span class='ocrx_word' id='word_1_795' title='bbox 3093 4394 3504 4466; x_wconf 75' lang='lat' dir='ltr'><strong>feminamque</strong></span> 
     </span>
    </p>
   </div>
   <div class='ocr_carea' id='block_1_108' title="bbox 1834 4481 3506 4555">
    <p class='ocr_par' dir='ltr' id='par_1_108' title="bbox 1834 4481 3506 4555">
     <span class='ocr_line' id='line_1_108' title="bbox 1834 4481 3506 4555; baseline -0.002 -13"><span class='ocrx_word' id='word_1_796' title='bbox 1834 4486 2093 4542; x_wconf 86' lang='lat' dir='ltr'><strong>formare</strong></span> <span class='ocrx_word' id='word_1_797' title='bbox 2113 4487 2140 4541; x_wconf 76' lang='lat' dir='ltr'><strong>‘I</strong></span> <span class='ocrx_word' id='word_1_798' title='bbox 2170 4490 2260 4540; x_wconf 81' lang='lat' dir='ltr'><strong>An</strong></span> <span class='ocrx_word' id='word_1_799' title='bbox 2286 4484 2434 4540; x_wconf 82' lang='lat' dir='ltr'><strong>forte</strong></span> <span class='ocrx_word' id='word_1_800' title='bbox 2472 4498 2549 4538; x_wconf 88' lang='lat' dir='ltr'><strong>ne</strong></span> <span class='ocrx_word' id='word_1_801' title='bbox 2587 4481 2814 4538; x_wconf 90' lang='lat' dir='ltr'><strong>doleret</strong></span> <span class='ocrx_word' id='word_1_802' title='bbox 2849 4482 3031 4553; x_wconf 86' lang='lat' dir='ltr'><strong>latus,</strong></span> <span class='ocrx_word' id='word_1_803' title='bbox 3063 4484 3314 4555; x_wconf 87' lang='lat' dir='ltr'><strong>quando</strong></span> <span class='ocrx_word' id='word_1_804' title='bbox 3340 4490 3506 4539; x_wconf 86' lang='lat' dir='ltr'><strong>costa</strong></span> 
     </span>
    </p>
   </div>
   <div class='ocr_carea' id='block_1_109' title="bbox 1832 4571 3503 4647">
    <p class='ocr_par' dir='ltr' id='par_1_109' title="bbox 1832 4571 3503 4647">
     <span class='ocr_line' id='line_1_109' title="bbox 1832 4571 3503 4647; baseline -0.003 -16"><span class='ocrx_word' id='word_1_805' title='bbox 1832 4576 2098 4632; x_wconf 89' lang='lat' dir='ltr'><strong>detracta</strong></span> <span class='ocrx_word' id='word_1_806' title='bbox 2149 4579 2261 4642; x_wconf 89' lang='lat' dir='ltr'><strong>est,</strong></span> <span class='ocrx_word' id='word_1_807' title='bbox 2292 4578 2537 4647; x_wconf 87' lang='lat' dir='ltr'><strong>propter</strong></span> <span class='ocrx_word' id='word_1_808' title='bbox 2579 4571 2696 4628; x_wconf 90' lang='lat' dir='ltr'><strong>hoc</strong></span> <span class='ocrx_word' id='word_1_809' title='bbox 2747 4572 3066 4644; x_wconf 87' lang='lat' dir='ltr'><strong>oportebat</strong></span> <span class='ocrx_word' id='word_1_810' title='bbox 3124 4578 3190 4628; x_wconf 90' lang='lat' dir='ltr'><strong>ut</strong></span> <span class='ocrx_word' id='word_1_811' title='bbox 3237 4572 3334 4628; x_wconf 89' lang='lat' dir='ltr'><strong>ille</strong></span> <span class='ocrx_word' id='word_1_812' title='bbox 3363 4573 3503 4627; x_wconf 88' lang='lat' dir='ltr'><strong>dor-</strong></span> 
     </span>
    </p>
   </div>
   <div class='ocr_carea' id='block_1_110' title="bbox 1833 4659 3506 4736">
    <p class='ocr_par' dir='ltr' id='par_1_110' title="bbox 1833 4659 3506 4736">
     <span class='ocr_line' id='line_1_110' title="bbox 1833 4659 3506 4736; baseline -0.004 -14"><span class='ocrx_word' id='word_1_813' title='bbox 1833 4666 2005 4722; x_wconf 91' lang='lat' dir='ltr'><strong>miret</strong></span> <span class='ocrx_word' id='word_1_814' title='bbox 2024 4666 2052 4722; x_wconf 71' lang='lat'><strong>‘2</strong></span> <span class='ocrx_word' id='word_1_815' title='bbox 2081 4664 2224 4732; x_wconf 91' lang='lat' dir='ltr'><strong>Quis</strong></span> <span class='ocrx_word' id='word_1_816' title='bbox 2254 4669 2343 4720; x_wconf 92' lang='lat' dir='ltr'><strong>est</strong></span> <span class='ocrx_word' id='word_1_817' title='bbox 2371 4662 2476 4736; x_wconf 88' lang='lat' dir='ltr'><strong>qui</strong></span> <span class='ocrx_word' id='word_1_818' title='bbox 2525 4662 2608 4718; x_wconf 89' lang='lat' dir='ltr'><strong>sic</strong></span> <span class='ocrx_word' id='word_1_819' title='bbox 2646 4661 2929 4722; x_wconf 86' lang='lat' dir='ltr'><strong>dormiat.</strong></span> <span class='ocrx_word' id='word_1_820' title='bbox 2959 4667 3023 4717; x_wconf 91' lang='lat' dir='ltr'><strong>ut</strong></span> <span class='ocrx_word' id='word_1_821' title='bbox 3069 4677 3210 4718; x_wconf 90' lang='lat' dir='ltr'><strong>ossa</strong></span> <span class='ocrx_word' id='word_1_822' title='bbox 3237 4676 3371 4716; x_wconf 85' lang='lat' dir='ltr'><strong>non</strong></span> <span class='ocrx_word' id='word_1_823' title='bbox 3391 4659 3506 4715; x_wconf 82' lang='lat' dir='ltr'><strong>evi-</strong></span> 
     </span>
    </p>
   </div>
   <div class='ocr_carea' id='block_1_111' title="bbox 1833 4749 3505 4826">
    <p class='ocr_par' dir='ltr' id='par_1_111' title="bbox 1833 4749 3505 4826">
     <span class='ocr_line' id='line_1_111' title="bbox 1833 4749 3505 4826; baseline -0.005 -15"><span class='ocrx_word' id='word_1_824' title='bbox 1833 4755 2041 4826; x_wconf 88' lang='lat' dir='ltr'><strong>gilanti</strong></span> <span class='ocrx_word' id='word_1_825' title='bbox 2069 4753 2445 4810; x_wconf 77' lang='lat' dir='ltr'><strong>avellantur?</strong></span> <span class='ocrx_word' id='word_1_826' title='bbox 2491 4757 2580 4808; x_wconf 82' lang='lat' dir='ltr'><strong>An</strong></span> <span class='ocrx_word' id='word_1_827' title='bbox 2629 4752 2777 4825; x_wconf 84' lang='lat' dir='ltr'><strong>quia</strong></span> <span class='ocrx_word' id='word_1_828' title='bbox 2831 4751 2986 4806; x_wconf 88' lang='lat' dir='ltr'><strong>Deus</strong></span> <span class='ocrx_word' id='word_1_829' title='bbox 3023 4749 3340 4816; x_wconf 85' lang='lat' dir='ltr'><strong>evellebat,</strong></span> <span class='ocrx_word' id='word_1_830' title='bbox 3369 4763 3505 4820; x_wconf 86' lang='lat' dir='ltr'><strong>pro-</strong></span> 
     </span>
    </p>
   </div>
   <div class='ocr_carea' id='block_1_112' title="bbox 1830 4837 3503 4918">
    <p class='ocr_par' dir='ltr' id='par_1_112' title="bbox 1830 4837 3503 4918">
     <span class='ocr_line' id='line_1_112' title="bbox 1830 4837 3503 4918; baseline -0.004 -18"><span class='ocrx_word' id='word_1_831' title='bbox 1830 4851 2033 4918; x_wconf 89' lang='lat' dir='ltr'><strong>pterea</strong></span> <span class='ocrx_word' id='word_1_832' title='bbox 2082 4844 2268 4900; x_wconf 87' lang='lat' dir='ltr'><strong>homo</strong></span> <span class='ocrx_word' id='word_1_833' title='bbox 2318 4857 2442 4898; x_wconf 90' lang='lat' dir='ltr'><strong>non</strong></span> <span class='ocrx_word' id='word_1_834' title='bbox 2485 4840 2826 4896; x_wconf 81' lang='lat' dir='ltr'><strong>sentiebat?</strong></span> <span class='ocrx_word' id='word_1_835' title='bbox 2873 4841 3110 4894; x_wconf 88' lang='lat' dir='ltr'><strong>Poterat</strong></span> <span class='ocrx_word' id='word_1_836' title='bbox 3161 4853 3306 4905; x_wconf 85' lang='lat' dir='ltr'><strong>ergo</strong></span> <span class='ocrx_word' id='word_1_837' title='bbox 3356 4837 3503 4905; x_wconf 87' lang='lat' dir='ltr'><strong>vigi-</strong></span> 
     </span>
    </p>
   </div>
   <div class='ocr_carea' id='block_1_113' title="bbox 1829 4924 3502 5000">
    <p class='ocr_par' dir='ltr' id='par_1_113' title="bbox 1829 4924 3502 5000">
     <span class='ocr_line' id='line_1_113' title="bbox 1829 4924 3502 5000; baseline -0.006 -9"><span class='ocrx_word' id='word_1_838' title='bbox 1829 4933 1976 4991; x_wconf 89' lang='lat' dir='ltr'><strong>lanti</strong></span> <span class='ocrx_word' id='word_1_839' title='bbox 2015 4934 2141 4990; x_wconf 90' lang='lat' dir='ltr'><strong>sine</strong></span> <span class='ocrx_word' id='word_1_840' title='bbox 2183 4931 2392 4988; x_wconf 89' lang='lat' dir='ltr'><strong>dolore</strong></span> <span class='ocrx_word' id='word_1_841' title='bbox 2434 4929 2711 4993; x_wconf 87' lang='lat' dir='ltr'><strong>evellere,</strong></span> <span class='ocrx_word' id='word_1_842' title='bbox 2740 4928 2846 5000; x_wconf 88' lang='lat' dir='ltr'><strong>qui</strong></span> <span class='ocrx_word' id='word_1_843' title='bbox 2896 4930 3130 5000; x_wconf 88' lang='lat' dir='ltr'><strong>poterat</strong></span> <span class='ocrx_word' id='word_1_844' title='bbox 3159 4924 3502 4983; x_wconf 86' lang='lat' dir='ltr'><strong>dormienti.</strong></span> 
     </span>
    </p>
   </div>
   <div class='ocr_carea' id='block_1_114' title="bbox 1829 5014 3504 5093">
    <p class='ocr_par' dir='ltr' id='par_1_114' title="bbox 1829 5014 3504 5093">
     <span class='ocr_line' id='line_1_114' title="bbox 1829 5014 3504 5093; baseline -0.003 -15"><span class='ocrx_word' id='word_1_845' title='bbox 1829 5025 1943 5080; x_wconf 87' lang='lat' dir='ltr'><strong>Sed</strong></span> <span class='ocrx_word' id='word_1_846' title='bbox 1996 5039 2185 5080; x_wconf 90' lang='lat' dir='ltr'><strong>causa</strong></span> <span class='ocrx_word' id='word_1_847' title='bbox 2223 5021 2492 5093; x_wconf 84' lang='lat' dir='ltr'><strong>mysterii</strong></span> <span class='ocrx_word' id='word_1_848' title='bbox 2540 5024 2744 5075; x_wconf 89' lang='lat' dir='ltr'><strong>actum</strong></span> <span class='ocrx_word' id='word_1_849' title='bbox 2788 5021 2895 5072; x_wconf 89' lang='lat' dir='ltr'><strong>est.</strong></span> <span class='ocrx_word' id='word_1_850' title='bbox 2940 5014 3078 5070; x_wconf 87' lang='lat' dir='ltr'><strong>Ideo</strong></span> <span class='ocrx_word' id='word_1_851' title='bbox 3122 5015 3336 5072; x_wconf 87' lang='lat' dir='ltr'><strong>mulier</strong></span> <span class='ocrx_word' id='word_1_852' title='bbox 3380 5031 3504 5073; x_wconf 88' lang='lat' dir='ltr'><strong>non</strong></span> 
     </span>
    </p>
   </div>
   <div class='ocr_carea' id='block_1_115' title="bbox 1831 5105 3507 5184">
    <p class='ocr_par' dir='ltr' id='par_1_115' title="bbox 1831 5105 3507 5184">
     <span class='ocr_line' id='line_1_115' title="bbox 1831 5105 3507 5184; baseline -0.005 -15"><span class='ocrx_word' id='word_1_853' title='bbox 1831 5114 1906 5169; x_wconf 92' lang='lat' dir='ltr'><strong>de</strong></span> <span class='ocrx_word' id='word_1_854' title='bbox 1937 5117 2092 5168; x_wconf 88' lang='lat' dir='ltr'><strong>terra</strong></span> <span class='ocrx_word' id='word_1_855' title='bbox 2122 5110 2424 5184; x_wconf 88' lang='lat' dir='ltr'><strong>psalmata</strong></span> <span class='ocrx_word' id='word_1_856' title='bbox 2471 5112 2562 5164; x_wconf 81' lang='lat' dir='ltr'><strong>est</strong></span> <span class='ocrx_word' id='word_1_857' title='bbox 2587 5107 2740 5162; x_wconf 85' lang='lat' dir='ltr'><strong>sicut</strong></span> <span class='ocrx_word' id='word_1_858' title='bbox 2766 5105 2878 5175; x_wconf 89' lang='lat' dir='ltr'><strong>vir,</strong></span> <span class='ocrx_word' id='word_1_859' title='bbox 2911 5105 3019 5160; x_wconf 92' lang='lat' dir='ltr'><strong>sed</strong></span> <span class='ocrx_word' id='word_1_860' title='bbox 3068 5106 3142 5161; x_wconf 89' lang='lat' dir='ltr'><strong>de</strong></span> <span class='ocrx_word' id='word_1_861' title='bbox 3183 5105 3365 5162; x_wconf 89' lang='lat' dir='ltr'><strong>latere</strong></span> <span class='ocrx_word' id='word_1_862' title='bbox 3397 5105 3507 5162; x_wconf 87' lang='lat' dir='ltr'><strong>viri</strong></span> 
     </span>
    </p>
   </div>
   <div class='ocr_carea' id='block_1_116' title="bbox 1831 5194 3504 5271">
    <p class='ocr_par' dir='ltr' id='par_1_116' title="bbox 1831 5194 3504 5271">
     <span class='ocr_line' id='line_1_116' title="bbox 1831 5194 3504 5271; baseline -0.006 -12"><span class='ocrx_word' id='word_1_863' title='bbox 1831 5202 2203 5263; x_wconf 88' lang='lat' dir='ltr'><strong>dormientis,</strong></span> <span class='ocrx_word' id='word_1_864' title='bbox 2245 5199 2390 5271; x_wconf 89' lang='lat' dir='ltr'><strong>quia</strong></span> <span class='ocrx_word' id='word_1_865' title='bbox 2436 5197 2708 5252; x_wconf 83' lang='lat' dir='ltr'><strong>futurum</strong></span> <span class='ocrx_word' id='word_1_866' title='bbox 2760 5200 2888 5251; x_wconf 87' lang='lat' dir='ltr'><strong>erat</strong></span> <span class='ocrx_word' id='word_1_867' title='bbox 2935 5201 2998 5252; x_wconf 90' lang='lat' dir='ltr'><strong>ut</strong></span> <span class='ocrx_word' id='word_1_868' title='bbox 3053 5194 3318 5252; x_wconf 87' lang='lat' dir='ltr'><strong>Christus</strong></span> <span class='ocrx_word' id='word_1_869' title='bbox 3363 5209 3504 5266; x_wconf 85' lang='lat' dir='ltr'><strong>pro-</strong></span> 
     </span>
    </p>
   </div>
   <div class='ocr_carea' id='block_1_117' title="bbox 1832 5282 3507 5366">
    <p class='ocr_par' dir='ltr' id='par_1_117' title="bbox 1832 5282 3507 5366">
     <span class='ocr_line' id='line_1_117' title="bbox 1832 5282 3507 5366; baseline -0.005 -17"><span class='ocrx_word' id='word_1_870' title='bbox 1832 5297 1963 5366; x_wconf 91' lang='lat' dir='ltr'><strong>pter</strong></span> <span class='ocrx_word' id='word_1_871' title='bbox 2008 5288 2333 5346; x_wconf 84' lang='lat' dir='ltr'><strong>Ecclesiam</strong></span> <span class='ocrx_word' id='word_1_872' title='bbox 2380 5287 2444 5342; x_wconf 91' lang='lat' dir='ltr'><strong>in</strong></span> <span class='ocrx_word' id='word_1_873' title='bbox 2488 5299 2666 5342; x_wconf 84' lang='lat' dir='ltr'><strong>cruce</strong></span> <span class='ocrx_word' id='word_1_874' title='bbox 2722 5283 3031 5353; x_wconf 85' lang='lat' dir='ltr'><strong>dormiret,</strong></span> <span class='ocrx_word' id='word_1_875' title='bbox 3083 5301 3151 5340; x_wconf 85' lang='lat' dir='ltr'><strong>ex</strong></span> <span class='ocrx_word' id='word_1_876' title='bbox 3207 5283 3384 5354; x_wconf 84' lang='lat' dir='ltr'><strong>cujus</strong></span> <span class='ocrx_word' id='word_1_877' title='bbox 3422 5282 3507 5340; x_wconf 86' lang='lat' dir='ltr'><strong>la-</strong></span> 
     </span>
    </p>
   </div>
   <div class='ocr_carea' id='block_1_118' title="bbox 1832 5372 3508 5440">
    <p class='ocr_par' dir='ltr' id='par_1_118' title="bbox 1832 5372 3508 5440">
     <span class='ocr_line' id='line_1_118' title="bbox 1832 5372 3508 5440; baseline -0.007 -1"><span class='ocrx_word' id='word_1_878' title='bbox 1832 5388 1952 5440; x_wconf 88' lang='lat' dir='ltr'><strong>tere</strong></span> <span class='ocrx_word' id='word_1_879' title='bbox 2007 5381 2142 5436; x_wconf 86' lang='lat' dir='ltr'><strong>fons</strong></span> <span class='ocrx_word' id='word_1_880' title='bbox 2185 5377 2393 5433; x_wconf 87' lang='lat' dir='ltr'><strong>salutis</strong></span> <span class='ocrx_word' id='word_1_881' title='bbox 2437 5379 2658 5432; x_wconf 66' lang='lat' dir='ltr'><strong>nostra:</strong></span> <span class='ocrx_word' id='word_1_882' title='bbox 2700 5379 3013 5431; x_wconf 75' lang='lat' dir='ltr'><strong>emanaret</strong></span> <span class='ocrx_word' id='word_1_883' title='bbox 3055 5378 3115 5429; x_wconf 92' lang='lat' dir='ltr'><strong>et</strong></span> <span class='ocrx_word' id='word_1_884' title='bbox 3143 5372 3508 5429; x_wconf 85' lang='lat' dir='ltr'><strong>formaretur</strong></span> 
     </span>
    </p>
   </div>
   <div class='ocr_carea' id='block_1_119' title="bbox 1835 5461 3504 5537">
    <p class='ocr_par' dir='ltr' id='par_1_119' title="bbox 1835 5461 3504 5537">
     <span class='ocr_line' id='line_1_119' title="bbox 1835 5461 3504 5537; baseline -0.005 -9"><span class='ocrx_word' id='word_1_885' title='bbox 1835 5470 2116 5528; x_wconf 84' lang='lat' dir='ltr'><strong>Ecclesia.</strong></span> <span class='ocrx_word' id='word_1_886' title='bbox 2147 5469 2228 5525; x_wconf 83' lang='lat' dir='ltr'><strong>Et</strong></span> <span class='ocrx_word' id='word_1_887' title='bbox 2257 5467 2508 5537; x_wconf 82' lang='lat' dir='ltr'><strong>replevit</strong></span> <span class='ocrx_word' id='word_1_888' title='bbox 2536 5480 2784 5522; x_wconf 68' lang='lat' dir='ltr'><strong>carnem</strong></span> <span class='ocrx_word' id='word_1_889' title='bbox 2812 5479 2926 5534; x_wconf 80' lang='lat' dir='ltr'><strong>pro</strong></span> <span class='ocrx_word' id='word_1_890' title='bbox 2955 5478 3046 5520; x_wconf 88' lang='lat' dir='ltr'><strong>ea.</strong></span> <span class='ocrx_word' id='word_1_891' title='bbox 3071 5461 3228 5529; x_wconf 91' lang='lat' dir='ltr'><strong>Quid</strong></span> <span class='ocrx_word' id='word_1_892' title='bbox 3256 5462 3372 5519; x_wconf 87' lang='lat' dir='ltr'><strong>hoc</strong></span> <span class='ocrx_word' id='word_1_893' title='bbox 3395 5466 3504 5535; x_wconf 88' lang='lat' dir='ltr'><strong>est,</strong></span> 
     </span>
    </p>
   </div>
   <div class='ocr_carea' id='block_1_120' title="bbox 1833 5553 3507 5634">
    <p class='ocr_par' dir='ltr' id='par_1_120' title="bbox 1833 5553 3507 5634">
     <span class='ocr_line' id='line_1_120' title="bbox 1833 5553 3507 5634; baseline -0.005 -16"><span class='ocrx_word' id='word_1_894' title='bbox 1833 5561 1948 5619; x_wconf 90' lang='lat' dir='ltr'><strong>nisi</strong></span> <span class='ocrx_word' id='word_1_895' title='bbox 1968 5560 2113 5634; x_wconf 88' lang='lat' dir='ltr'><strong>quia</strong></span> <span class='ocrx_word' id='word_1_896' title='bbox 2138 5559 2414 5614; x_wconf 78' lang='lat' dir='ltr'><strong>Christus</strong></span> <span class='ocrx_word' id='word_1_897' title='bbox 2435 5553 2637 5628; x_wconf 88' lang='lat' dir='ltr'><strong>posuit</strong></span> <span class='ocrx_word' id='word_1_898' title='bbox 2663 5569 2906 5610; x_wconf 81' lang='lat' dir='ltr'><strong>carnem</strong></span> <span class='ocrx_word' id='word_1_899' title='bbox 2939 5567 3118 5610; x_wconf 80' lang='lat' dir='ltr'><strong>suam</strong></span> <span class='ocrx_word' id='word_1_900' title='bbox 3143 5553 3206 5609; x_wconf 89' lang='lat' dir='ltr'><strong>in</strong></span> <span class='ocrx_word' id='word_1_901' title='bbox 3224 5553 3507 5628; x_wconf 82' lang='lat' dir='ltr'><strong>passione</strong></span> 
     </span>
    </p>
   </div>
   <div class='ocr_carea' id='block_1_121' title="bbox 1836 5643 3505 5725">
    <p class='ocr_par' dir='ltr' id='par_1_121' title="bbox 1836 5643 3505 5725">
     <span class='ocr_line' id='line_1_121' title="bbox 1836 5643 3505 5725; baseline -0.005 -19"><span class='ocrx_word' id='word_1_902' title='bbox 1836 5667 1946 5725; x_wconf 90' lang='lat' dir='ltr'><strong>pro</strong></span> <span class='ocrx_word' id='word_1_903' title='bbox 1997 5647 2303 5706; x_wconf 80' lang='lat' dir='ltr'><strong>Ecclesia?</strong></span> <span class='ocrx_word' id='word_1_904' title='bbox 2351 5645 2515 5703; x_wconf 88' lang='lat' dir='ltr'><strong>Unde</strong></span> <span class='ocrx_word' id='word_1_905' title='bbox 2565 5643 2725 5700; x_wconf 86' lang='lat' dir='ltr'><strong>enim</strong></span> <span class='ocrx_word' id='word_1_906' title='bbox 2778 5643 2972 5700; x_wconf 75' lang='lat' dir='ltr'><strong>Adam</strong></span> <span class='ocrx_word' id='word_1_907' title='bbox 3013 5645 3354 5700; x_wconf 80' lang='lat' dir='ltr'><strong>inﬁrmatus</strong></span> <span class='ocrx_word' id='word_1_908' title='bbox 3397 5647 3505 5712; x_wconf 88' lang='lat' dir='ltr'><strong>est,</strong></span> 
     </span>
    </p>
   </div>
   <div class='ocr_carea' id='block_1_122' title="bbox 116 5732 3510 5823">
    <p class='ocr_par' dir='ltr' id='par_1_122' title="bbox 116 5732 3510 5823">
     <span class='ocr_line' id='line_1_122' title="bbox 116 5732 3510 5823; baseline 0.001 -36"><span class='ocrx_word' id='word_1_909' title='bbox 116 5742 339 5804; x_wconf 66' lang='lat' dir='ltr'><strong>sternam</strong></span> <span class='ocrx_word' id='word_1_910' title='bbox 359 5751 610 5819; x_wconf 59' lang='lat' dir='ltr'><strong>(Matth.</strong></span> <span class='ocrx_word' id='word_1_911' title='bbox 627 5748 897 5823; x_wconf 51' lang='lat' dir='ltr'><strong>xxvﬁt).</strong></span> <span class='ocrx_word' id='word_1_912' title='bbox 927 5747 1182 5816; x_wconf 85' lang='lat' dir='ltr'><strong>Quando</strong></span> <span class='ocrx_word' id='word_1_913' title='bbox 1199 5746 1427 5822; x_wconf 88' lang='lat' dir='ltr'><strong>quippe</strong></span> <span class='ocrx_word' id='word_1_914' title='bbox 1454 5743 1730 5820; x_wconf 80' lang='lat' dir='ltr'><strong>peccavit</strong></span> <span class='ocrx_word' id='word_1_915' title='bbox 1837 5741 1980 5800; x_wconf 87' lang='lat' dir='ltr'><strong>inde</strong></span> <span class='ocrx_word' id='word_1_916' title='bbox 2022 5739 2237 5797; x_wconf 85' lang='lat' dir='ltr'><strong>mulier</strong></span> <span class='ocrx_word' id='word_1_917' title='bbox 2283 5735 2454 5796; x_wconf 78' lang='lat' dir='ltr'><strong>fortis</strong></span> <span class='ocrx_word' id='word_1_918' title='bbox 2503 5734 2720 5792; x_wconf 76' lang='lat' dir='ltr'><strong>etl&#39;eota</strong></span> <span class='ocrx_word' id='word_1_919' title='bbox 2762 5734 2868 5807; x_wconf 81' lang='lat' dir='ltr'><strong>[Z.,</strong></span> <span class='ocrx_word' id='word_1_920' title='bbox 2906 5734 3120 5794; x_wconf 69' lang='lat' dir='ltr'><strong>elfecta</strong></span> <span class='ocrx_word' id='word_1_921' title='bbox 3163 5735 3315 5807; x_wconf 78' lang='lat' dir='ltr'><strong>est];</strong></span> <span class='ocrx_word' id='word_1_922' title='bbox 3363 5732 3510 5806; x_wconf 78' lang='lat' dir='ltr'><strong>quia</strong></span> 
     </span>
    </p>
   </div>
  </div>
