3944 6452
419 304 518 362 135

410 442 522 502 per
568 425 684 481 hoc
713 419 879 495 quod
928 417 1192 476 Christus
1238 414 1529 471 inﬁrmari
1585 412 1868 481 dignatus
1898 410 1987 464 est
2015 406 2075 461 in
2105 409 2153 461 Α

412 513 720 591 passione,
750 509 886 565 inde
920 506 1173 563 Ecclesia
1204 502 1589 560 corroborata
1621 506 1727 557 est.

487 604 655 656 Vens.
688 603 776 664 22,
810 599 896 663 28,
926 599 1035 650 etc.
1064 595 1220 648 —El
1253 592 1575 661 aediﬁcavit
1605 590 1893 645 Dominus
1922 587 2078 640 Deus

416 696 637 747 costam
663 701 839 757 quam
869 685 1091 739 tulerat
1117 682 1192 738 de
1219 683 1415 737 Adam
1445 683 1505 736 in
1533 681 1866 745 mulierem,
1900 680 1957 730 et
1985 689 2076 728 re-

413 778 598 851 liqua,
618 790 807 847 usque
828 790 949 846 quo
969 771 1087 828 ait:
1121 778 1172 828 et
1196 772 1511 828 vocabitur
1540 771 1765 838 virago,
1792 766 2076 838 quoniam

415 866 488 922 de
516 866 643 921 viro
680 867 920 932 sumpta
950 866 1053 917 est.
1090 859 1408 926 Quomodo
1437 858 1534 913 hic
1574 856 1859 912 feminam
1893 852 2076 908 aedifi-

415 957 611 1009 catam
641 950 802 1019 dicit,
834 949 938 1022 qui
970 949 1245 1020 superius
1296 947 1376 1003 ab
1419 945 1584 1001 omni
1616 960 1795 1016 opere
1852 958 1962 996 suo
1991 956 2078 995 re-

412 1039 679 1113 quievit?
725 1042 852 1094 Non
877 1037 1039 1093 enim
1074 1036 1171 1092 hic
1202 1036 1425 1091 creavit
1453 1034 1513 1089 in
1544 1034 1813 1092 materia.
1847 1030 1951 1085 sed
1983 1046 2077 1084 ex-

412 1128 633 1201 pressit
662 1126 720 1182 in
754 1126 969 1182 forma.
1005 1126 1290 1194 Dixitque
1315 1124 1511 1178 Adam
1533 1138 1555 1177 .·
1585 1123 1714 1176 Hoc
1734 1136 1895 1174 nunc
1920 1134 1982 1173 os
2003 1134 2076 1173 er

410 1217 637 1273 ossibus
667 1216 832 1281 meis,
847 1219 905 1269 et
930 1213 1180 1284 reliqua.
1200 1212 1441 1267 Vocavit
1460 1226 1603 1279 ergo
1630 1226 1877 1264 uxorein
1902 1223 2074 1261 suam

410 1304 502 1361 vir
532 1309 827 1376 tanquam
858 1302 1052 1373 potior
1080 1300 1445 1368 inferiorem,
1476 1302 1534 1354 et
1556 1299 1701 1353 dixit
1726 1317 1738 1353 :
1770 1299 1897 1351 Hoc
1915 1313 1975 1351 os
2002 1311 2076 1351 ex

411 1392 639 1449 ossibus
670 1392 832 1457 meis,
858 1395 972 1446 etc.
1001 1391 1078 1445 Os
1112 1389 1186 1444 de
1217 1388 1459 1445 ossibus
1488 1388 1633 1442 meis
1661 1386 1925 1441 fortassis
1947 1400 2076 1456 pro-

411 1484 545 1554 pter
564 1478 994 1539 fortitudinem.
1025 1482 1083 1533 et
1101 1493 1241 1533 caro
1272 1477 1346 1532 de
1378 1492 1556 1532 carne
1584 1482 1825 1548 propter
1858 1480 2075 1545 tempe-

412 1567 695 1624 rantiam.
732 1567 830 1621 Hae
856 1582 1121 1639 namque
1164 1565 1297 1620 duae
1338 1565 1582 1620 virtutes
1628 1564 1701 1619 ad
1734 1563 2070 1618 inferiorem

416 1656 636 1713 animae
674 1660 930 1729 partem,
963 1671 1148 1727 quam
1195 1654 1503 1727 prudentis
1554 1653 1858 1708 rationalis
1902 1651 2068 1719 regit,

416 1745 712 1802 docentur
734 1744 1027 1817 pertinere
1052 1743 1386 1813 allegorice.
1413 1744 1558 1798 Haec
1580 1744 1889 1797 vocabitur
1918 1743 2075 1796 vira—
2107 1758 2147 1813 Β

414 1850 511 1906 go.
545 1839 610 1890 In
648 1833 1018 1907 quibusdam
1048 1833 1357 1889 codicibus
1388 1832 1701 1897 invenitur,
1739 1833 1862 1886 haec
1904 1847 2073 1887 rora-

419 1924 582 1979 bitur
627 1924 861 1979 mulier.
897 1926 1021 1978 Non
1072 1924 1231 1977 enim
1280 1920 1517 1976 videtur
1553 1921 1615 1976 in
1664 1923 1864 1976 Graeco
1912 1924 1968 1975 et
2015 1919 2075 1973 in

416 2012 625 2069 Latino
667 2027 948 2067 resonare
975 2027 1082 2066 cur
1106 2010 1320 2066 mulier
1340 2009 1689 2083 appelletur,
1722 2009 1865 2081 quia
1895 2024 1965 2063 ex
1997 2008 2077 2063 vi-

413 2119 482 2159 ro
514 2108 755 2176 sumpta
784 2103 887 2171 sit;
921 2101 1023 2157 sed
1051 2100 1418 2174 etymologia
1443 2100 1504 2156 in
1535 2100 1782 2155 Hebraeo
1800 2114 2075 2153 sermone

416 2197 689 2248 servatur
738 2195 838 2263 [Z.,
874 2192 1199 2262 servetur]:
1251 2190 1339 2245 vir
1366 2192 1591 2263 quippe
1644 2194 1895 2244 vocatur
1924 2191 1981 2243 Is
2022 2191 2078 2241 et

413 2279 629 2336 mulier
661 2282 806 2336 Issa.
842 2282 1013 2335 Recte
1040 2279 1218 2348 igitur
1248 2278 1327 2334 ab
1374 2280 1429 2333 Is
1463 2277 1799 2350 appellatur
1830 2281 1917 2331 est
1942 2292 2074 2331 mu-

412 2369 520 2425 lier
553 2372 695 2425 Issa.
732 2371 798 2424 Et
828 2369 941 2424 hoc
973 2374 1061 2424 est
1112 2367 1280 2440 quod
1329 2368 1424 2423 hic
1470 2369 1568 2429 ait,
1603 2369 1728 2423 haec
1766 2366 2079 2423 vocabitur

412 2460 646 2529 virago,
672 2460 953 2529 quoniam
984 2458 1058 2512 de
1089 2458 1215 2512 viro
1246 2463 1483 2525 sumpta
1514 2462 1618 2512 est.

489 2551 656 2601 Vens.
688 2550 867 2601 '24.—
899 2545 1289 2611 Quamobrem
1322 2546 1618 2615 relinquet
1645 2545 1817 2601 homo
1842 2551 2075 2614 patrem

416 2650 614 2704 suum,
647 2640 703 2690 et
746 2638 999 2689 matrem
1029 2647 1221 2701 suam,
1250 2639 1304 2688 et
1332 2632 1656 2688 adhaerebit
1706 2634 1889 2689 uxori
1934 2649 2075 2698 sum,

417 2726 477 2779 et
503 2721 752 2794 reliqua.
788 2722 891 2776 Hic
918 2722 1181 2793 primum
1199 2721 1393 2777 Adam
1418 2722 1797 2793 prophetavit
1820 2720 1893 2775 de
1922 2720 2079 2778 Chri-

419 2816 512 2867 sto
559 2815 617 2866 et
660 2810 934 2867 ecclesia.
987 2810 1159 2875 Quod
1214 2809 1562 2882 exemplum
1612 2811 1691 2880 [Ζ.
1726 2826 1839 2866 om.
1881 2827 2079 2866 exem-

417 2898 613 2972 plum]
639 2914 947 2971 exponens
978 2898 1198 2953 Paulus
1230 2897 1543 2970 apostolus
1566 2897 1683 2953 ait:
1726 2900 2077 2968 Mysterium

419 2986 530 3043 hoc
576 3002 859 3057 magnum
910 2991 1033 3056 est;
1077 3002 1182 3057 ego
1229 2991 1427 3042 autem
1471 2987 1605 3041 dico
1642 2988 1703 3041 in
1756 2987 1991 3043 Christo
2022 2993 2077 3043 et

418 3077 689 3132 Ecclesia
720 3076 963 3164 (Ephes.
1011 3092 1067 3130 v.
1100 3080 1212 3142 22).
1248 3075 1421 3141 Quod
1463 3075 1520 3164 si
1556 3075 1692 3164 quis
1742 3077 2078 3147 spiritaliter
2107 3108 2151 3164 ο

415 3179 596 3219 nosse
626 3163 943 3229 desiderat,
976 3164 1293 3234 Augustini
1324 3169 1380 3219 et
1409 3163 1621 3219 Isidori
1649 3164 1808 3219 dicta
1841 3169 2077 3218 strenue

413 3251 590 3323 legat.
627 3255 780 3309 Bene
812 3253 913 3323 ait,
946 3254 1010 3308 in
1064 3269 1247 3310 carne
1289 3269 1434 3320 una,
1466 3252 1581 3308 hoc
1612 3257 1700 3308 est
1728 3252 1790 3307 in
1832 3267 1952 3307 una
1978 3267 2080 3307 vo-

413 3341 639 3398 luntate
668 3348 726 3398 et
747 3358 1068 3411 consensu,
1098 3358 1205 3399 seu
1228 3343 1373 3415 quia
1400 3358 1475 3397 ex
1498 3342 1742 3398 duobus
1784 3357 1907 3397 una
1936 3355 2078 3397 caro

417 3435 767 3503 procreatur
787 3430 847 3485 in
872 3430 1058 3501 prole.

489 3519 656 3573 Vens.
686 3520 775 3572 25.
810 3549 878 3557 —-
902 3519 1099 3573 Erant
1124 3525 1322 3576 autem
1352 3525 1603 3592 uterque
1641 3520 1793 3575 nudi
1830 3521 1937 3591 [Z.,
1971 3534 2079 3574 nu-

418 3604 582 3677 dus],
607 3606 805 3662 Adam
835 3607 1061 3661 scilicet
1085 3613 1142 3663 et
1165 3623 1324 3663 uxor
1351 3610 1506 3677 ejus,
1531 3615 1584 3665 et
1624 3625 1744 3664 non
1776 3610 2077 3665 erubesce-

423 3695 587 3752 bant.
621 3698 744 3751 Non
798 3694 966 3768 quod
1013 3695 1098 3750 eis
1147 3711 1260 3752 sua
1298 3697 1542 3753 nuditas
1571 3702 1727 3753 esset
1752 3697 2073 3767 incognita,

420 3784 529 3841 sed
558 3784 746 3858 turpis
774 3784 1016 3841 nuditas
1045 3785 1320 3841 nondum
1351 3789 1496 3855 erat,
1528 3787 1672 3859 quia
1712 3787 1984 3842 nondum
2009 3786 2079 3841 li-

417 3873 563 3930 bido
608 3873 885 3931 membra
933 3872 1035 3930 illa
1080 3874 1362 3930 movebat
1390 3874 1469 3930 ad
1499 3875 2078 3947 concupiscendum.

417 3963 477 4018 Si
504 3962 664 4020 enim
690 3978 815 4019 non
839 3967 1175 4036 peccarent,
1207 3978 1331 4019 non
1359 3962 1800 4033 erubescerent,
1827 3964 1993 4036 quod
2021 3965 2081 4020 in

420 4050 689 4123 parvulis
720 4051 847 4107 fieri
877 4051 1175 4118 videmus,
1190 4051 1296 4123 qui
1317 4055 1645 4125 antequam
1677 4058 1914 4125 tempus
1951 4053 2081 4110 libi-

421 4138 579 4194 dinis
620 4144 678 4195 et
725 4144 927 4195 motus
980 4140 1317 4211 fragilitatis
1363 4140 1659 4205 adveniat,
1692 4158 1816 4198 non
1873 4142 2080 4199 erube-

419 4230 597 4283 scunt
622 4243 695 4284 ex
718 4228 1005 4284 nuditate.
1023 4230 1090 4283 Et
1113 4228 1335 4285 idcirco
1364 4235 1533 4287 erant
1556 4232 1725 4303 nudi,
1758 4237 1823 4289 ut
1850 4232 2078 4288 dictum

419 4321 530 4389 est,
571 4316 679 4374 sed
728 4332 852 4373 non
908 4317 1357 4388 erubescebant,
1409 4320 1554 4393 quia
1609 4338 1731 4377 non
1790 4322 2079 4378 videbant

421 4407 606 4463 aliam
658 4406 843 4477 legem
891 4410 956 4462 in
1006 4408 1283 4464 membris
1318 4411 1440 4465 suis
1488 4416 1924 4480 repugnantem
1961 4411 2081 4481 legi

419 4496 631 4552 mentis
659 4509 801 4564 suav,
832 4501 887 4551 et
912 4498 1177 4565 captivos
1202 4512 1296 4553 eos
1339 4498 1647 4555 ducentem
1688 4502 1752 4553 in
1804 4501 1929 4569 lege
1948 4514 2079 4568 pec-

419 4587 544 4643 cati
594 4585 778 4658 (Rom.
811 4600 909 4642 vn.
951 4586 1059 4656 23).
1113 4586 1265 4641 Nihil
1314 4588 1473 4642 enim
1525 4588 1824 4660 putabant
1878 4589 2078 4645 velan-

418 4674 587 4745 dum,
619 4674 765 4748 quja
789 4673 934 4729 nihil
961 4674 1297 4729 sentiebant
1321 4676 1770 4731 refrenandum.
1799 4679 1908 4733 Sed
1942 4682 2081 4750 post

417 4771 732 4838 peccatum
775 4763 1232 4829 erubescebant,
1270 4765 1413 4836 quia
1460 4773 1704 4838 propter
1736 4766 2079 4823 inobedien-

418 4854 561 4911 tiam
587 4871 727 4911 caro
758 4853 1220 4928 quodammodo
1256 4855 1635 4909 verecundiae
1671 4856 2078 4913 testimonium

417 4944 791 5015 perhibebat,
821 4948 880 5001 et
923 4942 1236 5016 peccando
1280 4948 1745 5016 promeruerunt
1785 4947 1847 4998 ut
1875 4946 1959 4999 eis
1993 4962 2079 5001 re-

419 5029 589 5086 bellis
624 5038 796 5088 esset.

1071 5104 1305 5161 CAPUT
1345 5106 1436 5159 lli.

489 5188 670 5245 Vnus.
704 5193 841 5244 1.-
867 5190 987 5247 Sed
1013 5198 1067 5246 et
1090 5207 1333 5261 serpens
1375 5197 1505 5248 erat
1534 5195 1815 5249 callidior
1845 5197 2076 5252 cunctis

418 5279 846 5345 animantibus,
877 5284 933 5335 et
980 5285 1207 5335 caetera.
1241 5283 1369 5335 Non
1411 5284 1478 5337 ut
1522 5298 1765 5354 serpens
1810 5285 2075 5357 aliquam

419 5368 701 5425 astutiam
728 5373 831 5424 aut
853 5367 1212 5439 sapientiam
1232 5367 1497 5437 haberet,
1522 5372 1625 5427 sed
1658 5380 1899 5445 propter
1920 5380 2079 5430 astu-

417 5458 567 5513 tiam
596 5457 872 5513 diabolus
901 5457 1261 5527 intelligitur,
1276 5460 1379 5532 qui
1409 5476 1512 5532 per
1534 5462 1702 5518 illum
1734 5466 1951 5534 agebat
1974 5467 2078 5521 do-

419 5544 568 5600 lum.
601 5548 749 5600 Nam
788 5544 1003 5617 Aquila
1030 5551 1087 5602 et
1114 5547 1478 5606 Theodotion
1507 5551 1872 5624 interpretati
1912 5560 2073 5627 sunt,

422 5647 678 5703 nequam
690 5640 743 5689 et
767 5636 1134 5705 versipellem
1148 5652 1175 5710 ,'
1194 5642 1375 5711 utper
1394 5640 1507 5695 hoc
1524 5641 1721 5710 magis
1738 5643 1998 5698 versutia
2020 5648 2078 5699 et

421 5720 713 5783 calliditas
763 5740 951 5797 quam
1004 5726 1296 5797 sapientia
1348 5728 1882 5788 demonstraretur.
1924 5732 2076 5799 Quia

1511 283 1870 347 ANGELOMI
1908 279 2361 339 LUXOVIENSIS
2398 284 2735 342 ΠΟΝΑΟΗΙ.

3766 295 3854 349 136

2184 407 2462 478 quamvis
2482 409 2907 481 praevaricator
2926 411 3179 481 angelus
3205 429 3313 485 per
3336 412 3701 486 superbiam
3726 415 3855 471 fuis-

2186 499 2272 550 set
2300 494 2564 566 dejectus
2590 498 2665 554 de
2692 498 3055 565 cmlestibus,
3083 506 3300 557 natura
3328 507 3543 558 tamen
3565 503 3853 560 excellen-

2186 582 2298 639 tior
2324 591 2381 641 et
2407 584 2674 643 callidior
2698 592 2786 642 est
2814 587 3100 644 omnibus
3124 590 3550 646 animantibus
3579 610 3594 659 ;
3642 594 3788 665 quia
3814 594 3855 649 si

2184 671 2533 741 dignitatem
2560 675 2778 745 amisit,
2810 676 3195 734 subtilitatem
3242 695 3367 735 non
3418 679 3716 752 perdidit.
3744 682 3857 737 Ele-

2185 761 2386 834 gitque
2434 762 2547 818 sibi
2588 761 2870 820 diabolus
2927 766 3153 823 animal
3192 772 3426 823 natura;
3461 786 3596 825 sua:
3629 774 3857 842 aptum.

2184 853 2540 920 tortuosum,
2572 851 2893 922 lubricum,
2920 869 3028 927 per
3064 855 3231 928 quod
3261 858 3480 928 [Petr.,
3514 861 3759 931 quem},
3789 859 3862 915 lo-

2182 943 2482 1008 queretur,
2518 943 2581 995 ut
2608 956 2715 1012 per
2744 939 2858 996 hoc
2907 958 3018 998 sua
3056 942 3347 1000 dolositas
3401 950 3462 1000 et
3504 947 3859 1003 tortuositas

2182 1025 2617 1096 designaretur.
2646 1031 2862 1084 Verum
2892 1030 3024 1102 ipse
3055 1046 3303 1104 serpens
3335 1032 3513 1105 loqui
3539 1051 3675 1089 non
3700 1041 3857 1107 pote-

2182 1121 2293 1186 rat,
2326 1116 2469 1189 quia
2495 1117 2609 1172 hoc
2634 1134 2671 1174 a
2701 1120 2973 1175 Creatore
2992 1136 3113 1175 non
3140 1127 3481 1194 acceperat.
3513 1125 3862 1197 Assumpsit

2181 1203 2349 1260 illum
2379 1205 2681 1275 diabolus,
2710 1212 2882 1262 utens
2925 1223 2997 1263 eo
3045 1209 3208 1265 velut
3235 1226 3493 1282 organo,
3537 1228 3654 1284 per
3686 1230 3861 1286 quem

2182 1294 2559 1350 articulatum
2581 1312 2800 1351 sonum
2822 1297 3115 1354 emitteret
3129 1299 3208 1355 ad
3226 1302 3724 1373 perpetrandam
3747 1320 3864 1358 ma-

2181 1382 2365 1439 litiam
2399 1401 2595 1440 suam.
2619 1387 2728 1441 Per
2757 1386 2924 1442 illum
2949 1388 3175 1461 quippe
3206 1389 3393 1445 verba
3425 1389 3728 1448 faciebat.
3759 1392 3865 1448 Sed

2181 1472 2275 1529 ille
2306 1473 2609 1530 nesciebat
2626 1480 2855 1531 naturae
2882 1476 3188 1532 rationalis
3218 1479 3437 1549 [Petr.,
3461 1480 3755 1553 rationis]
3778 1498 3867 1537 ex-

2181 1576 2341 1633 pers,
2372 1561 2523 1617 sicut
2566 1562 2979 1619 de'emoniacus
3026 1570 3085 1620 et
3112 1571 3307 1621 mente
3342 1572 3567 1639 captus
3596 1568 3867 1643 loquitur

2181 1665 2317 1722 quae
2349 1651 2560 1719 [Petr.,
2591 1652 2757 1723 quia]
2786 1652 2996 1722 nascit,
3021 1654 3126 1709 sed
3158 1659 3391 1710 tantum
3427 1671 3541 1728 per
3562 1673 3713 1713 eum
3748 1674 3867 1713 non

2183 1744 2479 1811 quantum
2514 1739 2712 1805 voluit,
2748 1740 2853 1795 sed
2890 1746 3189 1813 quantum
3228 1758 3266 1799 a
3293 1744 3579 1801 Creatore
3612 1762 3868 1802 conces-

2185 1844 2319 1883 sum
2349 1833 2459 1889 est,
2494 1828 2738 1900 peregit.
2772 1829 2935 1884 Unde
2982 1831 3257 1887 nonnulli
3306 1838 3599 1905 quaerunt
3651 1836 3708 1890 si
3747 1852 3868 1891 non

2182 1915 2486 1979 intellexit,
2514 1933 2635 1972 non
2690 1917 2872 1973 sensit
2929 1934 3196 1991 serpens,
3228 1921 3550 1992 quomodo
3601 1923 3871 1979 audiunt

2182 2005 2368 2061 verba
2385 2021 2724 2062 marsorum
2741 2006 3200 2080 incantantium,
3222 2014 3287 2065 ut
3310 2009 3392 2066 ad
3413 2026 3638 2068 eorum
3658 2011 3874 2069 incan-

2185 2092 2436 2149 tationes
2458 2094 2532 2148 de
2564 2096 2835 2149 cavernis
2865 2095 3246 2163 egrediantur
3267 2097 3294 2151 Ἰ
3327 2098 3564 2163 Quibus
3603 2116 3871 2174 respono

2184 2182 2453 2237 dendum
2474 2188 2560 2237 est
2586 2199 2599 2237 :
2635 2183 2789 2238 Licet
2808 2182 3171 2240 intellectum
3198 2201 3322 2241 non
3343 2186 3641 2255 habeant,
3658 2194 3869 2245 tamen

2186 2271 2460 2326 sensibus
2489 2271 2756 2344 corporis
2787 2272 3127 2329 nullatenus
3157 2280 3385 2331 carent.
3419 2275 3672 2333 Habent
3700 2279 3873 2334 enim

2184 2360 2401 2425 visum,
2436 2359 2731 2427 auditum,
2761 2359 3103 2427 odoratum,
3133 2369 3378 2431 gustum
3416 2369 3476 2419 et
3504 2369 3772 2422 tactum.
3808 2369 3876 2422 Et

2186 2448 2321 2504 ideo
2369 2450 2652 2521 quamvis
2698 2450 2947 2506 audiant
2989 2451 3171 2507 verba
3219 2468 3596 2522 marsorum,
3626 2470 3873 2529 nequa-

2186 2554 2372 2610 quam
2424 2544 2625 2594 tamen
2683 2539 3037 2609 intelligunt.
3073 2543 3202 2596 Non
3240 2541 3403 2598 enim
3443 2542 3757 2601 obediunt
3790 2546 3878 2601 in-

2187 2626 2525 2696 telligendo,
2542 2627 2650 2683 sed
2668 2631 2732 2684 ut
2746 2628 2821 2683 de
2834 2630 3021 2683 antris
3041 2628 3119 2684 ad
3146 2628 3591 2687 incantationes
3617 2641 3875 2701 exeant,

2187 2718 2559 2789 permittente
2612 2720 2749 2781 Deo,
2783 2723 3084 2788 coguntur
3134 2735 3172 2775 a
3217 2720 3487 2776 diabolo.
3533 2724 3877 2796 Sequitur:

2190 2808 2304 2874 Qui
2331 2809 2484 2863 dixit
2535 2808 2617 2863 ad
2644 2810 2985 2864 mulierem:
3021 2810 3150 2865 Cur
3169 2814 3467 2880 praecupit
3502 2813 3675 2869 vobis
3708 2817 3883 2871 Deus

2188 2912 2262 2952 ne
2291 2898 2667 2953 comederetis
2697 2898 2770 2953 de
2794 2900 2957 2953 omni
2984 2899 3145 2970 ligno
3161 2899 3487 2969 paradisi?
3520 2900 3767 2959 Idcirco
3799 2904 3885 2959 ad

2187 2986 2499 3042 mulierem
2528 2986 2808 3059 loquitur,
2840 2988 2985 3059 quia
3028 2987 3174 3043 vidit
3197 2988 3366 3060 quod
3414 2989 3752 3048 mulierem
3784 3010 3881 3049 se-

2189 3074 2406 3131 ducere
2429 3081 2653 3147 posset,
2683 3081 2739 3131 et
2769 3092 2891 3131 non
2918 3076 3142 3144 virum;
3175 3093 3281 3132 seu
3305 3077 3452 3149 quia
3494 3078 3703 3135 virum
3739 3087 3882 3137 tan-

2190 3168 2316 3220 tum
2337 3164 2417 3221 ad
2446 3164 2893 3220 similitudinem
2925 3165 3025 3220 Dei
3047 3166 3357 3221 conditum
3379 3168 3622 3238 putavit
3642 3175 3705 3224 et
3740 3186 3878 3226 non

2186 3255 2371 3310 illam.
2407 3254 2509 3309 Hic
2541 3258 2744 3309 movet
2778 3253 3014 3327 aliquos
3068 3270 3175 3309 cur
3219 3255 3431 3310 tentari
3473 3258 3633 3311 Deus
3667 3258 3884 3315 homi-

2186 3360 2325 3399 nem
2374 3342 2660 3415 permisit,
2690 3359 2875 3415 quem
2927 3343 3259 3399 consentire
3309 3344 3704 3416 praesciebat,
3754 3349 3883 3404 nisi

2185 3432 2330 3505 quia
2356 3447 2594 3501 magnae
2624 3430 2822 3487 laudis
2868 3431 3053 3488 homo
3092 3448 3215 3488 non
3245 3439 3419 3503 esset,
3454 3433 3504 3489 si
3533 3432 3623 3490 ita.
3654 3436 3886 3493 condi-

2185 3521 2376 3577 disset
2406 3536 2546 3577 eum
2598 3524 2663 3576 ut
2709 3519 2938 3577 malum
2989 3519 3185 3577 facere
3223 3536 3346 3578 non
3394 3521 3725 3594 potuisset,
3764 3525 3888 3583 sed

2184 3610 2336 3666 foret
2383 3615 2675 3682 tanquam
2725 3609 2971 3666 animal.
3015 3609 3131 3666 Sed
3188 3610 3459 3666 condidit
3499 3610 3561 3667 in
3602 3616 3887 3687 proprio

2185 3698 2451 3763 arbitrio,
2482 3702 2565 3765 ut,
2595 3697 2643 3753 si
2686 3697 2908 3754 fortiter
2959 3703 3365 3770 perseveraret
3410 3699 3473 3755 in
3504 3704 3887 3776 praeceptis.

2183 3792 2702 3856 remuneraretur;
2760 3787 2853 3842 sin
2898 3792 3101 3843 autem
3140 3787 3572 3845 consentiendo
3617 3806 3891 3850 corrue-

2183 3882 2292 3949 ret,
2320 3876 2726 3944 damnaretur,
2760 3876 2931 3932 sicuti
2973 3882 3175 3934 actum
3221 3881 3328 3935 est.
3362 3880 3514 3934 Nam
3563 3883 3625 3936 et
3674 3880 3889 3940 hodie

2187 3965 2313 4021 sine
2360 3965 2797 4021 intermissione
2854 3982 2964 4039 per
2992 3964 3344 4023 universum
3393 3980 3589 4037 genus
3642 3968 3896 4031 humu.

2184 4070 2334 4111 num
2352 4069 2425 4109 ex
2450 4053 2681 4109 insidiis
2713 4053 2939 4111 diaboli
2953 4055 3231 4111 homines
3250 4059 3574 4125 tentantur,
3591 4062 3667 4114 ut
3696 4074 3789 4117 ex
3807 4079 3893 4119 eo

2184 4143 2370 4199 virtus
2400 4142 2600 4199 tentati
2627 4143 2933 4216 probetur,
2951 4148 3010 4201 et
3034 4143 3240 4217 palma
3268 4159 3394 4201 non
3414 4148 3891 4208 consentientis

2185 4231 2477 4302 gloriosor
2502 4238 2811 4305 appareat.

2258 4317 2432 4372 Vens.
2461 4318 2517 4386 2,
2544 4321 2597 4373 3.
2626 4348 2696 4358 ——
2722 4317 2837 4373 Cui
2876 4318 3184 4386 respondit
3231 4319 3491 4375 mulier:
3525 4320 3615 4376 De
3640 4322 3897 4391 fructu

2190 4407 2489 4476 lignorum
2520 4421 2651 4477 qua?
2690 4413 2829 4462 sunt
2860 4407 2923 4462 in
2950 4407 3239 4476 paradiso
3283 4409 3602 4472 vescimur,
3641 4416 3708 4468 et
3739 4415 3902 4471 reli-

2186 4512 2330 4569 qua.
2363 4497 2478 4551 Cur
2505 4495 2721 4551 mulier
2767 4496 2845 4552 ad
2891 4495 3257 4567 interrogata
3300 4498 3561 4570 serpenti
3597 4500 3714 4571 [Z.,
3756 4521 3904 4562 ser-

2183 4585 2401 4657 pentis]
2430 4585 2783 4656 respondit?
2813 4585 2886 4640 Ut
2909 4586 3320 4658 praevaricatio
3350 4587 3483 4657 ejus
3504 4593 3670 4647 esset
3702 4591 3909 4651 inex-

2186 4673 2488 4743 cusabilis,
2511 4690 2650 4729 cum
2680 4673 2846 4729 nullo
2869 4674 3053 4730 modo
3069 4675 3265 4731 dicere
3286 4676 3478 4748 potuit
3504 4694 3571 4733 se
3600 4678 3901 4741 oblitam

2185 4778 2314 4817 esse
2347 4762 2631 4823 mandati,
2655 4762 2821 4835 quod
2853 4764 3107 4835 serpenti
3142 4763 3427 4836 prodidit.

2259 4849 2421 4902 Vens.
2448 4851 2502 4915 4,
2616 4879 2672 4887 -
2697 4849 2866 4903 Dixit
2892 4854 3089 4904 autem
3117 4864 3356 4918 serpens
3387 4849 3471 4905 ad
3494 4852 3844 4915 mulierem
3880 4877 3897 4915 :

2184 4936 2578 5006 Nequaquam
2606 4943 2796 4993 morte
2821 4937 3175 4994 moriemini.
3199 4940 3325 4994 Scit
3342 4940 3500 4995 enim
3525 4941 3695 4997 Deus
3708 4952 3907 5015 quod

2185 5025 2249 5079 in
2269 5040 2625 5097 quacunque
2639 5024 2733 5081 die
2743 5026 3113 5082 comederitis
3130 5042 3206 5082 ex
3217 5029 3689 5096 eo,aperientur
3705 5049 3839 5092 acu
3849 5042 3877 5093 ι
3890 5043 3917 5094 ί

2188 5113 2383 5179 vestri,
2404 5119 2459 5169 et
2488 5115 2653 5170 eritis
2682 5116 2834 5170 sicut
2864 5116 2971 5182 dii,
2993 5117 3241 5172 scientes
3274 5116 3493 5172 bonum
3519 5123 3575 5173 et
3598 5124 3906 5184 malum.

2184 5202 2269 5255 Ac
2300 5200 2347 5256 si
2377 5202 2650 5259 dixisset:
2684 5206 2812 5259 Non
2840 5208 2930 5258 est
2956 5203 3039 5260 ita
3064 5209 3129 5261 ut
3161 5204 3371 5260 dicitis.
3405 5206 3628 5262 Invidit
3658 5209 3913 5286 itaque

2184 5292 2357 5347 vobis
2388 5295 2541 5347 Deus
2569 5309 2743 5347 suam
2767 5293 3040 5362 gloriam,
3060 5298 3118 5349 et
3142 5293 3918 5373 dignitatem,propterea

2184 5380 2356 5436 vobis
2384 5380 2498 5436 ista
2521 5383 2821 5453 prmcepit.
2857 5381 2972 5439 Scit
2987 5383 3146 5438 enim
3179 5384 3340 5455 quia,
3368 5384 3418 5438 si
3445 5388 3912 5464 comederitis,

2187 5468 2409 5524 similes
2438 5470 2489 5525 ei
2516 5470 2696 5539 eritis,
2731 5471 2982 5528 scientes
3015 5471 3244 5528 bonum
3275 5477 3332 5528 et
3360 5473 3623 5531 malum.
3655 5480 3914 5542 Melius

2184 5557 2499 5614 consilium
2510 5558 2693 5615 dabo:
2710 5560 3092 5627 Comedite,et
3110 5564 3645 5632 aperienturoculi
3658 5578 3918 5647 vestri,

2184 5651 2242 5702 et
2267 5647 2515 5721 reliqua.
2549 5652 2760 5718 Magna
2789 5650 3097 5721 promittit,
3114 5656 3181 5706 ut
3205 5650 3437 5706 facilius
3453 5651 3761 5726 decipiat.
3790 5664 3929 5723 Ait,

2187 5734 2351 5794 enim
2370 5752 2383 5790 :
2408 5744 2462 5793 et
2477 5739 2829 5807 aperientur
2848 5740 3220 5799 oculiveslri.
3235 5738 3451 5796 Adhoc
3467 5747 3801 5814 persuasit
3826 5768 3883 5810 ιι
3894 5762 3926 5814 t
