3944 6428
85 257 171 309 137

1468 248 1820 306 ΟΟΜΗΕΝΤ.
1860 250 1928 305 ΙΝ
1969 249 2128 305 GEN.

3406 258 3506 314 138

80 376 180 431 sub
208 377 321 431 Deo
351 388 487 430 esse
517 373 764 442 nollent,
808 374 960 429 sicut
994 373 1124 447 ipse
1168 389 1298 430 esse
1344 371 1723 445 contempsit.
1756 373 1808 428 Α
1836 369 2122 428 latentem
2142 374 2170 429 ?
2195 376 2359 430 Nova
2388 388 2628 448 semper
2649 374 2972 449 inquirere,
2998 379 3056 434 et
3074 376 3220 435 boni
3241 377 3507 453 malique

82 466 226 521 Libet
288 464 587 536 inquirere
656 481 845 537 quare
921 463 1209 521 diabolus
1286 469 1409 521 tam
1474 463 1725 519 infestus

76 554 274 611 exstitit
302 553 621 609 hominum
651 554 827 609 saluti
853 555 881 609 ?
934 553 1214 610 Videlicet
1241 559 1488 627 propter
1516 552 1727 609 odium

75 646 124 701 in
156 648 507 714 Creatorem,
552 650 608 699 et
656 644 946 699 invidiam
987 644 1051 699 in
1096 644 1428 707 hominem,
1477 648 1534 700 et
1586 643 1724 698 des-

71 732 422 807 perationem
453 748 580 789 suaa
611 732 840 788 salutis.
872 732 1182 806 Sequitur:

137 826 289 878 Vens.
320 827 371 879 6.
400 854 468 863 -—
507 824 663 879 Vidit
697 824 886 893 igitur
906 825 1126 879 mulier
1155 824 1315 896 quod
1340 823 1558 879 bonum
1579 828 1723 879 esset

74 916 286 984 tignum
314 913 396 968 ad
424 913 796 979 vescendum,
826 917 884 968 et
912 913 1164 986 reliqua.
1195 914 1315 969 Cur
1342 911 1556 968 mulier
1585 926 1724 967 con-

70 1002 333 1059 διαίθιοᾶνὶι
356 1002 593 1073 lignum
624 1007 763 1075 post
791 1001 1087 1075 serpentis
1117 1001 1623 1075 persuasionem?
1654 1002 1725 1056 Ut

68 1092 386 1166 exploraret
413 1092 461 1147 si
486 1092 635 1165 quid
661 1091 721 1147 in
754 1106 824 1147 eo
857 1090 1232 1147 mortiferum
1266 1096 1441 1158 esset,
1483 1095 1544 1146 et
1571 1090 1721 1145 dum

67 1182 203 1238 nihil
227 1181 289 1237 in
315 1197 386 1237 eo
419 1180 535 1237 tale
562 1187 808 1253 aspectu
841 1180 1081 1251 reperit,
1127 1179 1531 1236 conﬁdentius
1577 1194 1718 1247 gus-

71 1271 219 1328 tavit.
277 1272 440 1326 Tulit
473 1270 550 1327 de
569 1271 783 1340 fructu
814 1270 1006 1341 illius,
1060 1276 1115 1327 et
1146 1271 1397 1327 comedit
1442 1269 1722 1339 deditque

68 1363 183 1417 viro
209 1376 336 1417 suo.
384 1359 526 1415 ideo
562 1359 650 1415 vir
676 1359 980 1415 consensit
1023 1359 1282 1422 feminae,
1331 1364 1394 1415 ut
1444 1357 1719 1414 nonnulli

65 1450 276 1519 dicunt,
297 1449 445 1523 quia
467 1450 617 1505 forte
640 1449 802 1505 illam
827 1453 1128 1506 mortuam
1153 1465 1274 1506 non
1305 1449 1448 1505 vidit
1467 1464 1539 1505 ex
1562 1448 1714 1504 cibo.

66 1544 123 1596 Et
149 1540 333 1613 potuit
362 1539 491 1595 ﬁeri
525 1544 589 1595 ut
612 1540 956 1613 putaverint
978 1539 1235 1611 alicujus
1264 1538 1718 1611 signiﬁcationis

65 1647 232 1687 causa
269 1629 494 1685 dixisse
526 1631 902 1686 Creatorem:
969 1630 1026 1687 Si
1081 1629 1588 1687 manducaveritis
1646 1645 1719 1684 ex

65 1738 143 1791 eo,
172 1726 358 1778 morte
389 1720 751 1792 moriemini,
779 1727 835 1777 et
863 1720 1003 1777 ideo
1030 1721 1441 1778 comederunt.

126 1814 281 1867 Vens.
313 1816 365 1866 7.
396 1842 471 1851 —
499 1812 617 1880 Qui
640 1812 915 1879 comedit,
943 1818 997 1868 et
1022 1813 1222 1882 aperti
1243 1817 1383 1868 sunt
1409 1814 1572 1869 oculi
1589 1828 1717 1870 am-

66 1902 274 1957 borum.
328 1900 416 1956 Ad
481 1899 631 1974 quid
688 1900 878 1972 aperti
935 1901 1133 1958 sunt?
1199 1901 1486 1973 Nunquid
1538 1908 1717 1959 antea

64 1991 189 2047 CtBCi
242 1992 469 2048 erant?
527 1991 781 2049 Minime.
841 1990 959 2049 Sed
1017 1991 1207 2064 aperti
1262 1995 1406 2047 sunt
1456 2006 1579 2046 non
1638 1990 1714 2046 ad

61 2079 393 2149 videndum,
473 2079 582 2137 sed
634 2079 713 2137 ad
765 2080 1233 2136 discernendum
1281 2079 1433 2135 inter
1482 2078 1716 2135 bonum

61 2170 211 2243 quod
251 2171 603 2233 amiserant,
649 2175 707 2227 et
752 2170 985 2227 malum
1032 2169 1114 2226 ad
1155 2169 1321 2243 quod
1354 2167 1712 2226 ceciderant.

63 2262 163 2316 Seu
207 2259 382 2317 etiam
434 2259 631 2333 aperti
677 2264 816 2316 sunt
863 2258 1021 2316 oculi
1066 2275 1280 2315 eorum
1326 2258 1406 2315 ad
1456 2257 1713 2314 invicem

63 2348 623 2421 concupiscendum.
675 2348 843 2422 quod
899 2348 1082 2405 etiam
1133 2348 1212 2404 ad
1265 2364 1514 2421 poenam
1573 2362 1714 2403 mox

62 2444 184 2512 post
210 2444 528 2512 peccatum
559 2439 779 2495 evenit.
826 2437 1015 2511 Culpa
1057 2438 1286 2511 quippe
1317 2437 1526 2494 oculos
1569 2452 1712 2493 con-

63 2528 421 2600 cupiscentiae
448 2528 707 2600 aperuit,
757 2543 914 2601 quos
965 2526 1310 2583 innocentia
1346 2527 1583 2583 clausos
1637 2531 1713 2582 te-

63 2617 243 2674 nebat.
274 2618 375 2674 Hic
404 2617 573 2674 enim
601 2617 941 2674 ostenditur
972 2616 1227 2690 qualiter
1254 2616 1535 2673 diabolus
1565 2632 1709 2672 con-

1838 461 2148 518 scientiam
2179 468 2490 536 penetrare
2522 465 2774 522 debetis.

1909 552 2177 624 Cumque
2206 557 2617 625 cognovissent
2642 572 2703 613 se
2730 572 2853 614 esse
2881 558 3096 625 nudos,
3139 566 3507 618 consuerunt

1832 643 1990 712 folia
2016 643 2188 713 ﬁcus,
2217 650 2273 701 et
2290 646 2570 714 fecerunt
2594 647 2713 703 sibi
2729 649 3123 719 perizomata,
3151 648 3244 706 vel
3267 649 3507 706 subcin-

1834 731 2040 801 ctoria,
2073 733 2168 789 vel
2196 736 2583 808 campestria,
2629 735 2782 793 sicut
2827 737 2947 794 alia
2985 736 3295 796 translatio
3337 738 3502 797 dicit.

1831 823 2254 892 Cognoverunt
2283 840 2343 879 se
2374 824 2594 891 nudos,
2642 841 2680 882 a
2709 828 2901 896 gratia
2931 827 3173 896 scilicet,
3222 844 3348 902 qua
3389 828 3504 886 illis

1829 909 2016 967 ﬁebat
2044 916 2109 967 ut
2135 912 2379 969 nuditas
2434 915 2703 987 corporis
2751 916 2919 972 nulla
2972 931 3186 973 eorum
3236 920 3503 974 mentem

1828 998 1959 1070 lege
2006 1002 2236 1074 peccati
2272 1007 2714 1073 repugnantem
2764 1006 3178 1062 confunderet.
3241 1006 3502 1065 Consue-

1830 1091 2154 1160 runtfolia
2181 1092 2350 1160 ﬁrus,
2407 1094 2611 1166 utique
2660 1093 3068 1153 inobedientia
3124 1112 3249 1153 suae
3304 1096 3503 1155 carnis

1829 1178 2085 1235 confusi.
2117 1181 2274 1236 Bene
2303 1180 2506 1255 itaque
2548 1198 2623 1237 ex
2664 1181 2822 1238 foliis
2866 1183 3018 1239 ﬁcus
3050 1200 3113 1239 se
3146 1189 3353 1256 tegunt
3392 1187 3499 1257 [Z.,

1828 1272 2168 1338 tenuerunt)
2194 1289 2206 1337 ;
2242 1269 2384 1327 folia
2413 1271 2565 1328 ﬁcus
2594 1272 2822 1345 quippe
2849 1273 3175 1344 designant
3200 1276 3501 1349 pruritum

1828 1358 2045 1429 carnis,
2075 1376 2199 1433 quo
2223 1360 2355 1431 jam
2386 1361 2716 1418 urebantur
2744 1370 2881 1435 post
2904 1368 3240 1436 peccatum.
3266 1366 3498 1423 Amise-

1824 1452 1968 1505 runt
1994 1449 2155 1505 enim
2186 1449 2442 1520 gloriam
2472 1450 2761 1524 simplicis
2805 1452 3091 1509 castitatis
3137 1455 3242 1525 [Z.,
3276 1454 3500 1527 simpli-

1828 1538 2018 1595 citatis
2048 1543 2105 1595 et
2133 1542 2328 1614 cast],
2369 1545 2425 1597 et
2452 1540 2589 1597 ideo
2620 1542 2699 1599 ad
2727 1542 3033 1616 duplicem
3062 1543 3330 1601 libidinis
3358 1560 3499 1618 pru-

1824 1628 2080 1697 riginem
2118 1631 2538 1702 confugerunt,
2585 1632 2647 1687 id
2689 1637 2797 1703 est,
2843 1633 2988 1706 quia
3017 1639 3235 1691 aestum
3264 1635 3500 1693 ardoris

1749 1737 1790 1792 Β
1826 1733 2009 1790 quem
2033 1719 2415 1792 patiebantur
2436 1721 2499 1776 in
2523 1725 2741 1790 mente,
2765 1738 2839 1777 ex
2859 1722 3016 1779 foliis
3036 1723 3156 1792 ﬁci,
3180 1742 3255 1781 ex
3275 1723 3499 1798 quibus

1826 1807 2118 1881 probatur
2146 1810 2327 1867 ardor
2356 1811 2598 1868 excitari
2640 1811 2702 1867 in
2752 1827 3025 1885 corpore,
3083 1814 3345 1885 tegendo
3388 1814 3501 1871 du-

1825 1897 2220 1970 plicaverunt.
2243 1900 2510 1957 Tradunt
2537 1916 2805 1975 namque
2833 1902 2886 1958 si
2914 1902 3193 1975 virgulta,
3217 1921 3325 1961 seu
3354 1902 3499 1963 folia

1823 1986 1972 2043 ﬁcus
2001 1988 2138 2061 quis
2166 1988 2460 2057 inciderit,
2493 1990 2659 2062 quod
2690 1989 2891 2064 liquor
2917 1992 3098 2065 quasi
3124 1992 3218 2049 lac
3252 1996 3500 2051 emanat

1824 2076 1885 2132 in
1932 2077 2188 2133 modum
2228 2078 2410 2147 virus,
2454 2078 2718 2135 hominis
2766 2081 2947 2137 etiam
2994 2080 3263 2137 incendit
3295 2086 3496 2140 cutem

1824 2170 2005 2238 atque
2054 2166 2172 2223 urit
2219 2167 2575 2224 humanam.
2634 2170 2696 2224 Et
2742 2168 2900 2238 ideo,
2957 2169 3260 2243 inquiunt,
3315 2170 3496 2243 signi-

1824 2255 2008 2313 ficant
2077 2258 2451 2330 pruriginem
2511 2262 2568 2315 et
2638 2258 2919 2316 ardorem
2973 2259 3261 2318 libidinis.
3326 2262 3494 2319 Unde

1824 2346 2124 2404 aestimant
2166 2348 2331 2420 quod
2375 2364 2449 2404 ex
2496 2348 2612 2405 hac
2664 2348 2881 2407 arbore
2934 2351 3186 2408 vetitum
3236 2367 3495 2425 pomum

1823 2436 2167 2506 attigerunt.
2198 2441 2453 2493 Possunt
2490 2438 2695 2509 etiam,
2736 2439 2911 2511 juxta
2958 2440 3306 2512 nonnullos,
3352 2440 3495 2499 folia

1821 2525 1974 2581 ﬁcus
2027 2543 2238 2584 amara
2283 2528 2757 2585 amaritudinem
2807 2529 3084 2587 vindictae
3128 2530 3489 2601 signiﬁcare.

1823 2615 2171 2688 Spiritaliter
2208 2616 2363 2673 foliis
2389 2618 2541 2673 ﬁcus
2572 2634 2633 2673 se
2666 2623 3015 2690 contegunt,
3059 2620 3166 2693 qui
3199 2620 3492 2677 saeculum

58 2712 133 2761 tra
155 2707 415 2779 primum
454 2706 770 2763 hominem
818 2705 880 2762 in
930 2705 1119 2763 tribus
1169 2705 1596 2763 tentationibus
1647 2721 1709 2760 se
1818 2721 2108 2778 asperum
2139 2706 2604 2779 amplectuntur,
2655 2708 2762 2781 qui
2808 2709 3115 2782 prurigine
3163 2710 3490 2784 voluptatis

57 2796 255 2865 erexit;
306 2797 455 2871 quia
504 2796 670 2852 hunc
726 2795 1000 2852 videlicet
1052 2796 1215 2867 gula,
1272 2811 1433 2852 vana
1493 2794 1704 2866 gloria,
1817 2795 2076 2852 carnalis
2112 2801 2378 2865 utuntur,
2424 2796 2650 2871 quique
2693 2799 2929 2872 decepti
2966 2800 3245 2858 haeretica
3293 2800 3495 2874 pravi-

57 2886 298 2958 avaritia,
331 2886 606 2953 tentavit,
640 2885 746 2941 sed
776 2885 1065 2942 tentando
1090 2886 1430 2957 prostravit.
1456 2888 1538 2941 Ex
1563 2884 1707 2957 gula
1818 2887 1953 2951 tate,
1987 2890 2043 2941 et
2083 2884 2276 2956 gratia
2319 2886 2530 2943 Christi
2572 2887 2804 2956 nudati,
2839 2892 3196 2959 tegumenta
3240 2889 3497 2948 menda-

57 2977 292 3043 tentavit,
342 2992 486 3033 cum
543 2976 749 3032 cibum
793 2974 938 3045 ligni
988 2976 1089 3046 [Z.,
1140 2974 1398 3045 lignum]
1453 2975 1704 3033 vetitum
1813 2972 2045 3030 ciorum
2103 2978 2396 3047 tanquam
2444 2975 2586 3032 folia
2631 2976 2784 3032 ﬁcus
2830 2976 3140 3048 colligunt,
3199 2978 3491 3036 facientes

56 3066 302 3133 ostendit,
348 3071 536 3139 atque
579 3064 660 3121 ad
690 3064 1138 3121 comedendum
1171 3065 1380 3130 suasit,
1413 3080 1555 3121 cum
1580 3065 1697 3122 ait:
1731 3096 1773 3151 ο
1812 3062 2207 3118 succinctoria
2236 3064 2570 3135 pravitatis,
2613 3081 2755 3121 cum
2783 3066 2858 3121 de
2888 3066 3145 3123 Domino
3169 3067 3265 3123 vel
3292 3067 3489 3124 Eccle-

57 3152 342 3212 Comedite.
408 3158 493 3211 Ex
541 3170 705 3210 vana
756 3159 961 3210 autem
1019 3153 1210 3223 gloria
1260 3153 1526 3222 tentavit,
1560 3170 1701 3211 cum

55 3244 204 3300 dixit:
233 3246 420 3301 Eritis
442 3246 604 3301 sicut
631 3245 738 3301 dii.
773 3248 839 3300 Et
864 3261 937 3300 ex
963 3244 1216 3300 avaritia
1245 3243 1513 3315 tentavit,
1559 3260 1700 3301 cum

54 3334 352 3405 subjunxit,
380 3336 638 3392 scientes
666 3334 884 3390 bonum
914 3341 970 3391 et
998 3336 1249 3391 malum.
1285 3334 1545 3391 Avaritia
1574 3350 1699 3391 non

56 3425 221 3481 solum
246 3426 519 3497 pecunize
564 3429 674 3491 est,
718 3425 820 3480 sed
852 3424 1034 3480 etiam
1061 3423 1407 3481 altitudinis.
1467 3426 1535 3481 ln
1584 3424 1703 3481 hoc

54 3513 299 3572 diabolus
350 3516 430 3573 ad
490 3514 846 3587 superbiam
906 3514 1101 3583 traxit,
1178 3513 1350 3587 quod
1408 3530 1548 3571 eum
1621 3514 1700 3570 ad

54 3606 332 3661 avaritiam
364 3604 758 3662 sublimitatis
790 3604 1085 3661 excitavit.
1141 3603 1309 3661 Unde
1347 3608 1560 3678 postea
1606 3620 1699 3661 se-

55 3694 290 3751 cundum
328 3696 549 3762 Adam,
605 3694 923 3751 Dominum
979 3694 1249 3751 videlicet
1288 3710 1359 3751 ac
1401 3693 1699 3769 Redemp-

56 3790 214 3840 torem
241 3792 541 3852 nostrum,
575 3784 671 3839 his
706 3783 1134 3840 tentationibus
1163 3784 1411 3855 aggredi
1442 3790 1698 3842 conatus

56 3879 140 3943 est,
193 3875 293 3931 sed
334 3874 573 3932 eisdem
614 3873 815 3930 modis
871 3872 1146 3930 devictus
1184 3874 1523 3931 succubuit.
1577 3879 1696 3933 Nos

54 3966 205 4020 etiam
248 3964 518 4038 quotidie
570 3964 666 4020 his
714 3964 904 4020 tribus
950 3963 1442 4035 suggesﬁonibus
1487 3964 1695 4039 pulsa-

54 4068 197 4109 mur:
228 4056 637 4126 suggestione,
656 4053 1068 4121 delectatione,
1098 4069 1436 4123 consensu;
1469 4061 1529 4112 et
1554 4071 1696 4112 cum

52 4148 332 4214 tentamur,
360 4144 730 4217 plerumque
759 4144 820 4199 in
850 4141 1332 4213 delectationem,
1377 4148 1482 4201 aut
1513 4144 1694 4201 etiam

51 4230 97 4287 in
142 4251 524 4303 consensum,
585 4233 759 4289 sicuti
802 4237 1085 4307 parentes
1137 4233 1347 4300 nostri,
1405 4232 1690 4303 labimur,

51 4325 164 4392 quia
190 4326 259 4381 de
289 4326 491 4382 carnis
541 4329 797 4399 peccato
838 4322 1160 4397 propagati
1207 4323 1270 4379 in
1314 4323 1494 4379 nobis
1545 4324 1693 4399 ipsis

54 4413 296 4481 gerimus,
346 4414 514 4471 unde
545 4413 882 4470 certamina
912 4412 1313 4469 tentationum
1342 4411 1687 4469 toleramus.
1723 4452 1769 4507 Ι)

55 4502 139 4556 Sed
164 4504 309 4573 ideo,
354 4510 423 4562 ut
470 4503 709 4560 dictum
741 4506 849 4570 est,
906 4502 1199 4559 Dominus
1242 4502 1455 4558 tentari
1507 4502 1693 4560 voluit

51 4588 189 4657 juxta
216 4592 395 4651 ﬁdem
428 4591 920 4663 Evangeliorum,
962 4595 1030 4647 ut
1068 4593 1308 4648 nostras
1334 4591 1690 4649 tentationes

55 4680 150 4735 suis
162 4683 590 4740 tentationibus
610 4681 975 4749 devinceret,
990 4684 1048 4736 et
1067 4680 1268 4754 ipsum
1287 4695 1535 4754 quoque
1553 4681 1692 4739 hos-

56 4771 147 4825 tem
167 4771 408 4830 humani
430 4772 676 4844 generis
700 4786 738 4827 a
769 4770 930 4828 fastu
955 4786 1082 4826 suae
1106 4769 1405 4844 superbire
1428 4774 1693 4844 prostra-

55 4863 135 4914 ret.
158 4860 407 4936 Denique
421 4861 524 4918 hic
545 4858 891 4918 notandum
906 4863 999 4916 est
1018 4857 1164 4933 quia
1183 4862 1322 4916 ante
1342 4860 1692 4933 praevarica-

56 4945 256 5018 tionem,
286 4950 580 5017 hominis,
608 4949 970 5023 priusquam
999 4963 1063 5006 se
1087 4947 1267 5006 morti
1294 4948 1689 5024 manciparet,

58 5049 150 5093 non
173 5045 289 5097 erat
314 5040 571 5098 inimico
601 5043 890 5113 potestas,
941 5037 1023 5095 ad
1064 5038 1278 5110 [Petr.,
1312 5054 1374 5095 se
1401 5039 1503 5111 ad]
1544 5040 1691 5097 inte-

59 5123 179 5183 riora
202 5128 459 5187 hominis
490 5127 806 5200 accedere,
853 5132 914 5185 et
968 5127 1361 5203 cogitationes
1406 5127 1691 5187 adversas

59 5211 289 5277 inserere.
334 5219 454 5277 Sed
503 5224 837 5293 postquam
881 5234 1025 5275 eum
1067 5232 1176 5292 per
1214 5222 1553 5292 serpentem
1581 5219 1691 5277 cir-

61 5310 330 5379 cumvenit,
367 5312 742 5385 potestatem
770 5308 832 5365 in
871 5324 1012 5365 eum
1060 5307 1294 5381 accepit
1332 5311 1398 5364 ut
1441 5308 1691 5366 interius

62 5392 294 5462 μύτιδι-αι.
325 5403 477 5458 Nam
505 5399 688 5471 juxta
715 5396 1162 5471 metaphoram,
1208 5400 1404 5470 potest
1434 5397 1689 5455 callidus

65 5495 258 5556 Serpens
284 5488 717 5547 haereticorum
738 5486 1022 5545 astutiam
1048 5484 1391 5557 designare,
1434 5487 1540 5562 qui
1579 5488 1691 5545 illi-

67 5571 148 5629 cita
170 5579 492 5638 curiositate
522 5582 760 5636 secreta
781 5578 903 5647 Dei,
928 5593 1068 5652 qua
1094 5593 1132 5634 a
1158 5578 1381 5634 nostris
1410 5579 1690 5636 sensibus

69 5670 170 5720 sunt
186 5675 417 5739 remota,
452 5667 772 5741 tangenda
797 5668 1076 5735 suadent,
1102 5670 1397 5740 tanquam
1419 5682 1685 5741 serpens,

1811 3150 1904 3207 sia
1928 3151 2319 3208 mentiuntur.
2352 3153 2630 3225 Sequitur
2654 3170 2666 3209 :
3348 3221 3352 3224 ,

1883 3242 2054 3299 Vens.
2097 3244 2150 3297 8.
2182 3273 2252 3283 —
2280 3242 2358 3297 Et
2386 3258 2520 3299 cum
2551 3243 2856 3300 audissent
2883 3260 3081 3301 vocem
3106 3245 3355 3301 Domini
3374 3247 3487 3302 Dei

1808 3331 2336 3389 deambulantisin
2363 3335 2652 3402 paradiso
2703 3334 2785 3390 ad
2822 3350 3063 3402 auram,
3108 3340 3167 3391 et
3222 3334 3485 3408 reliqua.

1809 3423 1961 3489 Quid
1992 3428 2080 3479 est
2118 3422 2280 3479 enim
2319 3422 2487 3495 quod
2534 3429 2673 3496 post
2725 3429 3043 3496 pascatum
3102 3424 3371 3480 hominis
3422 3424 3486 3482 in

1806 3512 2098 3587 paradiso
2128 3512 2419 3569 Dominus
2450 3529 2571 3569 non
2603 3520 2780 3577 stare,
2836 3514 2943 3570 sed
2994 3513 3343 3571 ambulasse
3374 3515 3483 3586 [Z.,

1805 3602 2140 3674 ambulare]
2171 3601 2404 3669 dicitur,
2436 3602 2550 3658 nisi
2581 3603 2748 3676 quod
2789 3603 3050 3660 irruente
3098 3604 3280 3676 culpa
3330 3620 3394 3661 se
3447 3620 3485 3662 a

1806 3694 1986 3752 corde
2016 3692 2280 3750 hominis
2319 3694 2631 3750 recessisse
2671 3694 3080 3751 ostendebat?
3130 3694 3324 3752 Etiam
3370 3710 3481 3768 per

1803 3784 1921 3841 hoc
1949 3782 2292 3841 instabilem
2321 3784 2673 3854 ejectionem
2702 3799 2916 3840 eorum
2954 3783 3030 3840 de
3078 3783 3366 3856 paradiso
3398 3783 3481 3841 ad

1808 3875 2229 3933 mortalitatem
2269 3873 2748 3931 demonstrabat.
2789 3874 3035 3947 Tropice
3081 3890 3227 3930 vero
3271 3873 3482 3931 deam-

1804 3963 1976 4021 bulat
2004 3966 2160 4020 Deus
2184 3963 2320 4030 illis,
2359 3969 2417 4019 et
2446 3978 2570 4019 non
2600 3968 2735 4034 stat,
2784 3964 2896 4040 qui
2935 3963 3180 4021 stabiles
3228 3962 3291 4019 in
3339 3964 3476 4035 ejus

1801 4054 2117 4129 praeceptis
2172 4070 2296 4111 non
2346 4058 2756 4127 perseverant.
2810 4053 2975 4110 Unde
3033 4058 3478 4127 consequenter

1802 4144 2160 4215 adjunctum
2211 4149 2302 4199 est
2350 4144 2432 4200 ad
2487 4159 2704 4201 auram
2748 4149 2886 4213 post
2944 4144 3273 4201 meridiem.
3319 4142 3480 4202 Solet

1802 4234 1964 4291 enim
1991 4249 2164 4290 sacra
2194 4233 2497 4305 Scriptura
2526 4250 2633 4306 per
2664 4237 2891 4291 statum
2929 4234 3221 4308 temporis
3264 4234 3479 4291 merita

1802 4339 2127 4380 causarum
2153 4321 2538 4393 distinguere.
2586 4322 2744 4379 Bene
2782 4324 2945 4379 enim
2975 4324 3057 4380 ad
3090 4339 3307 4380 auram
3333 4329 3474 4394 post

1801 4414 2132 4476 meridiem,
2162 4410 2307 4485 quia
2336 4411 2518 4468 ardor
2546 4410 2852 4470 charitatis
2882 4412 3235 4470 abundante
3258 4412 3477 4487 iniqui-

1800 4505 1919 4559 tate
1949 4502 2011 4558 in
2039 4502 2126 4559 eis
2155 4500 2528 4573 refriguerat,
2575 4505 2633 4557 et
2677 4500 2782 4570 lux
2829 4502 3153 4560 ferventior
3203 4502 3473 4560 veritatis

1800 4592 2199 4663 abscesserat,
2230 4591 2867 4666 appropinquantibus
2904 4592 3180 4650 videlicet
3208 4592 3472 4650 tenebris

1800 4697 2095 4753 errorum,
2120 4686 2180 4738 et
2204 4684 2602 4755 peccatricem
2631 4682 2900 4741 animam
2924 4682 3057 4753 jam
3107 4681 3302 4754 culpae
3344 4696 3472 4737 sum

1802 4770 2018 4843 frigore
2070 4770 2591 4843 constringebant,
2658 4775 2716 4828 et
2775 4771 2891 4827 sub
2938 4769 3169 4844 peccati
3227 4767 3470 4838 umbra,

1797 4861 1975 4935 quasi
2005 4860 2119 4918 sub
2146 4859 2366 4931 frigore
2396 4876 2558 4918 auria
2590 4859 2902 4933 torpebat;
2956 4858 3109 4915 sicut
3147 4857 3223 4913 de
3252 4857 3470 4917 eodem

1797 4954 2086 5025 peccante
2122 4950 2367 5008 homine
2414 4950 2707 5023 scriptum
2764 4951 2856 5004 est
2909 4946 3057 5019 quia
3097 4950 3340 5004 secutus
3380 4951 3472 5007 est

1798 5040 2102 5098 umbram.
2137 5042 2285 5097 Ecce
2312 5039 2409 5096 hic
2438 5037 2773 5096 ostenditur
2796 5034 2965 5109 quod
2993 5035 3190 5094 Adam
3220 5037 3469 5098 meridie

1797 5126 2297 5198 transgressionis
2323 5130 2583 5181 mortem
2613 5122 2753 5180 huic
2785 5121 3018 5180 mundo
3042 5123 3257 5182 intulit.
3303 5125 3469 5183 Unde

1799 5215 2090 5273 Dominus
2140 5214 2295 5273 hora
2343 5217 2507 5271 sexta
2548 5228 2661 5286 pro
2714 5211 2931 5269 mundi
2974 5213 3098 5271 vita
3145 5213 3468 5270 cruciﬁxus

1798 5309 1907 5369 est,
1936 5304 2055 5362 hoc
2083 5307 2190 5372 est,
2222 5317 2533 5360 recessuro
2564 5316 2601 5358 a
2631 5304 2836 5358 centro
2862 5300 3079 5358 mundi
3104 5300 3253 5370 sole,
3279 5316 3472 5374 quan-

1799 5394 1880 5452 do
1908 5397 1967 5451 et
1983 5391 2202 5450 latroni
2230 5392 2353 5450 ait:
2406 5391 2601 5449 Hodie
2642 5405 2874 5448 mecum
2916 5391 3038 5447 eris
3074 5390 3140 5446 in
3178 5390 3468 5459 paradiso

1802 5487 1948 5554 (Luc
1973 5499 2129 5551 χχιιι,
2161 5482 2272 5555 43).
2298 5481 2562 5539 Rationis
2593 5480 2793 5552 igitur,
2825 5480 2949 5537 imo
2979 5478 3200 5537 divinas
3231 5479 3469 5553 pietatis

1800 5573 1951 5632 ordo
1976 5570 2287 5647 poscebat,
2326 5575 2393 5629 ut
2439 5570 2657 5629 eodem
2698 5568 2988 5643 temporis
3043 5568 3296 5628 articulo
3345 5587 3470 5645 quo

1803 5670 1943 5724 tunc
1972 5663 2115 5721 Adte
2144 5662 2419 5736 peccanti
2448 5662 2810 5731 obcluserat,
2837 5676 3001 5717 nunc
3028 5659 3248 5718 latroni
3277 5661 3475 5719 Domi-

69 5751 143 5823 qui
167 5755 419 5818 dicebat:
453 5764 580 5818 Cur
608 5757 895 5831 praecepit
922 5757 1080 5815 Deus
1123 5754 1433 5814 scientiam
1461 5756 1687 5821 habere
1775 5772 1895 5817 nus
1923 5754 2237 5831 pcenitenti
2258 5755 2519 5829 januam
2562 5752 2831 5830 paradisi
2878 5759 3199 5824 reserarat,
3246 5758 3307 5811 et
3348 5769 3476 5827 qua

304 5851 571 5909 ΡΑτιιοι..
618 5849 774 5905 CXV.
