3944 6416
418 256 519 315 £39

1516 244 1873 303 ANGELOMI
1908 240 2372 298 LUXOVIINSIB
2408 237 2721 297 IONACHI

3726 234 3811 290 140

415 383 568 439 hora
590 380 823 454 primus
848 378 1039 434 Adam
1062 373 1369 450 peccando
1392 371 1529 429 huic
1552 369 1781 425 mundo
1807 371 2061 423 mortem
2089 369 2140 423 Α
2165 365 2326 421 enim
2353 364 2686 454 nuditatem
2718 377 2892 454 suam
2930 375 3053 415 non
3094 357 3462 454 advertebat,
3510 357 3656 430 quia
3698 359 3810 429 ejus

418 473 746 540 invexerat,
796 469 1008 525 eadem
1059 467 1208 521 hora
1245 462 1545 520 secundus
1582 460 1774 516 Adam
1805 462 2060 514 mortem

417 560 736 618 moriendo
763 558 1107 614 destrueret.

491 650 605 709 Sed
632 648 918 723 queritur
939 656 1126 718 quare
1153 642 1439 699 Dominus
1459 639 1723 696 hominis
1744 640 2061 711 peccatum

416 754 526 815 per
554 741 818 811 seipsum
845 736 1085 807 expiare
1113 734 1318 803 voluit,
1356 737 1413 788 et
1440 745 1563 786 non
1592 744 1700 802 per
1730 724 2063 815 angelum?

418 813 577 897 ideo,
602 828 745 901 quia
763 838 888 883 non
911 824 1245 880 sufficiebat
1259 824 1437 879 unius
1459 820 1656 889 angeli
1679 818 1955 873 meritum
1983 813 2064 870 ad

414 919 886 991 redemptionem
916 916 1095 972 totius
1120 914 1369 969 humani
1405 911 1657 981 generis.
1691 913 1804 964 Nec
1832 912 2063 963 tantum

416 1009 651 1066 sceleris
677 1006 1024 1063 incurrisset
1060 1003 1340 1061 diabolus
1370 1003 1431 1057 in
1460 1016 1605 1057 nece
1636 998 1849 1067 angeli,
1875 1009 2064 1068 quan-

412 1105 540 1156 tum
565 1099 813 1156 incurrit
829 1098 891 1153 in
910 1110 1057 1153 nece
1079 1094 1391 1150 Creatoris.
1415 1093 1463 1148 Α
1476 1091 1739 1147 bscondit
1766 1103 1827 1143 se
1846 1087 2065 1153 Adam,

412 1198 467 1247 et
493 1204 655 1247 uxor
684 1191 812 1259 ejus
842 1189 907 1244 in
946 1185 1137 1242 medio
1179 1185 1332 1255 ligni
1356 1182 1650 1253 paradisi.
1704 1181 1877 1234 Juxta
1922 1176 2065 1231 litte-

411 1296 564 1349 ram,
592 1294 718 1352 prae
750 1276 939 1333 nimio
968 1273 1202 1347 pudore
1230 1273 1326 1328 vel
1355 1273 1564 1327 timore
1612 1270 1725 1325 hoc
1777 1267 2063 1322 fecerunt.

411 1371 526 1427 Sed
552 1368 701 1443 quid
733 1371 822 1422 est
846 1365 1011 1439 quod
1038 1370 1172 1434 post
1200 1362 1525 1427 meridiem,
1584 1360 1695 1415 nisi
1740 1358 1883 1430 quia
1928 1360 2063 1428 post

410 1460 604 1515 lucem
637 1454 905 1529 paradisi
933 1469 1003 1509 ac
1034 1451 1323 1509 felicitatis
1360 1452 1418 1505 in
1469 1450 1648 1518 hujus
1679 1446 1877 1501 smculi
1923 1444 2061 1500 cali-

413 1548 625 1617 ginosa
649 1543 888 1601 miseria
918 1557 980 1598 se
1010 1540 1504 1597 abscondcrunt‘?
1536 1540 1638 1608 [2,,
1673 1534 2060 1608 paradisiarie

411 1635 706 1693 felicitatis
735 1633 917 1704 hujus
948 1646 1084 1687 saec.
1120 1644 1180 1685 se
1218 1629 1407 1701 absc.]
1456 1628 1757 1699 Spir-aliter
1808 1640 1948 1680 vero
1998 1625 2057 1677 in

2165 454 2411 510 intentio
2442 453 2503 508 in
2533 450 2813 523 supernis
2840 455 2983 505 erat.
3022 452 3169 503 Nam
3198 448 3367 520 quod
3398 463 3464 502 se
3489 463 3527 503 a
3554 448 3652 503 Dei
3678 464 3810 519 prae-

2168 543 2360 598 sentia
2389 541 2681 598 abscondi
2712 556 2889 612 posse
2918 538 3194 611 putabat,
3254 542 3311 592 et
3363 536 3439 592 de
3493 536 3812 608 insipientia

2167 649 2348 706 poena
2377 632 2605 704 peccati
2630 630 2865 699 accidit,
2888 645 3029 684 eum
3051 628 3233 684 latere
3260 627 3409 683 velle
3437 643 3623 699 quem
3651 626 3811 682 latere

2167 721 2315 777 nihil
2346 724 2558 793 potest.

2239 811 2411 865 Vens.
2443 814 2527 866 tt.
2567 838 2638 850 -
2683 807 2799 864 Cui
2825 807 2981 863 dixit
3016 809 3199 863 Deus:
3239 806 3379 873 Quis
3407 806 3567 865 enim
3598 805 3810 860 indica-

2170 901 2252 955 vit
2277 899 2383 954 tibi
2410 898 2569 969 quod
2598 898 2794 952 nudus
2819 912 2967 952 esses
2989 900 3017 950 ?
3040 902 3149 951 etc.
3172 895 3310 950 ideo
3334 895 3418 949 sic
3435 899 3746 967 peccatum
3759 893 3811 948 il-

2168 986 2283 1042 lius
2302 987 2646 1043 examinare
2663 985 2866 1051 voluit,
2884 990 2948 1040 ut
2967 984 3209 1055 culpam
3228 1000 3401 1039 suam
3421 984 3810 1055 respiceret,et

2172 1076 2512 1133 conﬁtendo
2543 1079 2930 1143 cognosceret
2955 1090 3143 1145 quam
3173 1072 3352 1139 longe
3409 1088 3448 1128 a
3496 1071 3809 1128 Conditoris

2173 1166 2265 1221 sui
2312 1166 2459 1222 facie
2507 1166 2762 1221 abesset.
2812 1164 2925 1219 Sed
2973 1164 3260 1220 adhibere
3308 1162 3552 1218 sibimet
3600 1162 3810 1232 utrique

2173 1257 2273 1327 [7...
2306 1256 2531 1328 utique]
2575 1254 2942 1310 defensionis
2970 1252 3250 1309 solatium
3281 1269 3473 1325 quam
3504 1251 3808 1308 confessio-

2170 1344 2262 1399 nis
2290 1343 2613 1412 elegerunt.
2648 1342 2811 1398 Unde
2838 1347 2897 1397 et
2922 1341 3188 1413 sequitur
3213 1357 3227 1395 :

2240 1434 2405 1487 Vens.
2425 1437 2509 1486 t2.
2534 1462 2602 1472 -ο
2624 1432 2909 1500 Dixitque
2923 1430 3155 1484 Adam:
3169 1428 3395 1484 Mulier
3408 1444 3593 1498 quam
3618 1427 3813 1485 dediin

2169 1523 2410 1590 sociam,
2442 1521 2602 1576 dedit
2636 1521 2785 1576 mihi
2811 1520 2884 1575 de
2915 1520 3102 1587 ligno,
3154 1523 3209 1574 et
3240 1518 3491 1574 comedi.
3540 1520 3683 1581 Heu,
3723 1517 3809 1571 ubi

2169 1615 2481 1681 peccatum
2501 1610 2682 1663 linem
2701 1608 2922 1663 habere
2940 1606 3165 1671 debuit,
3190 1606 3274 1661 ibi
3294 1611 3693 1673 augmentum
3716 1621 3814 1660 cm-

410 1725 601 1781 medio
636 1725 788 1795 ligni
806 1693 1087 1791 paradisi
1114 1736 1175 1775 se
1206 1693 1545 1781 abscondit,
1596 1717 1700 1787 qui
1751 1730 1991 1770 aversus
2023 1729 2058 1767 a
2083 1720 2129 1777 Β
2169 1698 2252 1769 Pit
2277 1698 2306 1795 ί.
2342 1701 2467 1795 Νοῑξ
2510 1697 2670 1795 θηίξξὶ
2699 1696 2944 1767 ουλρᾶω
2974 1696 3055 1750 διά
3085 1694 3391 1795 831141.11“,
3424 1694 3533 1795 8(ίά
3561 1693 3812 1795 quodam

409 1781 722 1887 praeceptis
766 1781 1057 1867 Creatoris
1103 1809 1164 1864 in
1206 1810 1422 1864 erroris
1472 1806 1561 1861 sui
1615 1781 1793 1877 atque
1836 1802 2059 1858 arbitrii
2170 1784 2350 1887 ωοξῘο
2385 1784 2463 1840 ad
2494 1784 2829 1887 ωυῙίθξῚξξΠι
2875 1798 3063 1887 qualn
3115 1782 3408 1887 90min“
3440 1781 3725 1887 ’ἀεξξεξῐξλιν
3767 1786 3815 1834 εί

408 1902 817 1975 voluptatibus
843 1900 1005 1956 vivit.

477 1993 644 2047 Vens.
677 1992 730 2045 9.
765 2022 833 2030 —
873 1990 1231 2059 Vocavitque
1250 1988 1536 2042 Dominus
1564 1986 1718 2039 Deus
1744 1984 1960 2051 Adam,
2007 1989 2061 2038 et

406 2081 667 2137 dixitei:
708 2079 820 2135 Ubi
846 2092 903 2134 es
933 2083 959 2133 ?
1002 2082 1059 2133 et
1100 2076 1348 2149 reliqua.
1395 2074 1823 2145 Numquidnam
1856 2073 2060 2127 divina

406 2169 675 2242 potentia
704 2167 1007 2224 nesciebat
1028 2170 1163 2239 post
1183 2164 1423 2237 culpam
1455 2180 1660 2217 servus
1685 2164 1758 2218 ad
1782 2180 1916 2235 quzr
1939 2162 2063 2217 lati-

403 2257 547 2315 bula
570 2258 843 2329 fugerat?
870 2257 983 2314 Sed
1006 2256 1149 2328 quia
1165 2255 1310 2310 vidit
1331 2254 1389 2309 in
1408 2254 1647 2325 culpam
1673 2253 1910 2325 lapsum
1930 2252 2059 2322 jam

406 2349 518 2405 sub
543 2353 811 2422 peccato,
831 2347 994 2402 velut
1014 2346 1091 2402 ab
1110 2345 1298 2401 oculis
1322 2345 1578 2399 veritatis
1601 2343 2057 2409 absconditum;

403 2439 548 2511 quia
579 2438 855 2494 tenebras
886 2435 1103 2492 erroris
1125 2435 1255 2505 ejus
1275 2448 1397 2489 non
1424 2433 1741 2505 approbat,
1764 2434 1935 2505 quasi
1956 2433 2061 2487 ubi

404 2528 478 2583 sit
502 2531 803 2599 peccator,
835 2527 1090 2595 ignorat.
1122 2526 1393 2594 Eumque
1424 2528 1475 2577 et
1508 2527 1680 2577 vocat
1707 2527 1763 2577 et
1793 2522 2055 2594 requirit,

406 2615 646 2670 dicens:
686 2615 904 2681 Adam,
951 2614 1055 2668 ubi
1098 2616 1203 2668 es?
1248 2614 1353 2666 Per
1395 2612 1506 2666 hoc
1556 2612 1719 2681 quod
1750 2617 1945 2673 vocat,
1980 2612 2059 2666 si-

406 2717 595 2773 gnum
623 2702 732 2758 dat
759 2701 921 2775 quod
945 2701 1024 2757 ad
1051 2700 1463 2773 pmnitentiam
1495 2704 1753 2754 revocat.
1805 2703 1908 2754 Per
1946 2700 2058 2755 hoc

406 2806 548 2847 vero
566 2791 737 2864 quod
756 2788 1021 2862 requirit,
1044 2795 1245 2862 aperte
1272 2788 1533 2842 insinuat
1556 2788 1694 2859 quia
1718 2794 2059 2859 peccatores

402 2881 538 2951 jure
564 2878 952 2935 damnandos
984 2893 1107 2933 non
1140 2878 1393 2947 ignorat.
1422 2878 1481 2929 Et
1512 2877 1641 2931 ideo
1675 2876 1839 2931 illum
1872 2878 2059 2932 incre-

413 2969 619 3043 pando
651 2969 977 3025 admonere
1008 2968 1210 3031 voluit,
1245 2972 1311 3022 ut
1337 2966 1659 3021 attenticrct
1694 2966 1793 3021 ubi
1825 2973 1976 3023 esset
2006 2973 2062 3023 et

410 3057 570 3113 unde
599 3057 929 3114 cecidisset.
957 3057 1047 3113 Ait
1077 3056 1236 3112 enim
1261 3071 1275 3110 :
1313 3056 1425 3111 Ubi
1450 3056 1551 3109 es?
1584 3071 1650 3109 ac
1673 3056 1718 3109 si
1748 3061 1949 3127 aperte
1974 3057 2059 3112 di-
2096 3079 2138 3136 ρ

408 3152 597 3203 ceret:
657 3146 805 3203 Vide
853 3163 888 3204 a
927 3151 1155 3220 quanta
1189 3145 1473 3215 dignitate
1515 3144 1588 3200 ad
1634 3146 1798 3217 quod
1829 3146 2059 3203 malum

412 3236 1241 3308 corruistiTlncrepavitergo
1287 3234 1479 3290 Adam
1533 3236 1819 3290 Dominus
1861 3236 2064 3291 deam-

409 3324 649 3386 bulans,
700 3328 766 3381 ut
805 3324 1034 3381 dictum
1060 3329 1167 3391 est,
1200 3329 1265 3379 ut
1302 3324 1473 3379 ctecis
1515 3324 1815 3379 mentibus
1851 3325 2061 3397 nequi-

409 3414 553 3470 tiam
578 3429 754 3469 suam
783 3429 908 3470 non
938 3413 1159 3470 clausis
1187 3410 1586 3477 sermonibus,
1627 3412 1729 3467 sed
1752 3414 1935 3468 etiam
1970 3429 2060 3469 res

408 3502 525 3559 bus
541 3504 815 3577 aperiret,
846 3508 1148 3576 quatenus
1181 3506 1461 3572 peccator
1490 3500 1674 3555 homo
1700 3501 1895 3556 verbis
1931 3518 2063 3558 ma-

407 3593 533 3649 lum
561 3595 728 3667 quod
757 3596 1023 3665 gesserat
1049 3590 1315 3657 audiret;
1362 3595 1415 3645 et
1450 3606 1555 3662 per
1585 3590 2061 3648 ambulationem

404 3682 628 3738 amisso
656 3680 999 3737 aeternitatis
1024 3683 1205 3745 statu,
1235 3676 1648 3732 mutabilitatis
1676 3693 1796 3731 sum
1828 3679 2063 3733 incons-

402 3772 650 3827 tantiam
680 3775 969 3835 cerneret,
1018 3773 1075 3825 et
1111 3782 1220 3841 per
1248 3781 1458 3823 auram
1489 3766 1721 3821 fervore
1750 3767 2060 3824 charitatis

401 3860 672 3932 expulso,
712 3864 1018 3931 torporem
1054 3871 1235 3912 suum
1266 3853 1783 3921 animadverteret,
1838 3860 1899 3911 et
1953 3871 2061 3928 per

398 3946 856 4004 declinationem
900 3945 1065 4014 solis,
1106 3942 1272 4017 quod
1312 3942 1393 3997 ad
1424 3941 1700 3997 tenebras
1728 3945 2058 4016 appropin-

395 4039 628 4107 quaret,
660 4037 1031 4102 agnosceret.
1068 4031 1183 4089 Sed
1210 4030 1549 4086 notandum
1582 4035 1672 4085 est
1698 4032 1843 4102 quia
1875 4033 1923 4087 si
1952 4033 2053 4103 [Z.,

394 4136 510 4177 om.
544 4121 616 4191 si]
645 4121 810 4192 prius
839 4136 981 4177 cum
1012 4119 1126 4176 illis
1152 4118 1534 4191 loqu-ibatur,
1589 4118 1854 4175 fortassis
1905 4122 2057 4180 sicut

394 4208 645 4280 angelis,
677 4222 837 4263 nunc
860 4208 991 4279 jam
1019 4220 1123 4279 per
1142 4207 1476 4277 subjectum
1502 4212 1841 4265 creaturam
1866 4225 2053 4282 appa-

391 4296 583 4351 ruisse
608 4295 693 4350 eis
722 4293 1094 4351 credendum
1122 4298 1229 4350 est.
1262 4297 1462 4366 Neque
1492 4295 1651 4351 enim
1686 4296 1883 4352 Adam
1915 4302 2051 4370 post

390 4382 634 4455 culpam
660 4382 848 4438 Deum
885 4382 948 4437 in
992 4381 1327 4438 substantia
1355 4382 1679 4438 divinitatis
1708 4384 1909 4438 videre
1939 4400 2050 4456 po-

388 4471 519 4539 tuit,
553 4472 659 4527 sed
688 4471 1118 4545 increpationis
1138 4470 1325 4527 verba
1348 4486 1456 4543 per
1484 4472 1769 4541 angelum
1796 4472 2044 4529 audivit.

388 4560 502 4617 Sed
516 4559 832 4616 sciendum
847 4561 1095 4633 estquia
1112 4564 1366 4625 vocavit,
1382 4560 1489 4615 sed
1501 4576 1623 4616 non
1636 4561 1836 4616 statim
1853 4562 2044 4631 ejecit.

384 4649 484 4705 Hic
508 4648 710 4723 itaque
730 4649 1060 4719 ﬁguraliter
1085 4648 1421 4705 ostenditur
1436 4649 1584 4719 quia
1610 4648 1982 4721 quicumque
2006 4664 2045 4706 θ.

379 4735 499 4795 fide
514 4738 609 4794 vel
623 4737 800 4795 bonis
820 4737 1104 4811 operibus
1114 4736 1195 4793 ad
1210 4736 1530 4792 mendacia
1559 4735 2044 4793 suaetdesideria

377 4822 619 4896 labitur,
643 4842 769 4883 non
798 4825 978 4883 debet
997 4825 1339 4898 desperare,
1357 4822 1494 4879 licet
1511 4823 1915 4879 immensitate
1936 4824 2042 4879 cri-

377 4913 612 4970 minum
640 4916 720 4971 sit
745 4932 1094 4989 oppressus.
1140 4917 1271 4970 Non
1296 4911 1550 4983 despicit
1580 4914 1735 4967 Deus
1763 4917 2038 4984 peccato-

374 5015 492 5070 res,
520 5001 633 5056 sed
656 5003 856 5060 adhuc
887 5009 951 5060 ut
976 5003 1225 5060 redeant
1248 5016 1357 5073 per
1383 5000 1818 5072 poenitenu'am,
1841 5006 2035 5069 vocat,

374 5087 481 5161 qui
500 5102 622 5144 non
643 5091 773 5144 vult
794 5096 1044 5146 mortem
1061 5088 1417 5159 peccatoris,
1440 5088 1544 5144 sed
1561 5094 1626 5143 ut
1646 5095 2037 5145 convertatur

374 5183 427 5233 et
461 5178 623 5234 vivat
638 5178 876 5247 (Ezech.
903 5194 1020 5245 xxx,
1037 5178 1149 5248 23).
1170 5180 1236 5233 Et
1258 5176 1394 5233 ideo
1420 5192 1543 5232 non
1562 5176 2032 5250 desperandum,

371 5264 519 5322 dum
536 5264 655 5338 ipsi
672 5263 747 5339 [Ζ.
758 5264 1393 5337 ,desperandum.lpsi,
1408 5265 1543 5337 etc]
1559 5265 1750 5337 impii,
1763 5266 1866 5338 qui
1878 5283 2038 5323 mor-

369 5355 489 5408 tem
511 5352 859 5423 intulerunt,
884 5351 962 5408 ad
994 5367 1166 5424 spem
1197 5351 1580 5421 indulgentiae
1604 5360 2028 5425 provocamur.

441 5442 608 5497 Vens.
635 5445 722 5496 t0.
759 5472 831 5482 —
867 5442 983 5509 Qui
1004 5443 1128 5498 ait:
1169 5443 1372 5499 Vocem
1400 5448 1566 5499 tuam
1586 5445 1794 5500 audivi
1823 5446 1886 5500 in
1906 5460 2027 5513 pa-

365 5528 591 5599 radiso,
614 5535 669 5584 et
696 5530 892 5597 timui,
929 5545 994 5587 eo
1024 5532 1182 5603 quod
1204 5534 1402 5589 nudus
1428 5548 1632 5601 essem,
1658 5540 1711 5589 et
1740 5534 2030 5591 abscondi

364 5631 475 5672 me.
498 5616 823 5675 Miserrimo
850 5634 1065 5689 genere
1088 5622 1417 5694 respondit,
1449 5622 1627 5695 quasi
1657 5621 1793 5678 ideo
1832 5624 2025 5695 possit

2168 1879 2398 1930 reatum
2430 1890 2608 1928 suum
2639 1873 2882 1945 oblique
2909 1873 2969 1927 in
3000 1876 3318 1927 Auctorem
3351 1871 3586 1940 redegit
3606 1872 3707 1941 {Z.,
3738 1886 3814 1924 re-

2167 1962 2316 2036 diit],
2356 1962 2460 2035 qui
2490 1962 2541 2017 ei
2574 1962 2751 2018 talem
2793 1961 3021 2017 sociam
3058 1960 3326 2027 dederat,
3368 1959 3536 2015 unde
3593 1958 3813 2014 occasio

2165 2050 2393 2122 peccati
2422 2054 2593 2106 esset.
2646 2048 2809 2104 Unde
2840 2064 2999 2105 nunc
3038 2063 3284 2120 quoque
3308 2047 3569 2103 humani
3596 2046 3813 2117 generis

2167 2141 2318 2196 rami
2345 2156 2417 2194 ex
2455 2140 2567 2195 hac
2596 2138 2794 2196 adhuc
2826 2137 3027 2193 radice
3057 2136 3529 2194 amaritudinem
3562 2136 3811 2200 trahunt,

2168 2234 2223 2285 et
2250 2246 2390 2286 cum
2420 2229 2494 2285 de
2526 2228 2665 2285 vitio
2695 2244 2805 2285 suo
2828 2227 3085 2300 quisque
3115 2227 3405 2296 arguitur,
3458 2226 3576 2281 sub
3624 2226 3813 2282 defen-

2168 2318 2408 2372 sionum
2442 2316 2678 2387 umbra,
2728 2314 2902 2387 quasi
2951 2314 3063 2369 sub
3106 2315 3394 2386 quwdam
3431 2330 3495 2370 se
3538 2315 3814 2370 arborum

2168 2406 2307 2463 folia
2334 2405 2673 2462 abscondit.
2716 2409 2780 2460 in
2810 2421 2935 2477 qua
2962 2404 3235 2460 videlicet
3270 2403 3674 2460 occultatione
3707 2418 3814 2458 non

2168 2513 2229 2551 se
2260 2496 2534 2563 Domino,
2564 2495 2665 2550 sed
2704 2494 3023 2553 Dominum
3050 2493 3373 2549 abscondit
3399 2493 3539 2549 sibi.

2238 2588 2404 2641 Vsus.
2451 2589 2534 2641 t3.
2585 2615 2655 2625 —
2706 2586 2781 2639 Et
2821 2584 2976 2640 divit
3027 2585 3316 2639 Dominus
3356 2584 3437 2639 ad
3474 2585 3816 2640 mulierem:

2170 2676 2365 2742 Quare
2395 2676 2505 2731 hoc
2530 2675 2731 2743 [ec-isti
2758 2675 2786 2729 ?
2836 2675 2980 2740 Qute
3010 2673 3372 2741 respondens
3403 2674 3491 2729 ait
3516 2689 3539 2730 .'
3573 2678 3815 2741 Serpens

2167 2766 2393 2833 decepit
2440 2780 2546 2819 me.
2596 2764 2872 2820 Similiter
2919 2768 2975 2819 et
3020 2762 3235 2819 mulier
3281 2762 3530 2835 culpam
3584 2763 3815 2833 oblique

2168 2855 2245 2909 ad
2302 2858 2641 2910 Creatorem
2698 2859 3041 2924 retorquere
3096 2850 3305 2921 voluit,
3359 2868 3432 2908 eo
3493 2851 3667 2925 quod
3714 2852 3815 2907 illic

2166 2942 2384 2999 intrare
2443 2946 2781 3013 serpentem
2838 2941 3223 3013 permisisset.
3284 2941 3478 2997 Ecce!
3551 2941 3664 3007 Qui
3725 2955 3815 2996 ore

2167 3031 2393 3089 diaboli
2468 3031 2724 3086 fallentis
2794 3030 3159 3087 audierant:
3231 3030 3422 3085 Erilis
3495 3033 3652 3086 sicut
3720 3031 3813 3095 dii,

2167 3125 2480 3194 peccatum
2511 3125 2836 3187 excusant;
2876 3125 2934 3176 et
2973 3118 3222 3191 quando
3265 3121 3379 3175 Deo
3421 3119 3653 3175 similes
3698 3134 3815 3174 esse

2167 3210 2229 3265 in
2263 3209 2574 3266 divinitate
2613 3209 3032 3280 nequiverunt,
3082 3208 3161 3264 ad
3208 3208 3423 3265 erroris
3472 3210 3570 3264 sui
3622 3224 3818 3265 cumu-

2166 3297 2317 3366 lum,
2367 3299 2553 3355 Deum
2603 3298 2715 3353 sibi
2765 3298 3022 3354 similem
3066 3297 3260 3354 facere
3304 3297 3369 3355 in
3417 3298 3607 3370 culpa
3634 3296 3818 3355 conati

2169 3392 2325 3444 sunt.
2390 3389 2479 3445 Sic
2545 3401 2711 3455 ergo,
2760 3392 2827 3443 ut
2867 3387 2997 3457 jam
3044 3387 3321 3458 superius
3369 3385 3814 3461 descripsimus,

2167 3476 2316 3533 dum
2361 3477 2679 3533 defendere
2727 3482 3043 3549 peccatum
3094 3492 3276 3532 suum
3334 3476 3693 3547 moliuntur,
3740 3477 3817 3530 vir

2167 3581 2274 3639 per
2316 3566 2652 3633 mulierem,
2700 3565 2917 3622 mulier
2969 3580 3077 3637 per
3126 3571 3487 3637 serpentem,
3521 3567 3814 3627 auferunt,

2166 3656 2334 3731 quod
2398 3655 2749 3711 humilitatis
2821 3654 3195 3710 confessione
3261 3654 3459 3711 delere
3523 3660 3813 3727 poterant.

2169 3746 2332 3804 Unde
2361 3762 2522 3804 nunc
2568 3762 2757 3817 usque
2801 3744 2865 3800 in
2913 3761 3030 3801 usu
3067 3744 3448 3817 peccantium
3496 3747 3719 3815 agitur,
3762 3748 3816 3798 ut

2164 3836 2343 3909 culpa
2394 3853 2533 3892 cum
2582 3835 2868 3904 arguitur,
2920 3834 3298 3905 defendatur,
3349 3839 3407 3891 et
3451 3837 3621 3891 unde

2162 3926 2391 3992 debuit,
2420 3938 2618 3982 reatus
2646 3925 2786 3981 inde
2815 3924 3156 3981 cumuletur
3195 3928 3298 3996 [Z.,
3344 3930 3669 3997 peccatum
3706 3931 3814 3980 tra-

2161 4017 2338 4084 hitur,
2372 4021 2438 4072 ut
2464 4016 2663 4088 culpa,
2708 4015 2857 4072 dum
2905 4015 3121 4084 agitur,
3161 4014 3540 4086 defendatur,
3578 4022 3638 4072 et
3664 4015 3814 4071 unde

2159 4105 2316 4163 ﬁniri
2345 4106 2571 4171 debuit,
2605 4110 2803 4162 reatus
2842 4105 2980 4161 inde
3015 4104 3395 4176 cumuletur].
3448 4105 3560 4160 Hic
3612 4110 3814 4161 notan-

2158 4195 2306 4251 dum
2356 4200 2447 4251 est
2490 4194 2655 4267 quod
2706 4210 2888 4251 omne
2946 4200 3260 4267 peccatum
3299 4198 3568 4266 quatuor
3621 4194 3811 4250 modis

2155 4288 2529 4358 perpetretur
2574 4283 2637 4339 in
2685 4283 2887 4354 corde,
2934 4288 3196 4356 quatuor
3224 4283 3406 4340 etiam
3436 4284 3642 4340 modis
3672 4299 3810 4339 con-

2155 4378 2493 4429 summatur
2512 4372 2573 4427 in
2595 4388 2794 4444 opere.
2822 4377 2889 4428 ln
2914 4371 3097 4429 corde
3117 4387 3384 4444 namque
3407 4373 3806 4443 suggestione,

2154 4461 2565 4524 delectatione,
2593 4478 2913 4530 consensu,
2939 4468 2997 4519 et
3016 4462 3381 4519 defensionis
3402 4464 3667 4520 audacia
3684 4477 3809 4536 per-

2152 4556 2438 4623 petratur,
2481 4551 2635 4607 sicut
2678 4552 2774 4607 hic
2818 4551 3289 4608 demonstratur.
3338 4552 3423 4608 Fit
3459 4552 3627 4609 enim
3673 4566 3807 4620 sug-

2152 4641 2342 4712 gestio
2391 4657 2497 4713 per
2536 4641 2974 4712 adversarium,
3026 4641 3341 4698 delectatio
3383 4658 3493 4714 per
3543 4658 3804 4702 carnem.

2152 4746 2478 4787 consensus
2511 4747 2617 4803 per
2644 4731 2936 4803 spiritum,
2986 4730 3353 4787 defensionis
3400 4730 3664 4788 audacia
3705 4745 3807 4803 per

2148 4819 2491 4876 elationem.
2554 4820 2745 4893 Culpa
2807 4820 2990 4888 enim,
3064 4836 3203 4892 quas
3260 4826 3478 4877 terrere
3540 4825 3806 4877 mentem

2146 4909 2373 4980 debuit,
2432 4910 2677 4977 extollit,
2735 4915 2794 4966 et
2852 4909 3191 4980 dejiciendo
3244 4909 3460 4979 elevat,
3523 4910 3629 4966 sed
3680 4924 3807 4980 gra-

2143 4998 2276 5054 vius
2312 4997 2609 5055 elevando
2655 4997 3022 5070 supplantat.
3078 4998 3241 5055 Unde
3290 5003 3352 5055 et
3404 4997 3573 5055 illam
3631 4995 3805 5070 primi

2142 5087 2405 5144 hominis
2433 5088 2851 5145 rectitudinem
2892 5087 3179 5145 diabolus
3226 5088 3318 5143 his
3364 5092 3633 5161 quatuor
3678 5086 3803 5143 icti-

2140 5177 2259 5233 bus
2312 5178 2504 5249 fregit.
2558 5182 2709 5235 Nam
2766 5194 3017 5251 serpens
3075 5177 3281 5249 suasit,
3341 5181 3461 5234 Eva
3510 5177 3807 5236 delectata

2141 5272 2247 5335 est,
2292 5268 2489 5324 Adam
2533 5268 2858 5338 consensit,
2908 5268 3013 5340 qui
3059 5267 3241 5324 etiam
3289 5267 3615 5340 requisitus
3658 5281 3802 5323 con-

2136 5355 2290 5412 ﬁteri
2314 5357 2557 5429 culpam
2585 5373 2692 5429 per
2721 5357 3043 5413 audaciam
3075 5356 3285 5413 noluit.
3334 5359 3455 5412 Hoc
3498 5371 3712 5413 verum
3741 5354 3803 5410 in

2136 5445 2408 5502 humano
2430 5462 2644 5515 genere
2660 5447 2928 5520 quotidie
2948 5446 3168 5517 agitur,
3189 5445 3353 5519 quod
3375 5452 3581 5502 actum
3595 5447 3660 5502 in
3683 5444 3802 5518 pri-

2136 5550 2239 5590 mo
2270 5540 2517 5607 parente
2546 5552 2669 5592 non
2694 5537 3024 5606 ignoratur.
3078 5538 3332 5609 Serpens
3375 5535 3611 5602 suadet,
3657 5534 3802 5607 quia

2136 5626 2406 5681 occultus
2444 5626 2632 5683 hostis
2675 5627 2838 5683 mala
2880 5625 3164 5682 cordibus
3191 5626 3513 5682 hominum
3543 5624 3800 5681 latenter

362 5704 676 5777 displicere
694 5708 925 5781 nudus,
946 5710 1098 5768 sicut
1117 5727 1260 5769 eum
1280 5712 1522 5770 fecerat.
1534 5716 1685 5769 Ante
1706 5717 2023 5784 peccatum
2130 5715 2424 5785 suggerit.
2450 5719 2568 5774 Eva
2588 5715 2883 5774 delectata
2905 5718 3015 5782 est,
3037 5716 3183 5789 quia
3200 5714 3462 5773 carnalis
3485 5730 3703 5773 sensus
3720 5712 3798 5771 ad
