3944 6432
67 274 150 332 lit
1451 269 1735 329 ΟΟΜΜΕΝ

1934 267 2094 325 GEN.

3415 277 3517 330 142

61 396 232 454 verba
260 393 556 466 serpentis
581 407 727 452 mox
755 391 1134 450 delectationi
1166 391 1510 450 substernit.
1535 392 1728 448 Adam
1764 408 1814 462 Α
1845 397 1898 448 et
1929 399 1995 448 tu
2017 393 2398 452 insidiaberis
2419 394 2702 450 ealcaneo
2735 396 2882 464 ejus.
2910 396 3105 467 Caput
3147 394 3352 469 itaque
3397 413 3518 454 ser.

60 503 190 543 vero
219 500 538 546 assensum
581 482 859 556 praebuit,
891 484 1036 556 quia
1067 483 1214 540 dum
1254 499 1397 539 caro
1447 483 1508 538 in
1540 481 1732 538 delec-

61 578 332 634 tationem
383 574 640 645 rapitur,
680 571 862 630 etiam
907 587 943 628 a
991 589 1102 627 sua
1155 571 1509 629 rectitudine
1560 571 1732 644 spiri-

58 685 143 738 tus
171 664 510 722 infirmatus
539 661 882 718 inclinatur.
919 664 981 718 Et
1001 663 1324 733 requisitus
1359 661 1443 716 Ad
1458 677 1556 714 am
1592 677 1732 716 con-

58 755 202 814 ﬁteri
238 754 482 826 culpam
528 751 742 818 noluit,
795 751 942 824 quia
989 751 1261 808 videlicet
1314 751 1556 823 spiritus
1607 766 1732 823 quo

56 843 358 918 peccando
404 857 443 900 a
490 841 732 898 veritate
775 841 1160 911 disjungitur,
1193 840 1349 898 eoin
1375 840 1564 896 ruinae
1606 855 1730 894 sum

57 933 302 992 audacia
355 931 620 1004 nequius
669 930 1025 988 obduratur.
1081 931 1298 988 IlSdGm
1354 931 1536 989 etiam
1583 945 1731 1001 qua-

58 1033 182 1082 tuor
208 1023 409 1082 modis
425 1026 741 1096 peccatum
759 1025 1224 1078 consummatur
1242 1021 1304 1076 in
1321 1035 1503 1094 opere
1523 1036 1536 1074 :
1562 1019 1730 1092 prius

56 1115 206 1172 enim
217 1113 410 1172 latens
425 1109 607 1184 culpa
619 1110 836 1180 agitur:
855 1111 1247 1184 postmodum
1262 1125 1406 1168 vero
1421 1109 1603 1166 etiam
1621 1124 1729 1166 an-

58 1210 104 1260 te
120 1201 326 1260 Oculos
351 1201 673 1258 hominum
695 1199 822 1258 sine
850 1200 1206 1256 confusione
1221 1207 1422 1256 reatus
1442 1198 1726 1272 aperitur:

56 1293 264 1350 dehinc
309 1295 371 1350 et
413 1291 477 1348 in
517 1289 1024 1349 consuetudinem
1072 1289 1352 1353 ducitur;
1407 1289 1487 1346 ad
1535 1293 1728 1347 extre-

57 1398 216 1439 mum
267 1395 520 1453 quoque
569 1379 658 1435 vel
711 1378 877 1436 falsa:
933 1378 1063 1450 spei
1121 1377 1576 1436 seductionibus
1634 1375 1728 1433 vel

57 1471 448 1528 obstinatione
490 1467 728 1526 miserae
774 1467 1212 1540 desperationis
1257 1467 1570 1524 enutritur.
1613 1469 1730 1522 Hos

58 1558 248 1632 itaque
295 1557 531 1631 peccati
576 1557 814 1622 modos.
844 1555 948 1629 qui
993 1557 1083 1612 vel
1135 1556 1198 1612 in
1254 1556 1434 1614 corde
1481 1555 1732 1614 latenter

59 1651 218 1710 ﬁunt.
263 1647 355 1704 vel
384 1651 666 1720 patenter
693 1646 756 1704 in
799 1661 981 1717 opere
1012 1650 1453 1719 perpetrantur,
1483 1645 1582 1702 hic
1625 1662 1732 1701 uo-

1842 482 2037 554 pentis
2065 487 2157 538 est
2181 483 2461 554 cogitatio
2489 481 2705 539 illicitae
2735 483 3157 555 suggestionis,
3189 501 3380 558 quam
3402 501 3518 544 nos

1843 572 2008 627 omni
2029 571 2355 628 intentione
2375 577 2557 646 atque
2578 589 2768 630 manu
2795 573 3057 630 sollicita:
3096 575 3522 634 consideratio-

1840 661 1933 717 nis
1963 678 2000 718 a
2027 662 2223 719 cordis
2255 663 2466 720 auditu
2487 663 2758 720 funditus
2807 663 3156 736 exstirpare,
3189 669 3245 721 et
3288 665 3370 722 ad
3411 682 3520 740 pe-

1843 756 2018 820 tram,
2052 753 2158 826 qui
2207 760 2296 809 est
2339 753 2630 820 Christus,
2665 753 2910 810 allidere
2962 753 3280 812 debemus.
3321 755 3524 814 Calca-

1838 857 2023 898 neum
2047 859 2190 900 vero
2221 842 2488 899 mulieris
2513 847 2848 900 extremum
2870 847 2963 900 est
2982 843 3116 900 vitae
3136 849 3353 921 nostra
3383 851 3521 902 tem-

1839 948 1974 1005 pus,
1999 950 2124 1005 quo
2162 933 2442 990 diabolus
2467 949 2602 1004 _nos
2640 934 2838 990 aerius
2879 935 3241 1007 impugnare
3283 937 3522 1010 satagit,

1838 1029 1944 1102 qui
1974 1047 2114 1088 cum
2153 1031 2322 1087 initio
2367 1030 2838 1104 deprehenditur
2875 1034 2983 1104 [Z.,
3015 1034 3518 1108 reprehenditur],

1838 1124 2147 1193 percutere
2172 1121 2531 1200 calcaneum
2562 1121 2824 1178 molitur.
2846 1123 2957 1188 Qui
2987 1123 3096 1179 etsi
3135 1123 3522 1195 suggestione

1837 1213 2048 1285 primae
2075 1213 2422 1270 intentionis
2453 1228 2578 1269 non
2605 1213 2876 1286 percutit,
2901 1213 3180 1286 decipere
3203 1215 3264 1270 in
3295 1216 3414 1272 line
3433 1215 3524 1272 in-

1839 1302 2044 1358 tendit.
2067 1303 2194 1372 Cui,
2223 1303 2272 1358 si
2309 1301 2554 1359 viriliter
2590 1302 2949 1370 rcsistimus,
2981 1303 3288 1361 victoriam
3321 1321 3528 1378 perae.

1840 1401 2123 1457 verantiae
2155 1417 2296 1458 cum
2327 1401 2522 1458 salute
2539 1405 2746 1457 nostra
2767 1401 3157 1473 accipiemus.
3177 1403 3524 1459 Notandum

1840 1494 1928 1546 est
1979 1490 2126 1562 quia
2170 1489 2232 1545 in
2265 1489 2381 1546 hoc
2429 1488 2597 1562 quod
2625 1489 2736 1546 ait:
2783 1490 3146 1546 Maledictus
3199 1493 3314 1546 eris
3365 1493 3527 1549 inter

1841 1581 2043 1635 omnia
2071 1580 2407 1635 animantia
2437 1584 2493 1636 et
2527 1579 2740 1635 bestias
2773 1585 2970 1647 terrae,
2991 1578 3073 1636 ad
3099 1578 3414 1636 diabolum
3435 1597 3526 1637 re-

1843 1667 2046 1730 fertur,
2087 1668 2193 1740 qui
2241 1668 2599 1724 maledietus
2647 1668 2885 1740 dicitur,
2924 1669 3068 1741 quia
3107 1669 3526 1741 paenitentiam

60 1739 142 1831 bis
169 1735 420 1831 historia
468 1735 646 1809 primi
691 1735 956 1794 hominis
1003 1735 1350 1792 manifestat
1397 1734 1502 1806 [Z.,
1538 1735 1733 1792 maui-
1770 1770 1814 1823 Β
1841 1773 2020 1824 agere
2050 1734 2175 1812 m'm
2213 1761 2412 1831 potest
2460 1758 2634 1813 [ηεεν
2681 1734 2885 1814 omnia
2935 1734 3298 1829 (“ma-minim,
3331 1757 3395 1813 id
3439 1763 3528 1816 es,

62 1827 341 1898 testatur].

121 1919 281 1974 Vens.
311 1918 397 1972 t4.
431 1945 506 1958 --
562 1915 678 1983 Qui
705 1913 864 1972 dtrit
906 1915 989 1972 ad
1017 1921 1350 1985 serpentem
1381 1931 1396 1971 :
1443 1914 1598 1982 Quia
1643 1915 1732 1984 fe'

61 2007 182 2062 cisti
215 2005 347 2071 hoc,
380 2003 744 2064 maledicta:
781 2005 899 2061 eris
929 2004 1090 2060 inter
1136 2005 1339 2063 omnia
1385 2003 1732 2062 animantia

62 2102 107 2150 et
144 2095 353 2154 bestias
395 2100 602 2152 terra.
644 2094 844 2162 Super
874 2099 1085 2162 pectus
1144 2099 1314 2150 tuum
1359 2099 1416 2150 et
1461 2098 1728 2150 ventrem

60 2185 362 2256 gradieris.
407 2184 689 2241 Ventrem
725 2184 1112 2256 septuaginta
1146 2183 1510 2242 addiderunt
1554 2187 1732 2240 luter-

59 2281 266 2348 pretes.
289 2278 594 2333 Ceterum
619 2273 681 2331 in
718 2273 968 2332 Hebraeo
1007 2280 1217 2344 pectus
1262 2277 1495 2331 tantum
1542 2273 1730 2329 habe-

62 2373 162 2422 tur.
213 2369 355 2422 Ecce
399 2366 411 2422 Ξ
481 2367 737 2436 Serpens
786 2379 910 2421 non
955 2370 1045 2420 est
1088 2365 1531 2434 interrogatus;
1585 2364 1730 2437 quia

63 2458 194 2512 forte
219 2471 342 2512 non
370 2455 494 2512 hoc
523 2469 638 2511 sua
659 2457 897 2519 natura,
922 2453 1016 2510 vel
1039 2454 1343 2510 voluntate
1361 2454 1600 2524 fecerat,
1622 2453 1729 2509 sed

65 2545 324 2602 diabolus
351 2545 428 2601 de
461 2543 565 2600 illo
595 2549 654 2600 et
675 2559 784 2617 per
811 2543 981 2600 illum
1011 2543 1207 2600 fuerat
1227 2549 1533 2618 operatus.
1556 2544 1726 2600 ideo-

65 2653 167 2709 que
216 2640 662 2708 consequenter
711 2649 908 2707 neque
969 2634 1099 2708 ipse
1157 2639 1243 2692 est
1301 2635 1724 2706 interrogatus,

67 2727 193 2798 quia
214 2741 323 2782 nec
349 2725 628 2782 conﬁteri
655 2729 971 2797 peccatum
1002 2729 1091 2780 est
1117 2725 1382 2793 diabolo,
1408 2741 1517 2781 nec
1545 2725 1726 2781 habet

68 2817 295 2874 omnino
320 2815 488 2891 unde
516 2831 583 2870 se
623 2819 884 2871 excuset.
922 2813 1035 2871 Sed
1085 2815 1283 2871 statim
1327 2815 1562 2888 excepit
1601 2832 1726 2888 pae-

69 2924 194 2963 nam
239 2905 701 2972 maledictionis,
729 2908 788 2961 et
833 2920 958 2960 non
1001 2920 1140 2960 eam
1189 2921 1326 2978 quae
1377 2905 1587 2961 ultimo
1627 2905 1723 2976 ju-

69 2998 203 3054 dicio
229 3001 600 3066 reservatur,
624 3012 764 3068 qua
795 2999 1133 3067 praeparata
1181 3000 1269 3051 est
1295 2995 1410 3051 sibi
1437 3001 1494 3051 et
1545 3011 1723 3066 ange-

1842 1861 1980 1919 quae
2007 1863 2184 1903 suam
2216 1850 2610 1904 servaverunt
2648 1852 2951 1904 naturam.
2971 1847 3050 1902 Et
3073 1846 3286 1904 bestias
3321 1853 3523 1916 terrae,

1841 1936 1958 1991 hoc
2011 1942 2103 1992 est
2152 1936 2304 1993 inter
2364 1936 2663 2004 homines,
2695 1937 2821 1994 sive
2877 1935 3285 1993 universalem
3327 1937 3527 1994 Eccle-

1845 2041 2020 2081 51am.

1917 2118 2084 2184 Vens,
2123 2115 2207 2172 16.
2231 2146 2301 2157 —
2331 2116 2582 2172 Mulieri
2597 2130 2836 2188 quoque
2855 2113 3011 2172 dixit
3031 2129 3054 2170 .'
3094 2115 3525 2185 Multiplicabo

1841 2221 2146 2262 (erumnas
2177 2211 2332 2272 tuas,
2362 2211 2424 2262 et
2449 2211 2666 2262 caetera
2697 2221 2888 2278 usque
2922 2223 2934 2261 :
2964 2210 3020 2262 et
3048 2205 3160 2262 sub
3193 2207 3310 2262 viri
3333 2213 3526 2276 potes-

1843 2300 1964 2352 tate
1990 2297 2128 2364 eris,
2154 2300 2212 2352 et
2237 2295 2489 2368 reliqua.
2519 2294 2674 2361 Quid
2703 2293 2986 2366 estquod
3013 2293 3114 2362 ait,
3141 2295 3252 2351 sub
3280 2298 3402 2353 viri
3416 2313 3525 2367 po-

1841 2391 2051 2442 testate
2071 2387 2186 2442 eris
2218 2390 2248 2440 ?
2269 2385 2554 2458 Nunquid
2581 2389 2718 2442 ante
2751 2389 3066 2457 peccatum
3095 2384 3213 2440 sub
3243 2385 3296 2455 ej
3308 2401 3378 2440 us
3412 2400 3525 2456 po-

1839 2480 2049 2532 testate
2080 2491 2200 2532 non
2233 2480 2363 2532 erat
2390 2476 2418 2532 ‘t
2468 2475 2594 2532 Fuit
2631 2475 2838 2548 utique
2873 2493 2888 2544 ;
2952 2473 3060 2530 sed
3116 2490 3189 2531 ea
3247 2475 3527 2531 servitute

1839 2581 1975 2639 quae
2023 2581 2129 2638 per
2198 2565 2582 2622 dilectionem
2645 2571 2932 2638 operatur
3001 2569 3061 2621 et
3111 2565 3272 2621 foras
3342 2564 3528 2621 mittit

1838 2658 2136 2714 timorem.
2195 2658 2411 2713 Postea
2460 2673 2602 2713 vero
2666 2657 2878 2712 timore
2927 2655 3350 2712 eonditionalis
3400 2672 3525 2711 ser-

1837 2747 2060 2816 vitutis,
2115 2747 2220 2820 qui
2267 2749 2372 2817 [Z.,
2421 2748 2580 2820 quae]
2625 2762 2732 2819 per
2775 2745 3162 2818 disciplinam
3211 2749 3524 2819 operatur.

1839 2835 2188 2908 Spiritaliter
2263 2837 2478 2892 mulier
2545 2835 2843 2906 signiﬁcat
2917 2839 3185 2891 mentem
3253 2840 3310 2890 et
3385 2833 3524 2890 ideo

1835 2925 1998 2998 quod
2029 2925 2127 2994 ait,
2161 2926 2224 2981 in
2254 2925 2463 2982 dolore
2483 2926 2688 2994 paries
2717 2925 2898 2994 ﬁlios,
2922 2924 3038 2980 hoc
3059 2923 3340 2994 designat
3368 2923 3518 2996 quia

1835 3015 2111 3088 voluptas
2172 3014 2451 3083 carnalis,
2505 3031 2644 3070 cum
2693 3013 2963 3087 aliquam
3011 3012 3518 3069 consuetudinem

69 3088 126 3143 lis
149 3089 268 3158 ejus
293 3107 306 3156 ;
335 3086 446 3142 sed
475 3103 665 3160 paena
707 3085 838 3156 ejus
866 3086 982 3141 hoc
1012 3085 1072 3140 in
1119 3085 1252 3142 loco
1280 3086 1516 3154 dicitur,
1551 3091 1616 3141 ut
1663 3087 1722 3141 in

1914 3085 2062 3158 11am
2116 3103 2244 3158 vult
2286 3103 2542 3169 vincere,
2577 3085 2812 3176 patitur:
2845 3102 2908 3157 in
2956 3100 3203 3158 exordio
3251 3101 3514 3184 dolores,

71 3185 330 3251 potestate
377 3179 608 3235 habeat
650 3193 754 3233 eos
802 3177 907 3250 qui
955 3177 1056 3239 Dei
1107 3183 1410 3250 prtecepta
1453 3183 1718 3234 eontem-

1837 3197 2015 3266 atque
2039 3193 2123 3250 ita
2167 3209 2274 3266 per
2319 3193 2630 3249 meliorem
2673 3191 3177 3248 consuetudinem
3219 3189 3383 3266 parit
3411 3189 3520 3248 bo.

71 3273 217 3326 nunt.
250 3272 313 3325 Et
341 3268 483 3326 inde
521 3269 637 3339 {Z.,
669 3267 731 3322 in
760 3265 856 3323 die
892 3266 1120 3337 judicii]
1167 3268 1365 3338 major
1409 3283 1591 3340 pcnna
1638 3272 1725 3324 est

1914 3265 1981 3338 in
2009 3265 2370 3355 opusquasi
2419 3281 2594 3337 ﬁlios.
2630 3279 2804 3348 Quod
2851 3296 2995 3336 vero
3039 3279 3276 3352 adjecit,
3311 3285 3366 3336 et
3408 3279 3518 3335 sub

71 3358 136 3412 illi
161 3359 300 3432 quia
327 3358 402 3413 de
431 3357 544 3413 tali
584 3355 922 3412 infelicitate
959 3355 1212 3411 laetatur.
1245 3357 1335 3412 Ait
1371 3357 1534 3412 enim
1563 3373 1576 3412 :
1617 3357 1726 3412 Su-

71 3464 160 3516 per
195 3454 396 3518 pectus
447 3453 626 3502 tuum
681 3450 735 3501 et
780 3451 1046 3501 ventrem
1097 3445 1416 3515 gradieris.
1477 3447 1726 3502 Nomine

65 3540 296 3606 pectoris
325 3537 712 3608 signiﬁcatur
739 3535 1026 3609 superbia
1055 3535 1293 3605 mentis,
1319 3535 1564 3592 nomine
1585 3551 1728 3592 vero

75 3628 270 3682 ventris
319 3625 749 3697 signiﬁcantur
798 3623 1096 3680 desideria
1139 3625 1356 3680 carnis.
1413 3625 1514 3680 His
1562 3624 1728 3679 enim

75 3714 284 3772 duabus
311 3717 496 3773 rebus
535 3717 723 3788 serpit
745 3713 1026 3770 diabolus
1057 3714 1120 3770 in
1151 3732 1254 3769 eos
1277 3732 1432 3786 quos
1463 3715 1586 3770 vult
1625 3715 1728 3770 de-

75 3805 262 3876 cipere,
291 3805 351 3862 id
379 3811 472 3863 est
501 3810 614 3862 aut
641 3810 875 3859 terrena
904 3803 1230 3876 cupiditate
1261 3808 1317 3860 et
1346 3803 1602 3871 luxuria,
1627 3809 1732 3860 aut

79 3895 330 3968 superbia
358 3899 416 3953 et
441 3897 674 3952 insana
705 3892 1000 3949 doctrina.
1027 3895 1183 3948 Dum
1209 3893 1370 3949 enim
1397 3893 1532 3966 quis
1559 3893 1731 3950 luxu-

77 3985 204 4042 riam
227 3987 351 4058 jam
380 3988 699 4060 perpetrat
725 3983 983 4049 actione,
1015 3983 1154 4039 huic
1202 3999 1448 4056 serpens
1475 3984 1629 4057 repit
1657 4000 1730 4040 ex

77 4082 271 4133 ventre.
325 4077 493 4133 Alius
539 4089 692 4131 vero
749 4074 899 4130 dum
955 4074 1360 4146 perpetranda
1415 4079 1616 4131 versat
1669 4075 1729 4131 in

79 4172 265 4237 mente,
294 4167 434 4224 huic
481 4179 747 4239 serpens
791 4164 944 4236 repit
996 4181 1070 4220 ex
1127 4169 1386 4236 pectore.
1425 4165 1539 4222 Sed
1589 4167 1732 4238 quia

77 4269 163 4325 per
187 4257 615 4327 cogitationem
661 4253 742 4310 ad
784 4269 976 4328 opera
1023 4253 1321 4327 explenda
1369 4256 1730 4327 pervenitur,

78 4353 204 4402 recte
228 4363 471 4420 serpens
504 4345 682 4420 prius
709 4347 975 4418 pectore,
1001 4349 1062 4400 et
1091 4343 1484 4416 postmodum
1523 4361 1730 4418 repere

79 4442 246 4492 ventre
269 4437 666 4496 describitur.
699 4436 781 4492 Et
819 4441 1044 4491 terram
1094 4435 1377 4492 comedes.
1420 4434 1486 4491 id
1524 4441 1614 4492 est
1653 4435 1733 4492 ad

1838 3374 1958 3428 viri
1973 3377 2268 3442 potestate
2299 3373 2437 3440 eris,
2471 3377 2529 3428 et
2563 3370 2818 3444 reliqua,
2847 3371 2962 3426 hoc
3009 3369 3308 3441 signiﬁcat
3349 3368 3520 3442 quod

1837 3461 1936 3518 illa
1965 3460 2241 3534 voluptas
2265 3461 2548 3530 carnalis,
2581 3478 2718 3534 quae
2766 3476 2906 3516 cum
2954 3458 3161 3515 dolore
3193 3459 3519 3516 reluctave-

1838 3556 1930 3609 rat
1957 3555 2022 3607 ut
2076 3551 2298 3607 faceret
2350 3551 2850 3608 consuetudinem
2899 3549 3152 3622 bonam,
3180 3550 3312 3622 jam
3367 3549 3518 3623 ipsis

1839 3640 2071 3698 erudita
2097 3640 2408 3697 doloribus
2431 3642 2660 3698 cautior
2685 3640 2772 3708 tit,
2807 3644 2864 3696 et
2891 3655 2966 3696 ne
2997 3642 3238 3696 corruat
3283 3637 3518 3694 obtem-

1840 3735 2010 3803 perat
2051 3731 2288 3800 rationi,
2323 3736 2382 3787 et
2419 3731 2672 3787 libenter
2718 3734 2888 3806 paret
2936 3731 3041 3802 [Z.,
3075 3729 3296 3801 servit],
3340 3728 3521 3802 quasi

1839 3821 1969 3876 viro
1996 3821 2255 3893 jubenti.

1911 3913 2058 3968 Vnus
2095 3916 2176 3968 l7.
2212 3942 2280 3951 —
2309 3910 2458 3966 Ade?
2486 3925 2623 3967 vero
2653 3910 2812 3966 dixit
2833 3925 2856 3966 ,θ
2885 3909 3038 3977 Quia
3060 3909 3295 3964 audisti
3319 3923 3521 3966 vocem

1842 4003 2132 4073 mulieris,
2185 4007 2238 4058 et
2295 4001 2603 4058 comedisti
2640 3999 2713 4056 de
2758 4001 2946 4072 ligno,
2997 4003 3054 4056 et
3087 3998 3337 4071 reliqua.
3394 4001 3526 4055 Non

1841 4090 2001 4146 enim
2033 4108 2241 4164 opera,
2269 4095 2332 4146 ut
2361 4089 2631 4164 plerique
2661 4092 2899 4163 putant,
2930 4089 3029 4144 hic
3068 4089 3222 4144 ruris
3261 4087 3520 4159 colendi,

1843 4181 1948 4237 sezl
1995 4185 2246 4253 peccata
2295 4179 2610 4249 signiﬁcat.
2641 4179 2754 4236 Sed
2802 4177 2946 4238 libet
2983 4178 3286 4253 inquirere
3339 4194 3530 4254 quare

1844 4271 2086 4325 Creator
2133 4269 2194 4324 in
2247 4268 2462 4324 delicto
2513 4268 2657 4324 Adae
2707 4273 2876 4325 terra:
2925 4267 3258 4338 maledixit,
3303 4271 3358 4324 et
3405 4282 3531 4324 non

1843 4357 2070 4430 aquis?
2109 4356 2250 4412 Ideo
2299 4355 2573 4412 videlicet
2617 4355 2764 4428 quia
2805 4355 2880 4412 de
2923 4359 3093 4412 terrae
3139 4357 3335 4412 fructu
3385 4371 3538 4412 con-

1843 4445 2341 4504 traiuterdictum
2373 4445 2769 4502 manducavit
2819 4445 3026 4515 homo,
3058 4461 3185 4502 non
3225 4445 3303 4502 de
3352 4445 3530 4518 aquis

81 4515 506 4596 tepertinebunt
533 4540 700 4599 quos
737 4529 974 4580 terrena
1023 4524 1350 4597 cupiditate
1397 4523 1730 4598 deceperis,

1914 4537 2016 4605 bit,
2050 4541 2106 4593 et
2134 4536 2281 4611 quia
2311 4535 2766 4609 praedestinavit
2794 4535 2949 4592 Deus
3075 4535 3252 4608 aquis
3285 4505 3532 4591 abluere

84 4613 330 4674 Omnibus
359 4617 573 4674 diebus
599 4617 746 4671 vita:
769 4620 910 4671 tute.
945 4617 1065 4670 Hoc
1099 4617 1214 4684 est,
1243 4615 1415 4670 omni
1463 4619 1734 4688 tempore

83 4719 182 4773 quo
207 4707 333 4778 agis
383 4707 550 4764 hanc
601 4708 970 4779 potestatem
1023 4707 1162 4760 ante
1206 4703 1482 4761 ultimam
1525 4701 1737 4777 judieii

86 4792 236 4852 diem.

145 4888 288 4943 Vree.
319 4889 403 4946 [5.
438 4917 510 4929 —
528 4886 895 4943 Inimicitias
915 4900 1137 4955 ponam
1179 4886 1337 4942 inter
1365 4892 1421 4943 te
1441 4893 1495 4943 et
1529 4888 1740 4944 mulie-

90 4988 204 5041 rem,
225 4983 275 5032 et
301 4993 500 5036 semen
534 4982 711 5032 tuum
745 4979 801 5032 et
821 4989 1016 5030 semen
1043 4975 1233 5030 illius.
1263 4975 1480 5032 Semen
1511 4975 1742 5033 diaboli

91 5079 331 5134 perversa
355 5073 449 5124 est
476 5066 816 5136 suggestio,
860 5079 1067 5121 semen
1107 5064 1374 5122 mulieris
1415 5070 1502 5122 est
1549 5071 1742 5124 totum

95 5165 245 5219 genus
271 5157 643 5215 humanum.
675 5156 824 5222 Quae
847 5155 974 5211 duo
995 5157 1227 5212 semina
1241 5170 1316 5210 ex
1341 5161 1639 5230 praecepto
1660 5157 1746 5213 di-

95 5243 205 5301 vino
219 5249 573 5305 continuum
589 5246 748 5302 inter
763 5260 826 5300 se
843 5259 1049 5316 gerere
1068 5245 1280 5302 odium
1291 5244 1534 5314 debent,
1545 5252 1608 5304 ut
1620 5263 1744 5304 non

97 5330 346 5394 iaciamus
363 5356 505 5414 qute
528 5335 819 5394 diabolus
848 5335 1150 5410 vult,quia
1172 5336 1268 5394 ille
1285 5353 1607 5411 nunquam
1623 5337 1748 5395 vult

100 5425 240 5482 nobis
265 5431 610 5503 profutura.
637 5427 796 5483 Licet
821 5426 1095 5484 nonnulli
1114 5426 1298 5484 velint
1335 5427 1584 5501 intelligi
1615 5445 1747 5485 mu-

101 5510 263 5574 lierem
287 5526 581 5588 mentem,
619 5533 832 5574 semen
855 5517 1122 5574 mulieris
1153 5517 1417 5575 fructum
1447 5519 1590 5577 boni
1613 5537 1753 5594 ope-

104 5603 366 5668 ris.Potest
385 5611 574 5669 etiam
591 5613 658 5666 et
683 5607 761 5665 de
800 5607 980 5666 beata
1011 5609 1190 5667 Maria
1220 5609 1474 5679 virgine,
1516 5627 1589 5668 ex
1629 5627 1754 5685 qua

107 5701 246 5755 natus
281 5706 369 5758 est
413 5699 740 5767 Dominus,
791 5713 916 5756 non
964 5698 1300 5769 incongrue
1351 5700 1563 5774 accipi.
1599 5704 1751 5772 Lege

110 5785 535 5861 Αυεωτὶιιυωθῑ
553 5789 1034 5861 {eidortimesa
1057 5795 1324 5848 conteret
1349 5799 1532 5862 caput
1555 5799 1751 5862 tuum,

1844 4632 2162 4701 peccatum
2193 4627 2361 4700 quod
2411 4628 2485 4683 de
2525 4626 2722 4683 fructu
2759 4629 2931 4682 terrae
2975 4624 3271 4682 contraxit
3319 4623 3538 4695 homo.

1848 4721 1913 4774 Et
1954 4717 2253 4774 terrestria
2300 4716 2590 4774 animalia
2630 4715 2769 4788 plus
2818 4713 3258 4772 maledictionis
3305 4712 3535 4768 habent

1847 4824 2036 4881 quam
2065 4806 2375 4881 aquatilia,
2426 4806 2572 4879 quia
2599 4805 2734 4878 plus
2777 4804 2853 4860 de
2883 4802 3206 4859 maledicta
3237 4805 3395 4857 terra
3443 4801 3534 4856 vi-

1847 4902 1999 4954 vunt
2027 4914 2216 4974 quam
2250 4895 2561 4972 aquatilia.
2595 4897 2662 4950 Et
2691 4893 2828 4949 ideo
2857 4891 3121 4948 Christus
3160 4895 3301 4962 post
3339 4905 3546 4946 resur-

1850 4988 2177 5046 rectionem
2203 4986 2277 5052 de
2298 4986 2461 5060 pisce
2491 4985 2865 5042 manducare
2898 4980 3106 5048 voluit,
3138 4997 3262 5037 non
3313 4979 3388 5038 de
3435 4979 3539 5038 ali-

1851 5093 1975 5152 quo
2001 5075 2249 5132 animali
2282 5073 2570 5131 terrestri.
2609 5075 2755 5128 Ecce
2783 5070 2796 5126 ε
2842 5073 2950 5126 Per
2989 5073 3305 5143 peccatum
3335 5069 3542 5126 homi-

1857 5167 1950 5222 nis
1979 5171 2138 5222 terra
2168 5162 2566 5234 maledicitur,
2589 5164 2656 5217 ut
2685 5159 2894 5234 spinas
2922 5165 3163 5234 pareret
3187 5164 3247 5216 et
3281 5174 3514 5216 veneno
3533 5204 3554 5215 -

1856 5273 1957 5312 sas
1988 5253 2232 5321 herbas,
2269 5252 2344 5310 ad
2376 5266 2627 5325 poenam
2649 5249 2927 5307 videlicet
2954 5247 3048 5306 vel
3075 5249 3154 5306 ad
3170 5247 3540 5304 exercitatio-

1856 5363 2000 5404 nem
2026 5341 2396 5413 mortalium,
2413 5346 2470 5398 et
2489 5345 2554 5397 ut
2577 5345 2714 5398 ante
2733 5339 2943 5397 oculos
2961 5339 3212 5395 haberet
3226 5339 3414 5393 homo
3431 5336 3524 5392 ori
3537 5405 3564 5420 ο

1859 5434 2056 5506 ginale
2098 5436 2438 5507 peccatum,
2481 5437 2538 5489 et
2573 5431 2670 5488 vel
2700 5431 2784 5488 sic
2825 5429 3174 5488 admonitus
3205 5425 3540 5501 aliquando

1861 5527 2228 5581 averteretur
2249 5539 2286 5578 a
2315 5521 2601 5599 peccatis,
2621 5521 2772 5577 sicut
2789 5519 2970 5590 longe
2995 5518 3272 5592 superius
3314 5517 3551 5574 dictum

1862 5617 1971 5672 est.
2001 5613 2148 5670 Dicit
2185 5611 2371 5680 enim,
2400 5611 2728 5670 maledicta
2774 5615 2960 5678 terra,
3001 5614 3060 5665 et
3099 5607 3354 5682 reliqua.
3393 5607 3546 5662 Cum

1863 5709 2024 5761 certo
2066 5701 2349 5760 novimus
2403 5700 2571 5777 quod
2637 5697 3029 5756 maledictum
3085 5698 3390 5771 Scriptura
3446 5710 3548 5750 sa-

1866 5809 1971 5852 cra
1993 5793 2298 5869 prohibet,
2329 5791 2478 5866 quid
2506 5794 2598 5850 est
2625 5789 2792 5865 quod
2824 5805 2988 5848 nunc
3013 5787 3290 5862 peccanti
3309 5782 3548 5842 homini
