3944 6416
110 274 199 328 Ms
298 260 307 275 ‘
1469 268 1823 329 COMMENT.
1865 268 1937 325 IN
1977 270 2136 329 GEN.

3434 279 3532 336 146

104 393 236 468 quia
260 407 384 450 non
414 391 611 450 solum
637 392 719 451 ita
746 392 939 451 factus
969 398 1058 452 est
1084 399 1152 452 ut
1178 395 1307 453 ﬁeri
1353 398 1563 469 voluit,
1587 407 1613 435 α
1643 395 1751 453 sed
1793 396 1840 449 A
1871 395 2243 465 signiﬁcatur
2272 402 2373 473 [Z.,
2407 403 2747 475 significat],
2776 401 2944 476 quod
2974 418 3012 460 a
3035 401 3379 459 carnalibus
3396 420 3532 459 sen-

101 500 201 540 nec
228 482 373 539 illud
401 482 569 556 quod
598 482 793 540 factus
819 483 1033 557 fuerat,
1065 489 1466 545 conservavit.
1512 485 1755 544 Benedi-

99 573 195 645 xit,
240 574 416 646 quasi
442 589 599 629 unus
623 588 700 630 ea:
730 575 920 643 nobis,
945 575 1255 648 pluraliter
1282 583 1529 651 propter
1577 576 1757 634 Trini-

99 666 292 732 tatem,
322 665 381 718 et
423 660 615 718 illud:
645 663 953 734 faciamus
1013 665 1333 738 hominem,
1389 672 1448 724 et
1499 666 1751 739 reliqua.

97 754 287 809 Sciens
308 752 527 809 bonum
553 758 611 811 et
640 755 895 825 malum,
926 755 1201 812 videlicet
1224 772 1335 830 per
1376 757 1753 831 experimen-

100 848 239 913 tum,
268 842 436 916 quod
468 846 623 900 Deus
654 845 823 900 novit
844 861 953 918 per
992 846 1376 919 sapientiam.
1434 848 1636 905 Videte
1683 863 1756 904 ne

94 933 246 1002 forte
271 938 472 990 sumat
495 933 570 990 de
599 934 766 1005 ligno
793 936 949 1003 vitae,
996 940 1054 992 et
1108 938 1272 994 vivat
1318 939 1382 994 in
1439 944 1751 995 mternum.

98 1021 230 1078 Ideo
256 1022 449 1079 noluit
478 1038 591 1080 sua
620 1023 837 1097 pietate
868 1030 934 1080 ut
958 1025 1175 1082 iterum
1202 1033 1463 1085 sumeret
1485 1029 1561 1084 de
1588 1027 1753 1098 ligno

96 1112 241 1179 vitae,
271 1111 416 1186 quia
445 1113 496 1169 si
524 1113 665 1170 inde
690 1115 1054 1187 comederet,
1081 1116 1439 1174 immortalis
1468 1135 1608 1174 cum
1640 1133 1752 1173 suo

96 1206 332 1276 peccato
357 1206 655 1276 tanquam
684 1203 988 1276 diabolus,
1021 1211 1087 1263 ut
1117 1207 1304 1281 aliqui
1344 1209 1574 1279 volunt,
1624 1224 1755 1282 per-

94 1296 370 1359 maneret,
399 1296 457 1348 et
480 1308 606 1349 non
626 1293 844 1350 rediret
861 1311 970 1369 per
991 1297 1430 1369 paenitentiam.
1462 1297 1626 1355 Unde
1642 1315 1752 1371 pu-

98 1385 212 1438 tant
227 1381 392 1455 quod
411 1398 734 1456 nunquam
758 1384 832 1440 de
852 1384 1017 1456 ligno
1041 1386 1173 1442 vitze
1196 1388 1579 1453 comedisset,
1602 1387 1752 1461 quia

97 1471 141 1527 si
167 1470 399 1539 edisset,
431 1473 737 1545 inquiunt,
768 1489 895 1531 non
946 1481 1241 1548 peccaret.
1301 1477 1500 1533 Aliter.
1555 1476 1749 1533 Voluit

91 1561 237 1615 Deus
266 1566 329 1617 ut
354 1566 640 1633 sumeret,
666 1566 724 1618 et
750 1579 860 1635 per
882 1564 1301 1637 paenitentiam
1329 1570 1744 1640 recuperaret;

95 1653 144 1704 et
170 1653 254 1704 est
277 1648 574 1720 ambigua
591 1649 832 1709 locutio.
863 1654 1192 1726 Loquimur
1213 1655 1375 1712 enim
1397 1655 1479 1711 sic
1503 1673 1643 1712 cum
1664 1655 1751 1711 di-

94 1740 274 1795 cimus
305 1758 318 1795 :
356 1740 498 1796 ldeo
526 1756 747 1798 moneo
765 1747 822 1799 te
848 1758 923 1799 ne
953 1744 1171 1801 iterum
1204 1745 1390 1802 facias
1438 1746 1607 1818 quod
1663 1745 1747 1802 fe-

94 1828 228 1897 cisti,
254 1828 524 1885 volentes
555 1830 718 1887 enim
748 1836 814 1888 ut
842 1831 1041 1890 faciat.
1071 1837 1138 1890 Et
1165 1834 1417 1891 iterum:
1451 1835 1591 1891 Ideo
1622 1851 1751 1892 mo-

96 1934 198 1975 neo
225 1923 279 1974 te
307 1934 385 1975 ne
416 1920 499 1975 sis
530 1919 752 1992 bonus,
786 1921 1052 1979 volentes
1082 1923 1288 1997 utique
1342 1930 1408 1981 ut
1460 1924 1551 1981 sit.
1609 1925 1750 1981 Ideo

95 2023 300 2065 moneo
332 2014 386 2065 te
406 2024 486 2066 ne
507 2009 798 2084 desperes
824 2012 992 2086 quod
1003 2012 1204 2069 bonus
1226 2014 1428 2087 possis
1456 2031 1610 2071 esse.
1629 2015 1752 2073 Tali

96 2098 243 2159 enim
269 2099 457 2156 modo
487 2099 573 2156 ait
603 2102 928 2174 Apostolus
954 2120 968 2158 :
1010 2104 1101 2161 Ne
1123 2106 1288 2175 forte
1315 2105 1414 2162 det
1443 2107 1568 2162 illis
1593 2108 1752 2163 Deus

93 2189 493 2258 penitentiam
525 2191 610 2247 ad
634 2193 1105 2262 cognoscendam
1140 2196 1451 2253 veritatem
1494 2196 1582 2269 (II
1599 2198 1748 2254 Tim.

94 2294 148 2347 ιι,
168 2283 277 2346 25),
304 2295 444 2336 cum
475 2280 597 2337 hoc
629 2281 835 2355 utique
872 2283 1173 2356 cupiebat.

156 2389 316 2444 Vsus.
342 2391 432 2445 23.
449 2420 522 2431 —
545 2389 762 2447 Emisit
791 2407 924 2449 eum
958 2394 1244 2450 Dominus
1271 2396 1429 2452 Deus
1460 2396 1535 2452 de
1554 2411 1749 2466 para-

93 2478 208 2534 diso
260 2480 614 2549 voluptatis,
666 2486 733 2536 ut
783 2489 1146 2552 operaretur
1200 2490 1448 2550 terram,
1499 2486 1574 2543 de
1630 2501 1749 2559 qua

92 2575 345 2637 sumptus
370 2576 457 2625 est
510 2574 706 2627 Potest
734 2587 878 2644 ergo
909 2573 1295 2645 videri[Petr.
1318 2574 1466 2647 ﬁeri]
1490 2580 1556 2632 ut
1570 2592 1749 2649 prop-

92 2661 238 2715 terea
264 2659 450 2716 homo
476 2660 542 2716 in
561 2660 772 2717 labore
796 2662 979 2734 hujus
1011 2664 1145 2720 vitae
1170 2670 1329 2722 esset
1357 2665 1663 2735 dimissus,
1686 2671 1748 2725 ut

94 2746 404 2821 aliquando
432 2766 693 2807 manum
719 2752 1050 2824 porrigeret
1079 2754 1159 2810 ad
1185 2755 1465 2812 arborem
1500 2756 1651 2813 vitae.

154 2857 310 2912 Vens.
344 2860 432 2913 24.
458 2889 532 2899 -
562 2858 642 2915 Et
670 2860 841 2929 ejecit
873 2861 1089 2918 Adam.
1123 2862 1298 2919 Haud
1314 2862 1572 2920 dubium
1595 2864 1744 2938 quin

98 2944 384 3004 Dominus.
408 2948 490 3004 Et
513 2948 797 3006 habitare
818 2951 969 3020 fecit
999 2958 1142 3008 ante
1166 2955 1525 3023 paradisum
1582 2956 1746 3012 volu-

92 3035 260 3102 ptatis
286 3035 623 3103 cherubim,
652 3043 709 3093 et
732 3039 1077 3108 ﬂammeum
1097 3042 1371 3112 gladium
1403 3048 1582 3115 atque
1612 3059 1742 3101 ver-

96 3125 306 3181 satilem
337 3126 419 3182 ad
474 3127 932 3185 custodiendam
991 3132 1149 3187 viam
1213 3133 1369 3203 ligni
1408 3135 1562 3190 vitae.
1614 3137 1742 3191 Non

97 3214 244 3285 quod
270 3214 469 3288 ipsum
502 3215 727 3288 Adam,
753 3232 937 3291 quem
968 3220 1243 3291 ejecerat,
1271 3224 1424 3278 Deus
1474 3222 1745 3280 habitare

99 3300 278 3360 fecerit
294 3310 504 3362 contra
531 3306 888 3379 paradisum
917 3308 1265 3382 voluptatis,
1300 3314 1407 3367 sed
1444 3312 1613 3384 quod
1643 3312 1744 3369 illo

98 3392 264 3461 ejecto
287 3399 424 3450 ante
450 3394 617 3451 fores
645 3395 914 3468 paradisi
944 3398 1257 3455 cherubim
1286 3404 1344 3456 et
1388 3400 1745 3458 ﬂammeum

99 3480 343 3550 gladium
373 3484 651 3556 posuerit
675 3485 751 3541 ad
773 3487 1238 3544 custodiendum
1268 3490 1646 3562 paradisum,
1669 3508 1744 3548 ne

97 3571 216 3643 quis
234 3573 416 3645 possit
440 3574 692 3631 intrare.
723 3576 878 3631 Bene
910 3578 1245 3645 cherubim,
1277 3580 1373 3635 vel
1390 3580 1745 3638 ﬂammeum

99 3658 342 3729 gladium
373 3668 564 3737 atque
596 3665 956 3732 versatilem,
1010 3667 1090 3723 ad
1140 3669 1605 3727 custodiendum
1637 3688 1744 3745 po-

98 3749 214 3819 suit,
242 3750 301 3807 id
329 3757 421 3808 est
476 3768 594 3826 per
647 3754 990 3824 angelicum
1045 3757 1443 3815 ministerium
1498 3760 1743 3830 igneam

98 3840 402 3911 quamdam
420 3841 768 3900 custodiam
788 3846 889 3915 [Z.,
912 3845 1091 3915 ignea
1118 3848 1402 3920 quaedam
1426 3850 1741 3922 custodia],

97 3944 213 4000 qua;
242 3936 438 3989 tamen
472 3949 747 4004 congrue
777 3938 1075 3992 versatilis
1106 3954 1238 3992 esse
1267 3938 1484 3995 dicitur
1514 3956 1623 4011 pro
1673 3956 1743 3996 eo

98 4020 240 4089 quod
263 4023 643 4095 quandoque
674 4024 902 4080 veniret
928 4030 1165 4099 tempus
1200 4032 1262 4083 ut
1312 4028 1493 4085 etiam
1552 4046 1745 4086 remo-

98 4108 202 4165 veri
224 4111 537 4183 potuisset,
572 4112 847 4170 videlicet
889 4130 997 4187 per
1048 4116 1378 4172 adventum
1438 4118 1594 4174 illius
1639 4119 1745 4192 qui

101 4211 203 4252 sua:
246 4199 683 4257 incarnationis
731 4203 1020 4274 mysterio
1081 4204 1189 4260 iter
1246 4205 1423 4261 nobis
1478 4207 1745 4280 paradisi

102 4289 325 4358 aperuit.
352 4292 655 4347 Caeterum
713 4297 850 4348 ante
904 4293 1235 4351 adventum
1292 4295 1482 4367 ipsius
1533 4313 1746 4353 omnes

104 4379 293 4435 mortui
308 4380 387 4436 ad
407 4380 631 4436 inferni
657 4381 917 4439 claustra
946 4383 1396 4442 descendebant
1419 4403 1432 4441 :
1452 4388 1743 4459 quoniam

104 4464 185 4534 [Z.,
202 4482 403 4525 omnes
415 4486 785 4544 quanquam
798 4473 1043 4528 mundae
1061 4475 1453 4549 probatseque
1465 4477 1593 4532 vitae
1615 4477 1743 4533 fue-

105 4554 217 4621 rint,
246 4557 321 4613 ad
342 4560 565 4615 inferni
593 4559 665 4615 cl.
697 4560 859 4617 dese.
891 4562 1153 4619 Dubium
1176 4580 1318 4620 vero
1336 4581 1455 4620 non
1481 4571 1568 4621 est
1592 4582 1744 4639 quo-

104 4642 266 4717 niam,
291 4647 425 4721 etc.]
447 4649 663 4712 homo,
686 4650 793 4722 qui
813 4667 921 4724 per
938 4668 1003 4707 se
1025 4652 1258 4721 cecidit,
1287 4654 1365 4709 ad
1391 4655 1747 4727 paradisum

106 4732 288 4803 redire,
304 4736 414 4792 nisi
428 4754 544 4810 per
562 4739 908 4811 Dominum,
927 4757 1050 4797 non
1067 4742 1279 4815 potuit.
1301 4745 1744 4813 Verumtamen,

109 4820 236 4879 sicut
258 4827 569 4883 nonnullis
592 4827 849 4896 videtur,
882 4836 1078 4903 potest
1106 4832 1349 4903 intelligi
1378 4833 1523 4905 quia
1551 4834 1747 4890 Adam

107 4916 219 4966 ante
244 4916 599 4986 paradisum
617 4918 839 4989 posuit,
863 4924 1000 4975 ante
1024 4921 1379 4992 paradisum
1415 4923 1745 4991 collocavit,

112 4999 300 5058 scilicet
319 5010 570 5078 propter
584 5022 758 5078 spem
772 5008 934 5080 poeni
946 5010 1161 5079 lentiae,
1175 5012 1555 5083 utaspiciens
1597 5029 1750 5068 scm-

110 5089 1084 5157 perbeatitudinislocumfortassis
1097 5100 1427 5171 paeniteret,
1460 5107 1517 5156 et
1537 5118 1643 5175 per
1654 5117 1751 5157 ve-

114 5190 216 5233 ram
230 5183 718 5241 emendationem
737 5185 1045 5243 rediretad
1060 5188 1301 5245 beatam
1324 5190 1533 5260 vitam,
1564 5206 1753 5263 quam

115 5267 797 5345 spiritaliterparadisum
839 5276 1196 5334 nominavit.
1250 5278 1558 5349 Sed,heul
1601 5281 1756 5352 proh

116 5353 255 5413 dolor
276 5359 518 5430 lnoluit,
534 5362 642 5418 sed
657 5363 716 5418 in
732 5380 842 5420 sua
857 5364 1099 5422 miseria
1128 5374 1409 5439 peccator
1445 5368 1753 5425 remansit.

120 5443 265 5501 Porro
276 5447 333 5504 in
344 5449 461 5507 hoc
474 5452 648 5523 quod
662 5453 938 5524 superius
949 5453 1065 5510 dici
1076 5461 1168 5510 tur
1178 5458 1482 5529 accepisse
1499 5459 1754 5513 tunicam

121 5531 415 5605 pelliceam,
459 5540 723 5597 etmodo
735 5542 962 5599 sistitur
974 5548 1112 5600 ante
1131 5545 1509 5617 paradisum,
1527 5546 1630 5602 ubi
1655 5562 1758 5619 po-

121 5620 265 5682 situm
278 5632 361 5684 est
376 5629 794 5697 cherubim,et
815 5630 1259 5705 frameaignea,
1294 5634 1612 5705 allegorice
1643 5636 1758 5691 hoc

179 5771 200 5800 ⁸
218 5766 299 5825 Sic
327 5775 582 5846 uterque
613 5771 828 5829 codex.

1870 485 2037 542 sibus
2064 489 2381 549 abstractae
2411 493 2773 567 voluptates,
2806 493 2910 565 qui
2936 512 2963 552 b
2988 491 3304 548 carnaliter
3332 493 3534 549 viven-

1866 578 1953 631 tes
1976 582 2152 649 sunt;
2184 581 2329 653 quia
2356 582 2507 639 sicut
2535 582 2719 656 pelles
2748 582 3182 639 abstrahuntur
3202 597 3239 637 a
3258 598 3527 655 corpore,

1864 663 1946 720 ita
1975 682 2175 739 pravae
2202 670 2536 745 voluptates
2566 688 2602 729 a
2630 676 2851 739 mente,
2893 675 2952 728 et
3007 670 3278 727 divinam
3336 672 3530 743 legem

1866 764 2349 830 consequuntur;
2375 765 2432 816 et
2450 761 2601 817 dum
2623 765 3054 818 convertuntur
3080 759 3159 816 ad
3203 761 3393 816 Deum
3424 777 3532 834 per

1862 842 2215 904 ﬂammeam
2241 849 2557 915 frameam,
2587 851 2649 907 id
2676 855 2764 907 est
2792 867 2900 924 per
2946 849 3361 906 tribulationes
3387 855 3530 906 tem-

1862 935 2122 1007 porales,
2162 942 2412 1009 peccata
2443 957 2553 995 sua
2581 940 3005 1010 cognoscendo
3032 943 3089 995 et
3119 940 3441 1010 gemendo,
3473 944 3531 997 et

1862 1038 1970 1096 per
1992 1025 2326 1097 cherubim,
2357 1028 2419 1084 id
2466 1034 2557 1085 est
2607 1046 2714 1102 per
2752 1028 3188 1102 plenitudinem
3247 1029 3527 1093 scientiae,

1863 1113 2027 1185 quod
2058 1120 2147 1171 est
2197 1116 2477 1185 charitas,
2534 1119 2885 1190 perveniant
2933 1118 3012 1173 ad
3057 1118 3333 1174 arborem
3393 1118 3528 1174 vitae

1862 1201 2184 1275 Christum,
2199 1211 2256 1261 et
2275 1207 2485 1263 vivant
2505 1208 2564 1262 in
2590 1212 2900 1263 aeternum.
2919 1206 3243 1262 Cherubim
3259 1223 3528 1280 namque

1856 1292 2175 1361 plenitudo
2205 1297 2932 1369 scientiaiiuterpretatur:
2966 1295 3198 1351 framea
3213 1297 3525 1360 versatilis,

1861 1383 2060 1453 posita
2086 1385 2166 1440 ad
2197 1387 2661 1443 custodiendam
2692 1386 3017 1455 viamligni
3049 1387 3204 1449 vitae,
3229 1391 3528 1460 tempora-

1860 1473 1948 1530 les
1980 1490 2175 1547 poenae
2206 1476 2639 1547 intelliguntur.
2665 1480 2851 1533 Nemo
2883 1477 3046 1532 enim
3089 1480 3290 1548 potest
3329 1493 3532 1548 perve-

1861 1564 1988 1619 nire
2008 1564 2088 1620 ad
2118 1565 2398 1621 arborem
2430 1567 2586 1637 vitae,
2619 1566 2737 1622 nisi
2767 1582 2874 1639 per
2904 1566 3017 1621 has
3049 1565 3203 1621 duas
3234 1582 3348 1631 res,
3383 1567 3529 1621 tole-

1860 1653 2123 1711 rantiam
2174 1655 2454 1712 videlicet
2504 1656 2940 1723 molestiarum,
2986 1659 3043 1711 et
3091 1654 3530 1728 plenitudinem

1794 1753 1834 1808 Β
1864 1743 2143 1811 scientias,
2172 1745 2235 1800 id
2277 1749 2365 1801 est
2421 1762 2529 1818 per
2584 1746 2938 1801 charitatem
2996 1744 3097 1800 Dei
3145 1749 3202 1800 et
3247 1745 3525 1817 proximi.

1862 1835 2186 1891 Plenitudo
2237 1837 2404 1907 legis,
2455 1836 2648 1908 inquit
2706 1835 3053 1908 Apostolus,
3116 1840 3202 1891 est
3257 1836 3528 1891 charitas

1864 1924 2049 1996 (Rom.
2082 1941 2202 1988 xui,
2232 1927 2337 1997 lO).

2508 2015 2750 2072 CAPUT
2789 2016 2878 2070 IV.

1933 2125 2105 2179 Vens.
2145 2126 2192 2179 l.
2219 2155 2288 2163 —
2316 2124 2512 2180 Adam
2540 2139 2679 2180 vero
2701 2124 2975 2195 cognovit
3005 2123 3221 2193 Evam,
3278 2134 3528 2178 uxorem

1859 2228 2050 2280 suam,
2079 2228 2210 2284 quae
2239 2214 2531 2284 concepit,
2586 2218 2641 2270 et
2688 2213 2927 2283 peperit
2976 2212 3152 2278 Cain,
3200 2216 3257 2267 et
3290 2215 3525 2268 caetera.

1860 2302 2004 2358 Cain
2032 2301 2455 2375 interpretatur
2479 2303 2794 2374 acquisitio
2835 2300 2961 2357 sive
2987 2301 3299 2370 possessio,
3358 2300 3521 2357 unde

1860 2390 2293 2464 etymologiam
2323 2391 2514 2464 ipsius
2541 2390 2884 2463 exprimens
2909 2394 3103 2445 mater
3132 2388 3249 2445 ait:
3282 2390 3531 2445 Possedi

1860 2482 2158 2539 hominem
2172 2497 2288 2552 per
2310 2482 2521 2538 Deum.
2547 2483 2594 2535 A
2623 2479 2930 2537 nonnullis
2962 2479 3143 2536 etiam
3170 2480 3525 2537 lamentatio

1858 2570 2094 2639 dicitur,
2122 2586 2194 2627 eo
2221 2570 2388 2644 quod
2415 2574 2552 2643 post
2578 2570 2958 2627 interfectum
2987 2567 3137 2625 Abel
3182 2567 3526 2625 interfectus

1860 2660 1956 2729 sit,
1988 2663 2045 2715 et
2072 2673 2325 2732 poenam
2354 2658 2446 2715 sui
2473 2657 2710 2715 sceleris
2740 2656 2989 2715 dederit.

1930 2769 2103 2824 Vens.
2121 2772 2174 2823 2.
2189 2799 2258 2807 —
2280 2769 2659 2839 Rursumque
2668 2768 2907 2838 peperit
2925 2767 3184 2837 fratrem
3203 2768 3333 2836 ejus
3348 2766 3397 2821 A
3409 2767 3522 2825 bel.

1858 2855 2009 2912 Abel
2040 2858 2238 2914 luctus
2257 2856 2701 2929 interpretatur.
2722 2858 2852 2923 Quo
2872 2856 3122 2912 nomine
3139 2854 3524 2926 signiﬁcaba-

1856 2951 1953 3003 tur
1981 2947 2371 3004 occidendus.
2409 2947 2571 3003 ldem
2615 2948 2716 3018 [Z.,
2742 2947 2909 3018 Item]
2959 2949 3018 3003 et
3062 2947 3322 3009 vanitas,
3373 2946 3527 3002 sicut

1859 3036 2044 3109 aliqui
2074 3036 2302 3103 volunt,
2332 3036 2477 3108 quia
2503 3036 2619 3092 cito
2648 3035 2880 3092 solutus
2905 3038 2998 3091 est
3026 3038 3206 3107 atque
3259 3033 3526 3091 subtrac-

1789 3114 1829 3170 (ἒ
1861 3131 1973 3183 tus.
2008 3125 2111 3181 Hic
2140 3124 2479 3181 notandum
2508 3128 2597 3181 est
2609 3124 2754 3197 quia
2771 3123 2908 3179 duae
2932 3122 3215 3179 dicuntur
3235 3122 3520 3192 civitates,

1857 3214 2083 3272 diaboli
2110 3214 2382 3270 videlicet
2407 3219 2589 3286 atque
2620 3213 2742 3283 Dei,
2787 3229 2924 3287 quae
2955 3211 3035 3268 ab
3063 3210 3229 3267 initio
3282 3211 3518 3286 mundi,

1859 3305 2029 3362 sicuti
2055 3305 2153 3361 hic
2192 3304 2546 3374 ostenditur,
2580 3303 2846 3359 construi
2895 3305 3226 3375 coeperunt,
3280 3302 3432 3357 sicut
3463 3306 3521 3358 et

1857 3396 1993 3452 dure
2026 3394 2460 3465 generationes,
2485 3393 2741 3450 carnalis
2772 3390 3381 3465 scilicetetspiritalis.
3400 3395 3517 3446 Un-

1856 3486 1931 3543 de
1961 3485 2168 3556 regula
2203 3483 2643 3557 Scripturarum
2666 3488 2753 3539 est
2780 3484 2882 3555 [Z.,
2911 3482 3135 3551 regulae
3194 3482 3520 3554 Scriptura-

1854 3594 1991 3633 rum
2021 3575 2249 3645 dicunt]
2274 3573 2427 3629 duas
2454 3572 2870 3644 generationes
2901 3572 3200 3628 malorum
3232 3576 3290 3627 et
3332 3571 3520 3627 bono-

1854 3684 1988 3723 rum
2013 3667 2126 3737 [F.,
2158 3665 2310 3736 esse]
2344 3679 2543 3731 nosse,
2577 3663 2728 3719 sicut
2780 3663 2971 3719 multa
3015 3661 3293 3734 exempla
3345 3675 3519 3716 cons-

1856 3762 1999 3814 tant.
2030 3759 2211 3812 Natus
2242 3754 2420 3824 igitur
2448 3754 2590 3810 Cain
2613 3753 2777 3827 prior
2808 3768 2879 3808 ex
2905 3752 3020 3808 illis
3049 3751 3291 3808 duobus
3336 3765 3517 3820 gene-

1852 3846 1933 3902 ris
1961 3843 2216 3900 humani
2235 3842 2587 3916 parentibus
2611 3842 2915 3914 pertinens
2946 3841 3025 3896 ad
3054 3839 3281 3896 diaboli
3314 3840 3518 3895 civita-

1855 3940 1995 4001 tem,
2029 3938 2085 3989 et
2114 3932 2194 3989 ad
2223 3931 2526 3988 carnalem
2557 3930 3026 4000 generationem,
3049 3930 3124 3984 de
3142 3944 3265 4001 qua
3286 3944 3395 3999 per
3416 3930 3517 3984 Sa-

1854 4026 2162 4082 lomonem
2194 4021 2409 4077 dicitur
2433 4039 2446 4076 :
2473 4022 2792 4077 Generatio
2812 4036 2943 4092 qua?
2956 4020 3127 4089 patri
3144 4034 3250 4072 suo
3272 4017 3518 4073 maledi-

1856 4117 1957 4179 cit,
1987 4118 2039 4169 et
2063 4112 2251 4168 matri
2279 4126 2406 4166 suae
2434 4126 2555 4165 non
2580 4110 2890 4174 benedicit,
2925 4114 2978 4165 el
3029 4108 3335 4180 generatio
3387 4121 3519 4178 quae

1855 4202 1970 4258 sibi
1995 4200 2224 4257 munda
2248 4201 2505 4265 videtur,
2538 4207 2593 4255 et
2620 4215 2738 4255 non
2764 4206 2845 4255 est
2875 4201 2997 4255 lota
3018 4214 3054 4255 a
3075 4197 3350 4255 sordibus
3372 4197 3516 4262 suis,

1857 4294 1965 4346 etc.
2002 4290 2198 4361 (Prov.
2230 4306 2365 4354 xxx,
2403 4290 2491 4360 Η)
2523 4306 2536 4356 ;
2571 4293 2628 4344 et
2657 4290 2716 4344 in
2749 4287 3071 4357 Evangelio
3127 4304 3140 4342 :
3203 4286 3517 4343 Generatio

1859 4381 2203 4449 viperarum
2235 4378 2479 4445 (Matth.
2514 4394 2600 4444 Ill,
2633 4379 2706 4450 7).
2743 4381 2808 4433 Et
2838 4395 2852 4433 :
2885 4379 3291 4449 Requirentur
3318 4375 3519 4431 omnia

1786 4476 1829 4529 D
1860 4486 1896 4526 a
1921 4468 2306 4540 generatione
2326 4470 2461 4525 ista.
2487 4471 2554 4525 Et
2610 4468 2800 4525 multa
2842 4468 2980 4524 alia.
3038 4466 3329 4523 Posterior
3374 4463 3521 4520 Abel

1858 4558 2162 4632 pertinens
2185 4558 2262 4613 ad
2292 4558 2588 4615 civitatem
2617 4558 2716 4614 Dei
2743 4562 2800 4613 et
2830 4558 2907 4613 ad
2931 4556 3256 4630 spiritalem
3280 4570 3523 4625 genera-

1858 4649 2102 4705 tionem.
2140 4646 2303 4703 Unde
2332 4648 2654 4721 Apostolus
2679 4665 2691 4702 :
2716 4649 2853 4704 Non
2863 4645 3234 4718 prius,quod
3247 4642 3525 4712 spiritale

1859 4743 1962 4807 est,
1993 4737 2096 4794 sed
2110 4736 2272 4808 quod
2291 4738 2575 4804 animale,
2595 4738 2812 4793 deinde
2831 4736 2992 4808 quod
3011 4733 3289 4803 spiritale
3303 4731 3365 4798 (Ι
3371 4730 3513 4785 Cor.

1857 4844 1959 4891 xv,
2003 4829 2116 4897 46).
2180 4827 2556 4899 Quapropter
2612 4826 3054 4897 unusquisque,
3109 4819 3399 4893 quoniam
3450 4834 3525 4874 ex

1860 4917 2151 4974 damnata
2185 4932 2387 4971 massa
2419 4916 2699 4982 exoritur,
2724 4916 2921 4987 primo
2949 4913 3020 4967 sit
3040 4926 3282 4967 necesse
3308 4914 3399 4964 est
3451 4924 3525 4964 ex

1863 5006 2059 5060 Adam
2090 5003 2285 5060 malus
2318 5008 2498 5076 atque
2526 5001 2803 5059 carnalis.
2838 4999 3009 5066 Quod
3034 4999 3082 5054 si
3107 4999 3167 5054 in
3220 4997 3524 5052 Christum

1862 5093 2241 5150 reuascendo
2272 5092 2607 5165 profecerit,
2640 5095 2845 5163 postea
2891 5089 2999 5146 erit
3022 5089 3221 5145 bonus
3267 5092 3322 5145 et
3358 5088 3525 5161 spiri-

1864 5184 2015 5239 talis.
2046 5184 2137 5238 Sic
2166 5184 2228 5238 in
2254 5183 2531 5238 universo
2563 5196 2779 5251 genere
2806 5181 3077 5237 humano
3097 5180 3364 5254 primum
3390 5178 3526 5233 duae

1866 5273 1993 5328 istis
2028 5278 2338 5343 coeperunt
2377 5270 2688 5326 nascendo
2733 5275 2790 5326 et
2830 5271 3144 5327 moriendo
3182 5280 3529 5342 percurrere

1867 5362 2153 5417 civitates.
2188 5359 2350 5416 Prior
2364 5359 2469 5433 qui
2488 5363 2575 5415 est
2599 5365 2801 5428 natus,
2821 5360 2979 5415 cives
3000 5359 3182 5428 hujus
3204 5355 3409 5412 sreculi
3425 5354 3529 5411 de-

1868 5453 2085 5522 signat,
2120 5450 2279 5505 unde
2312 5454 2367 5504 et
2398 5448 2692 5505 civitatem
2717 5450 2953 5522 primus
2969 5444 3533 5515 construxisselegi-

1870 5548 1983 5598 tur.
2019 5539 2316 5595 Posterior
2346 5545 2549 5596 autem
2575 5538 2687 5594 isto
2716 5537 3069 5611 peregrinus
3099 5537 3160 5592 in
3200 5535 3442 5603 saeculo,
3476 5538 3535 5591 et

1871 5630 2173 5705 pertinens
2195 5629 2272 5686 ad
2290 5629 2583 5685 civitatem
2612 5627 2730 5697 Dei,
2746 5629 2819 5684 de
2835 5644 2959 5701 qua
2981 5627 3289 5685 l’salmista
3309 5644 3321 5681 :
3349 5628 3533 5682 Gene-

1941 5775 1970 5816 ι’
2018 5778 2206 5833 Locus
2231 5774 2565 5835 mendosus
2594 5774 2656 5834 in
2680 5779 2934 5849 utroque
2965 5774 3191 5831 codice.
