3944 6410
437 297 537 351 147

1537 294 1889 349 ANGELOMI
1930 284 2397 348 LUXOVIENSIS
2435 291 2769 348 MONACHI.

3765 292 3847 347 ηε

432 418 590 473 ratio
610 421 907 471 rectorum
942 416 1318 473 benedicetur
1343 416 1526 485 (Psal.
1558 432 1669 475 cvi.
1698 416 1806 487 12).
1826 418 1921 471 Et:
1950 417 2089 472 Hcce
2131 421 2177 472 A
2205 417 2325 472 bat.
2356 419 2527 472 Recte
2557 432 2821 489 namque
2856 414 3145 473 offerebat
3175 414 3310 479 Deo,
3343 412 3438 469 cui
3463 412 3573 469 soli
3618 412 3847 469 offeren-

432 511 517 561 est
539 504 841 575 generatio
859 506 1247 575 quazrentium
1268 506 1577 559 Dominum
1594 505 1779 575 (Psal.
1798 521 1945 569 mu,
1963 506 2052 575 46)
2076 523 2088 571 ;

432 599 491 651 et
518 594 611 649 his
645 591 876 648 similia.
912 594 1107 649 Gratia
1135 593 1615 664 przedestinatus,
1642 594 1830 662 gratia
1849 596 2088 660 electus,

434 684 624 755 gratia
643 680 992 756 peregrinus
1021 682 1325 749 deorsum,
1385 686 1571 751 gratia
1629 684 1786 738 cives
1829 699 2089 738 sursum.

507 778 667 829 Vens.
704 777 812 827 3-5.
846 804 916 812 -
946 773 1197 827 Factum
1221 778 1511 828 estaulem
1533 779 1667 843 post
1718 774 1935 828 multos
1973 775 2092 829 dies

437 871 501 920 ut
526 865 761 932 offerret
783 861 933 917 Cain
950 862 1020 917 de
1041 862 1342 929 fructibus
1363 869 1537 918 terrae
1551 879 1799 918 munera
1824 865 2092 933 Domino,

435 957 491 1007 et
522 951 747 1022 reliqua
778 966 969 1022 usque
996 967 1008 1004 :
1034 966 1152 1005 non
1179 953 1433 1019 respexit
1457 954 1738 1006 Dnninus
1754 953 1833 1006 ad
1852 952 2095 1013 Cain,et

432 1040 514 1098 ad
541 1055 793 1096 munera
823 1043 972 1109 ejus,
1006 1042 1314 1110 iratusque
1334 1048 1418 1097 est
1454 1041 1603 1096 ϐιηή
1626 1044 2015 1107 vehementer,
2042 1050 2095 1098 et

434 1129 689 1187 concidit
720 1129 923 1185 vultus
960 1131 1108 1198 ejus.
1140 1128 1306 1184 Unde
1339 1129 1487 1184 scire
1520 1130 1711 1201 potuit
1743 1130 1887 1185 Cain
1930 1131 2096 1202 quod

431 1217 629 1275 fratris
656 1232 911 1272 munera
944 1217 1307 1289 suscepisset
1341 1222 1396 1274 et
1418 1234 1527 1272 sua
1557 1219 1949 1290 repudiasset,
1984 1220 2098 1276 nisi

431 1307 578 1381 quia
601 1322 745 1363 vera
772 1311 858 1362 est
889 1306 987 1361 illa
1017 1306 1437 1362 Theodotionis
1495 1308 1921 1380 interpretatio,
1976 1325 2097 1381 qua

432 1397 575 1453 dicit
606 1414 618 1452 :
648 1397 1057 1466 In/tammavit
1084 1398 1372 1452 Dominus
1403 1412 1583 1467 super
1609 1400 1761 1453 Abel
1810 1405 1861 1454 et
1919 1414 2097 1467 super

434 1487 810 1557 sacrificium
841 1488 969 1555 ejus
999 1500 1023 1541 .·
1053 1502 1232 1555 super
1265 1486 1417 1542 Cain
1449 1503 1585 1542 vero
1611 1495 1663 1543 et
1723 1490 2093 1558 sacrificium

437 1579 568 1647 ejus
600 1592 717 1631 non
751 1576 1149 1644 inﬂammavit
1171 1577 1199 1631 ?
1238 1575 1401 1630 Unde
1430 1575 1689 1630 creditur
1742 1576 1887 1647 quia
1944 1577 2096 1645 ignis

433 1665 656 1721 missus
676 1664 856 1720 estde
875 1664 1045 1729 ccelo,
1066 1664 1167 1735 qui
1189 1663 1333 1719 illud
1353 1665 1711 1719 sacriﬁcium
1733 1667 2012 1737 suscepit.
2036 1671 2097 1720 ut

2204 506 2351 560 dum
2382 510 2483 565 est,
2514 505 2741 561 bonum
2779 522 2931 576 opus
2972 503 3346 572 exhibendo;
3408 502 3515 557 sed
3566 516 3688 558 non
3716 507 3847 560 recte

2203 593 2530 659 dividebat,
2563 610 2684 649 non
2708 594 2866 649 bona
2898 593 3205 649 voluntate
3238 591 3537 659 faciendo,
3567 590 3718 647 dans
3750 595 3846 648 Deo

2204 682 2429 754 aliquid
2463 698 2661 749 suum,
2692 683 2802 738 sibi
2855 690 3053 739 autem
3115 680 3400 755 seipsum,
3445 679 3617 755 quod
3660 696 3846 735 omnes

2203 773 2308 843 qui
2336 788 2451 826 non
2491 773 2606 833 Dei,
2642 772 2747 827 sed
2795 789 2968 828 suam
3028 775 3321 826 sectantes
3367 770 3738 827 voluntatem
3777 770 3844 824 fa-

2206 860 2385 925 ciunt,
2420 861 2480 915 id
2511 867 2597 916 est
2626 878 2747 916 non
2781 866 2941 916 ructo
2963 861 3161 923 corde,
3198 861 3303 914 sed
3333 875 3624 932 perverso
3670 859 3846 913 viven-

2206 953 2309 1003 tes.
2348 950 2441 1004 Vel
2470 950 2610 1021 quia
2645 951 2911 1005 fortassis
2941 950 3083 1005 Cain
3102 948 3347 1004 meliora
3366 947 3479 1003 sibi
3502 948 3841 1009 reservabat.

2205 1042 2259 1093 et
2290 1038 2582 1094 deteriora
2610 1040 2726 1094 Deo
2754 1039 3068 1105 tribuebat,
3103 1042 3156 1094 et
3200 1038 3472 1094 humana
3528 1037 3845 1093 inventione

2205 1128 2557 1197 excogitata,
2594 1133 2655 1183 ut
2686 1132 2946 1200 putatur,
2967 1132 3023 1182 et
3053 1128 3186 1183 ideo
3210 1142 3331 1182 non
3357 1132 3512 1182 recte
3540 1125 3844 1192 dividebat,

2205 1216 2350 1271 Abel
2371 1232 2511 1271 vero
2528 1219 2755 1289 optima
2787 1220 2902 1271 Deo
2926 1224 2977 1271 et
3006 1216 3301 1272 naturalia
3323 1216 3637 1275 offerebat.
3657 1219 3712 1270 et
3732 1214 3846 1269 ideo

2207 1305 2562 1360 sacrificium
2596 1307 2783 1377 ipsius
2818 1312 3161 1378 susceptum
3194 1310 3298 1360 est.
3332 1305 3497 1361 Unde
3525 1304 3589 1359 in
3610 1307 3849 1371 Evange-

2204 1393 2282 1447 lio
2316 1395 2690 1455 singulariter
2729 1396 2924 1465 jUSlllS
2990 1395 3351 1459 inscribitur,
3405 1394 3550 1465 quia
3600 1392 3849 1447 videlicet

2206 1482 2315 1537 tria
2347 1483 2612 1538 maxima
2632 1484 2873 1553 justiti=e
2906 1484 3207 1555 prteconia
3228 1484 3288 1537 in
3307 1499 3377 1537 eo
3398 1498 3527 1537 esse
3546 1482 3846 1551 leguntur:

2206 1572 2537 1637 virginitas,
2567 1574 2814 1627 sacerdo
2845 1574 2987 1631 ium.
3023 1578 3077 1629 et
3106 1573 3488 1643 martyrium,
3523 1572 3584 1627 in
3646 1571 3848 1644 quibus

2207 1661 2501 1715 Christum
2536 1662 2949 1732 prteﬁguruvit.
2985 1666 3099 1717 Nos
3131 1661 3309 1715 etiam
3346 1664 3502 1715 recte
3534 1659 3851 1721 offerimus,

433 1754 765 1828 saepissime
798 1754 938 1809 viris
964 1753 1588 1809 sanctisoﬁ‘erentihus
1614 1756 1836 1809 factum
1860 1756 2091 1819 legitur.
2136 1773 2175 1826 Β
2206 1763 2341 1803 cum
2372 1750 2531 1804 bono
2566 1751 2763 1805 studio
2792 1751 3019 1805 bonum
3053 1766 3205 1822 opus
3233 1750 3493 1819 agimus.
3553 1751 3663 1804 sed
3713 1754 3853 1804 recte

430 1845 583 1900 sicut
601 1843 660 1898 in
683 1842 1057 1898 dedicatione
1080 1842 1283 1913 templi
1308 1842 1420 1896 sub
1447 1844 1766 1899 Salomone
1813 1843 2091 1913 legimus,

432 1935 490 1990 et
508 1932 755 2005 quando
772 1931 927 1987 Elias
943 1930 1004 1985 in
1023 1935 1225 1985 monte
1248 1931 1517 1986 Carmelo
1537 1933 1861 1986 construxit
1889 1933 2091 1987 altare.

502 2024 666 2076 Vens.
694 2026 745 2091 6,
770 2027 822 2075 7.
859 2052 927 2059 —
957 2020 1057 2074 Ait
1078 2021 1234 2075 enim
1261 2019 1551 2075 Dominus
1574 2020 1655 2074 ad
1679 2020 1828 2075 Cain
1858 2040 1868 2075 :
1900 2024 2097 2088 ()uare

429 2112 626 2167 iratus
654 2126 712 2166 es
743 2110 770 2165 ‘t
795 2114 852 2165 et
880 2108 1131 2180 reliqua.
1193 2111 1312 2163 Hoc
1343 2114 1449 2171 est,
1482 2125 1668 2179 quare
1718 2110 2007 2179 irasceris,
2041 2116 2096 2165 et

430 2200 671 2257 invidiae
696 2200 755 2255 in
778 2199 1022 2254 fratrem
1050 2197 1233 2252 livore
1266 2197 1480 2253 iratum
1508 2199 1733 2253 vultum
1769 2199 2011 2254 dimittis
2034 2200 2093 2255 in

429 2292 654 2345 terram
679 2290 706 2343 ‘2
736 2289 949 2343 Nonne
977 2288 1030 2341 si
1057 2288 1195 2342 bene
1224 2289 1433 2356 egeris,
1469 2290 1735 2357 recipies,
1796 2288 1855 2343 id
1916 2294 2003 2344 est
2047 2290 2095 2343 si

429 2393 587 2452 pura
617 2382 815 2433 mente
846 2376 1132 2432 obtuleris
1173 2376 1531 2432 sacriﬁcium
1579 2379 1844 2450 recipies,
1908 2380 2092 2451 respi-

429 2468 619 2523 ciente
650 2470 770 2521 Deo
801 2466 881 2521 ad
907 2469 959 2520 te
981 2469 1039 2520 et
1069 2464 1145 2520 ad
1179 2466 1535 2521 sacrificium
1563 2471 1733 2521 tuum
1752 2470 1780 2522 ‘2
1828 2468 1915 2521 vel
1946 2469 2093 2522 sicut

431 2556 494 2611 in
520 2554 889 2627 quibusdam
920 2553 1229 2610 codicibus
1253 2554 1551 2610 invenitur
1585 2575 1596 2611 :
1632 2558 1844 2612 Nonne
1873 2559 1924 2611 si
1954 2557 2095 2612 bene

428 2644 667 2715 feceris,
698 2643 1035 2698 dimittetur
1084 2644 1193 2698 tibi
1250 2660 1421 2699 omne
1473 2645 1807 2700 delictum?
1868 2646 1989 2700 sive
2032 2652 2093 2700 ut

434 2730 810 2787 Theodotion
836 2732 917 2788 ait
947 2749 960 2786 :
986 2740 1289 2801 acceptum
1322 2735 1433 2788 erit
1460 2733 1486 2787 ?
1537 2734 1646 2789 hoc
1676 2739 1761 2789 est
1815 2752 1827 2788 :
1874 2752 2093 2790 munus

432 2823 607 2876 tuum
635 2820 978 2893 suscipiam,
1012 2821 1162 2877 sicut
1194 2823 1427 2895 suscepi
1459 2822 1652 2878 fratris
1684 2824 1786 2879 tui.
1853 2826 2019 2891 Quod
2042 2827 2096 2879 si

433 2911 597 2966 male
624 2912 832 2980 egeris,
853 2914 1053 2966 statim
1077 2913 1139 2966 in
1155 2913 1393 2981 facibus
1418 2920 1731 2981 peccatum
1765 2918 1933 2969 tuum
1950 2916 2092 2971 ade-

431 3000 534 3055 rit.
568 2999 681 3067 Vel,
716 3000 863 3056 sicut
889 3000 1138 3073 quidam
1170 3002 1410 3058 codices
1443 3003 1705 3059 habent:
1745 3005 1908 3059 illico
1952 3020 2091 3074 pec-

433 3094 631 3145 catum
664 3096 805 3147 ante
833 3092 1191 3147 vestibulum
1246 3098 1415 3147 tuum
1445 3093 1687 3148 sedebit.
1739 3094 1967 3149 Scilicet
2008 3094 2091 3149 in-
2132 3131 2171 3186 ρ

430 3180 682 3234 trantem
707 3184 761 3235 et
795 3184 1111 3236 exeuntem
1163 3185 1219 3236 te
1277 3197 1515 3253 semper
1567 3186 1883 3253 peccatum
1921 3189 2087 3239 tuum

428 3266 833 3333 comitabitur,
862 3272 919 3324 et
947 3268 1177 3324 desinet
1207 3269 1497 3325 Dominus
1545 3271 1846 3327 custodire
1891 3272 2091 3328 introi-

428 3358 557 3411 tum
586 3353 688 3429 [Z.,
721 3356 857 3413 intr.
889 3358 1083 3430 tuum]
1113 3361 1170 3413 et
1196 3358 1420 3413 exitum
1461 3362 1652 3413 tuum.
1703 3360 1821 3415 Sed
1870 3361 1978 3415 sub
2038 3368 2092 3418 te

427 3444 543 3500 erit
571 3446 871 3515 appetitus
893 3452 1051 3515 tuus,
1085 3446 1463 3510 subauditur,
1506 3447 1556 3501 si
1588 3448 1847 3503 volueris
1876 3467 1889 3515 ;
1922 3450 1999 3504 Et
2026 3457 2091 3505 tu

426 3533 827 3591 dominaberis
852 3536 1038 3590 illius.
1075 3537 1157 3589 Ac
1189 3533 1237 3589 si
1260 3535 1524 3607 apertius
1573 3535 1818 3591 dixisset
1874 3554 1887 3592 :
1943 3539 2092 3603 Quia

423 3620 595 3678 liberi
623 3623 850 3679 arbitrii
875 3638 959 3685 es,
994 3638 1119 3678 non
1149 3623 1331 3679 habet
1360 3628 1677 3695 peccatum
1710 3642 1891 3697 super
1918 3630 1972 3681 te
1989 3628 2092 3681 do-

423 3710 702 3783 minium,
730 3711 836 3768 sed
868 3714 931 3767 tu
961 3712 1174 3781 [Petr.,
1208 3727 1330 3767 non
1385 3711 1576 3768 habes
1634 3719 1949 3784 peccatum
2000 3734 2093 3770 su-

425 3814 533 3872 per
561 3799 922 3867 dominium,
957 3800 1060 3855 sed
1086 3805 1171 3867 tu,
1202 3804 1338 3864 etc.]
1378 3816 1560 3872 super
1605 3800 1772 3868 illud,
1805 3806 1863 3857 et
1905 3803 1963 3858 in
1991 3808 2091 3861 tua

423 3893 713 3961 potestate
744 3892 835 3944 est
866 3887 987 3943 sive
1022 3904 1423 3961 compescere,
1482 3889 1606 3943 sive
1663 3892 2089 3963 concupiscere

422 3975 592 4033 illud.
626 3980 1050 4033 Verumtamen
1074 3992 1296 4032 moneo
1329 3981 1381 4032 te
1415 3981 1479 4032 ut
1525 3993 1648 4033 non
1692 3978 1797 4034 tibi
1847 3981 1951 4050 [Z.,
1986 3984 2087 4055 tui]

423 4068 761 4139 peccatum,
796 4064 902 4120 sed
934 4069 995 4119 tu
1025 4070 1273 4136 peccato
1302 4065 1653 4122 domineris.
1674 4071 1820 4123 Nam
1845 4072 2089 4142 Septua-

425 4152 592 4223 ginta
646 4152 729 4208 ita
785 4151 1218 4208 transtulerunt
1266 4169 1282 4207 ε
1336 4154 1552 4210 Nonne
1585 4157 1638 4211 si
1664 4163 1821 4213 recte
1846 4160 2084 4231 offeras,

328 4246 344 4259 '
423 4257 547 4299 non
576 4248 735 4298 recte
763 4246 960 4297 autem
1011 4241 1268 4309 dividas,
1320 4246 1635 4311 peccasti?
1691 4246 1930 4312 Quiesce
1977 4250 2081 4319 [Z.,

424 4332 681 4403 quiescet
709 4336 818 4388 ate
844 4332 1146 4387 conversio
1172 4333 1343 4403 ejus],
1392 4334 1473 4389 ad
1498 4340 1553 4390 te
1580 4340 1883 4394 conversio
1933 4342 2080 4408 ejus,

424 4423 484 4475 et
503 4424 737 4475 caetera.
772 4418 887 4477 Sed
912 4419 1101 4475 multo
1133 4420 1299 4477 aliter
1345 4423 1423 4493 [Ζ.
1432 4463 1450 4493 ,
1482 4423 1677 4496 altius]
1726 4426 1787 4481 in
1836 4428 2083 4484 Hebraeo

425 4510 513 4563 est
541 4524 729 4580 quam
760 4507 822 4563 in
847 4507 941 4563 his
972 4508 1462 4567 translationibus
1493 4528 1721 4569 sensus.
1755 4515 1956 4588 Itaque
1978 4534 2081 4573 ne-

421 4598 696 4653 cessitate
716 4595 1135 4670 compellimur
1158 4598 1219 4654 in
1251 4599 1498 4670 singulis
1528 4601 1750 4659 diutius
1795 4605 2080 4663 immora-

422 4686 495 4742 ri.
528 4689 699 4742 Recte
724 4689 928 4742 autem
955 4686 1204 4743 offertur
1228 4688 1613 4756 sacriﬁcium,
1647 4708 1785 4749 cum
1837 4694 2082 4753 offertur

421 4775 544 4830 Deo
565 4791 726 4845 vero,
758 4776 854 4832 cui
878 4776 980 4832 uni
1003 4778 1423 4833 tantummodo
1458 4780 1921 4837 sacriﬁcandum
1970 4787 2075 4838 est.

420 4865 553 4919 Non
575 4868 776 4920 autem
805 4870 959 4921 recte
984 4865 1283 4936 dividitur,
1311 4866 1459 4921 dum
1488 4884 1610 4923 non
1650 4875 1806 4925 recte
1861 4871 2081 4926 discer-

420 4953 583 5010 nitur
608 4954 696 5010 vel
720 4955 874 5021 loca,
906 4955 1001 5011 vel
1032 4960 1327 5028 tempora,
1359 4956 1453 5012 vel
1480 4974 1574 5013 res
1604 4959 1736 5031 ipsa
1752 4976 1888 5032 quze
1909 4962 2079 5016 otl‘er-

418 5043 535 5114 tur,
567 5042 663 5099 vel
691 5042 1002 5116 quiotfert,
1030 5047 1087 5099 et
1130 5043 1226 5099 cui
1278 5044 1539 5101 offertur.
1596 5050 1768 5103 Recte
1820 5050 2077 5105 offerunt

414 5132 610 5189 ,Ιαᾱωὶ
639 5135 825 5188 Deum
850 5135 1080 5188 Patrem
1106 5133 1405 5190 credendo
1440 5154 1453 5203 ;
1491 5137 1596 5191 sed
1633 5154 1755 5193 non
1782 5144 1938 5193 recte
1990 5140 2077 5194 di-

414 5222 628 5278 vidunt
658 5220 865 5277 Filium
896 5222 1199 5291 negando.
1226 5225 1397 5279 Recte
1424 5227 1599 5280 Vetus
1630 5229 2074 5283 Testamentum

413 5313 673 5369 offerunt
692 5310 1033 5383 recipiendo
1057 5330 1068 5379 ;
1093 5313 1198 5368 sed
1223 5330 1347 5370 non
1367 5320 1521 5371 recte
1543 5316 1821 5372 dividunt
1842 5320 2072 5373 Novum

410 5399 779 5471 respuendo,
810 5399 902 5456 Sic
931 5415 1172 5473 quoque
1195 5403 1301 5474 qui
1322 5404 1667 5475 rapacitate,
1701 5404 1795 5459 vel
1815 5404 1889 5459 de
1926 5422 2072 5476 qua-

409 5488 556 5549 libet
583 5503 646 5543 re
671 5487 1079 5544 fraudulenter
1107 5491 1426 5563 acquisita,
1453 5509 1607 5564 opus
1653 5493 2068 5564 eleemosyna-

408 5593 547 5635 rum
584 5577 747 5647 facit,
779 5583 1002 5634 rectum
1022 5596 1178 5654 opus
1211 5582 1370 5650 facit,
1403 5581 1509 5637 sed
1542 5581 1704 5637 mala
1760 5583 2065 5640 discretio-

407 5681 505 5722 ne.
535 5670 711 5723 Datur
734 5674 1049 5739 propterea
1069 5670 1337 5739 intelligi,
1366 5672 1555 5725 Deum
1584 5686 1708 5725 non
1734 5673 2063 5744 respexisse

406 5753 469 5810 in
495 5756 599 5826 [Z.,
631 5756 727 5830 ad]
759 5774 982 5815 munus
1012 5758 1175 5826 Cain,
1209 5761 1353 5830 quia
1380 5760 1495 5815 hoc
1512 5759 1638 5831 ipse
1660 5759 1816 5817 male
1838 5761 2063 5818 divide-

2205 1853 2324 1892 nou
2357 1839 2703 1905 dividimus,
2762 1840 2808 1893 si
2852 1841 3072 1894 habere
3121 1840 3539 1893 discretionem
3601 1839 3662 1894 in
3707 1838 3853 1893 bono

2204 1943 2379 1997 Opere
2428 1934 2885 2001 postponamus.
2962 1929 3111 1994 Quia
3176 1929 3287 1983 nisi
3338 1928 3623 1983 discretio
3676 1928 3851 1991 fuerit,

2204 2018 2368 2088 quod
2402 2023 2642 2090 putatur
2674 2034 2860 2074 causa
2910 2019 3156 2085 virtutis,
3213 2023 3413 2074 reatus
3466 2024 3553 2074 est
3605 2018 3854 2074 criminis

2204 2108 2308 2177 [Z.,
2340 2108 2401 2161 tit
2434 2108 2578 2161 real.
2612 2106 2823 2178 crim.].
2864 2110 2955 2163 Ait
2985 2110 3141 2163 enim
3193 2124 3206 2163 ε
3272 2109 3532 2178 Quiesce,
3582 2110 3854 2178 peccasti.

2205 2197 2323 2251 Sed
2352 2198 2432 2251 ad
2450 2205 2502 2251 te
2522 2200 2634 2253 erit
2668 2199 2970 2252 conversio
2994 2202 3139 2267 ejus,
3192 2198 3572 2261 subauditur,
3610 2199 3854 2268 peccati,

2206 2285 2250 2339 si
2278 2286 2689 2357 pteuiteutiam
2722 2303 2895 2349 agere
2929 2288 3185 2341 volueris
3214 2289 3319 2355 (2.,
3348 2286 3660 2357 nolueris],
3691 2293 3745 2343 et
3768 2286 3857 2341 tibi

2204 2376 2461 2429 tribuere
2490 2376 2653 2447 quod
2684 2378 2930 2440 gessisti.
2970 2380 3047 2431 lix
3077 2378 3187 2431 hoc
3214 2376 3376 2447 quod
3410 2377 3510 2437 ait.
3534 2379 3620 2432 ad
3674 2383 3730 2431 te
3756 2378 3854 2431 erit

2204 2467 2506 2520 conversio
2535 2469 2683 2535 ejus,
2717 2471 2911 2538 potest
2938 2467 3179 2535 intelligi
3210 2467 3287 2521 ad
3319 2468 3519 2538 ipsum
3553 2468 3856 2522 hominem

2204 2555 2660 2610 conversionem
2690 2572 2817 2610 esse
2875 2556 3093 2611 debere
3143 2556 3390 2627 peccati,
3452 2561 3517 2611 ut
3562 2556 3715 2612 nulli
3772 2556 3858 2610 alii

2203 2661 2389 2715 quam
2419 2643 2529 2698 sibi
2558 2644 2705 2698 sciat
2730 2644 2983 2699 tribuere
3014 2644 3180 2716 quod
3199 2650 3425 2715 peccat.
3452 2645 3574 2699 Hoc
3607 2646 3855 2700 estenim

2207 2732 2463 2787 salubris
2519 2732 2878 2804 pcenitentiae
2931 2733 3231 2788 medicina
3272 2737 3331 2788 et
3376 2733 3568 2788 venite
3642 2734 3855 2805 petitio.

2206 2822 2371 2876 Tunc
2392 2821 2550 2877 enim
2607 2821 3017 2877 dominabitur
3060 2823 3319 2894 quisque
3377 2826 3653 2895 peccato,
3707 2822 3757 2878 si
3808 2821 3859 2876 id

2204 2910 2313 2966 sibi
2347 2927 2467 2966 non
2514 2910 2843 2967 differendo
2888 2912 3298 2986 praeposuerit,
3352 2912 3455 2967 sed
3514 2911 3856 2984 paenitendo

2203 3001 2537 3069 subjecerit.

2272 3092 2444 3145 Vens.
2507 3094 2558 3146 8.
2621 3122 2687 3130 —
2745 3091 2821 3146 Et
2865 3092 3019 3146 dixit
3072 3090 3222 3147 Cain
3273 3091 3355 3148 ad
3399 3092 3554 3147 Abel
3603 3092 3855 3161 fratrem

2199 3195 2423 3236 suum:
2456 3182 2858 3251 Egrediamur
2883 3182 3075 3249 foras.
3121 3182 3185 3236 In
3231 3180 3371 3236 dolo
3404 3196 3679 3254 namque
3706 3182 3761 3237 ei
3784 3180 3855 3236 lo-

2202 3274 2374 3324 cutus
2407 3274 2493 3324 est
2526 3276 2581 3326 et
2606 3286 2727 3326 non
2758 3276 2846 3325 est
2872 3269 3219 3326 dominatus
3252 3276 3499 3342 peccato
3531 3287 3668 3327 suo.
3699 3272 3858 3326 Cum-

2200 3374 2313 3429 que
2342 3365 2527 3414 essent
2559 3362 2615 3414 in
2650 3376 2818 3431 agro,
2851 3366 3229 3416 consurrexit
3260 3360 3579 3415 adversum
3627 3377 3782 3427 eum,
3809 3367 3856 3417 et

2200 3448 2500 3517 interfecit
2532 3465 2687 3505 eum.
2720 3452 2863 3505 Ecce
2889 3450 2900 3504 l
2932 3449 3039 3514 Qui
3070 3450 3337 3521 primum
3359 3449 3676 3506 hominem
3706 3465 3856 3506 mor-

2201 3542 2320 3593 tem
2347 3538 2571 3608 docuit,
2602 3539 2729 3612 ipse
2757 3548 2847 3594 est
2879 3540 3057 3594 istum
3083 3540 3417 3596 secundum
3468 3540 3852 3605 occisionem,

2203 3628 2465 3701 lienique
2515 3630 2564 3684 si
2622 3635 3095 3701 optemperasset
3140 3632 3257 3685 Deo
3302 3630 3553 3702 quando
3608 3630 3853 3693 audivit.

2194 3720 2460 3786 peccasti
2474 3720 2720 3790 quiesce,
2747 3719 2836 3773 vel
2867 3718 3016 3774 sicut
3036 3718 3097 3774 in
3124 3723 3328 3775 nostra
3358 3719 3755 3776 translatione
3784 3720 3854 3775 le-

2200 3806 2390 3874 gitur:
2430 3808 2495 3863 Si
2526 3808 2667 3864 bene
2696 3808 2883 3879 egeris
2923 3808 3209 3877 recipies;
3240 3810 3334 3863 sin
3376 3813 3581 3864 autem
3621 3811 3689 3866 in
3710 3810 3855 3879 fori-

2199 3894 2304 3950 bus
2330 3903 2643 3966 peccatum
2678 3904 2843 3952 tuum
2877 3899 3092 3965 aderit,
3138 3904 3193 3955 et
3224 3905 3289 3953 tu
3334 3899 3747 3957 dominaberis
3793 3901 3855 3955 il-

2201 3987 2334 4053 lius,
2362 3987 2605 4058 adjutus
2637 4004 2673 4043 θ.
2734 3988 2984 4043 Domino
3014 4004 3136 4044 non
3187 3994 3479 4060 peccaret.
3527 3990 3592 4045 ln
3626 3991 3855 4048 foribus

2195 4080 2509 4147 peccatum
2543 4078 2730 4147 adest,
2755 4094 2892 4132 cum
2926 4078 2983 4132 in
3010 4078 3473 4147 cogitationibus
3502 4080 3730 4151 pulsat.
3751 4086 3856 4153 Ap-

2195 4166 2412 4236 petitus
2438 4166 2642 4222 subter
2671 4172 2782 4232 est,
2816 4168 2988 4239 eique
3016 4168 3200 4223 homo
3240 4168 3611 4237 dominatur,
3656 4172 3706 4226 si
3732 4188 3856 4227 cor-

2193 4252 2285 4309 dis
2312 4255 2578 4326 nequitia
2598 4255 2865 4328 inspecta
2892 4256 3061 4311 citius
3086 4257 3393 4327 premitur,
3417 4263 3475 4313 et
3495 4258 3855 4331 priusquam

2193 4342 2272 4397 ad
2301 4343 2585 4399 duritiam
2627 4348 2879 4415 crescat,
2911 4344 3219 4400 reluctanti
3274 4345 3457 4402 menti
3516 4346 3855 4417 subigatur.

2195 4432 2366 4496 Quod
2416 4433 2563 4505 quia
2599 4433 2745 4489 Cain
2795 4433 2985 4489 facere
3038 4435 3418 4506 contempsit,
3456 4434 3857 4494 fratricidium

2192 4522 2509 4578 commisit.

2264 4610 2435 4665 Vens.
2460 4611 2683 4673 9,tO.—-
2718 4613 2995 4683 Dixitque
3018 4613 3075 4668 ei
3097 4613 3384 4668 Dominus
3404 4628 3427 4669 .'
3453 4614 3566 4669 Ubi
3585 4622 3673 4670 est
3706 4617 3859 4673 Abel

2187 4700 2389 4768 frater
2419 4705 2555 4754 tuus
2575 4700 2602 4755 ‘t
2629 4703 2684 4755 et
2712 4700 2963 4771 reliqua.
2990 4704 3117 4756 Non
3150 4704 3444 4772 tanquam
3467 4701 3856 4771 ignarus,sed

2188 4789 2482 4858 tanquam
2516 4787 2725 4859 judex,
2773 4805 2943 4845 reum
2983 4806 3167 4861 quem
3214 4791 3446 4861 puniat,
3496 4791 3850 4862 interrogat.

2188 4876 2291 4932 Cui
2322 4876 2466 4931 Cain
2495 4877 2573 4932 ad
2618 4878 2927 4933 cumulum
2962 4878 3369 4934 damnationis
3401 4895 3527 4934 suae
3560 4880 3853 4938 fallaciter

2186 4980 2255 5020 ac
2286 4966 2540 5037 superbe
2560 4967 2871 5038 respondit
2898 4967 3103 5022 dicens
3129 4985 3140 5021 :
3172 4969 3403 5024 Nescio.
3425 4970 3729 5041 Nunquid
3753 4988 3852 5027 cu-

2184 5059 2301 5108 stos
2330 5055 2550 5123 fratris
2576 5060 2694 5111 met
2717 5072 2844 5110 sum
2871 5062 2898 5111 ?
2930 5058 3207 5127 Dixitque
3227 5060 3555 5114 Dominus:
3581 5059 3745 5126 Quid
3765 5066 3852 5118 est

2180 5143 2344 5213 quod
2368 5145 2571 5213 fecisti
2586 5146 2613 5200 ?
2641 5146 2792 5201 Ecce
2842 5161 2960 5201 vox
3004 5148 3319 5213 sanguinis
3347 5149 3569 5216 fratris
3599 5150 3697 5204 tui
3721 5152 3849 5205 cla-

2181 5238 2307 5287 mat
2363 5234 2445 5288 ad
2471 5249 2563 5289 me
2586 5234 2659 5289 de
2684 5239 2866 5290 terra.
2916 5235 3210 5300 Quaeritur
3240 5235 3555 5307 quomodo
3588 5240 3847 5309 sanguis

2180 5320 2329 5376 Abel
2355 5322 2573 5377 clamat
2600 5322 2679 5378 ad
2714 5326 2896 5377 Deum
2918 5323 2945 5376 ἰ)
2970 5323 3201 5380 Clamat
3229 5340 3496 5397 namque
3525 5326 3604 5382 ad
3630 5329 3846 5394 Deum,

2177 5410 2321 5480 quia
2350 5410 2655 5466 homicidii
2682 5411 2837 5467 illius
2869 5416 3068 5467 reatus
3099 5413 3162 5468 in
3194 5419 3519 5486 conspectu
3562 5416 3711 5485 justi
3742 5418 3846 5488 ju-

2177 5498 2324 5552 dicis
2352 5500 2686 5571 apparebit.

2249 5590 2446 5644 VensJ
2464 5594 2680 5659 {,12.—
2709 5591 2888 5646 Nunc
2916 5593 3105 5661 igitur
3133 5593 3489 5648 malet/ictus
3515 5595 3632 5649 eris
3652 5610 3844 5665 super

2173 5681 2417 5743 terram,
2450 5694 2581 5749 qua?
2615 5682 2851 5748 aperuit
2877 5698 2937 5735 os
2970 5698 3163 5747 suum,
3190 5687 3299 5737 etc.
3334 5684 3510 5736 Terra
3541 5683 3603 5737 in
3635 5684 3839 5740 Adam

2171 5765 2652 5822 maledictionem
2678 5770 3023 5839 promeruit:
3051 5770 3154 5825 sed
3177 5769 3317 5827 Cain
3341 5770 3400 5825 in
3422 5776 3671 5842 peccato
3695 5789 3835 5841 suo,
