3944 6430
174 273 276 331 149

1569 269 1934 335 COMIENT.
1977 273 2047 333 IN
2088 272 2225 337 GEN

3509 276 3609 333 illo

168 394 444 453 videlicet
467 395 617 469 quia
647 395 875 453 sciebat
902 395 1032 468 ipse
1089 396 1549 457 damnationem
1604 414 1841 473 praeva-
1875 401 1923 453 A
1955 398 2153 455 dianae
2183 398 2638 459 consuetudinis
2657 413 2963 471 ponamus
2976 395 3366 471 exemplum:
3401 395 3612 471 loqua-

166 484 473 541 ricationis
502 484 716 557 primae
749 488 855 557 [Z.,
884 486 1166 561 propriis]
1199 492 1254 543 et
1285 504 1408 547 non
1434 489 1633 547 timuit
1663 488 1841 558 origi-

162 575 285 631 nali
332 580 590 650 peccato
621 574 927 632 fratricidii
969 577 1378 648 superaddere
1425 578 1643 650 scelus,
1703 578 1840 635 ideo

161 666 401 735 majore
427 664 853 722 maledictione
881 665 1105 735 dignus
1134 666 1493 725 habebatur.

234 758 412 813 Vens.
451 761 538 822 l3,
572 756 654 813 14.
696 787 749 796 —-
779 757 1072 828 Dixitque
1120 757 1273 815 Cain
1325 760 1408 817 ad
1461 760 1786 819 Dominum
1816 775 1839 816 .°

156 845 371 915 Major
393 852 478 901 est
514 846 806 916 iniquitas
838 861 968 902 mea
1003 861 1183 919 quam
1215 853 1282 904 ut
1315 850 1549 906 veniam
1579 863 1832 906 merear.

158 937 312 991 Ecce
358 935 745 1008 desperando
786 935 1023 992 locutus
1053 941 1165 1003 est,
1193 937 1362 1010 quod
1400 943 1488 994 est
1516 942 1833 1011 peccatum

156 1025 530 1081 maximum.
579 1028 707 1082 Non
735 1025 897 1081 enim
923 1029 1015 1081 est
1041 1025 1355 1083 confessus
1399 1027 1594 1084 scelus
1626 1044 1830 1098 suum,

154 1113 267 1168 sed
301 1114 383 1170 ad
416 1115 855 1187 desperationis
885 1114 1113 1173 malum
1136 1117 1386 1189 proruit.
1421 1117 1587 1174 Unde
1612 1117 1829 1175 etsub-

143 1204 355 1275 junxit
391 1223 404 1261 :
430 1206 582 1262 Ecce
611 1210 632 1261 .'
662 1206 851 1275 Ejicis
880 1221 972 1263 me
1003 1205 1177 1263 hodie
1205 1222 1243 1264 a
1271 1209 1431 1277 facie
1462 1214 1660 1274 terrae,
1707 1214 1760 1264 et
1791 1223 1830 1265 a

140 1296 319 1363 facie
350 1301 455 1353 tua
481 1295 845 1366 abscondar,
888 1301 945 1353 et
998 1311 1099 1352 ero
1152 1312 1339 1367 vagus
1388 1303 1443 1355 et
1498 1297 1823 1368 profugus.

145 1384 253 1439 Vel
285 1385 443 1443 sicut
474 1385 869 1457 Septuaginta
922 1385 1402 1443 transtulerunt:
1466 1387 1713 1445 Gemens
1770 1392 1826 1444 et

145 1480 419 1531 tremens
450 1476 514 1531 in
545 1482 731 1532 terra.
763 1476 967 1531 Omnis
997 1477 1189 1547 igitur
1219 1478 1324 1549 qui
1358 1478 1654 1535 invenerit
1709 1492 1819 1543 me,

140 1566 386 1622 occidet
418 1582 533 1621 me.
564 1565 702 1621 Ideo
736 1565 928 1621 taliter
956 1582 1018 1622 se
1044 1565 1356 1624 damnavit
1384 1567 1822 1639 utcompendio

141 1655 366 1711 mortis
396 1654 698 1711 cruciatus
719 1654 996 1713 evaderet
1024 1661 1370 1729 praesentes.

1954 492 2049 543 tur
2076 487 2227 543 inter
2250 488 2501 544 verbera
2532 504 2737 544 servus
2771 487 2851 543 ad
2901 486 3220 542 dominum
3252 504 3265 540 τ
3321 484 3474 552 Quia
3524 487 3613 544 in-

1952 577 2124 635 cendi
2153 578 2406 639 domum
2458 582 2645 649 tuam,
2705 580 2763 635 et
2808 576 3155 639 universam
3207 575 3608 637 substantiam

1950 669 2261 742 dissipavi,
2288 668 2553 729 interﬁce
2573 684 2704 738 me;
2739 666 3152 744 dominusque
3182 666 3553 741 respondeat
3587 684 3601 724 :

1948 763 2078 817 Non
2095 763 2160 819 ut
2184 763 2247 819 tu
2270 758 2381 828 vis,
2409 758 2700 827 morieris,
2718 762 2774 817 et
2788 756 2961 821 ﬁnies
2984 761 3239 823 mortem
3262 756 3557 833 supplicio
3585 776 3599 827 ;

1946 865 2157 911 verum
2184 848 2367 920 longo
2398 852 2667 923 tempore
2698 846 3051 907 custodieris
3066 846 3145 905 ad
3168 846 3378 917 vitam,
3397 852 3454 911 et
3475 850 3602 907 tam

1943 937 2252 996 infeliciter
2271 938 2334 996 in
2361 939 2475 995 hac
2503 936 2636 994 luce
2664 936 3021 1005 versaberis,
3050 939 3117 997 ut
3142 936 3491 1012 quicunque
3544 942 3597 997 te

1943 1028 2243 1097 occiderit,
2276 1028 2639 1085 beneﬁcium
2669 1031 2910 1101 praestet
2932 1027 3152 1096 occiso,
3181 1026 3332 1087 dum
3361 1025 3436 1084 de
3471 1031 3598 1095 tam

1942 1118 2145 1179 multis
2174 1124 2226 1174 te
2256 1118 2466 1175 liberet
2522 1116 2900 1175 cruciatibus.
2959 1116 3305 1175 Secundum
3354 1118 3599 1192 Septua-

1940 1207 2104 1275 ginta
2132 1196 2381 1282 quidem
2412 1207 2736 1265 editionem
2757 1205 2853 1263 hic
2876 1205 3052 1264 nobis
3086 1221 3303 1263 sensus
3334 1205 3592 1265 videtur.

1938 1299 2018 1352 De
2050 1314 2121 1352 eo
2143 1301 2344 1353 autem
2374 1296 2540 1369 quod
2566 1294 2783 1368 Aquila
2799 1295 3024 1371 posuit,
3048 1296 3591 1367 semptempliciter,

1936 1392 1992 1443 et
2016 1387 2440 1459 Symmachus,
2474 1386 2879 1443 hebdomadus
2928 1385 3210 1453 exsolvet,
3256 1385 3378 1445 sive
3421 1388 3593 1459 septi-

1933 1494 2064 1533 mus
2085 1479 2427 1545 ulciscetur,
2461 1477 2765 1548 majorum
2808 1479 3155 1531 nostrorum
3181 1473 3295 1539 ista
3352 1481 3590 1537 senten-

1932 1569 2013 1627 tia
2040 1574 2128 1626 est
2156 1569 2322 1643 quod
2352 1572 2563 1641 putent
2590 1568 2652 1622 in
2678 1566 2936 1643 septima
2966 1565 3353 1637 generatione
3381 1582 3418 1633 a
3476 1568 3585 1625 La-

1930 1660 2107 1717 mech
2134 1658 2512 1715 interfectum
2531 1656 2694 1715 Cain.
2715 1657 2912 1714 Adam
2936 1656 3163 1731 quippe
3195 1655 3401 1725 genuit
3417 1656 3584 1726 Cain,

218 1745 397 1799 Vens.
430 1744 512 1800 15.
532 1776 601 1785 —
622 1744 912 1816 Dixitque
936 1746 1228 1802 Dominus
1256 1761 1280 1803 .'
1307 1747 1704 1819 Nequaquam
1731 1748 1818 1804 ita
1850 1763 1889 1819 Β
1930 1752 2073 1809 Cain
2088 1747 2829 1821 genuitHenoch,Henoch
2841 1746 3585 1818 genuitlratetlratgenuit

134 1834 247 1900 ﬁet
274 1847 299 1904 ;
332 1834 439 1890 sed
472 1835 665 1891 omnis
695 1835 803 1906 qui
823 1836 1111 1893 acciderit
1136 1835 1311 1908 Cain,
1343 1838 1685 1907 septuplum
1702 1853 1817 1907 pu-

136 1924 375 1980 nietur.
410 1923 509 1983 Hic
535 1923 723 1979 oritur
752 1923 926 1981 valde
970 1924 1288 1997 complexa
1337 1925 1613 1998 qurestio,
1671 1926 1817 2000 quia

134 2012 264 2068 alia
293 2012 612 2071 translatio
643 2013 744 2079 ait,
776 2019 998 2084 septem
1032 2014 1329 2073 vindictas
1358 2017 1641 2073 exsolvet.
1700 2016 1813 2074 Sed

133 2108 480 2176 antequam
501 2101 576 2157 de
601 2102 936 2175 quaestione
964 2103 1363 2172 disseramus,
1388 2110 1619 2162 rectum
1648 2105 1811 2162 vide-

132 2198 241 2250 tur
273 2198 340 2255 ut
366 2192 660 2255 editiones
690 2193 1084 2267 interpretum
1136 2195 1515 2265 singulorum
1571 2195 1810 2266 digera-

130 2302 309 2355 mus,
335 2284 558 2357 quibus
587 2283 820 2341 facilius
869 2301 1083 2341 sensus
1135 2285 1453 2359 Scripturee
1482 2286 1676 2359 possit
1720 2287 1810 2343 in-

131 2373 351 2443 telligi.
384 2376 562 2431 Porro
588 2373 806 2447 Aquila
824 2374 1248 2449 interpretatus
1276 2379 1366 2437 est
1398 2393 1411 2427 :
1442 2377 1522 2433 Et
1552 2377 1709 2434 dixit
1755 2378 1812 2434 ei

128 2466 440 2523 Dominus
474 2484 486 2520 :
519 2466 853 2534 Propterea
883 2467 1097 2533 omnis,
1141 2467 1247 2537 qui
1290 2466 1574 2523 occiderit
1627 2468 1802 2536 Cain,

124 2556 964 2626 septempliciterulciscetur.
982 2556 1386 2629 Symmachus
1408 2572 1549 2613 vero
1574 2575 1587 2614 :
1610 2558 1807 2628 Prop-

129 2654 305 2702 terea
338 2646 529 2701 omnis
557 2645 666 2717 qui
688 2644 973 2702 occiderit
1000 2646 1176 2708 Cain,
1237 2645 1642 2704 hebdomadas
1700 2648 1803 2719 [Z.,

130 2738 295 2794 Cain
323 2741 457 2807 post
487 2740 709 2806 septem
739 2735 1167 2806 hebdomadas,
1197 2742 1326 2806 aut,
1358 2737 1495 2807 etc.]
1518 2739 1800 2805 exsolvet,

127 2831 265 2896 aut,
322 2826 608 2896 septimus
652 2824 1082 2883 vindicabitur.
1144 2824 1533 2897 Septuaginta
1577 2826 1803 2899 quippe

129 2917 245 2987 [Z.,
270 2915 568 2988 quoque],
596 2919 663 2970 ut
685 2913 914 2973 dictum
948 2919 1058 2982 est,
1081 2918 1139 2972 et
1157 2914 1527 2973 Theodotion
1561 2934 1574 2974 :
1605 2917 1687 2973 Et
1711 2917 1802 2975 di-

124 3008 227 3063 xit
257 3006 553 3085 Dominus
584 3020 606 3061 :
634 3005 773 3061 Non
800 3005 885 3061 sic
915 3005 1106 3061 omnis
1156 3006 1264 3077 qui
1310 3006 1595 3063 occiderit
1646 3008 1802 3064 Cain

1927 1839 2250 1908 Malalehel,
2279 1837 2583 1896 Malalehel
2613 1837 2818 1908 genuit
2844 1835 3255 1903 Mathusalem,
3289 1837 3585 1899 Mathusa-

1924 1932 2044 1991 lem
2076 1930 2280 2002 genuit
2319 1929 2595 1992 Lamech,
2637 1928 2743 2003 qui
2797 1926 3087 1986 interfecit
3123 1926 3290 1995 Cain,
3346 1932 3410 1987 ut
3449 1928 3579 2004 ipse

1924 2028 2135 2098 postea
2154 2020 2471 2078 confitetur
2499 2037 2511 2087 ;
2548 2020 2702 2089 Quia
2729 2017 2923 2075 occidi
2950 2018 3147 2077 virum
3204 2017 3268 2075 in
3327 2019 3578 2077 vulnere

1922 2130 2071 2177 meo,
2103 2118 2158 2169 et
2176 2115 2463 2182 juvenem
2496 2111 2554 2165 in
2583 2110 2770 2165 livore
2797 2123 2943 2174 meo,
2975 2110 3033 2162 et
3061 2105 3315 2179 reliqua.
3352 2108 3417 2162 Et
3446 2108 3575 2185 qui-

1921 2204 2063 2260 dem
2084 2203 2157 2258 de
2190 2201 2356 2270 Cain,
2389 2198 2558 2272 quod
2588 2197 2843 2272 septima
2872 2195 3256 2267 generatione
3303 2195 3573 2253 interfec-

1920 2298 2016 2351 tus
2039 2292 2129 2359 sit,
2161 2296 2219 2347 et
2244 2291 2417 2361 juxta
2447 2288 2629 2344 aliam
2672 2285 3130 2343 translationem
3180 2300 3429 2363 poenam
3481 2286 3573 2343 sui

1920 2382 2157 2439 sceleris
2216 2379 2464 2451 dederit,
2516 2377 2664 2435 nihil
2715 2376 2973 2434 obscure
3022 2374 3279 2433 arbitror
3328 2392 3571 2435 reman-

1918 2473 2087 2528 sisse.
2119 2470 2228 2527 Alii
2252 2470 2327 2526 de
2352 2474 2580 2541 septem
2611 2466 2887 2523 vindictis
2905 2464 3048 2525 Cain
3067 2464 3233 2521 varia
3260 2465 3572 2539 suspican-

1917 2567 2029 2620 tur.
2069 2565 2133 2619 Et
2158 2561 2422 2636 primum
2471 2561 2747 2614 asserunt
2794 2555 2984 2611 fuisse
3032 2559 3349 2628 peccatum
3405 2557 3575 2630 quod

1916 2669 2040 2710 non
2063 2656 2220 2708 recte
2247 2648 2512 2705 diviserit
2547 2666 2560 2716 ;
2586 2644 2945 2717 secundum,
2972 2643 3138 2719 quod
3154 2643 3432 2703 inviderit
3455 2644 3569 2703 fra-

1916 2743 1987 2799 tri
2018 2758 2160 2807 suo;
2186 2738 2446 2803 tertium,
2474 2736 2641 2811 quod
2662 2734 2873 2791 dolose
2904 2733 3089 2803 egerit
3108 2733 3348 2790 dicens:
3383 2734 3568 2806 Egre-

1913 2833 2157 2887 diamur
2179 2831 2350 2902 foras
2383 2841 2403 2896 ,'
2432 2830 2738 2901 quartum,
2771 2822 2939 2897 quod
2966 2822 3323 2879 interfecerit
3373 2839 3515 2881 eum
3549 2843 3563 2894 ;

1913 2922 2213 2995 quintum,
2237 2918 2404 2993 quod
2432 2916 2763 2991 procaciter
2789 2914 3135 2986 negaverit:
3165 2913 3399 2971 Nescio.
3436 2915 3574 2971 Sex-

1914 3015 2065 3079 tum,
2098 3008 2265 3082 quod
2297 3008 2565 3080 seipsum
2606 3003 2991 3061 damnaverit
3024 3024 3037 3061 :
3088 3002 3293 3072 Major
3320 3008 3407 3060 est
3459 3004 3572 3061 ini-

129 3102 362 3166 septem
396 3094 695 3151 vindictas
721 3095 1003 3153 exsolvet.
1034 3096 1169 3150 Jam
1200 3093 1444 3150 tandem
1494 3094 1574 3151 ad
1622 3095 1803 3153 eluci-
1844 3127 1888 3183 ο
1915 3101 2115 3171 quitas
2143 3112 2293 3161 mea,
2329 3111 2507 3170 quam
2540 3100 2607 3149 ut
2637 3094 2933 3183 dimittar.
2987 3091 3342 3183 Septimum,
3404 3092 3573 3183 quod

126 3183 415 3241 dandam
443 3183 842 3258 quaestionem
873 3183 1096 3257 stylum
1130 3188 1453 3243 vertamus.
1477 3187 1801 3258 Postquam
1848 3179 1878 3183 ’
1914 3206 2026 3247 nec
2056 3188 2384 3245 damnatus
2416 3183 2599 3253 egerit
2626 3179 3043 3256 paenitentiam
3087 3180 3423 3235 secundum
3474 3179 3569 3237 Ni-

126 3275 299 3332 enim
334 3272 478 3330 Cain
510 3272 753 3331 fratrem
785 3271 1096 3341 interfecit,
1145 3272 1547 3344 interrogatus
1594 3290 1630 3332 a
1689 3278 1802 3332 Do-

128 3364 306 3421 mino
339 3362 443 3419 ubi
470 3367 643 3425 esset,
671 3361 1108 3419 contumeliose
1152 3362 1505 3436 respondit:
1565 3365 1799 3435 Nescio,

120 3459 242 3513 etc.
283 3466 517 3524 ;quam
538 3450 619 3509 ob
670 3466 798 3507 rem
842 3450 1265 3509 maledictione
1311 3451 1640 3511 damnatus
1690 3459 1798 3519 est,

124 3549 192 3599 ut
219 3556 501 3613 gemens,
532 3544 589 3597 et
620 3544 880 3603 tremens
906 3540 1130 3597 viveret
1154 3556 1336 3614 super
1391 3546 1632 3613 terram,
1687 3558 1799 3600 no-

120 3632 235 3689 luit
265 3630 511 3689 veniam
532 3627 846 3705 deprecari
879 3648 893 3701 ;
927 3629 1033 3689 sed
1065 3631 1325 3705 peccatis
1356 3635 1605 3704 peccata
1652 3649 1797 3690 con-

120 3720 453 3793 geminans
504 3722 740 3779 tantum
784 3718 1013 3792 putavit
1052 3717 1246 3788 nefas,
1300 3720 1395 3776 cui
1446 3736 1484 3778 a
1542 3721 1796 3782 Domino

118 3825 245 3866 non
280 3808 483 3885 possit
509 3807 766 3878 ignosci.
802 3808 1068 3882 Denique
1121 3808 1435 3883 respondit
1463 3810 1542 3869 ad
1602 3810 1795 3868 Domi-

116 3915 273 3955 num
308 3916 321 3954 :
354 3898 565 3967 Major
588 3903 674 3955 est
704 3898 993 3970 iniquitas
1019 3912 1151 3955 mea
1209 3914 1391 3971 quam
1432 3905 1499 3954 ut
1557 3902 1792 3958 veniam

116 4003 383 4054 merear,
413 3987 474 4044 id
507 3992 597 4047 est
629 3986 766 4061 plus
796 3987 1039 4059 peccavi
1068 4003 1255 4060 quam
1287 3992 1352 4044 ut
1404 4004 1639 4047 merear
1688 3989 1794 4047 ab-

115 4076 289 4133 solvi.
322 4076 563 4147 Ejicior,
617 4074 834 4149 inquit,
891 4075 1072 4137 hodie
1110 4091 1148 4133 a
1177 4081 1505 4150 conspectu
1553 4081 1679 4150 tuo,
1733 4083 1792 4136 et

113 4164 494 4225 conscientia
524 4164 763 4221 sceleris
794 4163 991 4222 lucem
1019 4165 1220 4239 ipsam
1252 4166 1402 4223 ferre
1439 4183 1563 4226 non
1614 4169 1788 4226 susti-

110 4273 288 4321 nens,
320 4254 641 4313 abcondar
670 4258 728 4311 et
754 4254 1001 4327 latitem,
1035 4254 1264 4331 eritque
1309 4256 1507 4313 omnis
1555 4257 1660 4331 qui
1697 4256 1787 4317 in-

110 4346 341 4402 venerit
370 4360 495 4410 me,
517 4343 752 4400 occidet
781 4360 877 4400 me
905 4361 919 4400 :
953 4342 1103 4405 dum
1125 4360 1199 4401 ex
1230 4348 1484 4405 tremore
1516 4346 1784 4420 corporis

111 4441 165 4492 et
188 4434 353 4492 furia
381 4432 603 4490 mentis
634 4432 896 4503 agitatus
944 4449 1086 4491 eum
1130 4450 1192 4491 se
1245 4449 1378 4491 esse
1434 4433 1783 4506 intelligeret

108 4526 211 4599 qui
254 4528 572 4582 mereatur
593 4522 867 4579 interﬁci.
896 4526 1114 4581 Verum
1142 4527 1320 4592 Deus,
1371 4524 1584 4582 nolens
1638 4542 1779 4587 eum

108 4613 485 4688 compendio
541 4612 755 4669 mortis
827 4611 999 4673 ﬁnire
1076 4613 1400 4681 cruciatus,
1462 4630 1576 4671 nec
1623 4616 1779 4674 tradi

106 4722 304 4780 pinnae
338 4719 467 4778 qua
499 4719 562 4759 se
585 4702 712 4777 ipse
743 4702 1162 4775 damnaverat,
1211 4704 1293 4762 ait
1342 4721 1356 4761 :
1390 4707 1517 4765 Non
1568 4705 1673 4779 sic,
1717 4706 1780 4765 id

108 4801 210 4866 est,
243 4810 400 4863 non,
428 4797 495 4849 ut
517 4796 584 4849 tu
613 4792 898 4860 aestimas,
940 4792 1232 4861 morieris,
1270 4798 1329 4851 et
1352 4799 1609 4855 mortem
1666 4812 1778 4870 pro

105 4884 379 4943 remedio
425 4881 709 4955 accipies.
766 4880 991 4957 Verum
1030 4882 1196 4938 vives
1228 4900 1420 4958 usque
1469 4884 1548 4943 ad
1597 4886 1775 4960 septi.

106 4992 267 5031 mam
301 4971 788 5043 generationem,
817 4976 873 5031 et
898 4972 1278 5037 conscientia:
1314 4978 1429 5037 tua;
1470 4973 1612 5048 igne
1661 4979 1777 5039 tor-

104 5064 414 5139 queberis,
448 5063 536 5119 ita
566 5061 752 5135 utqui
784 5066 837 5119 te
868 5062 1152 5123 occiderit
1206 5063 1544 5123 secundum
1575 5064 1773 5139 dupli-

104 5173 225 5213 cem
256 5152 751 5223 intelligentiam,
784 5156 889 5209 aut
938 5153 1002 5213 in
1062 5154 1319 5228 septima
1364 5156 1770 5225 generatione,

102 5252 253 5303 suta
282 5257 524 5313 magno
556 5246 610 5298 te
635 5241 847 5299 liberet
895 5242 1160 5303 cruciatu
1195 5262 1207 5310 ;
1254 5260 1381 5301 non
1435 5243 1604 5320 quod
1642 5244 1773 5319 ipse

101 5336 195 5407 qui
227 5331 608 5409 percusserit
640 5331 803 5399 Cain,
833 5338 1064 5405 septem
1094 5332 1425 5395 ultionibus
1454 5333 1774 5405 subjicien-

100 5426 206 5481 dus
240 5427 314 5483 sit
346 5443 362 5493 ;
401 5422 515 5481 sed
542 5421 711 5501 quod
742 5427 976 5495 septem
996 5422 1313 5497 vindictas,
1337 5439 1474 5495 quae
1521 5422 1583 5489 in
1627 5424 1771 5483 Cain

101 5522 253 5574 tanto
283 5521 568 5588 tempore
600 5516 1057 5582 concurrerunt,
1087 5511 1285 5571 solvat
1334 5512 1395 5569 in
1439 5513 1766 5584 interfecto,

100 5606 376 5664 occidens
465 5618 610 5663 eum
679 5600 786 5677 qui
850 5600 983 5660 vitae
1057 5600 1254 5661 fuerat
1321 5601 1639 5661 derelictus
1691 5604 1771 5663 ad

100 5713 471 5849 ρίῗῑῗῗῗιίθω
500 5782 675 5863 quod
700 5782 964 5853 (licinius
995 5781 1375 5853 manifestius
1403 5782 1532 5857 ﬁat,
1576 5786 1770 5864 quoti-

1911 3280 2149 3347 nivitas,
2177 3282 2233 3333 et
2262 3276 2595 3344 Ezechiam,
2642 3280 2847 3345 regem
2876 3270 3065 3338 Judee,
3093 3269 3199 3351 qui
3246 3268 3568 3327 imminen-

1910 3376 2034 3429 tem
2064 3362 2321 3424 mortém
2346 3357 2631 3436 lacryinis
2657 3359 3034 3417 distulerunt.
3061 3362 3127 3415 Et
3154 3358 3363 3415 dicunt
3419 3358 3568 3416 illud

1910 3476 1947 3516 a
1978 3456 2446 3516 clementissimo
2477 3456 2597 3509 Deo
2626 3452 2763 3508 ideo
2784 3465 2977 3523 usque
3010 3446 3089 3505 ad
3118 3452 3350 3522 septem
3383 3463 3564 3519 gene-

1908 3548 2171 3604 rationes
2204 3544 2384 3600 fuisse
2414 3541 2688 3609 dilatum,
2722 3543 2785 3595 ut
2816 3537 3027 3595 saltem
3080 3536 3255 3593 malis
3302 3536 3452 3611 ipsis
3508 3542 3565 3596 et

1906 3638 2105 3707 longa;
2133 3635 2271 3691 vitae
2303 3648 2559 3689 maerore
2590 3628 2945 3703 compulsus
2973 3626 3385 3701 paenitentiam
3416 3642 3558 3698 age-

1903 3731 1994 3784 ret
2022 3732 2089 3783 nt
2119 3730 2447 3781 mereretur
2476 3719 2706 3778 absolvi
2738 3736 2752 3776 :
2783 3723 2842 3775 et
2888 3717 3053 3775 hunc
3106 3733 3236 3773 esse
3288 3733 3556 3791 sensum,

1903 3833 2089 3891 quem
2117 3816 2301 3888 supra
2331 3810 2834 3887 prmstrinximus,
2856 3806 3024 3881 quod
3066 3805 3170 3889 qui
3202 3804 3561 3867 interfecerit

1902 3908 2068 3978 Cain,
2101 3906 2179 3963 ab
2211 3903 2438 3975 ingenti
2466 3917 2607 3957 eum
2636 3915 2821 3973 pcena
2846 3903 2901 3954 et
2928 3896 3216 3953 omnibus
3250 3896 3559 3973 suppliciis

1899 4000 2199 4058 liberaret.
2235 3997 2527 4051 Caeterum
2552 3988 2719 4065 quod
2747 3990 2951 4043 noster
2998 3985 3293 4065 interpres
3341 4001 3556 4041 secun-

1899 4091 2050 4147 dum
2078 4083 2429 4143 Hebraicam
2461 4078 2769 4136 veritatem
2791 4075 3012 4149 posuit,
3043 4073 3250 4131 dicens
3284 4091 3297 4131 :
3325 4076 3443 4145 Qui
3467 4090 3557 4134 oc-

1898 4179 2113 4237 ciderit
2146 4176 2321 4239 Cain,
2352 4171 2695 4242 septuplum
2746 4167 3061 4239 punietur,
3112 4163 3298 4238 aliqui
3346 4163 3555 4222 intelli-

1898 4270 2046 4341 gunt
2077 4267 2182 4337 [Z.,
2211 4262 2311 4318 alii
2340 4263 2480 4316 sunt
2530 4258 2637 4332 qui
2687 4255 3026 4326 intelligunt
3074 4254 3175 4327 ita]
3226 4254 3357 4310 ita:
3406 4251 3556 4310 solet

1894 4357 2058 4415 enim
2089 4349 2463 4426 septenarius
2482 4361 2774 4404 numerus
2797 4343 3130 4419 sepissime
3154 4343 3218 4399 in
3239 4342 3553 4416 Scripturis

1900 4445 2123 4504 sanctis
2165 4458 2276 4515 pro
2305 4437 2676 4514 plenitudine
2733 4434 3054 4509 cujuslibet
3106 4433 3194 4491 rei
3239 4433 3407 4508 poni.
3460 4433 3556 4493 Ait

1894 4551 2039 4607 ergo
2068 4532 2411 4603 septuplum
2430 4529 2744 4601 punietur,
2776 4524 2954 4599 quasi
2978 4523 3229 4580 dixisset
3260 4538 3275 4580 :
3318 4523 3555 4581 Gravis-

1891 4627 2046 4684 sima
2074 4622 2300 4683 ultione
2328 4617 2674 4692 puniendus
2699 4616 2809 4671 erit
2835 4613 2932 4671 ille
2978 4613 3085 4687 qui
3130 4617 3185 4669 te
3241 4611 3547 4680 occiderit,

1888 4715 1995 4789 qui
2026 4729 2138 4771 nec
2158 4714 2324 4769 tanto
2373 4704 2783 4765 damnationis
2827 4701 3297 4763 comminatione
3342 4700 3551 4789 admo-

1886 4788 2071 4874 nitus,
2102 4819 2138 4860 a
2168 4797 2482 4870 sanguinis
2529 4795 2826 4854 effusione
2867 4792 3057 4849 voluit
3108 4805 3330 4846 manus
3383 4788 3548 4846 cohi-

1886 4893 2047 4953 bere.
2080 4893 2287 4964 Itaque
2307 4893 2594 4945 terrorem
2623 4883 2820 4941 intulit
2840 4880 3150 4949 Dominus,
3187 4893 3264 4935 ne
3288 4877 3426 4951 quis
3440 4876 3546 4934 ho-

1886 4982 2200 5043 micidium
2227 4980 2615 5051 perpetraret.
2652 4977 2818 5037 Ecce,
2850 4973 3150 5045 quantum
3179 4967 3259 5026 ad
3278 4967 3541 5025 historia

1886 5052 2267 5147 superﬁciem
2293 5067 2565 5142 pertinet,
2597 5079 2674 5119 ne
2699 5062 2940 5132 longius
2979 5074 3180 5118 sermo
3229 5059 3537 5133 procedat,

1885 5178 2068 5235 super
2117 5161 2233 5217 hoc
2289 5156 2671 5214 enucleatum
2717 5153 2844 5210 fore
2892 5150 3172 5211 sufﬁciat.
3231 5154 3543 5210 Verumta-

1883 5266 2025 5310 men
2045 5265 2122 5306 ne
2151 5247 2406 5304 modum
2433 5243 2617 5301 libelli
2644 5242 2931 5301 excedere
2959 5241 3325 5313 videremur,
3354 5242 3433 5299 ad
3462 5241 3544 5299 al-

1881 5339 2209 5413 legoricam
2235 5334 2690 5405 intelligentiam
2704 5333 3141 5408 apostropham
3171 5332 3369 5389 facere
3398 5330 3541 5390 'dis-

1882 5430 2148 5489 tulimus.
2177 5431 2249 5487 At
2267 5440 2408 5483 vero
2433 5424 2482 5480 si
2503 5423 2741 5497 plenius
2762 5422 2990 5497 tropice
3008 5421 3238 5479 discere
3258 5420 3538 5493 volueris,

1881 5518 2031 5593 quid
2081 5517 2344 5574 duorum
2412 5512 2676 5570 ﬁliorum
2754 5511 3056 5579 nativitas,
3113 5509 3339 5584 quidve
3395 5512 3541 5569 Caln

1881 5607 2153 5681 Abelque
2180 5603 2528 5677 signiﬁcent,
2557 5604 2687 5675 jam
2717 5617 2878 5676 saepe
2902 5599 3136 5675 ρηθῖιῆ
3161 5600 3273 5658 viri
3301 5606 3542 5658 cretam-

1878 5711 2139 5770 rumque
2182 5694 2443 5765 tegmine
2488 5690 2725 5749 sublato
2779 5691 3100 5749 doctorum
3146 5706 3429 5765 percurre
3479 5689 3545 5747 li-

1878 5784 2091 5849 bellos.
2145 5788 2266 5849 Nos
2323 5783 2526 5857 igitur,
2574 5785 2644 5847 ut
2674 5782 3016 5858 accepimus,
3068 5781 3332 5842 historiae
3384 5779 3536 5843 vela.
