3944 6474
356 302 453 357 151

1461 296 1822 354 ANGELOMI
1859 290 2310 350 LUXOVIENSIS
2346 292 2664 350 MONACHI

3695 284 3795 343 152

359 422 618 480 Domino
645 423 905 491 favente,
936 422 1299 496 pandemus.
1357 423 1450 478 Ait
1496 421 1657 478 enim
1704 418 2007 489 legislator
2035 421 2081 473 Α
2123 418 2306 475 livore
2341 434 2488 488 meo,
2515 422 2574 475 et
2597 417 2848 491 reliqua.
2871 416 3136 473 Tradunt
3159 414 3324 470 enim
3344 411 3590 469 Hebraei
3622 411 3795 483 quod

362 515 595 587 Moyses
622 531 636 569 :

438 620 763 692 Posuitque
776 621 1065 677 Dominus
1086 619 1235 676 Cain
1252 621 1490 690 signum
1508 621 1612 691 [Z.,
1636 620 1700 675 in
1725 620 2009 688 signum],

366 712 427 765 et
453 708 702 781 reliqua.
731 707 899 765 Varie
928 709 1152 781 quippe
1180 707 1254 763 de
1311 708 1425 764 hoc
1465 709 1638 777 signo
1693 705 1919 763 Hebraei
1958 708 2015 761 et

367 797 640 854 nonnulli
653 796 913 853 ﬁdelium
940 797 1323 869 suspicantur
1347 815 1361 864 ;
1391 798 1496 853 sed
1522 796 1700 869 quale
1725 794 2011 868 posuerit,

367 901 446 942 ne
465 885 847 953 occideretur,
875 885 1179 957 Scriptura
1207 886 1422 951 innuit,
1449 885 1723 942 videlicet
1750 889 1817 941 ut
1858 899 2015 940 sem-

366 989 477 1048 per
502 979 762 1031 tremens
787 979 845 1031 et
872 989 1141 1044 gemens,
1188 990 1383 1044 vagus
1431 985 1489 1031 et
1524 974 1817 1048 profugus
1856 973 2017 1029 vive-

369 1068 477 1133 ret,
503 1078 612 1119 nec
633 1064 881 1120 auderet
913 1061 1015 1136 [Z.,
1058 1063 1311 1135 audiret]
1369 1080 1507 1119 eum
1563 1064 1806 1136 uspiam
1857 1061 2019 1118 orbis

368 1156 661 1209 terrarum
693 1152 867 1209 sedes
888 1152 1114 1208 habere
1145 1152 1400 1224 quietas.
1438 1156 1503 1208 Et
1544 1152 1814 1208 fortassis
1844 1150 2020 1206 idcir-

369 1256 441 1296 co
470 1240 768 1297 civitatem
802 1241 1090 1303 condidit.
1124 1241 1184 1296 in
1215 1258 1337 1313 qua
1359 1240 1575 1297 salvari
1600 1241 1806 1313 possit.

441 1347 620 1404 Vsus.
658 1350 742 1404 16.
775 1379 845 1388 —
873 1349 1282 1420 Egressusque
1303 1350 1453 1404 Cain
1476 1365 1513 1405 α
1556 1348 1715 1419 facie
1768 1349 2020 1411 Domini,

375 1437 671 1493 habitavit
697 1438 761 1492 in
795 1443 959 1493 terra
1013 1439 1312 1507 profugus
1368 1439 1449 1493 ad
1494 1439 1844 1494 orientalem
1893 1438 2025 1507 pla-

373 1542 515 1597 gam
534 1525 726 1581 Eden.
751 1526 1141 1597 Septuaginta
1167 1528 1610 1591 transtulerunt,
1638 1527 1930 1583 habitavit
1962 1528 2024 1581 in

378 1621 545 1670 terra
574 1615 758 1684 Naid,
791 1615 964 1681 Quod
989 1617 1374 1688 Septuaginta
1397 1618 1559 1673 Naid
1578 1616 2023 1683 transtulerunt,

376 1702 439 1758 in
470 1702 721 1759 Hebraeo
744 1719 869 1759 non
899 1703 1131 1759 dicitur.
1164 1708 1287 1760 Non
1322 1711 1412 1759 est
1442 1706 1618 1775 igitur
1649 1711 1800 1760 terra
1856 1703 2022 1773 Naid,

377 1796 447 1847 ut
474 1790 694 1861 vulgus
725 1796 1071 1849 nostrorum
1093 1798 1284 1866 putat,
1316 1795 1418 1849 sed
1450 1793 1719 1874 expletur
1739 1795 2027 1850 sententia

380 1879 504 1948 Dei,
536 1880 699 1953 quod
732 1880 850 1936 huc
881 1885 1061 1954 atque
1084 1882 1221 1939 illuc
1244 1898 1432 1949 vagus
1466 1889 1521 1939 et
1548 1884 1837 1955 profugus
1859 1883 2028 1938 ober-

381 1967 551 2025 ravit.
583 1968 747 2024 Unde
780 1969 927 2024 Naid
954 1969 1377 2043 interpretatur
1404 1972 1722 2033 instabilis,
1786 1978 1838 2026 et
1887 1974 2031 2041 ﬂuc-

384 2064 583 2125 tuans,
619 2072 689 2113 ac
714 2058 876 2113 sedes
905 2059 1165 2126 incerta},
1192 2060 1282 2115 vel
1317 2063 1644 2117 commotio.

453 2166 600 2220 Vens
630 2166 1112 2235 l7.—Cognovit
1143 2174 1340 2223 autem
1377 2169 1530 2224 Cain
1561 2184 1807 2224 uxorem
1837 2184 2029 2236 suam,

382 2258 437 2308 et
461 2254 693 2323 peperit
721 2253 991 2310 Henoch.
1020 2254 1213 2328 Aliqui
1232 2256 1515 2313 dieuzitin
1540 2257 1654 2313 hoc
1680 2256 1847 2329 quod
1869 2255 2031 2327 dicit,

384 2343 659 2413 cognovit
691 2358 939 2399 uxorem
964 2359 1154 2411 suam,
1190 2344 1524 2415 signiﬁcare
1554 2346 1721 2419 quod
1743 2347 1845 2418 [Z.,
1869 2352 1933 2402 ut
1963 2346 2035 2401 si-

385 2429 695 2503 gniﬁcaret
742 2431 930 2505 quod]
985 2432 1248 2488 vindicta
1295 2434 1611 2501 desineret,
1677 2436 1725 2491 si
1788 2451 2035 2491 uxorem

383 2535 509 2576 non
535 2519 883 2591 accepisset.
918 2521 994 2575 Et
1045 2522 1366 2590 tedi'ﬁcavit
1422 2525 1743 2587 civitatem,
1784 2527 2040 2580 vocavit-

384 2624 500 2680 que
519 2623 733 2664 nomen
764 2612 893 2678 ejus
924 2625 999 2665 ex
1021 2611 1260 2667 nomine
1304 2612 1423 2680 ﬁlii
1474 2614 1568 2668 sui
1617 2613 1885 2670 Henoch.
1935 2615 2039 2668 He-

386 2698 548 2753 noch
574 2698 872 2754 dedicatio
901 2696 1339 2771 interpretatur.
1375 2705 1433 2755 In
1484 2702 1675 2773 ipsius
1733 2702 1891 2758 enim
1938 2718 2042 2758 no-

390 2785 553 2841 mine
574 2786 876 2842 civitatem
896 2795 1105 2859 postea
1133 2788 1452 2847 aediﬁcavit
1482 2792 1646 2848 Cain.
1672 2790 1775 2847 Hic
1807 2791 2039 2864 primus

394 2874 697 2931 civitatem
768 2876 1176 2932 construxisse
1258 2878 1629 2947 describitur,
1708 2885 1770 2937 ut
1843 2888 2042 2954 aperte

398 2967 834 3021 monstraretur
862 2965 1005 3037 quia
1033 2965 1159 3037 ipse
1181 2966 1240 3022 in
1274 2972 1429 3024 terra
1457 2968 1918 3027 fundamentum
1943 2988 2046 3045 po-

395 3052 536 3119 suit,
567 3054 672 3127 qui
703 3070 739 3111 a
768 3054 1063 3112 soliditate
1104 3062 1338 3114 aeternae
1386 3060 1593 3133 patriae
1632 3060 1861 3117 alienus
1914 3063 2043 3120 fuit.

398 3146 755 3214 Peregrinus
788 3148 1013 3219 quippe
1069 3163 1103 3202 a
1148 3149 1421 3220 summis,
1473 3149 1935 3208 fundamentum
1983 3153 2044 3210 in

397 3234 534 3292 imis
562 3235 781 3308 posuit,
814 3235 919 3308 qui
948 3236 1263 3293 stationem
1294 3239 1490 3295 cordis
1540 3241 1597 3295 in
1653 3245 1886 3298 terrena
1941 3243 2045 3300 de-

395 3324 710 3381 lectatione
736 3324 1066 3382 collocavit.
1100 3327 1263 3383 Unde
1290 3329 1349 3384 in
1408 3328 1591 3402 stirpe
1616 3330 1746 3402 ejus
1779 3332 2043 3402 Henoch,

398 3414 504 3487 qui
534 3414 830 3472 dedicatio
860 3415 1300 3497 interpretatur,
1332 3418 1565 3491 primus
1617 3421 1886 3477 nascitur
1919 3441 1934 3491 ;
1987 3422 2048 3479 in

399 3503 722 3561 electorum
750 3520 895 3561 vero
920 3507 1208 3578 progenie
1237 3509 1480 3564 Henoch
1538 3510 1826 3582 septimus
1865 3511 2049 3568 fuisse

399 3598 788 3652 memoratur.
820 3595 971 3661 Quia
1013 3595 1286 3653 videlicet
1330 3598 1570 3670 reprobi
1622 3598 1685 3654 in
1735 3600 1849 3656 hac
1905 3601 2047 3670 vita,

402 3699 538 3757 qua:
581 3687 719 3740 ante
768 3686 876 3753 est,
932 3685 1286 3758 semetipsos
1343 3686 1700 3743 aediﬁcando
1748 3687 2048 3748 dedicant.

402 3771 579 3829 Electi
604 3789 744 3829 vero
765 3772 1177 3831 azdificationis
1209 3790 1331 3829 suae
1362 3775 1799 3832 dedicationem
1831 3778 1891 3834 in
1934 3778 2051 3837 ﬁne

401 3858 613 3932 [Petr.,
646 3861 856 3933 ﬁnem]
888 3862 1199 3935 temporis,
1230 3863 1291 3919 id
1317 3868 1406 3919 est
1434 3864 1494 3919 in
1524 3865 1779 3937 septimo
1805 3882 2043 3941 exspec-

402 3952 549 4007 tant.
582 3949 730 4007 Hinc
755 3954 847 4006 est
874 3951 1043 4023 quod
1072 3951 1254 4009 Paulo
1284 3957 1601 4009 attestante
1630 3953 1933 4011 Abraham
1990 3960 2051 4014 in

404 4039 627 4094 casulis
684 4039 1002 4106 habitavit,
1077 4040 1221 4111 quia
1286 4040 1607 4097 habentem
1659 4041 2055 4103 fundamenta

402 4125 723 4193 civitatem,
756 4141 945 4198 quam
985 4141 1166 4199 super
1217 4143 1327 4184 nos
1353 4129 1457 4200 [Z.,
1486 4133 1804 4204 supernus]
1843 4133 2053 4191 artifex

403 4212 713 4281 construit,
740 4215 1145 4286 exspectabat.

477 4318 653 4374 Vens.
692 4319 869 4376 18-22.
906 4352 972 4362 —
1006 4323 1195 4378 Porro
1251 4326 1497 4383 Henoch
1551 4331 1757 4400 genuit
1808 4332 1954 4399 Iral,
1999 4336 2057 4388 et

403 4407 639 4480 reliqua
662 4424 856 4483 usque
898 4427 911 4465 :
948 4416 1005 4468 et
1056 4413 1458 4473 Mathusalem
1508 4422 1715 4488 genuit
1773 4421 2052 4490 Lamech,

405 4497 515 4568 qui
534 4499 764 4568 accepit
792 4514 1008 4556 umores
1034 4501 1205 4569 duas,
1239 4520 1450 4561 nomen
1496 4509 1605 4562 uni
1641 4508 1800 4579 Atla,
1850 4515 1905 4565 et
1952 4526 2054 4567 no-

404 4600 542 4642 men
584 4588 769 4644 alteri
809 4590 999 4647 Sella.
1056 4592 1313 4649 Lamech
1364 4596 1589 4670 quippe
1638 4597 2056 4671 interpretatur

398 4677 761 4745 percutiens.
817 4679 947 4752 Ipse
1001 4683 1293 4752 percussit
1333 4690 1389 4740 et
1437 4686 1727 4743 interfecit
1775 4688 1937 4745 Cain.
1990 4691 2057 4746 Et

403 4764 535 4839 ipse
563 4768 795 4840 primus
824 4768 1188 4827 adulterium
1218 4774 1543 4846 commisit,
1576 4792 1647 4832 eo
1691 4777 1858 4850 quod
1901 4794 1963 4834 se
1990 4778 2055 4835 in

402 4856 641 4913 duabus
663 4858 952 4916 uxoribus
979 4860 1197 4919 divisit.
1232 4863 1330 4919 Hic
1361 4866 1698 4923 notandum
1753 4872 1843 4924 est
1886 4867 2055 4941 quod

402 4947 464 5001 in
493 4948 778 5019 progenie
811 4950 951 5007 Seth
974 4951 1140 5008 nulla
1162 4951 1244 5009 ibi
1265 4956 1582 5026 progenita
1611 4955 1838 5015 femina
1863 4958 2056 5014 nomi-

401 5034 591 5089 natim
613 5037 975 5108 exprimitur,
1019 5041 1134 5097 nisi
1181 5047 1413 5099 tantum
1466 5045 1528 5100 in
1574 5045 1864 5118 progenie
1909 5047 2053 5103 Cain

403 5130 912 5182 commemoratur
943 5146 957 5196 ;
988 5146 1095 5202 per
1122 5133 1288 5204 quod
1330 5133 1699 5204 signiﬁcatur
1756 5140 2053 5193 terrenam

401 5210 717 5281 civitatem,
739 5229 863 5286 qua
891 5216 996 5286 [Z.,
1024 5220 1182 5293 quae]
1215 5222 1357 5278 Cain
1390 5224 1546 5295 cepit
1576 5223 1788 5295 [Petr.,
1836 5241 2053 5281 conce-

398 5301 529 5372 pit],
559 5318 751 5375 usque
777 5303 871 5359 sui
895 5304 956 5359 in
987 5306 1171 5362 ﬁnem
1199 5312 1469 5369 carnales
1501 5313 1847 5371 habituram
1878 5329 2056 5386 gene-

398 5390 680 5459 rationes,
704 5408 841 5465 qum
866 5393 1129 5452 marium
1149 5413 1220 5454 ac
1237 5398 1600 5457 feminarum
1628 5404 2054 5475 conjunctione

399 5480 762 5549 proveniunt
788 5482 897 5551 [Z.,
918 5497 1054 5555 quae
1084 5500 1192 5558 per
1220 5490 1576 5546 maritorum
1596 5507 1667 5548 ac
1690 5491 2056 5548 feminarum

398 5566 854 5636 conjunctiones
881 5575 1258 5649 perveniunt]
1290 5579 1457 5635 Unde
1503 5579 1582 5635 ad
1642 5580 2055 5637 testimonium

397 5654 551 5712 Sella
580 5659 795 5717 umbra
814 5665 942 5733 ejus
970 5664 1410 5740 interpretatur.

465 5764 635 5820 Vnus.
663 5769 751 5824 23.
784 5772 949 5829 -—Et
979 5776 1070 5831 ait
1096 5776 1359 5834 Lamech
1388 5778 1683 5833 umoribus
1714 5778 1836 5832 suis
1870 5793 1885 5833 :
1943 5779 2049 5834 Oc-

393 5851 515 5909 cidi
539 5854 735 5916 virum
763 5859 827 5921 in
854 5864 1076 5925 vulnus
1105 5880 1322 5934 meum,
1353 5872 1405 5925 et
1437 5865 1953 5940 adolescentulum
1978 5867 2041 5931 in

2121 509 2377 565 Lamech
2408 508 2688 565 occiderit
2710 507 2875 577 Cain,
2906 507 3094 563 ethoc
3124 505 3444 561 conﬁtetur
3463 501 3793 558 uxoribus.

2123 598 2269 669 Fuit,
2300 597 2598 671 inquiunt,
2631 596 2888 654 Lamech
2916 596 3007 651 vir
3045 592 3389 664 sagittarius
3431 597 3485 648 et
3548 605 3792 661 gnarus

2121 686 2384 743 venandi
2417 705 2429 753 ;
2463 686 2568 741 sed
2597 685 2779 756 longo
2806 684 2972 741 senio
3000 683 3183 740 lassus
3219 681 3578 751 caligabant
3636 678 3796 735 oculi

2124 776 2273 847 ejus,
2301 780 2359 833 et
2384 775 2541 832 clare
2573 775 2768 831 videre
2799 791 2916 831 non
2952 778 3207 847 poterat.
3238 771 3511 828 Habebat
3531 769 3795 843 quidem

2124 866 2563 940 praeductorem
2637 863 3173 929 adolescentulum,
3230 862 3334 935 qui
3385 861 3438 915 ei
3490 859 3794 914 ducatum

2125 954 2454 1029 praebebat.
2485 954 2761 1020 Quadam
2793 968 3056 1026 namque
3106 952 3201 1008 die
3258 966 3521 1025 pergens
3577 949 3645 1003 in
3704 947 3795 1001 silc

2127 1061 2289 1114 vam,
2322 1049 2388 1099 ut
2412 1044 2566 1101 feras
2590 1048 2810 1101 venatu
2837 1047 3095 1116 caperet,
3122 1040 3499 1115 praeibat[Z.,
3532 1037 3798 1110 praeibat

2130 1136 2205 1205 ei]
2234 1151 2405 1208 puer,
2436 1135 2597 1191 viam
2628 1133 2925 1207 praebens.
2959 1134 3228 1204 Cumque
3247 1128 3472 1185 saltum
3507 1141 3800 1201 peragra-

2130 1229 2282 1288 rent,
2315 1224 2544 1297 aspexit
2572 1223 2923 1279 adolescens
2963 1222 3104 1279 Cain
3134 1220 3397 1287 alonge,
3456 1224 3517 1274 et
3566 1218 3800 1273 discer-

2132 1329 2273 1369 nere
2304 1328 2428 1368 non
2459 1312 2689 1378 valens,
2722 1312 2957 1385 putavit
2984 1310 3236 1366 bestiam
3260 1310 3365 1379 [Z.,
3388 1324 3532 1363 eum
3558 1305 3803 1380 putavit

2134 1419 2262 1458 esse
2292 1402 2589 1472 bestiam],
2621 1407 2677 1457 et
2717 1402 2797 1457 ait
2825 1400 2904 1456 ad
2937 1399 3195 1455 Lamech
3231 1417 3243 1454 :
3308 1398 3519 1461 Video,
3576 1394 3800 1467 inquit,

2135 1491 2409 1547 bestiam.
2442 1492 2710 1563 Dixitque
2753 1491 3053 1547 Lamech:
3114 1490 3196 1544 Da
3250 1488 3397 1544 mihi
3447 1502 3696 1551 arcum,
3750 1490 3805 1539 et

2136 1581 2324 1651 dirige
2349 1596 2565 1637 manus
2596 1580 2755 1648 illuc,
2784 1584 2841 1636 et
2870 1580 3168 1649 sagittam,
3199 1583 3262 1634 ut
3286 1578 3535 1648 jaciam.
3565 1576 3806 1642 Quibus

2138 1671 2375 1727 directis
2396 1668 2537 1742 jecit
2564 1676 2619 1727 et
2649 1671 2941 1743 percussit
2963 1669 3166 1740 jaculo
3213 1669 3375 1724 Cain.
3412 1670 3478 1723 Et
3532 1667 3806 1722 sentiens

2058 1770 2097 1825 Β
2138 1764 2303 1834 quod
2323 1761 2714 1833 percussisset
2736 1776 2974 1833 corpus,
3003 1759 3183 1831 erepit
3224 1758 3474 1831 palpare
3506 1756 3669 1827 quid
3719 1771 3809 1810 es-

2142 1858 2231 1908 set
2253 1852 2420 1925 quod
2449 1851 2564 1907 telo
2620 1855 2974 1923 peremerat.
3028 1852 3157 1915 Quo
3211 1848 3458 1921 palpate
3510 1845 3811 1903 intellexit

2140 1940 2306 2014 quod
2327 1940 2470 1997 Cain
2500 1940 2831 1996 occidisset.
2860 1943 3020 1995 Tunc
3050 1939 3248 1994 furore
3280 1942 3603 2010 permotus
3636 1935 3811 1990 vertit

2142 2047 2373 2095 areum,
2395 2034 2452 2085 et
2480 2045 2552 2085 eo
2582 2029 2876 2101 percussit
2903 2044 3183 2101 puerum.
3217 2031 3282 2083 Et
3333 2027 3449 2083 hoc
3480 2030 3576 2081 est
3628 2041 3718 2097 qu
3731 2022 3807 2078 od

2142 2121 2223 2176 ait
2253 2118 2538 2175 uxoribus
2566 2120 2729 2174 suis:
2784 2119 2988 2175 Occidi
3015 2119 3230 2186 virum,
3271 2116 3333 2173 id
3380 2122 3470 2172 est
3511 2117 3694 2179 Cain,
3749 2118 3809 2168 in

2143 2211 2364 2267 vulnus
2392 2224 2610 2279 meum,
2641 2213 2693 2264 et
2726 2207 3233 2264 adolescentulum
3265 2204 3329 2262 in
3363 2208 3553 2263 livore
3578 2218 3738 2262 meo.

2216 2302 2381 2355 Vens.
2422 2302 2512 2354 24.
2545 2329 2614 2338 -
2642 2299 2957 2368 Septulum
2990 2298 3138 2351 ultio
3169 2297 3420 2352 dabitur
3463 2297 3541 2352 de
3605 2296 3765 2351 Cain
3791 2308 3811 2361 ;

2146 2390 2218 2445 de
2245 2388 2504 2445 Lamech
2536 2404 2672 2445 vero
2703 2389 3035 2457 septuagies
3065 2389 3299 2455 septies.
3337 2386 3449 2443 Sed
3483 2401 3604 2442 nos
3666 2385 3810 2441 sim-

2146 2478 2374 2551 pliciter
2402 2478 2596 2534 virum
2627 2482 2681 2533 et
2703 2475 3217 2533 adolescentulum
3240 2475 3441 2547 ipsum
3465 2475 3621 2532 Cain
3647 2474 3814 2530 intel-

2148 2568 2426 2638 ligimus;
2463 2566 2658 2623 virum
2716 2570 2959 2639 propter
3012 2570 3245 2622 aetatem
3292 2569 3350 2620 et
3387 2563 3809 2621 fortitudinem

2149 2661 2377 2713 naturae
2404 2675 2417 2725 ;
2449 2655 2963 2711 adolescentulum
2993 2659 3237 2728 propter
3266 2652 3583 2710 stultitiam
3621 2659 3684 2709 et
3733 2652 3814 2708 la-

2152 2746 2396 2801 sciviam
2425 2739 2850 2801 instabilitatis.
2887 2746 3314 2800 Verumtamen
3343 2740 3611 2799 Lamech
3646 2738 3816 2814 spiri-

2154 2834 2342 2890 taliter
2377 2833 2676 2891 Christum
2706 2833 3143 2906 interpretatur,
3197 2832 3300 2905 qui
3358 2830 3583 2888 occidit
3648 2830 3813 2893 Cain,

2153 2924 2215 2980 id
2245 2929 2335 2980 est
2361 2923 2692 2980 diabolum.
2726 2924 2855 2989 Quo
2898 2923 3097 2979 occiso
3152 2922 3278 2977 suis
3329 2921 3657 2989 uxoribus,
3703 2920 3815 2975 hoc

2156 3019 2244 3070 est
2271 3013 2512 3070 duabus
2544 3012 3211 3083 Ecclesiis,-annuntiat,
3242 3011 3469 3084 quibus
3527 3012 3813 3084 imperat,

2075 3127 2118 3182 ε
2154 3107 2222 3159 ut
2238 3118 2415 3157 suum
2442 3117 2785 3158 sermonem
2808 3101 3161 3158 auscultem.
3189 3100 3354 3156 Unde
3376 3100 3659 3173 quodam
3692 3115 3814 3155 mo-

2155 3192 2235 3247 do
2265 3190 2405 3247 dicit
2434 3191 2720 3247 occidisse
2748 3208 2808 3247 se
2840 3190 3055 3260 virum,
3086 3204 3271 3264 quem
3292 3193 3540 3263 propter
3583 3190 3812 3246 fortitu-

2156 3280 2357 3336 dinem
2386 3280 2692 3337 diabolum
2723 3285 3052 3353 nuncupat.
3080 3280 3153 3335 In
3183 3281 3405 3337 vulnus
3432 3295 3641 3349 suum,
3673 3276 3818 3334 scili-

2158 3376 2250 3426 cet
2275 3374 2465 3426 morte
2486 3385 2596 3427 sua
2629 3389 2641 3437 ;
2669 3375 2726 3426 et
2747 3370 3255 3427 adolescentulum
3302 3369 3504 3442 ipsum
3560 3369 3649 3425 ait
3687 3383 3815 3441 pro-

2159 3463 2244 3514 ter
2269 3458 2579 3515 lasciviam
2602 3464 2657 3514 et
2684 3460 3093 3515 aeternitatem.
3112 3460 3185 3514 In
3216 3460 3404 3515 livore
3423 3473 3557 3528 suo,
3589 3459 3711 3514 hoc
3734 3460 3817 3512 est

2159 3564 2283 3604 non
2313 3549 2414 3620 [Z.,
2444 3564 2557 3605 om.
2591 3548 2737 3619 non]
2766 3549 2890 3603 sine
2924 3548 3149 3604 dolore.
3211 3547 3326 3605 Sed
3377 3546 3815 3621 requirendum

2160 3643 2247 3694 est
2266 3636 2416 3711 quid
2445 3642 2532 3693 est
2565 3638 2733 3710 quod
2760 3638 2975 3707 legitur
3000 3637 3219 3693 dixisse
3253 3638 3510 3694 Lamech
3543 3654 3692 3693 cum
3719 3651 3815 3692 oc-

2161 3726 2380 3783 cideret
2410 3727 2551 3783 Cain
2585 3744 2597 3782 :
2627 3728 2983 3797 Septuplum
3024 3726 3097 3782 de
3155 3727 3309 3783 Cain
3363 3726 3721 3794 ulciscetur,
3750 3724 3816 3779 de

2161 3816 2417 3872 Lamech
2441 3822 2638 3872 autem
2669 3819 3003 3886 septuagies
3031 3818 3240 3885 septies
3261 3820 3290 3871 ?
3322 3816 3474 3881 Quia
3504 3812 3815 3871 homicidii

2160 3908 2475 3978 peccatum
2505 3905 2760 3978 septima
2790 3905 3172 3975 generatione
3190 3904 3416 3960 diluvio
3438 3903 3814 3959 vindicatum

2161 4010 2291 4051 esse
2308 3993 2539 4065 legitur,
2558 3993 2694 4051 ideo
2716 3994 2943 4051 dictum
2960 3997 3068 4050 est.
3092 3994 3226 4061 Seu,
3250 3998 3315 4049 ut
3332 3992 3527 4049 Judaei
3549 3993 3815 4057 tradunt,

2163 4083 2539 4155 septuaginta
2562 4088 2790 4157 septem
2823 4084 3039 4140 animae
3064 4099 3138 4139 ex
3170 4082 3425 4139 Lamech
3485 4080 3818 4155 progenitas

2160 4179 2405 4245 repertae
2432 4179 2572 4230 sunt
2599 4172 2660 4229 in
2682 4173 2909 4230 diluvio
2940 4177 2997 4229 et
3021 4172 3225 4229 deletae
3255 4178 3414 4230 sunt.
3471 4175 3540 4228 Et
3588 4174 3653 4228 in
3708 4171 3818 4226 hoc

2160 4278 2415 4319 numero
2442 4263 2516 4317 de
2551 4262 2804 4319 Lamech
2831 4262 3051 4319 factam
3082 4278 3211 4318 esse
3242 4262 3570 4318 vindictam
3612 4261 3819 4317 dicunt

2162 4351 2328 4425 quod
2360 4366 2549 4423 genus
2578 4351 2768 4423 ipsius
2803 4368 2992 4424 usque
3023 4351 3103 4407 ad
3134 4351 3582 4423 cataclysmum
3623 4364 3819 4423 perse-

2163 4440 2466 4498 veraverit.
2535 4440 2822 4497 adulterii
2874 4455 3015 4496 vero
3070 4440 3290 4502 scelus,
3344 4438 3513 4512 quod
3563 4436 3820 4495 Lamech

2163 4530 2393 4603 primus
2443 4530 2717 4585 omnium
2747 4530 2807 4585 in
2866 4529 3108 4585 duabus
3152 4528 3454 4585 commisit
3502 4527 3816 4593 uxoribus,

2162 4636 2286 4677 non
2316 4620 2432 4676 nisi
2474 4619 2768 4689 sanguine
2828 4618 3040 4676 Christi
3095 4618 3467 4691 expiandum
3516 4634 3672 4686 esse,
3719 4614 3817 4689 qui

2162 4708 2609 4783 septuagesima
2655 4714 2713 4764 et
2781 4708 3035 4781 septima
3092 4708 3473 4777 generatione
3542 4708 3707 4763 venit
3760 4705 3816 4760 in

2161 4799 2483 4869 mundum,
2517 4797 2854 4854 secundum
2888 4798 3277 4867 Evangelium
3309 4800 3502 4867 Luem,
3534 4797 3644 4870 qui
3698 4793 3819 4851 tulit

2159 4894 2477 4963 peccatum
2505 4888 2737 4958 mundi,
2769 4888 2874 4961 qui
2902 4887 3048 4943 lavit
3066 4888 3355 4943 amictum
3386 4903 3568 4942 suum
3594 4890 3657 4943 In
3682 4899 3815 4940 san-

2163 4978 2342 5049 guine
2369 4994 2524 5041 uva},
2551 4982 2609 5032 et
2636 4975 2896 5032 torcular
2924 4975 3176 5032 calcavit
3206 4975 3388 5031 solus.

2232 5071 2404 5124 Vens.
2448 5071 2536 5123 25.
2589 5099 2658 5107 —
2713 5066 3001 5137 Cagnovit
3067 5072 3265 5122 autem
3318 5066 3515 5121 Adam
3570 5078 3815 5121 uxorem

2161 5172 2355 5224 suam,
2421 5172 2554 5226 qua:
2599 5156 2865 5225 concepit
2920 5156 3135 5220 ﬁlium,
3188 5155 3539 5225 vocavitque
3606 5167 3816 5209 nomen

2162 5249 2289 5315 ejus
2348 5245 2515 5302 Seth.
2578 5244 2717 5300 Seth
2763 5244 3185 5316 interpretatur
3258 5246 3648 5303 resurrectio.
3716 5254 3815 5295 seu

2161 5335 2396 5405 positio.
2454 5334 2850 5398 Resurrectio,
2923 5348 2994 5389 eo
3056 5332 3222 5405 quod
3272 5336 3409 5406 post
3457 5330 3661 5387 fratris
3735 5329 3815 5385 in-

2164 5420 2569 5477 terfectionem
2608 5425 2785 5476 natus
2836 5420 2929 5488 sit,
2959 5420 3137 5493 quasi
3178 5420 3679 5475 resurrectionem
3708 5415 3817 5472 fra-

2165 5507 2268 5563 tris
2298 5523 2365 5564 ex
2406 5508 2659 5565 mortuis
2683 5507 3017 5564 suscitaret.
3072 5507 3299 5562 Positio
3342 5521 3503 5573 vero,
3547 5506 3817 5579 quiapo-

2168 5596 2283 5653 suit
2309 5611 2449 5653 eum
2471 5598 2628 5653 Deus
2655 5611 2767 5670 pro
2796 5595 2962 5652 Abel.
2995 5595 3163 5651 Unde
3191 5600 3248 5651 et
3296 5594 3515 5652 dicitur
3546 5612 3560 5650 :
3622 5592 3815 5652 Susci-

2166 5687 2313 5741 tavit
2344 5687 2497 5743 mihi
2517 5688 2675 5743 Deus
2703 5700 2898 5742 semen
2929 5686 3104 5742 aliud
3124 5700 3239 5755 pro
3283 5684 3457 5754 Abel,
3510 5700 3685 5756 quem
3732 5696 3818 5737 oc-

2164 5775 2308 5830 cidit
2349 5776 2523 5833 Cain.
2581 5775 2684 5832 Vel
2741 5775 2894 5831 sicut
2935 5773 3156 5847 Aquila
3211 5773 3557 5830 transtulit:
3612 5770 3815 5828 Posuit

2161 5863 2316 5922 mihi
2346 5866 2506 5923 Deus
2529 5880 2724 5923 semen
2754 5867 3018 5925 alterum
3046 5879 3158 5935 pro
3215 5862 3391 5922 Abel.
3443 5861 3812 5938 Spiritaliter,
