3944 6418
96 313 180 370 l53

1446 311 1799 373 COMMENT.

1842 311 1910 364 IN
1950 310 2108 366 GEN.
3412 319 3510 376 154

92 443 146 495 ut
171 436 403 510 quidem
435 437 659 500 volunt.
685 455 793 512 per
821 438 1017 495 Adam
1051 444 1108 496 et
1135 456 1386 498 uxorem
1419 441 1548 512 ejus
1571 435 1727 495 Chri-
1756 437 1804 490 Α
1835 433 2036 489 nullus
2063 440 2288 506 posset,
2316 435 2377 492 id
2399 441 2487 493 est
2516 453 2638 492 non
2670 437 2844 494 mori.
2875 438 3119 495 Henoch
3143 442 3352 510 genuit
3371 444 3499 500 Ma-

90 532 198 582 stus
250 532 304 583 et
355 528 680 600 Synagoga
741 527 1131 599 signiﬁcatur.
1197 530 1362 587 Unde
1410 533 1589 586 natus
1638 531 1727 584 est

88 616 245 685 ﬁlius,
270 615 328 671 id
381 621 471 672 est
499 617 765 690 populus
822 619 1089 688 gentium
1145 620 1204 675 in
1249 619 1389 676 ﬁde.
1429 619 1540 685 Qui
1570 622 1726 673 recte

89 705 209 762 Seth
237 705 599 776 nominatur,
631 706 690 762 id
722 711 811 763 est
837 708 1070 781 positus
1120 709 1183 765 in
1229 709 1494 766 veritate.
1553 707 1724 775 Quod

87 800 267 851 autem
299 796 435 852 dicit
467 813 480 851 :
515 799 727 854 Semen
758 800 934 854 aliud
953 815 1069 868 pro
1095 800 1266 869 Abel,
1301 799 1596 869 signiﬁcat
1623 798 1727 854 bo-

85 899 184 939 nos
210 883 344 940 Novi
375 887 732 942 Testamenti
763 903 874 959 pro
904 889 1280 960 patriarchis,
1307 893 1363 944 et
1393 886 1722 960 prophetis.

84 978 132 1026 et
159 972 532 1044 martyribus,
555 977 660 1046 qui
687 974 866 1030 occisi
897 980 1034 1030 sunt
1063 991 1099 1032 a
1128 976 1288 1033 mala
1317 981 1485 1050 parte
1517 973 1723 1048 pOpuli

83 1059 434 1117 Judaaorum.
487 1061 779 1118 Moraliter
834 1079 976 1118 vero
1024 1080 1130 1136 per
1161 1064 1352 1121 Adam
1385 1069 1441 1120 et
1471 1080 1723 1118 uxorem

85 1164 240 1204 suam
275 1154 512 1206 sanctus
539 1151 801 1223 quisque
832 1157 889 1207 et
934 1169 1076 1208 caro
1103 1152 1583 1220 demonstratur;
1617 1167 1725 1225 per

81 1236 253 1293 ﬁlium
280 1253 491 1293 sensus
522 1239 853 1311 perfectus;
877 1257 986 1313 per
1014 1257 1209 1298 semen
1234 1242 1409 1298 aliud
1427 1257 1544 1312 pro
1572 1242 1725 1297 Abel

81 1324 208 1381 boni
239 1341 447 1382 sensus
477 1341 588 1398 pro
617 1327 794 1383 bonis
824 1329 1254 1399 intelliguntur.

143 1415 298 1470 Vens.
328 1418 416 1470 26.
449 1447 518 1456 —
547 1417 752 1496 Sedet
783 1417 925 1474 Seth
948 1424 1130 1475 natus
1160 1425 1246 1476 est
1262 1420 1431 1489 ﬁlius
1461 1425 1514 1476 et
1547 1433 1722 1476 voca-

82 1505 155 1558 vit
183 1519 383 1561 nomen
412 1507 541 1574 ejus
571 1507 729 1562 Enos
757 1508 870 1578 [Z.,
894 1524 1066 1579 quem
1095 1509 1328 1565 vocavit
1351 1509 1548 1583 Enos].
1571 1511 1724 1575 Quo-

80 1591 247 1647 modo
274 1592 462 1649 Adam
489 1595 663 1651 homo
690 1596 1130 1669 interpretatur,
1165 1598 1247 1654 ita
1278 1605 1333 1654 et
1365 1601 1521 1654 Enos
1547 1599 1722 1670 juxta

80 1680 317 1736 Hebraeae
346 1681 569 1752 linguai
600 1685 909 1741 veritatem
943 1687 1116 1742 homo
1142 1686 1235 1742 vel
1267 1689 1364 1742 vir
1390 1687 1624 1743 dicitur.
1656 1690 1722 1744 Et

80 1786 317 1840 congrue
347 1771 462 1828 hoc
493 1773 856 1830 vocabulum
890 1774 1117 1831 habuit.
1151 1776 1233 1832 De
1267 1793 1338 1832 eo
1365 1776 1526 1832 enim
1576 1777 1720 1833 scri-
1753 1797 1792 1851 Β

78 1864 229 1931 ptum
253 1866 368 1916 est:
400 1863 523 1917 Iste
543 1865 722 1932 coepit
749 1866 1032 1921 invocare
1059 1881 1272 1923 nomen
1301 1867 1578 1935 Domini;
1602 1867 1718 1936 vel,

82 1947 213 2004 sicut
231 1949 479 2022 quidam
514 1953 981 2010 transtulerunt:
1019 1957 1186 2011 Tunc
1211 1957 1450 2011 initium
1478 1958 1600 2026 fuit
1634 1958 1723 2012 in-

78 2040 311 2095 vocandi
327 2056 541 2096 nomen
569 2043 823 2100 Domini.
852 2043 1005 2100 Licet
1028 2043 1298 2118 plerique
1329 2045 1719 2102 Hebraeorum

77 2127 412 2185 arbitrentur
438 2131 610 2204 quod
645 2137 784 2189 tunc
816 2134 1082 2206 primum
1115 2134 1178 2190 in
1207 2136 1453 2192 nomine
1483 2136 1719 2193 Domini

79 2223 125 2273 et
150 2217 202 2274 in
247 2219 636 2277 similitudine
665 2223 796 2294 ejus
826 2222 1117 2281 fabricata
1148 2225 1266 2282 sint
1293 2225 1474 2282 idola.
1523 2226 1719 2300 Aliqui

77 2306 171 2377 [Z.,
198 2307 308 2380 alii]
337 2326 475 2366 vero
501 2311 713 2367 volunt
741 2312 909 2385 quod
935 2312 1070 2369 ideo
1096 2314 1326 2371 dictum
1354 2315 1428 2371 sit
1450 2331 1521 2371 eo
1551 2316 1717 2388 quod

77 2411 247 2452 unum
297 2398 370 2454 de
425 2399 642 2456 decem
691 2401 1043 2458 nominibus
1092 2403 1348 2467 Domini,
1381 2420 1506 2476 quo
1554 2403 1719 2478 apud

77 2485 331 2543 Hebraeos
360 2494 632 2556 vocatur,
668 2491 932 2563 primum
989 2495 1145 2547 Enos
1193 2493 1527 2565 reperisset,
1551 2494 1719 2566 quod

78 2577 188 2633 HEL.
233 2577 560 2649 Allegorice
591 2580 707 2651 [Z.,
745 2583 1163 2638 Verumtamen
1214 2581 1550 2658 alJegorice]
1583 2599 1717 2638 suc-

80 2682 320 2724 cessores
365 2669 581 2743 populi
627 2671 945 2726 Christiani
999 2672 1432 2743 signiﬁcantur,
1460 2673 1564 2746 qui
1609 2689 1718 2728 no-

83 2771 199 2812 men
229 2759 458 2815 Domini
489 2759 776 2816 invocant
799 2759 966 2833 quod
993 2766 1082 2817 est
1112 2762 1286 2818 Deus.

713 2851 942 2905 (:APUT
981 2849 1050 2906 V.

140 2933 302 2992 Vens.
339 2936 444 2993 1-4.
473 2939 686 2993 -Ηίσ
737 2944 821 2995 est
855 2938 1006 2995 liber
1042 2941 1446 3010 generationis
1495 2941 1716 3008 Adam,

84 3024 133 3077 in
159 3025 246 3079 die
273 3042 388 3096 qua
447 3029 679 3084 creavit
716 3029 861 3083 Deus
907 3028 1239 3096 hominem;
1270 3029 1352 3084 ad
1377 3031 1722 3086 similitudi-

81 3127 190 3168 nem
219 3115 320 3170 Dei
343 3117 487 3184 fecit
523 3117 722 3179 illum,
757 3121 815 3172 et
842 3116 1075 3189 reliqua
1131 3133 1322 3190 usque
1358 3137 1370 3185 ;
1401 3126 1455 3175 et
1483 3121 1719 3176 vocavit
1748 3151 1791 3207 η

81 3219 260 3259 nomen
288 3220 491 3263 eorum
522 3207 722 3264 Adam
772 3207 835 3262 in
877 3207 974 3262 die
1001 3223 1121 3279 qua
1153 3209 1346 3264 creati
1368 3214 1528 3264 sunt.
1560 3209 1718 3265 Bene

81 3291 162 3358 ait,
187 3300 235 3348 et
267 3298 494 3352 vocavit
522 3298 772 3353 nomina
803 3311 1007 3352 eorum
1039 3297 1262 3366 Adam,
1290 3297 1351 3353 id
1381 3302 1488 3368 est,
1522 3299 1714 3356 homo.

82 3382 315 3440 Hominis
360 3392 568 3443 autem
630 3401 853 3442 nomen
902 3391 1027 3442 tam
1072 3387 1203 3443 viro
1241 3403 1431 3460 quam
1479 3388 1719 3446 feminae

83 3474 345 3530 convenit.

141 3564 290 3620 Vens.
324 3571 435 3622 5-7.
468 3598 541 3608 —
568 3567 649 3622 Et
675 3567 912 3636 factum
955 3572 1038 3623 est
1067 3582 1241 3624 omne
1279 3573 1512 3638 tempus
1560 3570 1723 3640 quod

85 3652 778 3727 vixitAdam,.nongenti
827 3657 1083 3728 triginta
1129 3659 1298 3725 anni,
1346 3664 1399 3714 et
1446 3665 1720 3715 mortuus

84 3746 170 3795 est.
195 3743 356 3800 Juxta
383 3745 815 3820 tropologiam,
840 3751 905 3801 ut
924 3745 1200 3802 nonnulli
1230 3746 1716 3820 interpretantur.

85 3830 200 3884 anni
227 3833 361 3888 Adae
391 3835 689 3905 nongenti
718 3835 977 3906 triginta,
1012 3839 1128 3891 tres
1158 3835 1342 3905 leges,
1372 3837 1463 3892 vel
1511 3836 1718 3906 ﬁdem,

86 3934 224 3989 spem
265 3929 320 3979 et
361 3925 742 3992 charitatem,
776 3924 868 3980 vel
916 3929 1158 3998 tempus
1188 3926 1379 3981 aetatis
1431 3926 1612 3983 Chriti
1639 3929 1719 3983 si-

86 4009 352 4076 gniﬁcant.

141 4098 286 4156 Vsus.
322 4107 374 4171 8,
424 4107 578 4160 9-21.
630 4135 698 4144 —
758 4105 1036 4176 Vixitque
1084 4104 1228 4161 Seth
1278 4112 1717 4177 nongentarum

85 4183 353 4246 duodecim
383 4207 716 4259 annorum,
743 4198 797 4248 et
830 4198 1102 4248 mortuus
1133 4200 1241 4249 est.
1286 4194 1444 4250 Vixit
1486 4211 1721 4268 quoque

86 4270 215 4330 Enos
241 4280 340 4349 qui
366 4280 478 4350 [Z.,
513 4284 870 4352 postquam]
901 4282 1111 4350 genuit
1164 4280 1422 4348 Cainan,
1457 4299 1721 4353 nongen-

88 4366 246 4420 tarum
275 4371 538 4441 quinque
587 4384 913 4436 annorum,
963 4375 1019 4425 et
1049 4374 1322 4425 mortuus
1359 4377 1463 4427 est.
1494 4372 1719 4428 Cainan

89 4449 398 4513 lamentatio
426 4458 521 4514 vel
550 4459 843 4528 possessio
872 4473 1076 4514 eorum
1105 4457 1340 4514 dicitur.
1369 4459 1530 4516 Sicut
1560 4460 1720 4516 enim

89 4538 201 4596 Cain
235 4550 538 4616 possessio,
571 4547 659 4602 ita
687 4546 1086 4603 derivativum
1138 4562 1386 4617 nomen,
1419 4549 1586 4621 quod
1636 4555 1725 4604 est

90 4629 274 4689 Cainan
329 4635 467 4694 facit
509 4637 805 4708 possessio
855 4653 1058 4693 eorum
1109 4637 1222 4708 [Z.,
1251 4638 1591 4695 derivatum
1638 4645 1724 4696 est

90 4734 283 4787 nomen,
308 4729 468 4797 quod
501 4728 748 4784 Cainan
775 4727 952 4796 facit,
989 4727 1293 4799 possessio
1323 4731 1576 4800 eorum].
1608 4729 1723 4784 Sed

91 4803 135 4860 in
161 4809 256 4868 hoc
284 4815 448 4886 quod
484 4816 638 4872 anni
684 4815 950 4871 ﬁliorum
996 4813 1192 4871 Adam
1239 4816 1620 4880 decrescunt.
1651 4819 1726 4874 si-

95 4898 373 4959 flniticabat
399 4905 570 4977 quod
605 4903 919 4960 minuendi
954 4908 1153 4960 essent
1181 4905 1325 4961 anni
1347 4906 1582 4976 generis
1608 4907 1724 4962 hu-

96 4989 223 5044 mani
249 4997 379 5063 post
409 5009 492 5050 se.
531 4993 818 5062 Sequitur
849 5011 862 5048 :

149 5078 292 5145 νεεδ,
324 5087 510 5140 21-27.
538 5115 612 5124 —
643 5084 842 5139 Porro
884 5083 1135 5140 Henoch
1167 5085 1374 5155 genuit
1404 5084 1724 5141 Mathusa-

99 5163 206 5229 ίανη.
229 5177 277 5226 et
304 5174 644 5232 ambulavit
677 5188 812 5228 cum
834 5174 955 5229 Deo
982 5172 1366 5242 (subauditur
1385 5175 1448 5230 in
1477 5190 1723 5231 conver-

97 5257 297 5325 satione)
327 5268 379 5318 et
407 5279 533 5318 non
555 5261 874 5331 apparuit,
907 5261 1050 5332 quia
1082 5263 1221 5316 tulit
1253 5277 1386 5318 eum
1417 5265 1594 5318 Deus.
1619 5264 1723 5318 He-

98 5345 217 5403 nocli
244 5348 352 5423 [Z.,
378 5354 568 5408 Porro
625 5351 896 5421 Henoch]
931 5351 1230 5407 dedicatio
1277 5352 1722 5424 interpretatur,

101 5430 216 5489 sicut
259 5441 529 5513 superius
577 5438 980 5496 ostendimus.
1028 5438 1143 5496 Sed
1191 5441 1590 5512 quaerendum
1638 5446 1728 5497 est

101 5532 244 5587 quare
288 5533 600 5604 tantopere
659 5532 933 5584 servatus
976 5533 1071 5584 est
1123 5543 1160 5583 a
1208 5532 1448 5586 morte?
1492 5529 1608 5584 nisi
1665 5535 1728 5585 ut

104 5616 458 5676 ostenderetur
476 5617 635 5693 quid
653 5632 867 5674 omnes
884 5616 1165 5674 homines
1182 5619 1517 5690 potuissent
1534 5619 1584 5674 si
1600 5635 1725 5675 non

106 5708 414 5765 Peccassent.
471 5714 758 5766 Attamen
802 5707 1130 5762 moriturus
1177 5707 1305 5774 erit,
1339 5713 1403 5764 ut
1449 5707 1722 5765 debitum

108 5789 253 5853 solvat
273 5796 553 5864 humanm
584 5803 841 5873 naturas,
865 5801 922 5854 et
968 5797 1135 5872 quod
1168 5798 1467 5855 Christum
1508 5797 1718 5868 noluit,

1751 4513 1794 4567 D

1835 524 2160 590 thusalam,
2194 531 2249 581 et
2292 527 2451 595 facti
2505 532 2646 581 sunt
2701 542 2901 583 omnes
2960 529 3084 585 dies
3137 530 3504 589 Mathusala'

1831 615 2124 683 nongenti
2173 617 2495 686 sexaginta
2539 631 2745 673 novem
2779 619 2948 682 anni,
2995 624 3049 674 et
3080 625 3358 676 mortuus
3398 629 3504 678 est.

1833 702 1934 758 Hic
1966 703 2152 758 oritur
2181 705 2433 777 quaestio
2465 705 2721 773 famosa,
2763 711 2820 762 et
2848 705 3254 779 disputatione
3286 711 3505 767 multo-

1831 808 1967 848 rum
2027 793 2576 851 ecclesiasticorum
2628 795 2935 863 ventilata,
2969 798 3135 869 quod
3157 799 3331 869 juxta
3373 801 3504 857 dili-

1833 886 2074 953 gentem
2101 883 2597 955 supputationem
2626 885 3086 957 quatuordecim
3142 903 3338 944 annos
3375 895 3508 962 pest

1832 970 2123 1026 diluvium
2155 971 2487 1030 Mathusala
2515 974 2728 1030 vixisse
2761 975 3067 1032 referatur.
3105 978 3332 1033 Etenim
3365 995 3504 1036 cum

1834 1064 1989 1115 esset
2005 1060 2337 1117 Mathusala
2351 1077 2653 1118 annorum
2667 1068 2909 1120 centum
2923 1065 3234 1136 sexaginta
3251 1073 3502 1141 septem.

1833 1149 2039 1219 genuit
2071 1151 2348 1206 Lamech.
2375 1154 2630 1207 Rursum
2667 1153 2943 1221 Lamech,
2974 1171 3114 1210 cum
3140 1163 3296 1214 esset
3318 1174 3506 1214 anno—

1831 1255 1968 1295 rum
1999 1243 2244 1296 centum
2275 1242 2623 1311 octuaginta
2656 1248 2812 1312 octo,
2847 1246 3051 1312 genuit
3101 1249 3240 1306 Noe.
3267 1253 3323 1303 et
3351 1247 3507 1306 ﬁunt

1832 1328 2015 1384 simul
2067 1344 2264 1402 usque
2313 1330 2391 1386 ad
2431 1330 2593 1387 diem
2646 1332 2974 1389 nativitatis
3025 1337 3144 1390 Noe
3195 1336 3334 1391 anni
3367 1337 3502 1393 vitae

1831 1417 2173 1474 Mathusalae
2198 1419 2442 1476 trecenti
2472 1419 2919 1493 quinquaginta
2939 1421 3229 1496 quinque.
3257 1425 3506 1481 Sexcen-

1831 1507 2045 1563 tesimo
2076 1523 2240 1564 anno
2267 1513 2471 1565 autem
2501 1509 2636 1565 vitae
2665 1514 2782 1566 Noe
2813 1510 3112 1567 diluvium
3143 1512 3369 1568 factum
3389 1519 3500 1580 est,

1831 1612 1902 1652 ac
1931 1612 2039 1669 per
2065 1597 2183 1653 hoc
2231 1597 2440 1654 habita
2487 1599 2915 1671 supputatione
2945 1616 3053 1673 per
3100 1606 3320 1673 partes,
3355 1617 3502 1658 non-

1830 1687 2164 1756 gentesimo
2196 1687 2709 1760 quinquagesimo
2730 1689 2943 1762 quinto
2961 1706 3124 1746 anno
3154 1691 3502 1748 Mathusalae

1829 1773 2125 1830 diluvium
2170 1774 2354 1832 fuisse
2399 1776 2816 1832 convincatur.
2867 1780 3015 1834 Cum
3065 1784 3268 1834 autem
3318 1796 3504 1853 supra

1829 1865 2151 1934 nongentis
2205 1865 2520 1934 sexaginta
2552 1881 2772 1923 novem
2803 1868 2978 1923 annis
3027 1868 3278 1925 vixissse
3308 1868 3504 1925 dictus

1831 1953 1922 2021 sit,
1956 1953 2104 2009 nulli
2133 1953 2393 2010 dubium
2423 1961 2512 2010 est
2539 1957 3002 2028 quatuordecim
3052 1958 3228 2014 annis
3283 1958 3503 2015 vixisse

1829 2047 1971 2114 post
1995 2041 2316 2110 diluvium,
2348 2043 2500 2100 sicut
2542 2044 2602 2099 in
2651 2045 3039 2117 Septuaginta
3083 2046 3401 2104 invenitur.
3437 2051 3504 2104 Et

1829 2131 2143 2204 quomodo
2173 2148 2385 2188 verum
2418 2137 2506 2188 est
2535 2133 2704 2206 quod
2747 2140 2881 2189 octo
2928 2138 3159 2191 tantum
3194 2137 3411 2192 animae
3438 2137 3502 2193 in

1828 2235 1972 2276 arca
2003 2220 2182 2277 salvae
2215 2221 2386 2278 factae
2419 2223 2606 2278 sunt?
2641 2225 2840 2279 Restat
2868 2241 3012 2295 ergo
3059 2230 3146 2293 ut,
3187 2226 3502 2299 quomodo

1829 2309 1890 2366 in
1921 2309 2245 2383 plerisque,
2280 2310 2360 2368 ita
2389 2315 2447 2367 et
2471 2311 2532 2366 in
2562 2312 2675 2367 hoc
2708 2312 2782 2368 sit
2813 2329 2980 2369 error
3003 2313 3066 2369 in
3097 2329 3372 2371 numero.
3414 2315 3500 2372 Si-

1828 2398 2078 2471 quidem
2100 2400 2161 2454 in
2188 2399 2453 2455 Hebrzeis
2485 2405 2540 2456 et
2568 2400 2626 2456 in
2652 2402 3046 2458 Samaritanis
3066 2402 3234 2459 libris
3267 2409 3330 2460 ut
3358 2404 3501 2460 bea-

1830 2492 1924 2544 tus
1956 2487 2356 2560 Hieronymus
2389 2489 2614 2554 scribit,
2648 2489 2726 2545 ita
2753 2493 3041 2563 scriptum
3074 2496 3200 2548 est:
3237 2494 3315 2548 Et
3345 2494 3500 2550 vixit

1827 2577 2182 2634 Mathusala
2228 2585 2465 2634 centum
2517 2581 2869 2650 octuaginta
2921 2588 3139 2650 septem
3189 2585 3388 2649 annis,
3443 2589 3500 2639 et

1828 2669 2036 2738 genuit
2063 2668 2325 2724 Lamech
2346 2683 2371 2738 ,'
2398 2675 2450 2724 et
2486 2670 2635 2724 vixit
2661 2671 3038 2740 Mathusala,
3060 2678 3379 2744 postquam
3404 2688 3500 2744 ge-

1829 2758 1961 2812 nuit
1991 2757 2270 2823 Lamech,
2299 2759 2701 2828 septingentos
2724 2762 3076 2830 octuaginta
3102 2761 3250 2817 duos
3281 2777 3492 2830 annos,

1829 2852 1885 2904 et
1912 2849 2120 2917 genuit
2148 2848 2310 2917 ﬁlios
2331 2855 2382 2904 et
2409 2850 2571 2917 ﬁlias
2589 2864 2612 2917 ,'
2629 2855 2684 2905 et
2708 2851 2963 2919 fuerunt
2987 2867 3187 2908 omnes
3212 2852 3336 2908 dies
3366 2853 3498 2908 Ma-

1830 2936 2111 3002 thusalai,
2145 2941 2211 2991 ut
2258 2940 2459 2992 noster
2506 2936 2798 3010 interpres
2830 2939 3148 3008 transtulit,
3175 2942 3328 2996 anni
3350 2957 3496 2997 non-

1828 3026 1997 3095 genti
2041 3025 2364 3096 sexaginta
2393 3042 2624 3092 novem,
2651 3033 2704 3082 et
2758 3038 3032 3084 mortuus
3078 3037 3183 3085 est.
3214 3031 3290 3086 Et
3345 3031 3496 3087 vixit

1828 3115 2109 3181 Lamech,
2140 3120 2378 3171 centum
2409 3118 2762 3186 octuaginta
2793 3118 2943 3173 duos
2972 3133 3162 3174 annos
3187 3124 3242 3174 et
3287 3121 3497 3190 genuit

1827 3205 1975 3260 Noe.
2005 3210 2051 3259 Α
2099 3204 2196 3261 die
2251 3219 2394 3274 ergo
2439 3205 2762 3262 nativitatis
2793 3206 3134 3262 Mathusalae
3179 3219 3368 3280 usque
3418 3209 3496 3266 ad

1826 3293 1990 3352 diem
2013 3299 2182 3350 ortus
2204 3297 2320 3350 Noe
2345 3300 2484 3351 sunt
2499 3311 2573 3351 an
2584 3295 2640 3350 ni
2658 3296 2902 3352 trecenti
2925 3298 3238 3367 sexaginta
3252 3314 3493 3354 novem.

1829 3385 1926 3441 His
1985 3383 2143 3440 adde
2199 3390 2513 3440 sexcentos
2576 3389 2714 3452 Noe,
2757 3386 2903 3457 quia
2954 3386 3016 3442 in
3061 3388 3497 3444 sexcentesimo

1829 3489 1994 3530 anno
2049 3474 2182 3530 vitae
2238 3475 2370 3546 ejus
2424 3474 2716 3530 diluvium
2769 3475 2996 3532 factum
3043 3480 3373 3549 est;atque
3417 3477 3498 3534 ita

1827 3564 1896 3621 ﬁt
1925 3568 1991 3620 ut
2017 3564 2482 3634 nongentesimo
2532 3566 2911 3633 sexagesimo
2949 3581 3116 3622 nono
3169 3582 3332 3622 anno
3361 3567 3497 3623 vitae

1830 3669 1954 3709 suae
2002 3653 2333 3710 Mathusala
2374 3660 2650 3710 mortuus
2695 3661 2802 3724 est,
2831 3660 2889 3710 et
2945 3671 3107 3711 anno
3155 3671 3280 3728 quo
3322 3657 3502 3729 coepit

1829 3758 1962 3798 esse
1994 3741 2316 3799 diluvium.
2345 3743 2506 3798 Unde
2525 3742 2858 3799 Mathusala
2884 3745 3324 3817 interpretatur,
3338 3761 3498 3800 mor-

1830 3840 1969 3888 tuus
2019 3838 2125 3889 est.
2160 3833 2478 3897 Quomodo
2508 3833 2669 3889 enim
2717 3850 2854 3889 eum
2888 3851 3027 3888 cum
3057 3838 3226 3906 patre
3248 3833 3500 3890 transla-

1831 3927 1959 3979 tum
2017 3923 2221 3993 fuisse,
2281 3929 2338 3980 et
2387 3922 2682 3978 diluvium
2748 3924 3084 3996 praeterisse
3134 3927 3503 3996 putaverunt

1831 4013 1948 4084 [Z.,
1979 4012 2338 4086 putabant]?
2362 4012 2449 4069 Ob
2480 4013 2594 4068 hoc
2625 4013 2930 4084 signanter
2971 4012 3323 4069 transierim
3347 4029 3500 4070 mor-

1833 4107 1974 4158 tuus
1995 4108 2079 4158 est
2105 4106 2171 4157 ut
2191 4101 2607 4158 ostenderetur
2634 4117 2756 4158 non
2777 4101 2995 4158 vixisse
3020 4118 3158 4158 eum
3189 4107 3327 4176 post
3353 4102 3503 4158 dilu-

1832 4191 2018 4261 vium,
2052 4191 2156 4246 sed
2202 4192 2260 4247 in
2307 4191 2524 4248 eodem
2573 4191 2967 4265 cataclysmo,
2999 4197 3065 4249 ut
3110 4193 3173 4248 in
3229 4193 3501 4266 quodam

1832 4281 2139 4338 volumine
2199 4281 2411 4354 reperi,
2472 4281 2653 4337 fuisse
2709 4282 3086 4340 defunctum.
3139 4282 3257 4340 Soli
3315 4283 3500 4353 enim,

1837 4371 2141 4443 Scriptura
2191 4375 2440 4427 testante
2472 4373 2533 4441 (Ι
2571 4373 2733 4428 Petr.
2769 4387 2858 4438 ιιι,
2886 4375 2998 4443 20),
3049 4380 3178 4429 octo
3223 4372 3500 4428 homines

1834 4460 2132 4516 diluvium
2153 4460 2213 4516 in
2237 4477 2379 4516 arca
2399 4467 2738 4516 evaserunt.
2767 4461 2879 4517 Sed
2908 4463 3011 4530 qui
3043 4461 3502 4535 quatuordecim

1838 4550 2013 4606 annis
2043 4566 2180 4606 eum
2214 4549 2436 4606 vixisse
2468 4551 2731 4606 referunt
2771 4556 2905 4624 post
2949 4551 3265 4617 diluvium,
3308 4551 3504 4619 magis

1837 4642 1915 4697 ad
1965 4639 2338 4713 spiritualem
2386 4640 2840 4709 intelligentiam
2911 4636 3183 4708 tendunt,
3230 4638 3506 4694 videlicet

1836 4746 2017 4803 super
2063 4729 2298 4787 Christo
2345 4729 2812 4802 interpretantur
2842 4747 2856 4797 ;
2886 4728 3178 4800 quoniam
3226 4727 3356 4798 ipse
3410 4729 3505 4781 est

1835 4820 1998 4876 solus
2029 4819 2204 4890 cujus
2245 4818 2364 4873 vita
2393 4817 2625 4874 nullam
2651 4818 2829 4874 sentit
2853 4822 3110 4873 aetatem.
3146 4820 3211 4871 In
3254 4813 3500 4884 majori-

1832 4905 1950 4962 bus
1999 4922 2245 4979 quoque
2277 4907 2371 4977 [F.
2405 4908 2520 4977 leg.
2562 4907 2811 4980 quippe]
2844 4904 2968 4960 suis
3025 4903 3316 4959 diluvium
3379 4905 3502 4960 Noe

1836 4995 2097 5051 sensisse
2126 4997 2238 5068 [Z.,
2273 5011 2397 5051 non
2425 4996 2702 5066 sensisse]
2734 4994 2987 5049 videtur.

1909 5087 2079 5140 Vens.
2114 5085 2306 5141 28-30.
2338 5117 2404 5124 —
2449 5085 2604 5140 Vixit
2627 5090 2826 5139 autem
2857 5083 3118 5140 Lamech
3148 5089 3385 5140 centum
3409 5100 3503 5140 vc-

1836 5174 2068 5242 toginta
2099 5173 2329 5227 duobus
2355 5173 2552 5230 annis.
2581 5179 2635 5228 et
2661 5173 2868 5242 genuit
2911 5173 3129 5241 ﬁlium,
3156 5174 3505 5242 vocavitque

1834 5279 2047 5318 nomen
2080 5265 2209 5331 ejus
2254 5263 2380 5317 Noe
2431 5261 2678 5317 dicens:
2705 5263 2824 5318 [ste
2847 5263 3260 5318 consolabitur
3289 5277 3416 5330 nos,
3449 5266 3506 5317 et

1835 5351 2086 5424 reliqua.
2123 5349 2226 5404 Vel
2258 5355 2432 5406 sxcut
2481 5349 2664 5422 aliqui
2725 5349 3193 5406 transtulerunt:
3253 5350 3367 5404 Iste
3409 5364 3502 5406 re-

1835 5442 2135 5512 quiescere
2164 5455 2278 5508 nos
2312 5441 2497 5509 faciet
2525 5439 2600 5494 ab
2631 5439 2904 5494 omnibus
2953 5437 3228 5506 operibus
3261 5440 3503 5495 nostris.

1839 5529 2003 5586 Unde
2059 5532 2178 5584 Noe
2238 5530 2568 5584 consolatio
2626 5527 2714 5582 vel
2769 5529 2999 5597 requies
3058 5528 3499 5600 interpretatur.

1837 5619 2194 5685 Consolatio,
2227 5618 2374 5690 quia
2401 5617 2676 5672 homines
2701 5615 2990 5672 consolati
3022 5622 3161 5673 sunt
3198 5617 3256 5672 iu
3287 5617 3501 5672 diebus

1836 5709 1988 5780 ejus,
2029 5707 2175 5763 dum
2219 5727 2253 5765 a
2281 5715 2526 5782 peccata
2554 5707 2820 5762 exstincti
2861 5712 3000 5762 sunt
3030 5709 3088 5762 in
3121 5707 3364 5763 diluvio.
3397 5708 3502 5762 Re-

1835 5797 1998 5870 quies
2031 5813 2170 5853 vero
2196 5814 2305 5871 pro
2335 5813 2406 5853 eo
2429 5795 2596 5870 quod
2621 5794 2734 5850 sub
2766 5794 2867 5851 illo
2896 5795 3104 5853 omnia
3131 5802 3288 5852 retro
3315 5809 3502 5866 opera
