3944 6404
415 270 515 337 155

1505 277 1862 345 ANGELom
1898 263 2377 343 Lu‘xovaSIs
2413 279 2729 335 MONACHI

3738 283 3836 343 156

411 395 746 471 quieverint
799 412 907 469 per
952 396 1261 468 diluvium,
1309 398 1432 455 sive
1480 399 1625 473 quia
1671 402 1942 474 requiem
2002 402 2063 459 in
2093 402 2143 455 A
2174 401 2361 457 sentia
2394 402 2478 472 [F.
2505 405 2921 476 prtescientia].
2957 405 3060 460 sed
3091 407 3271 463 utitur
3325 408 3633 480 Scriptura
3667 426 3840 466 sacra

412 502 553 547 arca
579 486 848 561 praestitit
876 487 1302 543 animantibus.

1057 580 1282 641 CAPUT
1320 580 1407 634 VI.

484 670 651 722 Vens.
674 666 726 720 2.
748 697 810 707 —
844 668 1113 725 Videntes
1127 670 1246 736 filii
1259 670 1372 725 Dei
1386 671 1546 738 filias
1578 671 1883 728 hominum
1906 671 2065 741 quod

332 780 335 784 >
413 762 599 814 essent
627 758 919 827 pulchrae,
953 761 1011 813 et
1037 758 1288 831 reliqua.
1316 760 1486 819 Filios
1518 761 1612 817 Dei
1644 760 1799 817 ﬁlios
1832 762 1989 824 Seth.
2009 765 2066 817 et

410 846 563 902 ﬁlios
609 846 926 905 hominum
973 848 1325 920 progeniem
1375 849 1520 905 Cain
1550 849 1709 906 dicit.
1742 851 1856 907 Sed
1900 855 2063 923 post-

409 952 593 1009 quam
622 934 725 990 ﬁlii
759 936 918 1002 Seth,
964 938 1452 1010 concupiscentia
1500 940 1654 1010 victi,
1701 958 1775 996 ex
1826 940 2064 996 ﬁliabus

410 1026 549 1083 Cain
578 1026 804 1082 semine
832 1026 1255 1097 indignissimo
1286 1030 1592 1085 connubia
1614 1031 1962 1101 junxerunt,
1993 1047 2064 1086 ex

406 1114 507 1171 tali
538 1116 961 1186 conjunctione
994 1116 1271 1172 homines
1320 1118 1600 1174 immensi
1630 1136 1900 1191 corpore,
1935 1121 2065 1175 viri-

404 1204 521 1260 bus
569 1205 834 1277 superbi,
882 1206 1153 1261 moribus
1196 1208 1503 1276 inconditi,
1549 1226 1705 1281 quos
1767 1211 2065 1282 Scriptura

406 1295 684 1363 Gigantes
714 1300 909 1357 vocat,
943 1296 1237 1368 procreati
1289 1304 1445 1353 sunt.
1482 1299 1787 1371 Displicuit
1841 1303 1975 1363 Deo,
2011 1305 2065 1355 et

406 1384 780 1442 abbreviavit
808 1384 920 1441 illis
952 1391 1189 1458 tempus
1216 1386 1370 1443 vitae.
1423 1388 1703 1455 Gigantes
1753 1390 1911 1445 enim
1962 1406 2063 1444 vo—

408 1478 549 1530 cant
573 1474 757 1529 Graeci
779 1474 952 1545 juxta
984 1477 1278 1531 sermonis
1332 1478 1757 1548 etymologiam
1794 1478 2063 1533 fabulose

407 1562 581 1637 quasi
610 1562 957 1629 terrigenas,
993 1563 1054 1621 id
1086 1570 1175 1619 est
1205 1570 1360 1625 terra
1388 1567 1637 1635 genitos,
1662 1583 1735 1623 eo
1762 1568 1925 1639 quod
1961 1568 2066 1621 im-

408 1667 621 1713 mensa
641 1652 820 1722 mole,
848 1658 905 1711 et
926 1653 1147 1709 similes
1178 1654 1288 1710 sibi
1310 1660 1465 1712 terra
1488 1657 1755 1725 genuerit
1780 1676 1792 1724 ;
1811 1674 1883 1727 ge
1904 1657 2062 1712 enim

409 1745 565 1801 terra
595 1741 830 1801 dicitur.
866 1743 1033 1799 Falso
1065 1744 1406 1815 opinantur,
1435 1746 1540 1817 qui
1590 1751 1804 1817 putant
1833 1763 2062 1818 praeva-

407 1831 689 1891 ricatores
712 1832 957 1901 angelos
980 1849 1119 1888 cum
1145 1833 1384 1889 ﬁliabus
1405 1835 1721 1891 hominum
1754 1842 1892 1892 ante
1917 1836 2065 1892 dilu-

409 1919 574 1975 vium
626 1921 1042 1984 concubuisse,
1076 1926 1132 1977 et
1175 1923 1388 1978 exinde
1440 1928 1614 1980 natos
1666 1924 1960 1991 gigantes,
2001 1923 2065 1979 id

407 2013 495 2063 est
522 2009 809 2067 nimirum
842 2010 1103 2079 grandes
1134 2017 1191 2067 et
1214 2012 1390 2067 fortes
1423 2012 1579 2068 viros
1610 2013 1684 2068 de
1706 2013 1928 2084 quibus
1960 2019 2065 2068 ter-

405 2112 473 2153 ra
497 2098 797 2170 completa
823 2104 928 2156 est.

478 2189 643 2244 Vens.
672 2191 723 2247 3.
756 2220 825 2229 —
846 2191 1106 2261 Dixique
1133 2192 1292 2248 Deus
1318 2206 1341 2248 .·
1369 2192 1505 2247 Non
1526 2193 1901 2261 permanebit
1934 2194 2064 2261 Spi-

405 2278 558 2341 ritus
582 2293 745 2334 meus
770 2279 834 2335 in
862 2278 1097 2336 homine
1116 2281 1176 2335 in
1208 2287 1516 2347 aeternum,
1541 2284 1685 2351 quia
1712 2298 1854 2337 caro
1878 2289 1983 2341 est.
2009 2286 2063 2337 et

404 2366 655 2438 reliqua.
688 2371 751 2425 ln
803 2368 1053 2425 Hebraeo
1097 2369 1390 2441 scriptum
1417 2375 1539 2425 est:
1574 2372 1708 2426 Non
1755 2374 2063 2439 judicabit

402 2458 667 2526 Spiritus
698 2472 860 2514 meus
888 2457 1153 2513 homines
1186 2460 1326 2512 istos
1356 2460 1417 2513 in
1451 2461 1872 2527 sempiternum
1923 2476 2064 2530 quo-

403 2547 567 2607 niam
589 2561 734 2601 caro
755 2552 915 2602 sunt.
947 2547 1197 2617 Spiritus
1228 2547 1390 2602 enim
1421 2547 1574 2603 iram
1600 2547 1659 2602 in
1690 2549 1804 2604 hoc
1838 2549 2065 2608 lenosi-

408 2634 673 2705 gniﬁcat,
693 2640 751 2692 et
771 2652 911 2693 caro
922 2636 1304 2704 fragilitatem
1322 2638 1604 2693 humanae
1628 2642 1875 2701 naturae,
1892 2637 2064 2708 quasi

408 2724 656 2781 dixisset
687 2741 699 2783 :
733 2724 886 2791 Quia
922 2724 1150 2794 fragilis
1180 2731 1268 2782 est
1298 2726 1359 2782 in
1405 2726 1751 2781 hominibus
1777 2727 2061 2797 conditio,

408 2829 531 2871 non
552 2830 657 2870 eos
679 2815 755 2872 ad
776 2819 1032 2877 mternos
1053 2816 1304 2871 servabo
1321 2815 1618 2871 cruciatus
1646 2818 1750 2885 [2,,
1774 2822 2062 2873 aeternum

410 2902 670 2965 servabo
723 2905 1099 2974 cruciatum],
1128 2905 1229 2960 sed
1262 2904 1359 2960 hic
1389 2904 1501 2959 illis
1557 2905 1867 2961 restituam
1896 2906 2061 2976 quod

406 2999 729 3055 merentur.
764 2999 917 3065 Ergo
944 2996 1034 3052 ira
1059 3012 1183 3053 non
1214 2997 1612 3065 severitatem,
1631 3001 1696 3057 ut
1723 2996 2063 3067 frequenter

404 3085 468 3143 in
497 3085 714 3145 nostris
744 3085 912 3142 libris
932 3086 1164 3155 legitur,
1194 3086 1521 3155 signiﬁcat;
1547 3087 1651 3141 sed
1680 3086 2057 3143 clementiam
2091 3110 2133 3165 ο

404 3176 504 3231 Dei
529 3180 721 3243 sonat,
746 3175 895 3232 dum
918 3181 1195 3248 peccator
1218 3177 1314 3232 hic
1344 3192 1454 3247 pro
1478 3192 1587 3232 suo
1616 3177 1835 3233 scelere
1867 3176 2061 3231 visita-

402 3266 515 3323 tur.
538 3263 703 3321 Unde
723 3268 780 3321 et
801 3264 987 3327 iratus
1011 3268 1163 3321 Deus
1179 3264 1443 3336 loquitur
1467 3264 1546 3321 ad
1575 3264 1903 3336 quosdam:
1924 3266 2061 3319 Non

402 3353 654 3411 visitabo
679 3355 840 3422 ﬁlias
888 3369 1115 3423 eorum,
1164 3371 1300 3412 cum
1339 3356 1574 3423 fuerint
1614 3355 1960 3423 fornicata»,
2007 3360 2061 3409 et

402 3457 651 3511 sponsas
682 3457 908 3511 eorum,
935 3460 1071 3500 cum
1092 3444 1575 3501 adulteraverint
1605 3445 1754 3512 (03c.
1778 3460 1838 3512 ιι,
1864 3443 1971 3511 li).
2000 3447 2062 3499 Et

402 3531 464 3588 in
494 3531 610 3589 alio
631 3530 765 3588 loco
785 3549 797 3587 δ
831 3533 1087 3589 Visitabo
1114 3534 1176 3588 in
1198 3534 1367 3603 virga
1394 3535 1738 3603 iniquitates
1758 3549 1982 3601 eorum,
2006 3540 2059 3590 et

403 3620 468 3679 in
502 3620 767 3689 ﬂagellis
812 3626 1060 3688 peccata
1092 3636 1293 3677 eorum
1311 3633 1333 3691 ;
1364 3621 1835 3677 misericordiam
1861 3628 2057 3677 autem

402 3724 592 3767 meam
620 3724 742 3765 non
772 3710 1049 3778 auferam
1077 3710 1151 3766 ab
1174 3710 1254 3766 eis
1275 3710 1467 3777 (Psal.
1491 3726 1767 3775 Lxxxvm,
1789 3714 1899 3781 33).
1928 3714 2059 3765 Por-

401 3813 469 3861 to
498 3814 574 3859 ne
602 3799 898 3859 videretur
926 3799 989 3855 in
1019 3815 1090 3855 eo
1121 3815 1249 3855 esse
1282 3798 1559 3865 crudelis,
1608 3799 1772 3871 quod
1802 3815 2058 3870 peccan-

401 3887 559 3951 tibus
578 3888 780 3945 locum
798 3889 1153 3961 paenitentiae
1172 3905 1295 3945 non
1310 3888 1590 3952 dedisset,
1611 3888 1847 3957 adjecit,
1862 3896 2059 3944 erunt-

401 3994 515 4049 que
556 3979 682 4035 dies
722 3981 890 4037 illius
921 3985 1158 4037 centum
1206 3980 1422 4049 viginti
1459 3994 1780 4044 annorum,
1809 3979 1923 4034 hoc
1974 3984 2061 4035 est

400 4066 714 4129 habebunt
743 4073 982 4124 centum
1003 4068 1206 4137 viginti
1230 4084 1424 4124 annos
1441 4068 1519 4123 ad
1541 4067 1843 4137 agendam
1864 4069 2057 4140 paeni—

404 4155 677 4213 tentiam.
698 4157 809 4212 Sed
827 4158 972 4229 quia
1001 4173 1191 4226 genus
1219 4158 1559 4213 humanum
1586 4157 1739 4213 illius
1772 4159 2058 4230 temporis

402 4259 579 4313 agere
603 4245 1016 4316 pmnitentiam
1039 4247 1414 4319 contempsit,
1432 4246 1623 4302 noluit
1644 4250 1796 4301 Deus
1818 4252 2056 4318 tempus

400 4338 746 4406 exspectare
777 4335 1104 4407 decretum,
1138 4337 1245 4393 sed
1274 4337 1484 4407 viginti
1513 4353 1814 4393 annorum
1853 4337 2057 4409 spatiis

401 4424 750 4496 amputatis,
780 4441 944 4481 anno
974 4427 1300 4482 centesimo
1331 4427 1565 4483 induxit
1618 4426 1933 4483 diluvium.
1961 4430 2058 4482 Po-

400 4517 517 4571 test
572 4514 752 4570 etiam
795 4517 1044 4585 spiritus
1072 4516 1276 4572 anima
1329 4516 1595 4584 intelligi,
1624 4522 1680 4571 et
1709 4516 1845 4571 ideo
1889 4517 2056 4588 quod

399 4602 481 4660 ait
512 4620 525 4658 ε
552 4604 686 4660 Non
715 4606 1089 4674 permanebit
1118 4606 1368 4674 spiritus
1407 4621 1569 4661 meus
1620 4607 1683 4660 in
1732 4606 1966 4661 homine
1992 4607 2052 4661 in

397 4700 707 4763 aeternum,
741 4696 854 4751 tale
883 4701 970 4753 est
998 4696 1170 4768 quasi
1208 4695 1453 4751 dixisset
1478 4714 1491 4751 :
1522 4699 1651 4751 Non
1680 4696 2056 4767 permanebit

397 4784 604 4841 anima
628 4785 691 4841 in
721 4801 901 4841 carne
921 4786 983 4841 in
1015 4790 1324 4852 aeternum,
1357 4785 1503 4855 quia
1528 4786 1714 4840 homo
1739 4800 1861 4840 non
1887 4786 2054 4857 spiri-

397 4874 547 4942 talis,
579 4874 685 4930 sed
705 4874 963 4931 carnalis
993 4879 1104 4931 est.
1134 4875 1413 4946 Sequitur
1445 4892 1458 4929 :

469 4966 634 5017 Vens.
660 4969 777 5019 5-8.
798 4996 866 5005 —
895 4965 1107 5021 Viden:
1135 4969 1335 5020 autem
1356 4964 1511 5019 Deus
1531 4964 1692 5033 quod
1709 4965 1914 5019 multa
1932 4980 2052 5020 ma—

400 5051 532 5106 litia
560 5052 863 5108 hominum
897 5060 1039 5110 esset
1090 5055 1149 5109 in
1182 5059 1369 5118 terra,
1407 5058 1464 5108 et
1492 5057 1705 5109 caetera
1734 5070 2051 5126 usquequo

395 5140 479 5196 ait
501 5158 512 5194 :
538 5142 830 5197 Paenituit
859 5158 990 5199 eum
1021 5144 1180 5213 quod
1202 5143 1496 5199 hominem
1516 5145 1749 5212 fecisset
1769 5146 1830 5199 in
1864 5152 2048 5210 terra,

393 5232 450 5285 et
479 5228 731 5301 reliqua.
768 5232 1062 5296 Quaeritur
1088 5231 1236 5303 quid
1266 5235 1356 5286 est
1384 5232 1549 5304 quod
1581 5232 1655 5287 de
1685 5234 1804 5288 Deo
1834 5232 2052 5288 dicitur

392 5319 749 5390 paenituisse
780 5335 919 5375 eum
966 5320 1273 5375 hominem
1306 5321 1535 5377 fecisse.
1570 5324 1637 5377 Et
1666 5323 1901 5390 iterum,
1933 5328 2051 5377 tac-

395 5413 490 5463 tus
509 5408 718 5465 dolore
770 5410 966 5465 cordis
998 5411 1353 5466 intrinsecus
1375 5414 1401 5468 ?
1428 5412 1708 5484 Nunquid
1760 5412 1823 5466 in
1863 5412 2049 5471 Deum

393 5496 743 5568 pmnitentia
793 5503 897 5554 aut
943 5498 1114 5555 dolor
1160 5501 1353 5556 cordis
1404 5502 1619 5557 cadere
1663 5502 1899 5573 potest?
1934 5501 2048 5556 Sed

396 5585 713 5641 sciendum
744 5591 832 5643 est
877 5589 1019 5660 quia
1052 5591 1204 5645 Deus
1228 5606 1351 5646 non
1382 5592 1457 5646 de
1485 5592 1642 5646 facto
1671 5607 1780 5646 suo
1805 5590 2049 5662 poenitet

395 5677 497 5729 aut
528 5673 705 5739 dolet,
753 5675 903 5731 sicut
946 5677 1105 5733 dolet
1150 5681 1354 5745 homo,
1391 5680 1483 5734 cui
1524 5683 1611 5733 est
1660 5679 1734 5732 de
1764 5678 2047 5733 omnibus

392 5762 574 5819 rebus
600 5764 850 5823 omnino
870 5770 995 5825 tam
1015 5768 1138 5826 ﬁxa
1166 5770 1460 5827 sententia
1486 5782 1676 5840 quam
1707 5771 1867 5823 certa
1896 5782 2047 5839 pree-

2174 491 2405 547 usitatis
2452 493 2628 548 nobis
2662 495 2860 549 verbis
2893 496 3383 567 intelligentibus,
3412 502 3474 554 ut
3500 504 3747 571 coaptet
3776 516 3840 555 se

2172 587 2390 636 nostris
2422 584 2721 654 parvitati,
2755 590 3053 659 quatenus
3098 603 3170 642 ex
3218 588 3472 656 cognitis
3528 588 3843 658 incognita

2174 686 2473 739 COgHOSCd
2483 688 2539 726 111
2550 689 2634 727 US.

2246 762 2415 815 Vnus.
2442 762 2587 817 9-12.
2624 794 2690 801 —
2726 764 2831 817 Ha:
2854 767 3265 831 generationes
3285 767 3433 822 Noe.
3463 768 3594 824 Noe
3622 768 3722 825 vir
3742 771 3843 836 ju-

2172 854 2297 903 stus
2320 856 2498 920 atque
2522 852 2827 919 perfectus
2849 854 2908 907 in
2942 857 3426 923 generationibus
3452 860 3597 912 suis.
3627 858 3682 913 Si
3710 856 3844 912 nul-

2171 937 2266 992 lus
2300 938 2424 993 sine
2458 945 2723 1011 peccato,
2756 944 3067 1013 quomodo
3094 944 3312 1016 aliquis
3358 947 3661 1016 perfectus
3710 962 3839 1002 esse

2173 1029 2417 1099 potest?
2450 1028 2691 1084 Perfecti
2720 1030 2905 1103 aliqui
2935 1032 3237 1102 dicuntur,
3272 1050 3390 1088 non
3442 1035 3600 1090 sicut
3656 1038 3840 1108 perli-

2172 1116 2365 1171 ciendi
2396 1122 2553 1179 sunt,
2586 1120 2735 1173 sicut
2756 1120 2817 1174 in
2848 1120 2947 1175 illa
2975 1121 3419 1179 immortalitate
3469 1141 3595 1196 qua
3642 1142 3844 1197 aequa-

2170 1206 2395 1261 buntur
2424 1208 2651 1277 angelis
2684 1209 2807 1277 Dei,
2842 1211 2944 1265 sed
2978 1211 3129 1266 sicut
3153 1228 3282 1267 esse
3336 1220 3593 1284 possunt
3626 1215 3688 1271 in
3721 1216 3839 1272 hac

2171 1296 2648 1366 peregrinatione
2692 1299 2955 1369 perfecti.
3011 1301 3175 1356 Unde
3221 1302 3531 1369 signanter
3560 1304 3843 1360 additum

2172 1389 2258 1440 est
2302 1387 2363 1440 in
2404 1389 2789 1455 generatione
2840 1404 2970 1453 sua,
3002 1394 3065 1444 ut
3110 1392 3451 1447 ostenderet
3496 1408 3621 1448 non
3669 1394 3846 1463 juxta

2166 1474 2462 1545 justitiam
2507 1484 3018 1543 consummatam,
3050 1480 3155 1534 sed
3206 1481 3376 1550 juxta
3433 1483 3843 1550 generationis

2173 1582 2293 1618 suae
2313 1566 2606 1634 justitiam
2631 1584 2769 1621 eum
2792 1568 2971 1622 fuisse
2993 1570 3251 1637 justum.
3270 1574 3330 1626 Et
3349 1572 3460 1627 hoc
3487 1573 3765 1645 estquod
3783 1573 3846 1629 in
3928 1570 3944 1628 ζ

2174 1655 2420 1710 Hebraeo
2449 1655 2663 1711 dicitur
2697 1674 2709 1710 :
2740 1659 2859 1713 Noe
2888 1660 2978 1715 vir
3000 1662 3226 1728 justus,
3264 1663 3571 1730 perfectus
3612 1668 3750 1719 erat
3780 1665 3845 1719 in
3941 1650 3944 1669 ¹

2096 1757 2134 1821 Β
2172 1745 2653 1813 generationibus
2682 1747 2825 1815 suis,
2861 1763 2993 1801 cum
3035 1753 3149 1803 Deo
3189 1749 3565 1819 ambulabat,
3599 1751 3715 1805 hoc
3755 1755 3847 1806 est

2174 1832 2327 1888 illius
2362 1834 2607 1901 vestigia
2640 1835 3021 1905 sequebatur.

2246 1923 2414 1976 Vnus.
2454 1928 2534 1977 13.
2571 1955 2637 1962 -
2668 1926 2953 1994 DiJJitque
2999 1928 3290 1982 Dominus
3336 1928 3418 1983 ad
3458 1929 3587 1984 Noe
3613 1943 3636 1984 .'
3665 1929 3843 1985 Finis

2176 2013 2466 2066 universzr
2497 2014 2697 2068 carnis
2742 2016 2897 2069 venit
2929 2030 3129 2071 coram
3181 2032 3290 2071 me.
3332 2017 3635 2073 Universae
3679 2020 3843 2073 enim

2172 2101 2376 2155 carnis
2403 2100 2771 2167 signiﬁcatur
2788 2102 3058 2158 omnium
3081 2103 3444 2168 mortalium,
3465 2110 3682 2175 praeter
3703 2105 3841 2159 illos

2173 2188 2277 2259 qui
2298 2188 2358 2242 in
2380 2205 2519 2244 arca
2544 2189 2820 2244 salvandi
2842 2195 3028 2247 erant.
3056 2191 3136 2246 Illi
3163 2191 3343 2259 igitur
3365 2193 3543 2263 quasi
3572 2193 3767 2248 semin
3781 2210 3841 2250 a-

2172 2278 2325 2332 rium
2360 2279 2640 2335 secundae
2673 2279 2919 2347 originis
2950 2282 3164 2337 servati
3188 2287 3350 2337 sunt.
3394 2283 3679 2347 Sequitur
3712 2303 3725 2340 :
3760 2286 3841 2340 Et

2172 2368 2511 2437 dispertiunt
2537 2385 2630 2424 eos
2653 2385 2784 2424 cum
2811 2376 2994 2425 terra.
3012 2371 3327 2435 Quomodo
3344 2388 3483 2426 cum
3503 2377 3681 2439 terra,
3698 2389 3842 2429 cum

2174 2464 2329 2515 terra
2352 2465 2559 2531 postea
2580 2461 2906 2517 remansit?
2933 2462 3201 2518 Tradunt
3222 2464 3382 2519 enim
3416 2463 3699 2519 doctores
3732 2470 3843 2520 ter-

2174 2564 2252 2602 rae
2284 2548 2553 2612 vigorem
2597 2554 2652 2603 et
2674 2548 3099 2605 fecunditatem
3131 2550 3309 2617 longe
3330 2551 3674 2607 inferiorem
3709 2569 3841 2609 esse

2173 2641 2311 2709 post
2359 2638 2647 2693 diluvium
2680 2655 2866 2710 quam
2915 2645 3072 2709 ante,
3106 2644 3163 2695 et
3201 2639 3422 2696 idcirco
3477 2642 3839 2698 hominibus

2174 2743 2417 2781 carnem
2449 2728 2623 2782 edere
2648 2727 2947 2784 licentiam
2981 2745 3113 2785 esse
3144 2729 3373 2798 datam,
3397 2734 3453 2786 et
3481 2735 3621 2786 ante
3653 2731 3841 2788 etiam

2174 2816 2465 2870 diluvium
2499 2817 2787 2871 fructibus
2817 2822 2984 2873 teri-ie
3014 2818 3398 2873 solummodo
3437 2818 3766 2875 victitasse.

2245 2908 2413 2961 Vens.
2450 2905 2531 2961 14.
2567 2938 2635 2945 -
2664 2908 2785 2962 Fac
2815 2907 2925 2962 tibi
2952 2923 3155 2963 arcam
3184 2908 3256 2963 de
3286 2909 3465 2977 lignis
3512 2910 3836 2978 lsevigatis.

2175 2996 2356 3063 Ligna
2386 2995 2683 3064 laevigata,
2708 2996 2881 3053 fortia
2908 3002 2963 3052 et
2984 2996 3348 3066 insolubilia,
3371 2997 3446 3053 de
3467 2997 3696 3069 quibus
3720 2999 3840 3055 alia

2173 3084 2479 3143 translatio
2509 3084 2649 3140 dicit
2678 3086 3001 3153 quadrata,
3023 3091 3086 3140 ut
3113 3102 3255 3142 arca
3279 3102 3390 3141 nec
3420 3090 3747 3143 ventorum
3782 3087 3840 3142 vi

2171 3191 2280 3232 nec
2304 3190 2602 3244 aquarum
2634 3174 3025 3230 inundatione
3057 3176 3402 3233 solveretur.
3436 3176 3513 3231 Et
3544 3177 3841 3234 bitumine

2166 3266 2354 3334 facies
2388 3265 2744 3319 intrinsecus
2770 3271 2821 3320 et
2851 3266 3241 3320 extrinsecus.
3276 3265 3552 3321 Bitumen
3606 3270 3699 3321 est
3730 3268 3841 3322 fer-

2170 3354 2583 3410 ventissimum
2617 3357 2676 3409 et
2702 3353 3227 3409 inviolatissimum
3278 3353 3500 3423 gluten,
3538 3356 3718 3424 cujus
3750 3359 3839 3411 est

2168 3445 2354 3498 virtus
2390 3448 2449 3497 ut
2501 3442 2665 3510 ligna
2709 3458 2779 3497 ex
2836 3459 2906 3497 eo
2936 3442 3103 3497 linita
3158 3459 3270 3497 nec
3295 3443 3607 3500 vermibus
3637 3445 3836 3513 exedi,

2168 3548 2279 3589 nec
2321 3531 2460 3586 solis
2486 3531 2723 3595 ardore,
2747 3530 2843 3587 vel
2871 3536 3188 3587 ventorum
3220 3531 3482 3593 ﬂatibus,
3516 3531 3615 3590 vel
3640 3548 3835 3605 aqua-

2167 3638 2301 3679 rum
2329 3620 2560 3692 possint
2585 3620 3079 3676 inundationibus
3105 3620 3368 3676 dissolvi.

2240 3713 2415 3765 Vens.
2458 3715 2539 3764 15.
2572 3741 2639 3749 —
2679 3712 3099 3769 Trecentorum
3149 3710 3486 3767 cubitorum
3539 3712 3653 3771 erit
3708 3712 3835 3770 lon-

2168 3801 2376 3871 gitudo
2426 3813 2619 3868 arcae;
2644 3799 3087 3871 quinquaginta
3114 3800 3455 3856 cubitorum
3492 3798 3753 3857 latitudo
3781 3807 3832 3859 et

2168 3890 2421 3957 triginta
2465 3888 2799 3943 cubitorum
2850 3889 3108 3945 altitudo
3146 3889 3332 3943 illius.
3388 3888 3639 3953 Qualem
3686 3906 3833 3959 ergo

2167 3994 2320 4033 arcze
2354 3977 2611 4047 speciem
2639 3976 2733 4031 vel
2756 3977 3016 4031 formam
3040 3977 3333 4032 debemus
3354 3977 3684 4045 intelligere
3708 3979 3737 4036 '3
3767 3981 3835 4034 Ut

2166 4066 2422 4131 videtur,
2453 4070 2713 4135 quatuor
2757 4064 2995 4131 angulis
3042 4080 3177 4120 eam
3220 4080 3293 4119 ex
3335 4065 3457 4120 imo
3504 4080 3835 4135 assurgen-

2168 4158 2309 4219 tem,
2341 4157 2397 4207 et
2445 4152 2665 4207 eisdem
2704 4152 2997 4224 paulatim
3041 4168 3234 4223 usque
3282 4152 3360 4207 ad
3390 4152 3591 4207 sinum
3628 4153 3694 4210 in
3728 4169 3833 4210 an-

2167 4248 2410 4311 gustum
2468 4242 2749 4307 attractis,
2777 4242 2839 4297 in
2889 4236 3363 4312 spatium’unius
3415 4239 3597 4299 cubiti
3641 4239 3831 4299 fuisse

2167 4331 2495 4387 collectam.
2531 4331 2621 4387 Sic
2652 4331 2813 4386 enim
2862 4330 3095 4395 dicitur,
3128 4329 3273 4402 quia
3310 4330 3373 4387 in
3410 4329 3831 4389 fundamentis

2166 4420 2411 4478 trecenti
2458 4419 2663 4483 cubiti,
2697 4420 2758 4475 in
2805 4419 3177 4488 longitudine
3207 4418 3655 4491 quinquaginta
3685 4416 3825 4487 sint,

2167 4515 2223 4566 ei
2254 4510 2315 4564 in
2359 4509 2666 4565 altitudine
2694 4509 2951 4575 triginta,
2985 4509 3089 4564 sed
3142 4508 3390 4563 collecta
3435 4508 3496 4563 in
3526 4522 3827 4571 cacumen

2162 4604 2510 4665 angustum,
2540 4598 2622 4653 ita
2646 4603 2711 4655 ut
2729 4598 2999 4653 cubitum
3026 4598 3099 4654 sit
3124 4596 3515 4667 longitudinis
3545 4601 3603 4655 et
3628 4595 3828 4655 latitu-

2162 4689 2343 4744 dinis.
2378 4691 2443 4743 Et
2467 4704 2604 4742 vere
2632 4688 2797 4743 nulla
2827 4688 3019 4759 potuit
3051 4693 3174 4743 tam
3204 4686 3565 4743 conveniens
3598 4688 3656 4745 et
3682 4702 3826 4761 con-

2162 4793 2313 4848 grua
2344 4792 2495 4831 arcae
2528 4778 2755 4847 species
2806 4776 2955 4843 dari,
2988 4792 3175 4847 quam
3204 4780 3271 4832 ut
3324 4791 3569 4835 summo
3599 4775 3768 4833 velut
3794 4792 3824 4833 e

2160 4871 2313 4922 tecto
2339 4865 2608 4937 quodam
2636 4869 2894 4935 angusto
2911 4864 3147 4920 culmen
3166 4865 3510 4920 defenderet
3526 4864 3823 4921 imbrium

2161 4957 2384 5025 ruinas,
2418 4961 2475 5010 et
2504 4954 2706 5009 imain
2738 4954 2911 5026 aquis
2960 4954 3258 5027 quadrata
3306 4954 3621 5011 stabilitate
3673 4970 3824 5010 con-

2159 5048 2372 5102 sistens
2427 5061 2537 5101 nec
2588 5044 2855 5116 impulsu
2902 5050 3235 5110 ventorum,
3264 5060 3376 5099 nec
3404 5044 3638 5116 impetu
3667 5045 3823 5101 ﬂuc-

2157 5143 2349 5203 tuum,
2383 5152 2490 5191 nec
2522 5134 2931 5205 inquietudine
2981 5133 3333 5190 animalium
3364 5150 3501 5206 quae
3530 5135 3821 5191 intrinse-

2158 5244 2262 5282 cus
2286 5230 2474 5294 erant,
2507 5229 2611 5280 aut
2633 5224 2905 5279 inclinari
2935 5225 3127 5296 possit
3154 5228 3259 5279 aut
3289 5224 3499 5293 mergi.

2228 5320 2397 5370 Vens.
2420 5314 2907 5370 16.-—Ccenacula
2924 5321 2975 5369 et
2993 5316 3238 5383 tristega
3252 5314 3439 5382 facies
3456 5315 3519 5369 in
3533 5328 3622 5369 ea.
3639 5314 3821 5379 Quod

2155 5406 2273 5463 alia
2296 5404 2623 5469 translatio,
2648 5403 2918 5458 videlicet
2940 5404 3302 5460 bicamerata
3324 5403 3384 5457 in
3404 5402 3817 5467 inferioribus,

2157 5498 2544 5551 tricamerata
2561 5492 2621 5547 in
2635 5492 3045 5564 superioribus
3059 5493 3216 5559 dicit;
3236 5493 3313 5547 ita
3333 5498 3397 5548 ut
3415 5492 3689 5564 quinque
3712 5493 3822 5550 ha-

2154 5585 2511 5640 bitationum
2534 5582 2940 5637 distinctiones
2958 5583 3019 5639 in
3044 5600 3115 5639 ea
3131 5599 3259 5637 esse
3279 5582 3668 5638 advertamus
3690 5600 3704 5637 :
3730 5583 3820 5637 in-

2157 5675 2369 5729 feriora
2393 5675 2522 5743 ejus
2546 5672 2676 5727 loca
2704 5674 3062 5727 stercoribus
3085 5678 3140 5729 et
3156 5672 3452 5745 spurcitiis
3473 5690 3603 5727 esse
3622 5672 3817 5745 depu-

2157 5768 2301 5836 tata,
2325 5780 2400 5821 ne
2422 5762 2725 5830 animalia,
2752 5768 2809 5819 et
2831 5764 3131 5837 praecipue
3149 5764 3450 5835 homines,
3472 5762 3603 5818 ﬁmi
3623 5762 3816 5821 fetore
