3944 6424
111 285 202 337 157

1497 294 1850 353 οοιιωκτ.
1891 294 1960 353 11(
2001 296 2162 355 GIN.

3444 310 3546 365 ηε

108 411 465 466 vexarentur.
497 410 643 468 Huic
674 416 877 472 autem
920 416 1195 490 superior
1233 424 1292 476 et
1334 421 1619 493 contigua
1662 435 1761 477 οδ.-
1789 422 1839 478 Δ
1877 436 2017 479 cum
2069 422 2509 482 mansiunculis
2559 424 3046 483 convenientium
3098 426 3212 484 sibi
3270 432 3328 485 et
3391 432 3547 488 escis

108 514 259 554 mera
281 502 721 560 conservandis
758 506 999 577 pabulis
1050 510 1405 568 animalium
1448 512 1765 585 deputare-

106 592 206 645 tur.
234 589 299 645 In
328 589 436 646 hos
466 606 614 662 ergo
646 610 795 650 usus
822 595 1131 654 inferiores
1173 604 1396 673 partes,
1425 618 1564 674 quae
1603 601 1766 658 hica-

103 684 330 734 meratte
360 679 665 753 dicuntur,
695 685 942 743 tradunt
967 687 1151 744 fuisse
1198 689 1530 747 distinctas.
1584 694 1765 765 Supe-

102 768 274 825 riores
301 785 438 826 vero
466 777 691 843 partes,
737 792 875 847 quae
918 778 1308 836 tricameratte
1338 780 1640 851 dicuntur,
1682 781 1763 838 ad

101 858 497 917 habitaculum
525 862 724 934 primo
748 865 955 922 bestiis
975 867 1070 924 vel
1091 869 1456 926 animalibus
1480 871 1762 928 immitio-

100 947 252 1003 ribus
277 948 368 1006 vel
398 953 780 1024 serpentibus
808 955 1131 1028 deputatas
1170 976 1319 1015 esse.
1348 960 1438 1016 Ab
1483 959 1579 1016 his
1619 977 1760 1018 vero

96 1054 353 1108 congrua
375 1040 437 1097 in
467 1044 883 1115 superioribus
901 1046 1037 1104 loca
1068 1049 1408 1106 mitioribus
1437 1050 1759 1108 animanti-

93 1126 202 1182 bus
226 1128 460 1186 stabula
490 1131 697 1190 fuisse.
731 1137 926 1208 Supra
971 1138 1179 1194 omnia
1224 1155 1370 1196 vero
1416 1142 1475 1196 in
1522 1140 1758 1197 excelso

94 1216 428 1275 hominibus
459 1221 668 1279 sedem
689 1222 972 1294 locatam,
1006 1232 1071 1284 ut
1099 1232 1237 1299 pote
1269 1229 1421 1285 sicut
1447 1230 1676 1286 honore
1701 1234 1761 1287 et

94 1306 375 1379 sapientia
403 1312 722 1381 antecellit,
750 1314 832 1372 ita
862 1321 920 1372 et
958 1317 1095 1374 loco
1143 1320 1372 1375 cunctis
1422 1320 1757 1392 praecellere

92 1396 444 1455 animalibus
471 1418 484 1469 ;
516 1406 575 1458 et
601 1403 686 1460 sic
715 1405 986 1478 quinque
1017 1408 1366 1466 mansiones
1407 1409 1470 1465 in
1517 1425 1590 1466 ea
1626 1425 1757 1467 esse

90 1484 511 1555 intelliguntur.
544 1491 742 1549 Prima
783 1495 1131 1563 stercorina,
1186 1497 1456 1555 secunda
1503 1498 1755 1570 apothe-

92 1575 260 1647 caria,
294 1577 463 1635 tertia
495 1578 636 1636 feris
665 1582 1099 1652 animantibus,
1130 1590 1351 1658 quarta
1398 1587 1755 1653 mansuetis,

92 1664 289 1736 quinta
311 1666 686 1727 hominibus.
719 1673 1067 1732 Fenestram
1098 1677 1161 1731 in
1193 1692 1341 1733 arca
1360 1678 1572 1747 facies,
1604 1683 1659 1734 et
1690 1678 1752 1733 in

1874 526 2085 569 eorum
2112 512 2263 570 ferre
2292 516 2595 587 potuerit?
2624 515 2890 574 Tradunt
2918 517 3080 574 enim
3122 517 3351 575 Hebraei
3378 523 3546 594 quod

1874 603 2126 673 Moyses,
2156 608 2221 661 ut
2247 604 2325 661 de
2350 604 2452 661 illo
2480 606 2785 678 Scriptura
2823 605 2987 676 dicit,
3046 608 3215 664 omni
3253 610 3546 683 sapientia

1871 693 2287 765 Egyptiorum
2343 696 2613 753 eruditus
2664 696 2794 765 fuit,
2864 700 2922 753 et
2968 697 3307 756 secundum
3355 705 3540 763 artem

1873 783 2320 852 geometricam,
2349 784 2411 843 in
2441 801 2566 858 qua
2592 786 2898 859 praecipue
2927 787 3164 860 [Egypti
3187 788 3419 858 callent,
3444 806 3543 847 cu-

1868 868 2135 928 bitorum
2173 886 2430 930 numero
2479 874 2539 933 in
2585 875 2700 935 hoc
2738 875 2875 933 loco
2922 877 3208 949 posuerit.
3258 880 3543 937 Asserunt

1870 960 2032 1018 enim
2050 960 2321 1019 cubitum
2345 963 2779 1032 geometricum
2822 968 3061 1023 tantum
3107 966 3307 1024 valere
3355 984 3546 1041 quan-

1868 1052 1998 1106 tum
2022 1054 2229 1107 nostra
2249 1051 2449 1109 cubita
2472 1069 2572 1109 sex
2600 1053 2821 1111 valent.
2844 1057 2993 1124 Lege
3021 1054 3338 1124 Origenem
3361 1074 3542 1131 super

1869 1139 1984 1196 hac
2014 1156 2078 1196 re
2103 1145 2313 1199 contra
2343 1142 2616 1215 Apellem
2646 1143 3349 1218 disputantem.Denique
3373 1148 3541 1221 quod

1864 1228 2044 1285 refert
2084 1230 2407 1303 Scriptura,
2452 1232 2721 1301 ingressa
2776 1232 2962 1290 fuisse
3005 1235 3294 1291 animalia
3334 1238 3541 1294 omnia

1866 1333 2095 1388 arcam,
2137 1336 2260 1377 non
2300 1323 2424 1377 Noe
2463 1321 2800 1391 colligente,
2841 1322 2948 1378 sed
2985 1322 3234 1393 jubente
3282 1326 3539 1382 Domino

1864 1412 2067 1466 actum
2097 1412 2207 1476 est,
2239 1414 2297 1466 et
2341 1411 2473 1481 ejus
2522 1415 2677 1469 nutu
2720 1416 2929 1469 coacta
2977 1417 3191 1485 sponte
3243 1414 3538 1485 praeﬁnito

1863 1514 2119 1554 numero
2148 1499 2471 1557 veniebant
2498 1500 2577 1559 ad
2608 1514 2837 1561 arcam.

1938 1589 2053 1645 Sed
2072 1594 2353 1662 quierunt
2378 1590 2564 1663 aliqui
2597 1591 2743 1664 quid
2783 1591 2858 1647 de
2886 1590 3153 1663 piscibus
3175 1591 3266 1648 vel
3298 1591 3537 1648 alitibus

1863 1677 1974 1748 [Z.,
2007 1678 2314 1750 altilibus],
2347 1696 2485 1752 quae
2523 1679 2585 1737 in
2625 1680 2800 1753 aquis
2842 1680 2941 1739 vel
2991 1695 3172 1753 super
3219 1695 3412 1752 aquas
3464 1683 3537 1738 vi-

95 1756 283 1846 cubitc
331 1762 774 1818 consummabis
810 1767 1216 1823 summitatem
1273 1769 1419 1836 ejus.
1480 1770 1756 1823 Fenestra
1790 1786 1838 1846 Β
1860 1783 1999 1823 vere
2016 1774 2294 1840 possunt,
2314 1769 2770 1846 intelligendum
2795 1770 2914 1828 sit?
2942 1770 3034 1826 vel
3050 1770 3098 1827 si
3126 1769 3396 1842 ciniphes
3421 1770 3534 1827 mi-

90 1843 213 1899 ideo
244 1844 301 1901 in
340 1850 811 1909 consummitate
859 1854 971 1924 [Z.,
1015 1855 1381 1927 summitate]
1430 1871 1582 1912 arcte
1625 1856 1757 1912 ﬁeri
1793 1843 1827 1846 ’ί
1861 1858 2159 1915 nutissimi
2189 1844 2511 1926 etmuscae,
2540 1873 2745 1919 mures
2772 1864 2829 1917 et
2859 1860 3181 1923 stelliones,
3224 1864 3283 1916 et
3325 1866 3537 1918 caetera

86 1933 331 2003 jubetur,
363 1942 429 1995 ut
463 1939 713 2013 haberet
742 1943 900 1999 unde
955 1946 1223 2003 emittere
1273 1946 1564 2019 potuisset
1610 1961 1754 2004 aves
1859 1946 2003 2003 talia
2028 1947 2090 2003 in
2120 1963 2326 2004 arcam
2355 1947 2695 2007 introducta
2725 1949 3025 2005 fuissent?
3072 1953 3129 2007 ct
3160 1953 3361 2005 utrum
3408 1966 3536 2006 am-

89 2022 159 2078 ad
187 2025 630 2097 explorandam
670 2036 838 2089 terrae
877 2034 1225 2091 siccitatem.
1275 2036 1499 2093 Ostium
1550 2041 1751 2092 autem

88 2129 234 2170 arce
278 2131 473 2186 pones
527 2135 605 2176 ea:
673 2124 861 2181 latere
920 2125 1216 2182 deorsum.
1275 2126 1538 2183 'I‘radunt
1589 2125 1751 2184 enim

88 2205 253 2261 etiam
292 2208 520 2266 ostium
560 2212 727 2283 quod
776 2229 850 2270 ex
894 2214 1078 2272 latere
1119 2217 1345 2273 factum
1392 2216 1628 2288 dicitur,
1678 2231 1750 2272 eo

86 2294 207 2350 loco
236 2296 432 2371 fuisse,
473 2306 539 2358 ut
566 2301 868 2371 inferiora,
895 2321 1033 2378 quas
1064 2305 1212 2363 dixit
1243 2308 1630 2374 bicamerata,
1661 2305 1749 2363 in-

86 2383 165 2440 fra
188 2403 249 2441 se
276 2387 552 2457 haberet,
587 2396 644 2448 et
666 2410 803 2466 quae
824 2394 973 2451 dixit
998 2399 1392 2453 tricamerata
1439 2395 1749 2469 superiora

85 2489 115 2529 a
142 2474 267 2531 loco
287 2479 745 2553 ostiiappellata
776 2487 936 2541 sunt.
968 2488 1034 2542 Et
1060 2486 1198 2542 inde
1220 2486 1491 2558 ingressa
1517 2485 1749 2543 anima-

86 2564 154 2619 lia
181 2582 283 2637 per
312 2585 423 2627 sua
452 2587 719 2645 quaeque
744 2573 878 2631 loco.
918 2576 1255 2633 secundum
1284 2593 1419 2649 quae
1451 2592 1636 2649 supra
1662 2575 1749 2632 di-

86 2655 287 2727 ximus,
320 2676 599 2731 congrua
627 2662 987 2722 discretione
1018 2666 1215 2722 divisa
1244 2670 1404 2723 sunt.

151 2746 256 2802 Sed
284 2748 432 2807 forte
462 2751 680 2823 quaerit
718 2753 934 2827 aliquis
965 2755 1013 2811 si
1038 2755 1221 2813 habet
1250 2753 1495 2827 aliquod
1549 2768 1744 2811 sacra-

87 2841 339 2894 mentum
365 2855 662 2898 mensura
690 2841 858 2899 istius
883 2860 1039 2901 arcaa
1059 2846 1087 2901 ‘I
1125 2844 1320 2901 Habet
1359 2843 1537 2915 igitur
1578 2860 1743 2915 mys-

87 2926 280 2982 terium
330 2929 671 3002 perfectum
726 2934 998 3006 corporis
1046 2933 1274 2992 Christi.
1327 2934 1526 2992 Sexies
1582 2933 1745 2990 enim

83 3018 303 3076 trecenti
328 3020 564 3077 habent
588 3022 744 3080 infra
768 3040 832 3080 se
861 3024 1305 3098 quinquaginta
1331 3028 1390 3081 et
1414 3022 1612 3082 decies
1641 3023 1744 3081 tri-

1857 2034 2013 2108 plior
2036 2052 2249 2093 eorum
2277 2053 2566 2097 numerus
2598 2037 2776 2096 fuerit
2814 2054 3004 2110 quam
3049 2037 3154 2109 qui
3198 2041 3285 2095 est
3325 2038 3534 2096 deﬁni-

1857 2128 1977 2194 tus,
2011 2130 2068 2181 et
2097 2126 2200 2182 ubi
2222 2126 2469 2183 fuissent
2491 2128 2565 2199 [Ζ
2572 2168 2609 2196 .,
2643 2129 2691 2183 si
2721 2127 2803 2182 ibi
2831 2127 3102 2198 fuissent]
3127 2128 3154 2182 ‘?
3187 2127 3301 2184 Sed
3324 2127 3533 2184 admo-

1856 2215 2042 2271 nendi
2082 2219 2242 2285 sunt,
2290 2231 2448 2287 quos
2501 2216 2631 2272 hinc
2676 2221 2944 2281 movent,
2977 2216 3059 2271 sic
3109 2215 3531 2288 accipiendum

1854 2303 2001 2375 quia
2029 2303 2259 2361 dictum
2280 2309 2386 2373 est,
2416 2306 2522 2378 qui
2549 2310 2603 2362 et
2629 2310 2849 2375 repunt
2879 2320 3059 2374 super
3086 2310 3326 2371 terram,
3357 2310 3415 2362 et
3429 2322 3530 2363 ne-

1858 2410 2022 2450 cesse
2048 2410 2169 2455 non
2203 2394 2377 2453 fuerit
2418 2395 2757 2453 conservari
2782 2396 2843 2452 in
2891 2410 3033 2452 arca
3080 2410 3216 2467 qum
3272 2400 3531 2468 possunt

1854 2484 1973 2555 [Z.,
2006 2483 2217 2556 solent]
2241 2485 2304 2543 in
2334 2485 2510 2558 aquis
2541 2486 2755 2550 vivere,
2791 2500 2913 2542 non
2945 2485 3147 2542 solum
3194 2499 3415 2553 mersa,
3458 2485 3531 2541 si-

1855 2578 1955 2630 cut
1985 2573 2205 2646 pisces,
2236 2590 2447 2631 verum
2474 2575 2654 2633 etiam
2682 2574 3160 2647 supernatantia,
3200 2574 3353 2630 sicut
3376 2574 3526 2631 mul‘

1854 2666 1926 2723 ιω
1953 2663 2138 2719 alites.
2170 2664 2394 2720 Deinde
2425 2680 2566 2725 cum
2587 2664 2820 2732 dicitur,
2859 2666 3164 2723 masculus
3208 2670 3261 2721 et
3297 2665 3526 2734 femina

1854 2760 2050 2815 erant,
2084 2753 2354 2826 profecto
2382 2754 2727 2824 intelligitur
2755 2754 2833 2810 ad
2849 2754 3258 2828 reparandum
3280 2754 3418 2811 dici.
3443 2758 3526 2810 Ac

1850 2858 1959 2916 per
1987 2843 2103 2900 hoc
2133 2859 2243 2901 nec
2269 2843 2371 2901 illa
2404 2860 2646 2900 necesse
2674 2843 2870 2901 fuerat
2894 2844 2978 2903 ibi
3007 2860 3141 2900 esse
3191 2860 3332 2917 qum
3379 2859 3525 2916 pos-

1853 2936 2014 2998 sunt,
2047 2932 2174 2989 sine
2213 2932 2560 2999 concubitu,
2591 2932 2667 2989 de
2696 2932 3040 3006 quibusque
3082 2932 3267 2989 rebus
3294 2931 3391 2991 vel
3439 2948 3527 2988 re-

1851 3038 1983 3078 rum
2013 3021 2499 3094 corruptionibus
2528 3021 2717 3079 nasci.
2748 3021 2847 3077 Vel
2878 3022 2925 3076 si
2958 3021 3218 3091 fuerunt,
3268 3021 3422 3077 sicut
3460 3021 3524 3077 in

83 3107 246 3175 ginta.
278 3110 369 3167 Sic
399 3112 636 3186 quippe
665 3113 1007 3171 humanum
1058 3131 1303 3188 corpus,
1352 3115 1399 3172 si
1438 3115 1741 3186 jacentem
1760 3146 1812 3212 oc
1850 3110 2137 3169 domibus
2165 3115 2608 3169 consueverunt
2645 3126 2801 3174 esse.
2833 3111 2959 3167 sine
2986 3110 3106 3167 ullo
3136 3125 3391 3166 numero
3421 3109 3523 3166 de-

80 3197 314 3256 metieris
341 3201 685 3274 hominem,
719 3204 911 3260 sexies
958 3204 1141 3261 habet
1188 3204 1504 3275 longitudo
1543 3204 1740 3260 latitu-

78 3285 279 3352 dinem,
307 3294 363 3346 et
408 3290 617 3349 decies
646 3292 1042 3351 altitudinem.
1095 3296 1244 3351 Nam
1290 3292 1606 3363 longitudo
1650 3292 1741 3363 ja-

78 3377 241 3433 centis
270 3377 538 3437 hominis
564 3396 601 3437 a
632 3383 850 3439 vertice
877 3399 1073 3457 usque
1095 3383 1172 3440 ad
1202 3382 1458 3452 vestigia
1489 3380 1736 3439 metien-

74 3466 138 3523 da
161 3474 264 3541 est,
294 3476 351 3528 et
378 3472 643 3531 latitudo
674 3489 710 3531 a
739 3475 921 3533 latere
955 3492 1143 3549 usque
1172 3475 1232 3532 in
1275 3474 1454 3543 latus,
1506 3479 1561 3530 et
1608 3473 1736 3532 alti-

76 3558 199 3615 tudo
221 3576 256 3618 a
280 3561 464 3619 dorso
496 3562 583 3620 ad
614 3568 905 3622 ventrem.
941 3568 1084 3632 Quae
1110 3565 1306 3637 figura
1336 3568 1473 3637 apte
1502 3563 1732 3623 Christo

74 3652 327 3709 convenit
349 3657 605 3726 propter
630 3653 1153 3726 longanimitatem
1179 3654 1389 3713 omnia
1437 3651 1731 3711 sufferen-

76 3737 135 3791 tis
160 3741 309 3809 fidei,
341 3749 399 3801 et
436 3745 910 3817 amplitudinem
935 3747 1262 3818 charitatis,
1290 3750 1349 3803 et
1400 3744 1734 3804 sublimita-

76 3832 175 3883 tem
202 3833 325 3903 spei
354 3838 624 3891 eeternse.
654 3835 936 3908 Sequitur
967 3853 981 3892 :

136 3917 291 3978 Vsus.
328 3927 414 3981 t9.
458 3954 538 3966 -—
572 3925 676 3981 Ex
718 3927 991 3983 omnibus
1030 3926 1442 3985 animantibus
1488 3923 1730 3980 mundis

75 4009 196 4065 tolle
212 4018 451 4081 septena
473 4019 535 4071 et
554 4020 803 4085 septena
836 4016 896 4072 in
936 4031 1105 4084 arca,
1130 4017 1203 4073 de
1223 4014 1547 4072 immundis
1587 4027 1729 4070 vero

73 4096 170 4153 duo
188 4106 239 4155 et
259 4102 375 4158 duo
395 4104 745 4161 masculum
757 4110 813 4160 et
829 4105 1141 4174 feminam.
1163 4105 1283 4162 Sed
1294 4111 1349 4162 et
1372 4105 1445 4162 de
1466 4101 1729 4159 volatili-

74 4185 158 4241 bus
177 4192 306 4246 caeli
321 4200 576 4262 septena
596 4198 652 4250 et
668 4200 933 4265 septena,
956 4196 1294 4252 masculum
1317 4201 1369 4252 et
1406 4196 1723 4265 feminam,

74 4282 125 4331 ut
142 4280 395 4337 salvetur
420 4298 625 4340 semen
648 4299 830 4353 super
847 4288 1070 4341 terram
1088 4286 1116 4341 ?
1136 4284 1285 4348 Quid
1311 4283 1423 4340 sibi
1440 4285 1580 4356 vult,
1603 4288 1724 4347 duo

72 4373 114 4420 et
135 4369 259 4437 duo,
287 4378 539 4441 septena
562 4377 624 4429 et
650 4379 895 4442 septena
916 4373 944 4428 ?
974 4374 1064 4430 An
1083 4379 1349 4446 quatuor
1364 4389 1438 4429 ex
1460 4373 1723 4434 immuno

73 4455 162 4518 dis,
207 4463 260 4516 et
311 4461 787 4534 quatuordecim
835 4478 909 4520 ex
935 4463 1184 4519 mundis
1231 4462 1597 4520 animalibus
1626 4466 1718 4523 ins

70 4546 293 4617 telligere
317 4551 626 4609 debemus
656 4551 998 4610 introducta
1034 4552 1218 4609 fuisse
1240 4552 1268 4610 Ἰ
1298 4552 1553 4610 Minime.
1586 4558 1715 4613 Non

69 4635 230 4695 ducet
254 4642 369 4698 duo
400 4646 659 4716 propter
702 4646 984 4715 quatuor,
1036 4643 1145 4699 sed
1192 4646 1437 4716 propter
1482 4661 1720 4702 mascu-

69 4724 166 4782 lum
190 4736 241 4787 et
268 4731 587 4791 feminam.
624 4736 775 4791 Nam
804 4733 881 4789 de
911 4733 1245 4791 immundis
1292 4735 1717 4792 tantummodo

70 4812 186 4885 duo,
207 4825 259 4875 et
284 4822 358 4877 de
388 4821 649 4880 mundis
688 4822 1076 4880 solummodo
1122 4826 1371 4894 septem.
1414 4823 1556 4881 Ideo
1603 4824 1718 4880 im-

73 4910 265 4966 munda
282 4912 413 4984 pari
444 4927 714 4970 numero
745 4912 971 4984 posuit,
1000 4911 1237 4968 munda
1288 4928 1429 4969 vero
1476 4913 1717 4987 impari,

74 5000 119 5049 ut
139 4997 363 5058 haberet
390 5003 561 5059 unde
587 5002 821 5059 hostias
840 5003 962 5060 Deo
986 5002 1062 5059 de
1086 5001 1330 5059 mundis
1354 5002 1716 5062 immolaret.

75 5087 120 5140 Et
144 5088 278 5148 bene
300 5093 576 5165 pluriora
608 5091 852 5151 fuerunt
880 5092 1113 5151 munda
1162 5108 1351 5166 quam
1399 5092 1719 5153 immunda

74 5184 274 5250 propter
323 5183 606 5240 futurum
666 5198 847 5239 usum
894 5182 1168 5239 humano
1216 5182 1439 5251 generi,
1493 5182 1597 5256 qui
1644 5199 1719 5241 ex

72 5271 273 5327 mundis
298 5272 649 5329 debebatur
677 5272 1046 5337 hominibus,
1106 5276 1169 5328 ut
1199 5270 1466 5344 pluriora
1514 5276 1717 5330 essent

73 5368 177 5424 quae
195 5362 550 5429 prodessent
591 5378 783 5435 quam
831 5376 968 5435 quae
998 5365 1301 5419 nocerent.
1336 5362 1417 5417 De
1459 5360 1715 5434 quibus-

71 5458 159 5511 ‘er
174 5450 578 5508 animantibus
602 5450 828 5507 dictum
857 5456 965 5519 est,
985 5451 1049 5507 in
1070 5451 1284 5523 quibus
1310 5456 1447 5507 erat
1463 5450 1711 5520 spiritus

74 5535 324 5596 vitiaxon
344 5541 548 5598 solum
574 5540 653 5596 de
667 5540 1039 5611 hominibus,
1073 5540 1175 5596 sed
1200 5540 1379 5596 etiam
1408 5539 1484 5595 de
1533 5544 1708 5597 caete-

74 5621 129 5677 ris
153 5631 412 5687 omnibus
443 5632 555 5706 qui
586 5631 751 5688 vitali
782 5648 930 5688 aura
977 5636 1324 5689 vescuntur.
1361 5630 1703 5687 Notandum

74 5720 135 5766 est
158 5721 298 5788 quod
330 5738 583 5780 movere
606 5722 756 5778 solet
784 5722 1088 5795 quosdam
1110 5727 1313 5778 utrum
1342 5724 1503 5776 tanta
1528 5735 1708 5793 capa-

1847 3200 2017 3259 ﬁnito
2049 3216 2177 3256 esse
2222 3200 2511 3272 potuisse.
2557 3204 2671 3256 Aut
2696 3199 2744 3257 si
2778 3199 3132 3272 mysterium
3187 3198 3519 3255 sacratissi-

1848 3306 2019 3348 mum
2050 3291 2217 3363 quod
2243 3290 2558 3362 agebatur,
2590 3294 2649 3347 et
2674 3294 2851 3348 tantae
2880 3289 2965 3346 rei
2990 3289 3184 3358 ﬁgura
3212 3289 3395 3346 etiam
3422 3305 3517 3346 ve-

1844 3381 2014 3437 ritate
2047 3381 2293 3437 faciliter
2320 3383 2550 3453 [Uterq.
2582 3381 2736 3447 cod.,
2763 3379 3108 3451 faccialiter]
3150 3396 3274 3439 non
3314 3383 3517 3452 posset

1843 3470 2099 3546 impleri,
2131 3471 2245 3529 nisi
2275 3475 2340 3529 ut
2364 3471 2571 3527 omnia
2599 3470 2683 3527 ibi
2712 3473 2875 3527 certo
2905 3469 3005 3526 illo
3036 3485 3291 3528 numero
3315 3474 3516 3526 essent

1841 3577 1979 3633 quae
2010 3562 2209 3619 vivere
2238 3560 2300 3619 in
2326 3560 2521 3633 aquis,
2554 3558 2710 3619 illius
2738 3563 2957 3619 natura
2985 3558 3361 3632 prohibente,
3387 3574 3513 3615 non

1840 3656 2135 3724 possunt;
2169 3666 2291 3709 non
2325 3650 2432 3707 fuit
2459 3649 2617 3707 illius
2645 3648 2910 3709 hominis
2940 3665 3084 3707 cura
3113 3649 3246 3715 ista,
3280 3648 3374 3706 vel
3388 3648 3514 3706 illo-

1840 3758 1977 3800 rum
2001 3742 2342 3813 hominum,
2375 3741 2479 3797 sed
2506 3740 2732 3799 divina.
2776 3741 2908 3796 Non
2939 3739 3102 3797 enim
3145 3755 3218 3797 ea
3258 3742 3380 3796 Noe
3421 3755 3517 3795 ca-

1838 3832 2012 3906 piens
2038 3832 2488 3900 intromittebat,
2524 3831 2632 3888 sed
2661 3830 2957 3888 venientia
2986 3834 3044 3887 et
3071 3830 3356 3887 intrantia
3385 3846 3511 3902 per-

1840 3923 2132 3980 mittebat.
2160 3926 2240 3979 Ea
2268 3938 2449 3995 porro
2469 3937 2602 3994 quae
2644 3921 2729 3978 sic
2761 3920 2989 3978 habent
3029 3934 3241 3976 sexum
3284 3923 3348 3975 ut
3388 3932 3514 3978 non

1836 4012 2104 4071 habeant
2130 4011 2340 4081 fetum,
2370 4004 2522 4068 sicut
2540 4009 2689 4067 muli
2719 4014 2775 4068 et
2806 4009 3009 4075 mulae,
3056 4010 3279 4065 mirum
3309 4008 3359 4063 si
3392 4007 3515 4065 fuc.

1836 4108 1977 4158 runt
2000 4102 2114 4173 [Z.,
2143 4101 2385 4172 fuerint]
2404 4100 2508 4168 ibi,
2540 4116 2609 4157 ac
2630 4115 2755 4156 non
2776 4099 2975 4172 potius
3000 4103 3277 4172 parentes
3298 4114 3513 4155 eorum

1833 4190 1920 4249 ibi
1950 4191 2136 4248 fuisse
2164 4189 2480 4257 suffecerit,
2513 4190 2806 4263 equinum
2822 4188 3096 4246 videlicet
3122 4193 3304 4261 atque
3331 4189 3512 4245 asini-

1829 4298 1979 4339 num
2018 4297 2229 4353 genus,
2266 4286 2324 4339 et
2373 4280 2423 4337 si
2453 4296 2579 4353 qua
2623 4280 2773 4338 alias
2818 4285 2977 4348 sunt,
3031 4295 3169 4353 qum
3215 4280 3510 4335 commix-

1832 4372 1994 4429 tione
2024 4371 2242 4429 diversi
2267 4369 2503 4441 generis
2544 4385 2737 4441 genus
2785 4369 3031 4443 aliquod
3083 4368 3357 4439 gignunt.
3395 4367 3510 4424 Sed

1831 4466 1889 4519 et
1916 4461 2031 4519 hoc
2063 4462 2143 4519 ad
2192 4460 2548 4536 mysterium
2595 4460 2951 4533 pertinebat.
3005 4459 3196 4516 Habet
3242 4458 3404 4515 enim
3452 4463 3511 4515 et

1830 4551 1947 4611 hoc
1973 4567 2164 4621 genus
2192 4550 2533 4609 masculum
2580 4553 2637 4607 et
2678 4549 2987 4608 feminam.
3033 4547 3207 4615 Quod
3231 4546 3391 4605 enim
3431 4546 3508 4603 de

1833 4656 1984 4713 pace
2035 4646 2091 4697 et
2119 4642 2276 4698 unde
2301 4657 2362 4697 se
2378 4640 2635 4698 invicem
2655 4655 2780 4696 non
2799 4638 3167 4696 debellarent
3197 4636 3374 4694 divisi
3402 4650 3505 4704 ge-

1833 4729 1992 4785 neris
2024 4730 2380 4800 animantia,
2414 4729 2797 4787 sentiendum
2828 4728 2962 4784 est?
3006 4726 3166 4781 Sicut
3194 4723 3355 4780 enim
3403 4722 3505 4777 Dei

1832 4824 1983 4875 nutu
2032 4818 2496 4877 adducebantur
2550 4819 2613 4876 in
2670 4832 2899 4885 arcam,
2953 4815 3035 4870 ita
3080 4817 3140 4870 et
3195 4812 3296 4869 Dei
3351 4815 3503 4867 nutu

1830 4909 2350 4968 conservabantur
2394 4908 2456 4965 in
2504 4924 2666 4965 arca.
2742 4907 2859 4962 Seu
2926 4902 3090 4960 enim
3159 4898 3501 4959 secundum

1830 5014 2057 5069 genera
2071 5016 2183 5056 sua
2200 4996 2635 5057 mansiunculis
2652 4993 3098 5059 dividebantur,
3121 4996 3227 5049 aut
3246 4990 3329 5063 sej
3338 4991 3500 5049 uncti

1827 5089 1945 5161 [2,,
1975 5089 2026 5144 si
2053 5088 2335 5159 junctim]
2364 5089 2695 5152 manerent,
2729 5083 2829 5140 Dei
2856 5087 3060 5141 tamen
3090 5082 3356 5155 potentia
3388 5095 3497 5152 gu.

1825 5178 2256 5237 bernabantur.
2281 5181 2431 5247 Lege
2449 5175 2673 5233 librum
2693 5173 2855 5233 beati
2876 5173 3191 5245 Augustini
3215 5173 3497 5247 quintum

1825 5268 2130 5326 decimum
2161 5267 2237 5324 de
2267 5268 2516 5324 Cim'tate
2538 5266 2653 5323 Dei
2684 5265 2761 5321 de
2790 5280 2932 5322 arca
2960 5263 3279 5320 disertum.

1898 5358 2097 5417 Solent
2113 5358 2294 5414 etiam
2318 5355 2595 5413 nonnulli
2611 5355 3009 5429 quaestionem
3021 5353 3217 5410 facere
3230 5367 3494 5425 quomo.

1822 5448 1902 5506 do
1917 5448 2121 5506 leones
2136 5452 2195 5504 et
2208 5446 2512 5520 aquilae,et
2530 5451 2745 5504 caetera
2761 5443 3115 5516 hujusmodi
3135 5459 3273 5517 quae
3301 5443 3493 5500 carni-

1817 5538 1933 5596 bus
1961 5538 2150 5594 vivere
2179 5541 2637 5597 consueverunt.
2670 5539 2730 5592 in
2764 5551 2906 5591 arca
2932 5534 3102 5607 pasci
3143 5533 3494 5607 potuerint?

1820 5628 2365 5699 Forte,utdoctores
2385 5625 2729 5699 opinantur,
2743 5629 2802 5683 et
2820 5624 2939 5681 alia
2962 5623 3251 5681 animalia
3273 5628 3494 5698 printer

1816 5736 2137 5775 numerum
2166 5718 2477 5774 deﬁnitum
2510 5722 2754 5791 propter
2783 5716 3036 5773 aliorum
3052 5731 3257 5772 escam
3300 5714 3361 5770 in
3394 5730 3489 5769 ar.

78 5802 207 5865 atate
229 5828 361 5871 arca
378 5812 767 5879 describitur,
791 5817 859 5871 ut
878 5829 1009 5871 esse
1038 5812 1328 5871 animalia
1354 5815 1517 5869 tanta
1541 5814 1599 5868 et
1620 5816 1705 5869 tot
1813 5825 1949 5867 cam
1980 5808 2219 5868 fuerunt
2247 5806 2616 5878 intromissa,
2648 5807 2740 5865 vel
2768 5807 2977 5880 aliqua
3001 5806 3229 5863 cibaria
3270 5807 3491 5879 praeter
