3944 6464
313 297 415 352 ἔω

1419 294 1776 354 ANGELOM!
1814 288 2268 349 LUXOVIENSIS
2305 291 2624 349 MONACHI

3631 280 3740 343 160

314 433 531 475 carnes
556 419 735 477 aviro
764 419 1036 494 sapienti,
1061 420 1157 477 vel
1184 423 1304 478 Deo
1333 420 1802 488 demonstrante,
1828 432 1966 491 quas
1998 416 2049 469 Α
2076 424 2161 472 tes
2184 420 2241 472 et
2264 415 2596 472 redeuntes.
2629 418 2777 472 Dum
2808 411 3024 469 dicitur
3046 431 3059 468 :
3092 412 3363 470 Reversus
3390 416 3536 467 sunt
3561 425 3741 483 aqua:

312 508 523 566 talium
587 524 831 583 quoque
886 510 1285 567 animantium
1361 512 1510 568 escis
1561 508 1967 569 convenirent.

311 598 483 672 quod
506 598 701 669 magis
731 598 1012 656 credibile
1040 604 1147 655 est.
1179 603 1328 657 Nam
1359 600 1583 658 scimus
1624 599 1815 657 multa
1846 595 1973 653 ani-

312 686 516 757 malis,
546 686 769 760 quibus
803 703 944 744 caro
994 687 1163 744 cibus
1193 694 1302 761 est,
1337 689 1515 748 etiam
1564 689 1764 764 pomis
1809 684 1975 743 vesci

313 777 414 848 [Z.,
447 779 505 832 et
532 790 719 849 poma
744 776 947 849 vesci].
979 776 1133 839 Quid
1162 778 1268 850 [Z.,
1300 779 1456 846 Quid
1495 780 1660 851 vero]
1701 778 1779 835 de
1825 779 1973 850 potu

310 863 664 921 animalium
714 865 1117 936 sentiendum,
1164 866 1241 925 de
1285 884 1408 942 quo
1444 869 1594 927 nihil
1636 867 1790 939 dicit,
1819 864 1972 922 Scri-

308 957 484 1025 ptura
503 954 532 1009 ?
559 953 707 1010 Sunt
725 953 977 1027 quidam
1005 956 1111 1028 qui
1138 960 1355 1029 putant
1380 958 1563 1014 unius
1613 956 1731 1013 diei
1771 969 1973 1012 escam

307 1056 447 1098 arca
474 1040 570 1098 vel
597 1045 808 1115 potum
852 1043 915 1099 in
958 1044 1179 1101 multos
1226 1046 1513 1119 prodesse
1564 1046 1694 1102 dies
1741 1044 1971 1101 illatum

306 1130 739 1200 animantibus,
768 1131 861 1189 vel
890 1132 1139 1190 forsitan
1168 1134 1246 1191 ad
1292 1139 1485 1193 totum
1533 1150 1762 1192 annum
1805 1131 1973 1207 quod

303 1220 507 1277 verius
537 1236 669 1278 esse
691 1226 911 1294 potest.
945 1223 1059 1280 Sed
1088 1223 1460 1282 dimittamus
1484 1225 1740 1282 incertas
1769 1223 1971 1294 conje-

304 1314 531 1381 cturas,
556 1315 614 1367 et
638 1311 1045 1369 concedamus
1072 1313 1291 1371 divinae
1332 1314 1612 1388 potentiae
1641 1313 1718 1370 de
1745 1317 1972 1369 creatu-

306 1400 390 1455 ris
421 1399 547 1455 suis
576 1398 771 1456 facere
799 1400 968 1473 quod
994 1401 1249 1459 voluerit
1276 1404 1488 1476 [Petr.,
1516 1403 1747 1475 voluit].

949 1493 1180 1549 CAPUT
1218 1495 1332 1549 VII.

383 1577 563 1634 Vns.
596 1582 743 1636 1-19.
769 1611 840 1620 -
867 1581 947 1637 Et
971 1583 1219 1639 inclusit
1256 1597 1386 1639 eum
1408 1583 1691 1639 Dominus
1721 1580 1963 1650 deforis.

310 1666 629 1733 Quomodo
654 1668 813 1725 enim
840 1674 1235 1744 posteaquam
1275 1671 1551 1728 clausum
1599 1674 1705 1737 est,
1756 1673 1820 1725 ut
1861 1670 1967 1740 [Z.,

2079 505 2153 561 de
2172 510 2337 561 terra
2366 511 2421 561 et
2447 512 2650 562 euntes
2671 510 2727 561 et
2753 504 3086 572 redeuntes,
3117 502 3374 566 videtur,
3388 502 3565 572 juxta
3587 499 3741 556 litte-

2078 609 2236 659 ram,
2264 594 2410 667 quia
2437 610 2649 651 omnes
2677 592 3000 649 ﬂuviorum
3040 606 3109 647 ac
3147 591 3413 647 rivorum
3442 589 3742 646 decursus

2080 698 2188 755 per
2210 683 2477 740 occultas
2505 688 2673 740 terrae
2707 698 2894 738 venas
2932 681 3011 737 ad
3040 680 3354 736 matricem
3395 679 3607 752 abyssi
3646 694 3742 734 re-

2079 771 2286 843 deunt,
2295 772 2317 844 j
2330 777 2469 830 uxta
2479 772 2623 829 illud
2641 771 2977 829 Salomonis
2995 787 3009 825 :
3027 770 3104 825 At
3120 771 3316 826 locum
3334 769 3495 826 unde
3513 773 3741 825 exeunt

2078 862 2354 933 ﬂumina,
2377 867 2783 928 revertuntur,
2807 866 2872 916 ut
2892 861 3109 917 iterum
3126 859 3564 931 ﬂuant(Eecle.
3591 873 3631 927 ι,
3659 858 3742 928 7).

2152 954 2324 1008 Vens.
2360 956 2412 1008 6.
2447 983 2517 993 —
2545 952 2688 1008 Post
2727 950 3139 1023 quadraginta
3178 949 3303 1005 dies
3332 949 3576 1019 aperuit
3611 946 3746 1002 Noe

2077 1035 2427 1113 fenestram,
2449 1047 2505 1098 et
2533 1043 2726 1098 emisit
2769 1056 3034 1104 corvum,
3071 1040 3180 1109 qui
3212 1037 3638 1109 egrediebatur
3687 1041 3745 1092 et

2079 1147 2200 1187 non
2224 1131 2654 1188 revertebatur.
2696 1132 2761 1187 In
2791 1128 3041 1185 Hebraeo
3080 1127 3368 1200 scriptum
3399 1132 3488 1183 est
3530 1126 3743 1183 exiens

2079 1227 2136 1277 et
2164 1226 2484 1287 revertens,
2508 1222 2694 1277 donec
2720 1221 3096 1277 siccarentur
3115 1232 3288 1290 aquae
3315 1217 3389 1273 de
3415 1222 3604 1272 terra.
3623 1213 3745 1270 Sed

2078 1309 2235 1380 ideo,
2266 1314 2333 1366 ut
2361 1314 2571 1366 nostra
2600 1308 2908 1365 translatio
2938 1307 3152 1377 innuit,
3178 1321 3303 1363 non
3323 1310 3413 1361 est
3434 1320 3744 1375 reversus,

2077 1399 2222 1473 quia
2251 1404 2355 1455 aut
2381 1399 2460 1456 ab
2501 1399 2674 1472 aquis
2702 1404 2791 1454 est
2838 1397 3160 1470 absorptus
3208 1400 3267 1452 et
3314 1395 3743 1467 interemptus,

2078 1493 2184 1545 aut
2210 1487 2415 1561 aliquo
2444 1488 2736 1545 cadavere
2768 1490 3193 1560 supernatante
3241 1490 3331 1541 est
3383 1483 3648 1552 illuctus,
3690 1486 3750 1539 et

2077 1577 2337 1650 desuper
2367 1577 2574 1633 sedere
2602 1582 2691 1633 est
2717 1576 3067 1645 delectatus,
3097 1574 3266 1648 quod
3308 1571 3598 1630 columba
3645 1587 3753 1627 na-

2078 1666 2344 1722 turaliter
2371 1665 2606 1737 refugit,
2640 1666 2715 1722 de
2739 1680 2865 1739 qua
2889 1664 3105 1720 dicitur
3129 1682 3142 1721 :
3175 1679 3312 1736 quae
3338 1678 3473 1719 cum
3502 1676 3627 1717 non
3658 1661 3753 1716 in—

314 1755 392 1827 et]
420 1754 621 1811 nullus
649 1757 964 1815 hominum
995 1765 1162 1816 extra
1187 1776 1392 1833 arcam
1414 1757 1970 1831 fuit,inbituminari
1996 1764 2038 1819 Β
2080 1758 2327 1813 venisset
2361 1756 2463 1812 ubi
2505 1758 2895 1828 requiesceret
2933 1770 3036 1825 pes
3064 1756 3213 1825 ejus,
3270 1767 3511 1809 reversa
3536 1757 3624 1808 est
3668 1751 3754 1806 ad

313 1843 678 1901 extrinsecus
707 1847 926 1905 ostium
963 1850 1205 1922 potuit?
1248 1850 1371 1906 Hoc
1410 1849 1573 1906 enim
1610 1848 1736 1905 sine
1783 1846 1970 1904 dubio

313 1932 586 1990 divinum
643 1950 798 2008 opus
849 1937 976 2007 fuit,
1028 1954 1105 1995 ne
1150 1938 1601 2010 ingrederentur
1647 1954 1822 2011 aquae
1864 1952 1973 2009 per

312 2020 565 2093 aditum,
594 2038 777 2096 quem
806 2024 1079 2084 humana
1106 2043 1230 2085 non
1262 2027 1561 2084 munierat
1590 2042 1831 2083 manus.
1874 2028 1971 2084 Se-

309 2109 514 2183 quitur
543 2128 558 2168 :

382 2202 549 2256 Vsus.
587 2205 677 2259 20.
706 2235 776 2246 -—
820 2205 1166 2272 Quindecim
1195 2207 1410 2264 cubitis
1438 2209 1625 2263 altior
1666 2208 1788 2277 fuit
1813 2221 1974 2279 aqua

310 2306 491 2361 super
515 2300 741 2350 montes
784 2311 930 2367 quos
958 2303 1296 2367 operuerat.
1348 2297 1659 2365 Quaeritur,
1720 2297 1770 2352 si
1813 2311 1975 2370 aqua

311 2382 677 2439 transcendit
721 2384 1069 2457 quindecim
1097 2386 1337 2454 cubitis,
1368 2386 1617 2443 altitudo
1660 2386 1761 2458 [Z.,
1809 2385 1975 2442 cubi-

312 2469 404 2537 tis,
438 2470 613 2542 cujus
660 2472 930 2547 altitudo]
974 2476 1136 2532 hunc
1177 2491 1377 2532 aerem
1429 2476 1858 2543 turbulentum,
1909 2479 1975 2532 ut

266 2624 273 2629 _
312 2558 518 2627 fertur,
549 2562 933 2630 transcendit,
981 2564 1085 2621 ubi
1113 2565 1328 2621 dicitur
1376 2582 1486 2621 nec
1529 2565 1723 2622 nubes
1766 2564 1969 2633 videri,

315 2661 426 2703 nec
456 2652 671 2705 ventus
707 2651 808 2721 [Z.,
856 2651 1136 2710 dicuntur
1173 2654 1366 2710 nubes
1416 2654 1624 2721 videri,
1677 2670 1790 2711 nec
1829 2669 1973 2709 ven-

314 2739 435 2804 tus,
483 2738 621 2809 etc.]
671 2740 891 2809 sentiri,
952 2742 1104 2799 sicut
1158 2743 1234 2799 de
1289 2743 1546 2816 Olympo
1597 2742 1974 2817 opinantur?

319 2825 435 2883 Sed
474 2827 786 2908 sciendum
834 2836 941 2899 est,
1000 2832 1048 2888 si
1098 2837 1251 2889 terra
1294 2834 1556 2906 spatium
1606 2833 1764 2889 illius
1818 2838 1975 2890 tran-

317 2912 486 2986 quilli
535 2916 762 2973 aetheris
812 2918 1093 2977 invadere
1128 2921 1337 2993 potuit,
1388 2937 1496 2978 cur
1537 2925 1594 2977 et
1636 2936 1762 2977 non
1811 2936 1973 2994 aqua

318 3004 646 3060 crescendo
694 3006 861 3063 illum
915 3014 1180 3065 montem
1238 3015 1294 3065 et
1340 3026 1541 3067 aerem
1584 3010 1764 3066 etiam
1817 3015 1977 3066 tran-

2077 1860 2210 1902 eum
2235 1847 2298 1901 in
2327 1861 2554 1902 arcam.
2588 1848 3007 1901 Verumtamen
3035 1841 3467 1916 requirendum
3510 1844 3603 1896 est
3640 1855 3752 1895 cur

2077 1934 2562 2007 quadragenario
2591 1950 2845 1991 numero
2883 1933 3088 2007 pluvia
3139 1930 3498 1998 inundabat,
3540 1934 3601 1986 et
3650 1929 3754 1985 ite-

2078 2039 2214 2080 rum
2241 2029 2379 2097 post
2404 2024 2807 2098 quadraginta
2829 2023 2958 2080 dies
2986 2022 3202 2079 dicitur
3248 2023 3369 2077 Noe
3417 2019 3751 2075 fenestram

2079 2128 2233 2170 arcte
2263 2114 2571 2187 aperuisse
2593 2118 2622 2170 ?
2659 2111 3185 2183 Quadragenarius
3228 2109 3391 2166 enim
3420 2108 3529 2165 iste
3578 2106 3752 2181 spiri-

2080 2202 2272 2259 taliter
2326 2202 2770 2260 tribulationem
2822 2200 3185 2276 pcenitentiaa
3238 2198 3518 2256 ostendit.
3571 2194 3751 2263 Quod

2079 2307 2221 2347 vero
2250 2297 2387 2364 post
2413 2291 2817 2365 quadraginta
2842 2291 2972 2346 dies
3014 2290 3340 2345 fenestram
3378 2285 3640 2360 aperuit,
3673 2284 3751 2340 si-

2080 2379 2324 2451 gniﬁcat
2359 2380 2592 2452 jejunio
2639 2379 2858 2436 coelum
2906 2378 3175 2435 reserari.
3225 2377 3366 2433 Ideo
3413 2378 3650 2447 Moyses
3699 2376 3753 2429 et

2082 2469 2257 2529 Elias.
2288 2471 2467 2526 etiam
2498 2475 2555 2527 et
2583 2469 2710 2542 ipse
2742 2468 3031 2538 Salvator,
3072 2467 3302 2539 jejunia
3346 2462 3751 2531 consecravit,

2081 2562 2373 2631 tanquam
2422 2558 2613 2614 tribus
2669 2557 3041 2630 temporibus
3083 2553 3425 2612 necessaria
3473 2555 3617 2609 ante
3666 2551 3751 2606 1e-

2083 2666 2239 2723 gem.
2274 2648 2387 2705 sub
2416 2648 2566 2718 lege,
2598 2648 2713 2704 sub
2744 2648 2957 2719 gratia.
2987 2645 3264 2718 Sequitur
3294 2661 3310 2700 :

2152 2742 2319 2795 Vsus.
2352 2742 2437 2793 Η.
2466 2769 2535 2779 -
2572 2738 2655 2793 At
2682 2738 2795 2793 illa
2833 2738 2995 2793 venit
3020 2736 3102 2792 ad
3149 2750 3282 2792 eum
3311 2733 3394 2790 ad
3436 2746 3751 2801 vesperam

2075 2835 2333 2899 portans
2376 2842 2612 2883 ramum
2642 2828 2836 2896 olivae,
2869 2830 2926 2882 et
2974 2824 3225 2898 reliqua.
3273 2825 3466 2889 Quare
3500 2837 3750 2877 ramum

2080 2918 2253 2976 olivae
2316 2918 2537 2990 portat,
2593 2916 2707 2972 nisi
2762 2916 2909 2989 quia
2968 2919 3180 2988 typum
3239 2912 3490 2987 Spiritus
3555 2910 3749 2966 sancti

2082 3006 2532 3065 adumbrabat?
2578 3008 2720 3072 Qum
2768 3004 3052 3061 columba
3083 3002 3333 3075 Spiritus
3378 3000 3592 3065 sancti,
3646 3016 3747 3055 ex-

317 3091 603 3149 scendere
624 3096 859 3166 potuit?
891 3099 1038 3154 Sunt
1068 3103 1265 3154 tamen
1314 3099 1565 3171 quidam
1608 3098 1713 3172 qui
1760 3103 1973 3171 putant
2000 3115 2044 3173 ε
2080 3096 2259 3171 pulso
2284 3096 2421 3152 alite
2446 3096 2764 3158 teterrima,
2796 3094 2877 3151 ad
2906 3097 3028 3150 Noe
3057 3097 3194 3167 post
3217 3090 3533 3159 diluvium,
3566 3087 3749 3163 quasi

314 3194 424 3235 nec
451 3185 617 3237 terrae
655 3183 1117 3257 inaequalitatem
1164 3189 1269 3259 [Z..
1320 3187 1744 3261 aequalitatem]
1792 3186 1972 3244 talem

314 3283 463 3336 esse,
495 3285 604 3326 nec
632 3274 924 3330 montium
956 3275 1330 3332 altitudinem
1372 3281 1599 3334 tantam
1649 3280 1788 3332 ante
1824 3275 1976 3332 dilu-

310 3355 479 3413 vium
507 3374 639 3417 esse
668 3361 821 3418 sicut
847 3378 1008 3420 nunc
1032 3369 1142 3421 est.

388 3445 566 3504 Vens.
596 3452 684 3506 2t.
712 3482 782 3492 —
814 3452 1301 3526 Consumptaque
1330 3460 1412 3510 est
1444 3456 1634 3511 omnis
1672 3469 1814 3510 caro
1840 3469 1973 3526 quas

313 3537 661 3594 movebatur
708 3555 890 3610 super
935 3549 1182 3615 terram,
1232 3549 1288 3600 et
1331 3545 1545 3615 quibus
1596 3545 1967 3614 spiraculum

317 3624 453 3680 vita
491 3631 579 3681 est
604 3628 669 3682 in
700 3633 883 3697 terra,
924 3638 1163 3688 mortua
1203 3638 1364 3688 sunt.
1422 3632 1478 3688 Si
1520 3632 1681 3688 enim
1730 3631 1814 3687 ita
1864 3637 1970 3700 est,

314 3714 462 3785 quid
491 3714 814 3774 dicendum
834 3720 910 3776 de
938 3722 1302 3779 animalibus
1331 3739 1589 3796 quorum
1621 3728 1841 3779 natura
1857 3739 1972 3779 nec

315 3818 554 3877 semper
580 3805 641 3861 in
671 3808 875 3876 aridis,
931 3827 1041 3867 nec
1090 3827 1327 3885 semper
1369 3813 1429 3867 in
1476 3811 1743 3867 humidis
1771 3812 1972 3867 vivere

314 3896 529 3965 potest,
551 3894 703 3951 sicut
729 3903 866 3954 sunt
892 3899 1029 3956 lutri
1059 3904 1117 3956 et
1163 3899 1330 3957 vituli
1378 3900 1629 3968 marini;
1675 3904 1733 3955 et
1784 3900 1974 3956 multa

315 3979 519 4036 avium
542 3997 760 4052 genera
788 3985 848 4042 in
877 3987 1052 4060 aquis
1103 3988 1326 4043 victum
1374 3987 1705 4061 requirunt,
1761 3988 1869 4043 sed
1911 3987 1973 4044 in

315 4068 519 4124 arduis
542 4070 868 4145 dormiunt,
900 4078 1243 4132 nutriuntur
1293 4081 1351 4132 et
1391 4076 1825 4149 requiescunt?
1876 4076 1970 4132 Di-

314 4157 575 4216 cendum
613 4167 703 4218 est
737 4164 880 4236 quia
920 4166 1115 4237 potuit
1160 4165 1347 4221 virtus
1404 4165 1609 4221 divina
1653 4170 1971 4240 utramque

313 4262 523 4303 eorum
548 4255 848 4319 naturam,
875 4252 1069 4310 donec
1098 4253 1391 4309 diluvium
1423 4254 1720 4324 transiret,
1752 4259 1975 4328 tempe-

312 4351 446 4392 rare
471 4354 486 4405 ;
513 4344 580 4395 ut
601 4340 779 4397 autin
804 4341 1057 4399 humido
1079 4348 1452 4410 tantum,aut
1476 4343 1537 4399 in
1563 4343 1733 4400 arido
1771 4345 1969 4401 vivere

314 4431 581 4520 possent.
615 4429 732 4486 Nisi
760 4430 908 4488 forte
932 4437 1101 4488 extra
1124 4448 1328 4488 arcam
1348 4432 1410 4488 in
1428 4431 1631 4505 aliqua
1652 4436 1782 4505 ejus
1802 4440 1970 4507 parte
2000 4467 2041 4520 ο

314 4515 450 4572 loca
476 4517 589 4575 illis
613 4527 953 4595 praeparata
992 4526 1190 4578 essent
1213 4522 1373 4578 unde
1404 4528 1462 4580 et
1487 4523 1548 4579 in
1576 4525 1749 4597 aquis
1776 4526 1969 4583 vivere

315 4610 371 4661 et
395 4606 455 4662 in
481 4607 666 4665 aridis
695 4612 1064 4684 requiescere
1089 4613 1442 4683 potuissent.

945 4700 1174 4757 CAPUT
1210 4700 1344 4756 VIII.

389 4788 554 4842 Vsus.
590 4791 677 4843 t2.
721 4820 792 4831 —
830 4789 1200 4846 Recordalus
1238 4797 1433 4847 autem
1482 4794 1773 4850 Dominus
1817 4796 1962 4868 Noe,

316 4874 576 4932 adduxit
606 4878 885 4945 spiritum
915 4892 1097 4947 super
1122 4885 1368 4948 terram,
1400 4887 1453 4937 et
1480 4884 1809 4939 imminutw
1823 4891 1964 4941 sunt

317 4977 507 5035 aquas.
530 4964 608 5018 De
637 4963 738 5022 illo
762 4965 975 5038 spiritu
1001 4965 1247 5038 intelligi
1272 4970 1558 5042 potestde
1578 4986 1702 5043 quo
1733 4972 1960 5029 dictum
1994 5008 2036 5023 κ

316 5054 453 5108 est:
500 5052 765 5119 Spiritus
817 5055 930 5110 Dei
968 5055 1283 5125 ferebatur
1331 5073 1512 5128 super
1549 5074 1758 5132 aquas.
1798 5064 1960 5117 Tunc

319 5139 481 5196 enim
501 5137 803 5197 ferebatur
824 5146 908 5211 ut,
939 5146 1311 5216 congregatis
1336 5147 1530 5220 aquis,
1560 5147 1619 5204 in
1655 5166 1833 5205 suum
1856 5152 1961 5222 [Z.,

318 5230 381 5286 in
414 5228 627 5297 unum]
656 5227 857 5287 locum
904 5236 1058 5290 terra
1105 5237 1498 5309 apparuisset.
1546 5240 1712 5294 Nunc
1762 5246 1965 5296 autem

320 5316 620 5373 adductus
645 5316 879 5388 dicitur,
908 5325 970 5377 ut
998 5322 1210 5380 ablatis
1231 5323 1305 5380 de
1327 5325 1528 5381 medio
1557 5326 1732 5399 aquis
1756 5327 1966 5384 diluvii

321 5403 536 5462 faciem
563 5408 732 5463 terra:
760 5408 1059 5467 revelaret.
1114 5415 1303 5469 Potest
1334 5420 1390 5469 et
1441 5414 1681 5487 spiritus
1724 5416 1969 5473 nomine

321 5495 536 5548 ventus
559 5492 822 5568 intelligi,
856 5498 1029 5570 juxta
1072 5501 1220 5557 illud
1263 5502 1588 5559 Psalmistae
1620 5521 1635 5560 :
1689 5505 1769 5560 Ει
1809 5508 1970 5562 stetit

321 5579 572 5650 spiritus
592 5587 875 5652 procele
899 5589 1088 5657 (Psal.
1120 5606 1235 5655 CVI,
1256 5594 1371 5661 25),
1400 5591 1573 5663 cujus
1594 5592 1835 5649 ﬂatibus
1852 5610 1972 5650 cre-

322 5667 449 5724 bris
475 5683 636 5743 aqua
664 5682 971 5746 cogeretur
996 5678 1293 5735 recedere.

396 5757 562 5816 Vnus.
585 5764 690 5818 3:5.
721 5794 791 5806 -—
817 5765 899 5824 Et
922 5782 1175 5825 reversa
1202 5773 1342 5825 sunt
1362 5784 1535 5840 aqua
1558 5768 1633 5825 de
1661 5774 1826 5828 terra
1836 5787 1976 5828 eun-

2082 3187 2159 3243 ad
2183 3185 2482 3244 Christum
2504 3189 2643 3258 post
2664 3184 3040 3257 baptismum
3071 3181 3330 3252 devolat,
3354 3184 3411 3235 et
3432 3195 3644 3235 ramos
3664 3193 3747 3233 re-

2079 3275 2349 3332 fectionis
2366 3292 2437 3331 ac
2459 3274 2701 3330 luminis
2726 3290 2941 3348 pacem
2962 3272 3093 3329 orbi
3113 3270 3450 3329 annuntiat.
3494 3270 3610 3327 Sed
3641 3285 3745 3325 an-

2080 3370 2326 3438 tequam
2342 3364 2664 3437 descriptio
2685 3364 2865 3435 hujus
2885 3380 3039 3420 arcae
3061 3362 3141 3420 ad
3164 3361 3390 3418 calcem
3412 3360 3744 3434 perveniat,

2077 3454 2417 3511 notandum
2433 3457 2557 3521 est;
2591 3454 2638 3508 si
2659 3454 2815 3509 Deus
2837 3452 3044 3509 omnia
3082 3451 3302 3507 fecerat
3332 3451 3518 3514 bona,
3559 3449 3745 3520 etiam

2078 3548 2137 3601 et
2157 3544 2335 3600 valde
2359 3543 2542 3613 bona,
2590 3543 2732 3616 quid
2757 3547 2845 3599 est
2872 3542 3038 3615 quod
3076 3540 3309 3597 munda
3336 3545 3394 3597 et
3421 3538 3746 3595 immunda

2077 3634 2469 3690 nominantur
2490 3634 2552 3688 in
2588 3650 2659 3689 ea
2688 3633 2974 3689 animalia
2992 3637 3020 3687 ?
3047 3630 3327 3705 Nunquid
3351 3629 3745 3685 immundum

2077 3722 2312 3779 bonum
2355 3727 2551 3796 potest
2578 3739 2707 3778 esse
2727 3723 2754 3779 ?
2795 3722 2909 3779 Sed
2937 3720 3252 3777 sciendum
3273 3724 3362 3776 est
3384 3720 3531 3793 quia
3560 3719 3744 3774 etiam

2077 3813 2240 3885 quod
2265 3812 2649 3867 immundum
2670 3812 2903 3878 dicitur,
2928 3811 2987 3868 in
3006 3826 3117 3867 sua
3135 3815 3355 3866 natura
3370 3809 3608 3865 bonum
3636 3814 3745 3864 est.

2079 3902 2170 3959 Ad
2189 3902 2701 3974 comparationem
2718 3902 2896 3971 igitur
2916 3900 3157 3958 alterius
3173 3910 3424 3967 naturae,
3454 3898 3743 3963 melioris,

2078 3991 2256 4065 quasi
2289 3991 2673 4047 immundum
2700 3996 2965 4063 putatur.
2995 3990 3260 4062 Denique
3285 3989 3397 4045 bos
3426 3992 3517 4043 est
3531 3986 3745 4044 melior

2076 4080 2270 4151 leone,
2285 4080 2552 4136 videlicet
2571 4080 2919 4151 quiamagis
2936 4081 3065 4151 ejus
3085 4084 3304 4136 natura
3327 4078 3612 4134 convenit
3639 4078 3744 4133 ho-

2077 4169 2257 4226 minis
2300 4169 2635 4225 necessitati
2679 4169 3017 4235 subvenire,
3050 4173 3296 4242 propter
3319 4184 3503 4242 quem
3534 4168 3745 4222 omnia

2077 4263 2279 4315 creata
2308 4258 2763 4323 suntanimalia,
2782 4258 2856 4315 de
2883 4275 3005 4331 quo
3026 4259 3205 4315 etiam
3229 4258 3530 4314 subditur:
3564 4258 3648 4313 Et
3679 4263 3743 4312 ut

2079 4353 2277 4404 terror
2292 4354 2500 4416 vester,
2521 4354 2575 4404 et
2605 4354 2828 4405 tremor
2850 4351 2924 4404 sit
2947 4365 3128 4419 super
3155 4354 3374 4405 cuncta
3400 4349 3744 4404 animantia

2079 4443 2277 4495 terra}.
2302 4437 2441 4493 ideo
2456 4438 2640 4493 homo
2663 4443 2883 4494 terrore
2902 4439 3130 4495 caeteris
3161 4437 3574 4494 animantibus
3590 4454 3743 4511 pra:-

2077 4526 2308 4598 positus
2328 4530 2434 4587 est.
2452 4532 2516 4582 ut
2535 4532 2689 4583 esset
2713 4528 2771 4583 in
2795 4528 3073 4583 solatium
3095 4527 3374 4583 vindictae
3401 4532 3742 4593 transactus,

2077 4620 2136 4671 et
2155 4631 2230 4671 ne
2256 4617 2435 4688 pauci
2464 4616 2739 4672 homines
2770 4634 2806 4672 a
2833 4617 3107 4690 pluribus
3138 4616 3627 4690 opprimerentur
3646 4616 3745 4671 be-

2076 4704 2224 4771 stiis,
2248 4709 2304 4759 et
2323 4708 2387 4759 ut
2420 4706 2637 4761 scirent
2666 4722 2730 4762 se
2750 4706 3262 4763 irrationabilibus
3286 4704 3614 4775 dominari,
3645 4708 3742 4761 de-

2071 4793 2235 4860 bere,
2263 4808 2385 4848 non
2417 4794 2831 4850 rationalibus.
2858 4794 3022 4851 Unde
3046 4800 3102 4851 et
3126 4795 3305 4868 primi
3326 4799 3613 4868 parentes
3635 4810 3744 4850 no-

2070 4882 2175 4937 stri
2188 4885 2462 4954 pastores
2474 4899 2782 4955 pecorum,
2807 4900 2929 4939 non
2953 4900 3123 4955 reges
3146 4885 3464 4941 hominum
3496 4901 3632 4941 esse
3663 4884 3743 4939 le-

2069 4976 2312 5043 guntur.
2334 4972 2628 5029 Craterum
2653 4973 2990 5045 spiritaliter
3019 4974 3079 5029 in
3097 4975 3210 5029 hoc
3241 4973 3409 5046 quod
3427 4976 3547 5029 Noe
3566 4973 3745 5047 dicit:

2069 5062 2194 5118 Fac
2216 5061 2325 5116 tibi
2367 5076 2596 5131 arcam,
2639 5063 2958 5119 consilium
2999 5064 3182 5119 Patris
3203 5064 3281 5119 ad
3312 5063 3525 5119 Filium
3549 5070 3747 5135 potest

2067 5148 2315 5219 intelligi
2344 5149 2419 5205 de
2444 5150 2789 5223 acceptione
2816 5152 3035 5207 carnis.
3079 5154 3166 5208 De
3198 5153 3377 5223 lignis
3423 5153 3742 5223 laevigatis,

2070 5238 2133 5295 id
2162 5244 2251 5294 est
2278 5238 2354 5294 de
2376 5238 2595 5294 Iudaeis
2623 5239 2754 5311 lege
2779 5240 3105 5297 fabricatis.
3138 5243 3267 5297 Noe
3285 5256 3420 5297 cum
3448 5242 3599 5309 ﬁliis
3624 5242 3744 5297 suis

2072 5329 2130 5385 in
2161 5327 2453 5400 superiori
2490 5328 2623 5385 loco
2655 5329 2921 5387 Christus
2965 5335 3054 5387 est
3079 5347 3219 5387 cum
3251 5329 3543 5403 apostolis
3580 5331 3744 5395 suis;

2074 5431 2215 5473 aves
2237 5416 2299 5471 in
2319 5417 2607 5483 secundo,
2636 5418 2825 5474 sancti
2846 5418 3238 5489 designantur
3263 5437 3277 5487 ;
3307 5434 3531 5491 pecora
3551 5419 3615 5475 in
3640 5425 3751 5475 ter-

2074 5505 2176 5572 tio,
2211 5506 2556 5563 innocentes
2577 5507 2950 5578 figurantur;
2982 5510 3185 5564 bestiae
3209 5509 3269 5564 in
3293 5515 3532 5581 quarto,
3566 5526 3745 5565 mun-

2075 5594 2263 5651 diales
2285 5595 2637 5653 innuuntur.
2671 5597 2924 5663 Quintus
2954 5615 3094 5654 vero
3122 5597 3289 5654 locus
3335 5614 3477 5654 cum
3522 5606 3746 5655 sterco-

2076 5683 2243 5739 ribus
2274 5684 2541 5741 infernus
2559 5686 2911 5759 exprimitur
2953 5687 3133 5743 Aliter
3155 5705 3169 5743 :
3195 5703 3304 5760 per
3322 5687 3453 5744 haec
3474 5689 3746 5761 quinque

2076 5773 2214 5832 loca
2236 5774 2503 5848 quinque
2524 5776 2909 5834 escensiones
2936 5776 3205 5834 Ecclesiae
3236 5777 3663 5850 ostenduntur,
3685 5776 3747 5833 id
