3944 6452
171 299 243 362 tbi
1609 280 1973 341 COMMEMT.
2006 285 2076 340 IN
2114 285 2273 342 GEN.

3451 295 3552 349 162

164 426 234 477 est
260 413 674 480 catechumeni,
707 410 1364 485 baptizati,conjugati,
1391 406 1772 484 pmnitentes,
1804 407 1854 460 A
1887 406 2058 464 scivit
2111 410 2354 466 Creator
2381 409 2792 469 formidabiles
2835 399 3154 470 hominum
3183 414 3442 485 animos,
3475 431 3551 471 ne

161 509 334 566 sancti.
359 504 518 572 Quod
551 508 755 559 autem
788 506 924 574 post
972 506 1201 574 septem
1231 500 1360 556 dies
1398 497 1606 572 pluvia
1645 496 1777 551 des-

158 596 344 660 cendit,
373 592 574 667 pluvia
599 590 943 646 voluntaria
970 595 1106 663 post
1136 593 1394 645 veterem
1428 587 1623 657 legem
1673 599 1780 656 po-

159 691 248 742 test
270 681 514 752 intelligi,
543 680 620 735 de
651 695 779 752 qua
809 678 1342 735 diciturthuviam
1366 674 1777 733 voluntariam

155 774 470 846 segregabis,
507 772 684 839 Deus,
717 775 774 825 et
793 769 1025 841 reliqua
1049 769 1242 840 (Psal.
1263 783 1433 837 vau,
1467 769 1571 821 10).
1604 761 1777 828 Quod

155 870 326 921 autem
351 861 502 930 dicit,
534 861 707 930 rupti
723 867 862 915 sunt
881 875 1080 915 omnes
1103 859 1319 928 fontes,
1353 853 1777 924 evangelistas;

152 954 328 1024 abyssi
345 965 573 1021 magna?
604 947 987 1022 profunditas
1013 946 1233 1002 Veteris
1258 942 1644 1010 Testamenti;
1679 957 1778 997 ca-

71 1056 76 1064 '
154 1048 388 1100 taractas
419 1041 551 1096 creti
573 1037 882 1112 apostolos
915 1035 1196 1104 intellige.
1233 1034 1346 1092 Sed
1376 1033 1436 1089 in
1473 1033 1589 1088 hoc
1616 1031 1776 1103 quod

149 1133 302 1190 dicit:
333 1131 580 1188 Inclusit
627 1130 800 1184 illum
834 1128 1125 1183 Dominus
1177 1140 1214 1181 a
1264 1125 1418 1194 foris
1457 1124 1598 1193 [Z..,
1643 1137 1776 1178 eum

148 1219 576 1290 Dom.deforis].
607 1217 872 1274 ostendit
919 1215 1219 1271 Christum
1253 1212 1576 1269 Ecclesiam
1606 1227 1778 1266 suam

146 1310 414 1368 custodire
445 1326 479 1364 a
507 1303 1218 1381 persequentibus.0uod
1236 1303 1414 1373 igitur
1443 1300 1780 1357 intulitom-
1818 1303 1826 1312 '

145 1417 267 1456 nem
304 1414 538 1455 carnem
597 1400 1046 1468 consumptam,
1094 1392 1406 1449 haereticos
1457 1393 1777 1464 praecavet,

143 1489 518 1546 existimantes
549 1486 788 1558 aliquos
825 1483 1124 1539 diluvium
1165 1482 1452 1544 evasisse,
1507 1479 1661 1535 sicut
1701 1478 1777 1534 de

144 1576 450 1634 Mathusala
475 1579 754 1649 putatum
784 1571 1198 1644 est.Quodque
1221 1570 1602 1638 dicit,euntes
1623 1575 1677 1624 et
1695 1583 1781 1624 re-

72 1655 76 1664 ’
141 1669 378 1737 deantes,
401 1666 702 1736 signiﬁcat
728 1664 788 1719 in
820 1666 1236 1735 persecutores
1264 1659 1561 1717 vindictas
1580 1663 1638 1714 et
1661 1659 1778 1714 hae-

1885 496 2100 554 iterum
2133 498 2356 556 diluvio
2409 517 2472 557 se
2502 501 2686 559 deleri
2742 503 3070 571 crederent,
3128 504 3276 561 dum
3329 505 3551 578 saepius

1885 584 2311 644 inundationes
2332 589 2677 662 pluviarum
2707 597 3036 648 cernerent.
3066 596 3133 650 Et
3177 593 3332 650 bene
3389 594 3549 650 idem

1887 673 2128 746 signum
2160 678 2490 734 securitatis
2513 679 2576 734 in
2607 682 2758 736 coelo
2809 681 3072 754 positum
3103 687 3211 753 est,
3241 682 3461 739 scilicet
3487 687 3553 740 ut

1887 763 1966 818 ab
1997 765 2282 822 omnibus
2304 767 2519 841 inspici
2539 769 2850 842 potuisset,
2873 775 2930 826 et
2951 775 3016 827 ut
3043 787 3156 844 pro
3185 787 3552 845 quacunque

1885 852 2271 912 tribulatione
2296 856 2504 913 oculos
2531 858 2728 914 cordis
2773 859 2852 915 ad
2877 875 3016 915 eum
3047 860 3411 930 attollamus,
3441 861 3546 934 qui

1887 941 2120 1000 habitat
2164 945 2225 1000 in
2254 946 2441 1002 ccelis.
2497 947 2611 1004 Sed
2635 949 2924 1021 quaeritur
2955 966 3062 1005 cur
3090 949 3306 1006 diversi
3333 950 3551 1007 coloris

1887 1032 2065 1089 datur
2094 1034 2443 1091 hominibus
2459 1035 2488 1114 Τ
2503 1039 2743 1110 Propter
2763 1039 3143 1094 securitatem
3166 1043 3223 1096 et
3252 1039 3547 1096 timorem.

1890 1123 2057 1179 Unde
2084 1129 2141 1180 et
2169 1123 2231 1179 in
2252 1141 2406 1181 arcu
2438 1125 2604 1182 color
2632 1143 2808 1199 aquae
2851 1132 2907 1184 et
2930 1128 3086 1199 ignis
3117 1129 3298 1186 simul
3350 1133 3551 1186 osten-

1888 1211 2069 1282 ditur,
2097 1212 2242 1286 quia
2271 1230 2345 1270 ex
2374 1219 2544 1287 parte
2573 1221 2661 1271 est
2688 1215 3001 1284 caeruleus,
3029 1221 3086 1272 et
3105 1234 3178 1273 ex
3194 1223 3362 1291 parte
3390 1218 3550 1275 rubi-

1889 1302 2145 1369 cundus,
2188 1308 2253 1359 ut
2283 1305 2594 1378 utriusque
2637 1305 2848 1375 judicii
2902 1307 3063 1362 testis
3107 1308 3225 1364 sint
3279 1309 3402 1380 [Z.,
3432 1310 3549 1380 sit],

1889 1392 2070 1447 unius
2101 1392 2374 1450 videlicet
2418 1395 2576 1462 facti,
2634 1400 2692 1452 et
2731 1395 2972 1452 alterius
3027 1397 3306 1466 faciendi,
3354 1397 3415 1453 id
3463 1402 3554 1454 est

1888 1482 1994 1555 qui
2024 1482 2294 1538 mundus
2347 1484 2560 1555 judicii
2588 1485 2727 1555 igne
2768 1485 3152 1542 cremabitur.
3189 1490 3334 1543 Nam
3391 1503 3552 1559 aqua

1888 1570 2093 1627 diluvii
2123 1587 2248 1628 non
2278 1572 2592 1630 delebitur.
2626 1575 2728 1630 llic
2781 1575 2942 1630 enim
2972 1575 3299 1632 nonnullos
3348 1580 3554 1632 movet

1890 1676 1969 1716 an
1997 1661 2215 1734 pluvia:
2259 1666 2396 1718 ante
2444 1662 2741 1719 diluvium
2799 1664 3061 1720 fuerint?
3117 1665 3229 1721 Sed
3273 1665 3553 1721 videntur

142 1774 281 1813 reses
308 1757 364 1812 in
393 1755 705 1812 haereticos
734 1755 1118 1808 revertentes.
1153 1752 1379 1807 Corvus
1409 1747 1698 1804 dimissus
1723 1752 1779 1803 et
1812 1759 1850 1813 Β
1889 1752 2001 1822 [Z.,
2025 1751 2284 1822 videtur]
2324 1767 2449 1808 non
2500 1753 2712 1821 fuisse,
2741 1753 2888 1827 quia
2936 1770 3114 1810 arcus
3147 1770 3271 1811 non
3299 1754 3553 1811 efﬁcitur

141 1862 243 1902 non
273 1861 534 1902 reversus
557 1843 819 1912 ﬁguram
856 1838 1192 1914 peccatoris
1218 1837 1314 1894 vel
1342 1836 1568 1893 diaboli
1597 1840 1772 1903 tenet,

140 1935 206 1991 ad
233 1951 474 2006 regnum
503 1931 721 1988 Christi
735 1946 858 1986 non
889 1927 1256 1986 revertentis.
1294 1926 1589 1983 Columba
1609 1941 1774 1996 vero,

138 2041 256 2098 quze
291 2029 378 2080 est
421 2037 686 2089 reversa,
715 2019 928 2086 Adam,
977 2018 1132 2074 sicut
1154 2015 1429 2073 nonnulli
1453 2015 1664 2072 volunt
1691 2014 1779 2070 in-

138 2114 316 2185 telligi,
346 2112 644 2183 signiﬁcat
693 2109 772 2167 ad
820 2107 1178 2186 paradisum
1230 2108 1627 2162 revertentem
1668 2119 1777 2176 per

136 2204 430 2267 Christum,
464 2201 512 2257 si
555 2201 743 2256 lector
791 2199 1064 2271 accipere
1106 2195 1394 2262 voluerit;
1433 2193 1526 2250 vel
1575 2193 1777 2267 potius

134 2307 610 2365 unumquemque
636 2291 872 2361 justum
897 2287 976 2344 ad
1001 2285 1345 2348 Ecclesium,
1365 2285 1537 2355 cujus
1566 2283 1772 2356 pes,id

133 2389 206 2438 est
228 2399 452 2448 sensus,
483 2381 545 2436 in
577 2380 696 2436 hoc
745 2377 931 2434 modo
979 2391 1104 2432 non
1161 2373 1498 2448 requiescit.
1547 2375 1772 2428 Ramus

130 2472 279 2528 olivae
306 2472 365 2528 in
391 2488 492 2528 ore
519 2469 823 2526 columbae
851 2465 1294 2523 confessionem
1321 2461 1620 2534 significat
1648 2461 1768 2518 Tri-

131 2562 306 2618 nitatis
323 2562 382 2617 in
407 2577 510 2618 ore
533 2559 1021 2630 uniuscujusque
1051 2554 1420 2612 sancti.0um
1444 2552 1771 2611 virentibus

125 2654 293 2722 foliis,
318 2652 377 2707 id
400 2656 489 2708 est
517 2649 810 2724 operibus
838 2646 1133 2721 perfectis.

189 2743 354 2814 Vens.
378 2741 470 2811 2i,
502 2745 674 2796 22.—
699 2738 839 2794 Non
869 2738 1061 2808 igitur
1089 2736 1260 2792 ultra
1283 2733 1621 2804 percutiam
1647 2749 1770 2788 om-

125 2848 237 2888 nem
286 2833 574 2898 animam,
606 2830 762 2885 sicut
789 2827 914 2897 feci
939 2825 1172 2882 cunctis
1203 2823 1407 2880 diebus
1439 2828 1636 2880 terrae.
1670 2823 1769 2879 Se-

125 2924 311 2978 mentis
341 2930 394 2979 et
445 2921 674 2986 messis,
719 2918 922 2989 frigus
961 2923 1014 2973 et
1046 2920 1243 2984 aestus,
1276 2921 1449 2970 aestas
1477 2920 1533 2970 et
1564 2913 1769 2984 hiems,

121 3029 226 3067 nor
251 3019 303 3069 et
333 3013 459 3068 dies
486 3027 614 3067 non
642 3009 1032 3079 requiescent.
1063 3005 1354 3062 Sementis
1382 3009 1436 3060 et
1463 3005 1684 3072 messis,
1707 3001 1770 3058 id

1889 1841 2001 1896 nisi
2033 1856 2106 1896 ex
2131 1841 2314 1898 radiis
2345 1841 2487 1898 solis
2511 1847 2570 1898 et
2615 1843 2870 1899 humida
2910 1843 3094 1900 nube.
3127 1847 3361 1901 Poterat
3389 1844 3549 1901 enim

1887 1930 2016 1986 ﬁeri
2039 1936 2104 1987 ut
2131 1946 2206 1986 ex
2233 1931 2386 1987 roris
2415 1938 2475 1988 et
2502 1931 2783 2004 fontium,
2817 1933 2969 1989 sicut
2989 1935 3313 2007 Egyptus,
3347 1934 3551 2004 irriga-

1887 2020 2048 2077 tione
2079 2025 2234 2076 terra
2264 2020 2710 2078 fecundaretur.

1959 2112 2130 2166 Vens.
2156 2109 2414 2168 l8-l9.—
2440 2111 2644 2168 Erant
2662 2113 2854 2182 igitur
2879 2113 3000 2180 ﬁlii
3019 2113 3148 2169 Noe
3172 2113 3332 2182 Sem,
3355 2113 3546 2170 Cham

1886 2204 1941 2256 et
1966 2200 2255 2270 Japheth,
2287 2204 2346 2256 et
2366 2200 2598 2273 reliqua
2623 2218 2840 2274 usque,
2872 2202 2950 2257 ab
2979 2201 3070 2257 his
3096 2203 3549 2260 disseminatum

1885 2295 1970 2346 est
2000 2306 2172 2347 omne
2219 2291 2524 2346 hominum
2574 2307 2761 2362 genus
2813 2308 2997 2362 super
3045 2294 3388 2350 universam
3434 2299 3550 2349 ter-

1884 2395 2039 2436 ram.
2069 2379 2158 2435 Ab
2184 2380 2277 2434 his
2327 2379 2489 2436 enim
2519 2386 2575 2435 et
2600 2381 2924 2454 nepotibus
2948 2397 3159 2438 eorum
3185 2383 3416 2439 divisus
3457 2387 3557 2438 est

1884 2469 2067 2526 orbis.
2103 2472 2261 2537 Sem,
2291 2475 2353 2526 ut
2382 2471 2734 2540 aestimatur,
2764 2471 2988 2527 Asiam.
3015 2472 3315 2540 Dicamus,
3373 2472 3548 2528 inter-

1883 2558 2247 2632 pretationes
2278 2558 2656 2628 singulorum
2707 2560 3107 2617 historialiter.
3141 2563 3277 2618 Sem
3333 2560 3550 2618 dicitur

1883 2649 2249 2714 nominatus,
2274 2648 2444 2721 quod
2472 2665 2697 2705 nomen
2729 2650 3027 2722 praesagio
3059 2650 3420 2723 posteritatis
3444 2667 3545 2707 ac-

1883 2737 2057 2811 cepit.
2089 2741 2170 2793 Ex
2192 2737 2326 2810 ipso
2350 2737 2511 2794 enim
2542 2739 2896 2811 patriarchae
2953 2745 3009 2797 et
3047 2739 3325 2813 apostoli,
3359 2745 3416 2797 et
3443 2757 3551 2814 po-

1881 2828 2064 2902 pulus
2094 2827 2216 2900 Dei,
2240 2843 2311 2883 ex
2341 2828 2389 2899 ej
2402 2844 2470 2883 us
2499 2844 2745 2902 quoque
2772 2829 2951 2903 stirpe
2977 2834 3034 2886 et
3054 2830 3340 2899 Christus,
3373 2831 3548 2903 cujus

1881 2919 1961 2974 ab
1985 2923 2119 2974 ortu
2149 2917 2290 2974 solis
2314 2933 2505 2989 usque
2543 2918 2621 2974 ad
2674 2935 2963 2976 occasum
2993 2936 3291 2989 magnum
3318 2935 3546 2978 nomen

1879 3007 2011 3078 ejus
2041 3006 2100 3062 in
2131 3005 2428 3076 gentibus.
2464 3006 2653 3062 Cham
2703 3006 2964 3064 Africam
2998 3007 3278 3076 calidam,
3331 3013 3390 3064 et
3417 3009 3546 3081 ipse

121 3107 193 3156 est
217 3102 496 3158 doctrinae
526 3099 1002 3173 Scripturarum.
1029 3087 1142 3152 Per
1169 3093 1358 3165 frigus
1406 3097 1465 3148 et
1500 3097 1768 3148 aestatem
1799 3117 1840 3174 ο
1879 3113 1954 3153 ex
1980 3095 2280 3169 praesagio
2310 3093 2490 3149 futuri
2520 3095 3002 3165 cognominatur.
3029 3096 3349 3152 Posteritas
3383 3096 3545 3152 enim

117 3191 421 3248 castitatem
450 3196 508 3247 et
536 3189 729 3246 ﬁdem
764 3185 1068 3255 dasignat;
1089 3199 1201 3256 per
1229 3186 1468 3240 noctem
1498 3186 1555 3238 et
1582 3181 1767 3251 diem,

119 3281 278 3336 Vetus
307 3288 361 3338 et
389 3285 634 3338 Novum
663 3280 1132 3335 Testamentum.
1166 3273 1366 3343 Aliter,
1405 3287 1514 3345 per
1535 3287 1770 3327 samen-

115 3373 216 3426 tem
242 3376 296 3427 et
326 3386 588 3447 messem
617 3368 916 3432 doctores,
943 3369 1000 3420 et
1015 3363 1343 3436 scripturas
1371 3362 1558 3432 [Petr.
1577 3360 1767 3433 scrip-

116 3466 276 3525 tores]
298 3461 612 3516 haereseos
641 3455 903 3514 ostendit
924 3456 1043 3526 [Z.,
1077 3451 1383 3526 appellat];
1418 3467 1526 3524 per
1556 3449 1764 3521 frigus,

112 3553 158 3602 et
183 3554 464 3617 aestatem,
498 3545 928 3604 inﬁdelitatem
958 3547 1017 3599 et
1044 3540 1188 3598 ﬁdei
1235 3539 1626 3606 charitatem;
1661 3554 1770 3612 per

113 3645 328 3694 noctem
375 3643 432 3693 et
469 3638 642 3693 diem
675 3636 936 3691 haereses
967 3631 1030 3688 in
1075 3635 1330 3703 utroque
1384 3627 1767 3685 Testamento

113 3725 300 3783 volunt
330 3726 610 3798 intelligi.
646 3723 936 3782 Subditur
960 3739 974 3778 :

775 3813 1000 3870 CAPUT
1030 3811 1096 3866 IX

175 3907 324 3962 Vens.
353 3909 476 3962 3-4.
507 3937 578 3946 -—
623 3903 813 3973 Quasi
841 3902 1009 3956 olera
1041 3899 1300 3955 virentia
1350 3897 1581 3953 tradidi
1605 3896 1766 3952 vobis

110 3998 311 4063 omnia,
333 4001 588 4066 excepto
605 3992 772 4065 quod
792 4005 1034 4048 carnem
1059 4004 1193 4044 cum
1215 3987 1510 4058 sanguine
1535 4002 1655 4043 non
1679 4002 1771 4042 co-

110 4085 354 4142 medatis.
405 4084 794 4155 Sanguinem
844 4080 1000 4136 enim
1033 4079 1380 4134 animarum
1427 4081 1767 4133 vestrarum

110 4177 391 4244 requiram
419 4175 495 4232 de
525 4187 724 4230 manu
751 4174 1110 4226 cunctarum
1129 4166 1454 4222 bestiarum
1471 4171 1529 4221 ct
1551 4165 1623 4221 de
1646 4181 1770 4222 ma-

110 4279 178 4316 nu
205 4265 478 4335 hominis,
523 4268 584 4318 et
636 4260 893 4332 reliqua.
944 4255 1162 4323 Quanti
1217 4255 1378 4311 enim
1429 4252 1769 4311 effuderunt

110 4356 464 4424 sanguinem,
499 4359 561 4410 et
591 4350 847 4420 sanguis
893 4363 1105 4404 eorum
1137 4344 1364 4401 effusus
1406 4359 1530 4400 non
1573 4348 1679 4412 est,
1714 4348 1772 4401 et

110 4441 190 4498 alii
210 4444 558 4501 occiderunt
590 4440 909 4498 hominem
938 4433 1305 4500 veneno,vel
1333 4432 1681 4505 suspendio,
1713 4438 1770 4490 et
1795 4476 1842 4533 Β

111 4548 294 4590 eorum
325 4533 583 4604 sanguis
629 4544 758 4586 non
815 4530 904 4583 est
950 4523 1206 4581 effusus!
1256 4521 1574 4586 Quomodo
1624 4537 1768 4592 ergo

113 4621 373 4678 Dominus
402 4622 728 4679 eﬂ‘usurus
768 4621 857 4674 est
884 4613 1243 4685 sanguinem
1274 4627 1506 4679 eorum,
1539 4627 1677 4667 cum
1704 4611 1770 4666 il-

107 4709 204 4766 lius
231 4715 415 4784 [Petr.
451 4712 562 4784 illi,
593 4710 695 4767 vel
713 4707 831 4779 ille]
857 4704 962 4778 qui
991 4702 1229 4772 occidit,
1243 4701 1603 4771 sanguinem
1627 4700 1772 4757 effu-

109 4799 280 4857 derit?
312 4804 379 4858 Et
403 4802 467 4858 in
509 4797 962 4857 resurrectione
991 4791 1314 4848 ridiculum
1340 4794 1450 4858 est,
1478 4793 1536 4846 et
1561 4789 1624 4846 in
1655 4789 1770 4846 hac

109 4891 229 4958 vita,
259 4899 315 4949 et
359 4893 501 4948 ideo
528 4887 796 4958 sanguis
827 4883 1092 4941 hominis
1127 4880 1302 4937 vitale
1363 4879 1438 4952 [Ζ
1444 4921 1482 4947 .,
1531 4878 1769 4952 vitalis],

109 4995 214 5052 quo
234 4987 567 5054 vegetatur,
596 4983 659 5036 et
692 4979 1084 5044 sustentatur,
1116 4975 1173 5028 et
1209 4970 1372 5038 vivit,
1403 4967 1583 5025 debet
1609 4967 1770 5025 intel-

111 5068 228 5140 ligi;
258 5073 425 5146 quod
475 5070 588 5145 qui
637 5064 919 5124 effuderit
946 5062 1067 5118 sive
1093 5076 1201 5134 per
1231 5057 1611 5126 scandalum,
1646 5057 1769 5114 sive

110 5164 472 5229 perversitate
500 5157 829 5218 doctrinae,
854 5155 915 5210 in
947 5152 1042 5208 die
1088 5149 1295 5221 judicii
1341 5147 1638 5204 eﬂ'udetur
1691 5146 1768 5204 ab

110 5264 187 5318 eo,
213 5253 309 5325 qui
338 5250 562 5326 [Petr.,
599 5244 799 5320 quod]
823 5243 936 5300 sibi
956 5239 1276 5298 videbatur
1315 5236 1540 5294 habere
1569 5235 1768 5292 vitale.

112 5341 392 5410 (Laterum,
412 5335 837 5404 historialiter,
864 5337 1002 5407 post
1025 5330 1320 5387 diluvium
1343 5326 1610 5401 primum
1632 5341 1770 5382 esus

112 5433 353 5488 carnium
380 5428 629 5488 homini
653 5423 1028 5492 conceditur,
1055 5419 1330 5476 videlicet
1359 5420 1604 5490 propter
1628 5415 1773 5471 infe-

113 5520 450 5577 cunditatem
485 5525 697 5586 terrae,
729 5518 797 5569 ut
823 5511 1176 5579 aestimatur,
1207 5511 1266 5564 et
1293 5504 1556 5563 hominis
1593 5503 1773 5575 fragi-

112 5606 328 5667 litatem.

357 5703 440 5758 13.
473 5732 544 5741 —
571 5700 815 5754 Arcum
844 5708 1039 5748 meum
1062 5704 1289 5761 ponam
1312 5687 1375 5742 in
1407 5686 1684 5752 nubibus,
1715 5687 1774 5740 et

114 5789 329 5865 reliqua.
364 5796 555 5851 Datur
580 5790 798 5859 itaque
824 5782 1067 5855 signum
1085 5775 1603 5851 securitatis,quia
1623 5789 1771 5849 prae-

1879 3185 2010 3255 ejus
2031 3199 2166 3239 eam
2198 3187 2366 3238 terrae
2396 3186 2630 3254 partem
2659 3183 2926 3254 possidet
2954 3184 3030 3254 [Ζ
3037 3225 3072 3251 .,
3115 3182 3545 3255 obsidet],quaa

1876 3273 2071 3328 vicino
2102 3271 2225 3328 sole
2255 3271 2541 3328 calentior
2573 3276 2681 3328 est.
2713 3271 2878 3328 Unde
2909 3278 2966 3328 et
3011 3274 3300 3345 Egyptus
3347 3286 3545 3344 usque

1877 3361 2057 3418 hodie
2087 3366 2481 3435 {Egyptorum
2510 3360 2719 3431 lingua
2750 3361 2894 3418 Cum
2918 3360 3153 3417 dicitur.
3192 3364 3258 3417 Et
3285 3361 3545 3433 Japheth

1879 3455 2182 3525 Europam
2218 3452 2459 3508 sortitus
2511 3456 2620 3508 est.
2670 3451 2947 3525 Japheth,
3005 3451 3285 3508 latitudo.
3339 3453 3423 3506 Ex
3472 3465 3545 3507 eo

1877 3541 2041 3598 enim
2066 3539 2330 3614 populus
2355 3539 2623 3611 gentium
2645 3539 2929 3608 nascitur,
2963 3544 3018 3595 et
3048 3539 3194 3612 quia
3216 3538 3339 3596 lata
3367 3542 3544 3595 estex

1880 3629 2162 3700 gentibus
2193 3628 2516 3685 multitudo
2549 3627 2940 3690 credentium,
2975 3627 3054 3684 ab
3099 3627 3312 3684 eadem
3343 3626 3544 3683 latitu-

1878 3718 2018 3774 dine
2047 3717 2301 3790 Japheth
2329 3715 2525 3773 dictus
2550 3721 2657 3772 est.
2687 3718 2765 3772 De
2794 3716 3048 3788 Japheth
3072 3716 3194 3772 nati
3214 3714 3543 3788 suntquin-

1879 3806 2096 3874 decim,
2123 3805 2198 3862 de
2228 3805 2419 3862 Cham
2449 3805 2708 3876 triginta,
2737 3805 2812 3861 de
2857 3808 2993 3862 Sem
3021 3803 3232 3875 viginti
3279 3807 3540 3875 septem;

1881 3895 2062 3952 simul
2093 3894 2476 3968 septuaginta
2502 3894 2625 3950 duo
2650 3893 2805 3949 fiunt
2836 3911 2846 3948 :
2876 3894 2949 3948 de
2977 3893 3200 3965 quibus
3227 3897 3372 3948 ortae
3403 3894 3546 3946 sunt

1878 3988 2085 4056 gentes
2105 3983 2486 4058 septuaginta
2513 3983 2672 4050 duae,
2699 3982 2851 4039 inter
2873 3998 3028 4055 quas
3058 3981 3220 4038 misit
3256 3979 3545 4037 Dominus

1879 4073 2127 4130 totidem
2165 4071 2492 4145 discipulos
2523 4071 2603 4128 ad
2631 4070 3112 4144 praedicandum.

1953 4163 2123 4217 Vens.
2148 4164 2334 4217 20—22.
2365 4191 2437 4200 —
2463 4160 2774 4231 ticepitque
2797 4161 2925 4217 Noe
2953 4161 3048 4216 vir
3069 4160 3342 4230 agricola
3372 4174 3542 4216 exer-

1879 4265 2010 4308 cere
2042 4257 2288 4317 terram,
2303 4255 2358 4306 et
2387 4250 2697 4319 plantavit
2723 4252 2980 4318 vineam,
3004 4250 3322 4322 bibensque
3339 4250 3543 4306 vinum

1879 4338 2214 4395 inebriatus
2239 4342 2347 4408 est,
2381 4343 2436 4393 et
2468 4337 2735 4394 nudatus
2767 4338 2830 4394 in
2859 4339 3169 4395 taberculo
3201 4354 3327 4394 suo.
3363 4340 3430 4393 Et
3456 4353 3547 4392 re-

1881 4427 2068 4502 liqua.
2119 4428 2315 4494 Quare
2360 4429 2561 4483 tantus
2607 4426 2698 4482 vir
2725 4426 3055 4485 inebriatus
3103 4443 3232 4484 esse
3272 4427 3486 4497 legitur
3518 4425 3544 4478 ‘I

1881 4518 2071 4585 Forte,
2105 4520 2170 4572 ut
2188 4515 2404 4572 beatus
2435 4515 2854 4587 Hieronymus,
2886 4515 3145 4573 caelestis
3165 4515 3544 4574 Bibliotheca

1878 4607 2192 4679 interpres,
2233 4604 2396 4674 dicit,
2419 4605 2565 4678 quia
2588 4604 2871 4663 inebriari
2891 4606 3034 4662 vino
3065 4605 3394 4662 nesciebat.
3427 4607 3544 4659 Nec

1879 4697 2040 4755 enim
2069 4700 2206 4753 ante
2249 4695 2541 4752 diluvium
2589 4694 2872 4764 leguntur
2925 4695 3203 4752 homines
3258 4695 3399 4750 vino
3450 4690 3543 4746 usi

1878 4787 2061 4844 fuisse
2093 4786 2304 4858 [Petr.,
2334 4785 2551 4855 legitur
2578 4784 2720 4840 vino
2769 4785 3044 4840 homines
3087 4783 3215 4854 uti].
3245 4782 3385 4837 Ideo
3413 4794 3544 4851 spe-

1880 4877 2106 4934 cialiter
2129 4875 2204 4932 de
2234 4879 2354 4932 Noe
2381 4873 2626 4932 dicitur:
2663 4874 2981 4930 Ptantavit
3025 4878 3226 4928 autem
3283 4875 3539 4929 vineam.

1881 4968 1953 5023 Ut
1976 4965 2278 5038 aliquibus
2299 4963 2550 5030 videtur,
2580 4961 2834 5018 nudatio
2861 4961 3160 5017 femorum
3191 4965 3330 5033 post
3356 4960 3545 5018 ebrie-

1880 5059 2063 5112 tatem
2120 5057 2327 5110 secuta
2378 5055 2486 5119 est,
2545 5050 2690 5123 quia
2733 5049 2954 5121 saepius
2991 5047 3324 5106 satietatem
3353 5049 3542 5108 libido

1883 5144 2173 5217 sequitur.
2205 5141 2320 5199 Sed
2349 5139 2516 5213 quod
2543 5139 2659 5209 ﬁlii
2687 5138 2813 5194 Noe
2842 5137 3179 5196 incedentes
3208 5146 3543 5198 retrorsum

1879 5237 2246 5304 operuerunt
2276 5229 2535 5287 verenda
2557 5231 2782 5298 patris,
2804 5227 3109 5301 faciesque
3131 5246 3336 5288 eorum
3369 5246 3542 5288 aver-

1877 5339 1958 5380 sa:
1986 5325 2186 5386 erant,
2215 5325 2272 5376 et
2290 5317 2542 5390 reliqua,
2575 5317 2879 5373 moraliter
2893 5317 3141 5389 intelligi
3167 5319 3343 5376 valet.
3367 5324 3544 5375 Aver-

1878 5411 1996 5468 sari
2012 5409 2269 5466 dicimus
2297 5405 2462 5480 quod
2485 5405 3067 5479 reprobamus.Quid
3095 5411 3186 5463 est
3211 5423 3354 5479 ergo
3374 5407 3544 5481 quod

1878 5501 1982 5558 ﬁlii
2011 5497 2276 5555 verenda
2305 5494 2490 5569 patris
2540 5495 2859 5569 superjecti
2889 5495 3084 5552 dorsis
3121 5496 3306 5571 pallio
3347 5497 3542 5554 aversi

1877 5589 2184 5648 venientes
2234 5584 2532 5659 operiunt,
2570 5585 2683 5642 nisi
2727 5585 2896 5658 quod
2938 5585 3116 5642 bonis
3170 5586 3426 5643 subditis
3457 5587 3544 5644 sic

1878 5682 2318 5755 praeceptorum
2348 5689 2599 5732 suorum
2652 5673 2817 5730 mala
2854 5674 3194 5748 displicent,
3227 5681 3293 5733 ut
3335 5680 3544 5733 tamen

1882 5771 2011 5829 haec
2031 5767 2161 5826 aliis
2190 5764 2531 5825 occultent?
2554 5764 3006 5840 Operimentum
3022 5767 3219 5840 aversi
3245 5765 3544 5837 deferunt,
