3944 6408
391 275 497 331 163

1496 266 1590 320 AN
1596 260 1853 321 οειοιι
1897 258 2350 319 ιυχονικηδιδ
2388 264 2707 322 MONACHI

3715 275 3816 329 164

388 394 536 466 quia
564 390 1228 465 dijueantesfactum,et
1250 392 1604 445 venerantes
1634 383 2046 455 magisterium
2153 385 2359 457 pheth,
2398 385 2503 441 ﬁlii
2559 391 2697 455 Noe,
2755 393 2934 461 prout
2989 390 3264 462 superius
3311 392 3645 465 innuimus,
3693 398 3819 453 nati

389 483 605 541 nolunt
632 482 832 538 videre
860 479 1026 552 quod
1052 482 1275 547 tegunt.
1304 476 1614 549 Sequitur:

466 572 639 629 Vsus.
670 572 758 629 24.
780 599 851 610 -
892 568 1209 637 Evigilans
1234 572 1434 623 autem
1466 567 1592 621 Noe
1619 580 1695 623 ea:
1719 566 1879 629 uino,
1910 578 2046 619 cum

391 662 690 718 didicisset
720 673 854 730 quae
869 656 1167 726 feceratei
1193 656 1359 723 ﬁlius
1388 671 1532 711 suus
1556 656 1756 711 minor
1774 656 1859 710 ait
1885 653 2050 709 :Ma-

393 752 641 807 ledictus
669 748 984 805 Chanaan.
1018 746 1306 802 Chanaan
1337 744 1468 816 ipse
1514 749 1603 801 est
1638 743 1796 801 ﬁlius
1833 742 2047 810 Cham,

392 844 457 895 ut
485 838 782 909 Scriptura
824 835 1019 898 refert,
1078 836 1275 891 Porro
1324 834 1538 902 Citam,
1565 831 1777 905 inquit,
1809 833 1935 900 ipse
1963 835 2047 885 est

388 936 564 999 pater
619 927 937 985 Chanaan.
982 928 1205 981 Seruus
1266 939 1575 980 servorum
1622 927 1739 979 erit
1784 921 2049 990 {ratibus

388 1020 528 1075 suis.
562 1018 660 1074 Hie
690 1033 727 1074 a
756 1015 958 1075 multis
982 1015 1303 1087 requiritur
1320 1030 1431 1070 cur
1460 1013 1647 1069 Cham
1677 1012 1739 1068 in
1764 1010 1899 1066 ﬁliis
1922 1024 2051 1066 ma-

386 1108 767 1164 ledictionem
797 1105 1068 1177 recepit?
1116 1104 1419 1175 Videlicet,
1466 1102 1615 1175 quia
1656 1099 2052 1175 peccantibus

387 1200 443 1253 et
484 1212 608 1253 non
638 1194 1071 1269 paenitentibus
1101 1192 1301 1251 futura
1327 1192 1602 1249 imminet
1628 1206 1831 1263 paena.
1882 1192 2051 1260 Saepe

386 1287 635 1359 quidem
662 1286 1067 1359 reproborum
1097 1283 1376 1356 nequitiae
1407 1282 1504 1339 hic
1549 1281 1795 1353 quidem
1849 1278 2052 1335 inultm

386 1376 732 1449 proﬁciunt,
764 1374 871 1430 sed
896 1374 958 1430 in
982 1378 1288 1445 posterum
1313 1372 1621 1428 feriuntur.
1654 1374 2050 1441 Nequaquam

389 1465 552 1523 enim
610 1464 814 1521 divina
864 1463 1148 1521 severitas
1197 1461 1387 1519 inulta
1442 1476 1749 1517 remanere
1802 1460 2053 1531 peccata

390 1553 694 1625 permittit,
716 1553 825 1608 sed
854 1552 944 1610 ira
987 1551 1196 1622 judieii
1229 1567 1265 1606 a
1316 1554 1523 1607 nostra
1550 1549 1646 1605 hic
1677 1546 2052 1619 correptione

391 1642 653 1708 inchoat,
684 1646 749 1697 ut
798 1642 857 1697 in
891 1640 1289 1713 reproborum
1312 1638 1701 1695 damnatione
1731 1635 2051 1707 conquies-

394 1736 510 1787 cat.
564 1730 680 1787 Sed
728 1731 902 1801 juxta
958 1729 1269 1787 historiam
1320 1728 1751 1800 prophetarum
1806 1737 2053 1797 quoque

394 1824 501 1886 est,
522 1820 667 1891 quia
684 1824 898 1877 terram
921 1821 998 1889 [Ζ
1004 1861 1041 1888 .,
1072 1835 1111 1875 a
1141 1819 1313 1889 terra]
1343 1818 1650 1884 Chanaan,
1678 1814 1877 1885 ejectis
1899 1813 2053 1870 Cha-

394 1908 624 1965 nauticis
656 1912 712 1964 et
740 1907 1072 1977 debellatis,
1103 1911 1453 1979 accepturos
1475 1904 1656 1961 fuisse
1677 1903 1831 1959 ﬁlios
1851 1900 2049 1967 Israel,

394 1997 499 2069 qui
529 1997 801 2052 venirent
840 1996 915 2052 de
975 1995 1203 2051 semine
1237 1997 1392 2062 Sem,
1424 1993 1577 2049 sicut
1600 1991 1849 2049 historia
1879 2004 2053 2046 sacra

392 2086 782 2159 postmodum
806 2090 1011 2143 aetum
1034 2088 1257 2142 narrat.
1292 2084 1457 2141 Unde
1486 2086 1545 2139 et
1571 2082 1818 2138 dicitur:

463 2178 630 2233 Vens.
661 2180 749 2233 26.
780 2206 850 2218 --
879 2176 1238 2233 Benedictus
1266 2174 1556 2230 Damasus
1578 2174 1735 2228 Deus
1765 2172 1926 2227 Sent.
1956 2169 2052 2225 Sit

397 2264 693 2322 Chanaan
721 2281 929 2322 seruus
958 2268 1106 2335 ejus.
1136 2264 1448 2323 Chanaan,
1494 2261 1654 2318 ﬁlius
1695 2261 1906 2330 Cham,
1961 2258 2051 2313 in-

396 2359 752 2427 terpretatur
778 2360 974 2411 motus
1002 2368 1231 2419 eorum,
1260 2352 1430 2424 quod
1459 2350 1607 2423 quid
1647 2356 1740 2405 est
1769 2347 1934 2404 aliud
1958 2347 2051 2403 ni-

396 2442 442 2497 si
472 2459 626 2515 opus
657 2459 865 2501 eorum
892 2443 919 2497 ?
948 2446 1056 2499 Pro
1081 2446 1251 2498 motu
1280 2441 1440 2498 enim
1493 2440 1696 2511 patris,
1733 2437 1795 2495 id
1824 2440 1915 2493 est
1940 2449 2053 2509 pro

395 2547 573 2603 opere
604 2531 654 2601 ej
666 2548 755 2598 us,
783 2530 1136 2586 maledictus
1157 2533 1264 2585 est.

468 2622 638 2675 Vsus.
661 2623 827 2675 273-—
855 2620 1083 2675 Dilatet
1115 2620 1272 2675 Deus
1295 2616 1581 2685 Japheth,
1636 2620 1690 2672 et
1732 2614 1955 2670 habitet
1987 2614 2049 2668 in

399 2708 808 2765 tabernaculis
836 2709 997 2771 Sem,
1038 2709 1231 2777 sitque
1284 2706 1574 2761 Chanaan
1637 2719 1842 2759 servus
1898 2704 2050 2770 ejus.

400 2798 514 2853 Cur
541 2796 658 2855 hoc
682 2796 921 2852 intulit?
950 2799 1027 2851 De
1056 2798 1194 2852 Sem
1227 2793 1473 2859 Hebraei,
1514 2791 1589 2849 de
1625 2791 1876 2863 Japheth
1909 2806 2053 2860 gen—

401 2886 551 2941 tium
573 2884 837 2957 populus
876 2884 1158 2940 nascitur.
1190 2883 1343 2948 Quia
1391 2882 1569 2948 igitur
1594 2881 1714 2936 lata
1743 2884 1832 2935 est
1860 2878 2054 2935 multi-

400 2974 544 3031 tudo
571 2974 963 3040 credentium,
1016 2988 1053 3030 a
1081 2972 1423 3030 latitudine.
1454 2970 1623 3042 quod
1672 2970 1929 3040 Japhelb
1963 2968 2053 3024 in-

400 3067 773 3135 terpretatur,
804 3078 1027 3119 nomen
1056 3061 1308 3134 accepit.
1342 3060 1515 3127 Quod
1536 3065 1743 3159 autem
1764 3058 1864 3159 ait,
1892 3059 2057 3114 habi—
2085 3098 2125 3159 ϐ

400 3159 477 3209 tet
508 3155 571 3209 in
601 3154 1008 3211 tabernaculis
1064 3155 1221 3221 Sem,
1272 3152 1348 3209 de
1406 3149 1580 3207 nobis
1640 3148 2054 3221 prophetatur,

398 3244 501 3315 qui
524 3243 588 3299 in
617 3244 951 3300 eruditione
984 3242 1244 3299 scientiae
1275 3241 1717 3312 Scripturarum
1758 3238 1945 3307 ejecto
1976 3240 2055 3292 ls-

397 3332 556 3387 raele
577 3348 908 3389 versamur.
954 3331 1073 3387 Sed
1096 3337 1235 3387 tunc
1266 3329 1631 3401 completum
1662 3332 1753 3383 est
1779 3325 2055 3383 historia-

398 3418 527 3475 liter
546 3421 792 3490 quando
823 3419 1073 3475 Romani
1102 3420 1360 3476 Judeam
1392 3421 1695 3490 ceperunt.

471 3510 642 3565 Vens.
678 3513 843 3564 28.—-
888 3510 1049 3563 Vixit
1082 3514 1279 3565 autem
1302 3509 1430 3563 Noe
1448 3512 1579 3575 post
1612 3504 1909 3561 diluvium
1942 3508 2060 3559 tre-

400 3599 584 3653 centis
615 3599 1055 3668 quinquaginta
1088 3598 1285 3665 annis,
1328 3602 1383 3651 et
1429 3595 1664 3664 impleti
1689 3600 1827 3648 sunt
1856 3607 2056 3648 omnes

401 3686 523 3742 dies
550 3688 680 3754 ejus
708 3692 1145 3757 nongentarum
1171 3685 1616 3756 quinquaginta
1642 3697 1967 3747 annorum,
2003 3688 2057 3735 et

400 3782 671 3832 mortuus
700 3781 805 3832 est.
840 3775 990 3830 Cum
1018 3774 1179 3831 enim
1208 3772 1352 3828 dicit
1386 3788 1526 3827 eum
1562 3770 1779 3825 vixisse
1808 3774 1942 3840 post
1966 3768 2057 3823 di-

397 3864 628 3920 luvium
658 3864 934 3921 trecentis
959 3862 1404 3937 quinquaginta
1447 3860 1640 3925 annis,
1672 3858 2057 3931 perspicuum

400 3955 658 4010 ostendit
687 3959 929 4010 centum
976 3952 1203 4022 viginti,
1246 3967 1441 4007 annos
1466 3947 1835 4019 generationi
1860 3947 1960 4013 illi,
1993 3953 2059 4003 ut

400 4058 587 4112 supra
610 4042 894 4112 diximus,
926 4041 1003 4097 ad
1024 4040 1441 4113 pcenitentiam
1468 4038 1665 4109 datos,
1698 4041 1755 4092 et
1782 4051 1904 4091 non
1925 4037 2057 4091 vitae

399 4130 749 4188 mortalium
778 4130 1155 4187 constitutos.

1044 4309 1279 4365 CAPUT
1318 4312 1379 4367 X.

470 4492 640 4545 Vsus.
668 4494 719 4561 t,
742 4490 872 4546 2.-
888 4490 1000 4545 Ha:
1023 4497 1161 4545 sunt
1188 4490 1595 4559 generationes
1619 4489 1881 4556 ﬁliorum
1902 4487 2051 4556 Nec,

397 4579 552 4644 Sem,
584 4580 777 4637 Citam
826 4586 883 4636 et
918 4578 1206 4647 Japhetlz.
1245 4578 1396 4633 Filii
1422 4578 1687 4645 Japheth
1730 4577 1967 4645 Gomer,
1998 4581 2052 4631 et

396 4671 637 4741 Magog,
668 4676 728 4727 et
774 4670 1003 4735 Madai,
1046 4668 1269 4737 Jaban,
1319 4674 1374 4723 et
1437 4667 1646 4731 Tubal,
1698 4671 1756 4722 et
1818 4671 2051 4721 caetera.

395 4763 524 4816 Jam
550 4759 758 4832 incipit
781 4758 1138 4823 describere,
1188 4756 1445 4829 qualiter
1478 4772 1516 4812 a
1545 4756 1680 4810 ﬁliis
1736 4765 1793 4809 et
1829 4754 2059 4826 nepoti-

396 4848 511 4904 bus
542 4852 660 4905 Noe
686 4853 894 4919 gentes
924 4850 1148 4904 exortae
1176 4846 1435 4901 fuerunt.
1468 4844 1584 4900 Sed
1614 4843 1927 4898 sciendum
1964 4847 2057 4898 est

397 4939 542 5010 quia
568 4954 692 4994 non
735 4938 914 4994 hodie
942 4938 1023 4993 ita
1046 4936 1423 5008 reperiuntur
1444 4935 1596 4989 sicut
1620 4933 1679 4988 in
1700 4932 1947 4988 exordio
1977 4932 2055 4987 ab

398 5027 482 5083 eis
507 5028 834 5100 progenita:
864 5028 1114 5099 singulas
1146 5027 1468 5083 fueruntet
1510 5025 1759 5080 nomina
1807 5038 2055 5094 accepe-

396 5123 557 5174 runt.
587 5118 906 5184 Quoniam,
938 5122 1005 5171 ut
1032 5116 1246 5172 beatus
1278 5115 1647 5186 Augustinus
1676 5116 1777 5183 ait,
1814 5117 1920 5168 aut
1975 5112 2055 5169 ab

396 5208 672 5265 hostibus
703 5210 1074 5278 interemptos
1124 5207 1362 5278 penitus
1413 5206 1674 5271 fuerunt,
1708 5208 1812 5259 aut
1849 5218 1886 5258 a
1922 5218 2058 5275 pro-

397 5298 543 5370 priis
585 5298 832 5353 sedibus
863 5296 941 5353 ad
981 5295 1101 5351 alia
1147 5296 1281 5351 loca
1335 5295 1700 5351 transierunt
1720 5298 1778 5348 et
1807 5292 2055 5364 antiqua

398 5402 642 5458 quoque
671 5385 967 5443 voeabula
987 5385 1396 5458 perdiderunt.
1416 5387 1839 5440 Verumtamen
1865 5397 1940 5437 ne
1970 5381 2056 5436 in-

398 5473 665 5531 discussa
694 5476 1026 5547 praeterisse
1079 5475 1436 5540 videremur,
1465 5473 1657 5528 multa
1711 5489 1784 5528 ex
1827 5472 1933 5541 eis,
1980 5471 2054 5526 si-

400 5569 501 5619 cut
554 5564 615 5618 in
664 5565 1011 5620 doctoribus
1068 5564 1421 5635 reperimus,
1488 5569 1543 5618 et
1608 5562 1784 5617 nobis
1837 5561 2055 5617 tradita

399 5654 581 5709 etiam
640 5653 899 5719 fuerunt,
978 5653 1233 5726 qualiter
1313 5653 1390 5707 ab
1467 5651 1816 5705 hominibus
1880 5666 2054 5707 voca-

396 5741 547 5801 bula
588 5746 999 5815 sumpserunt,
1072 5742 1335 5797 inserere
1400 5739 1604 5797 conati
1667 5755 1898 5796 sumus.
1955 5743 2050 5796 Ja-

2083 4459 2130 4512 D

2156 478 2294 529 sunt
2322 480 2550 547 septem
2578 476 2701 543 ﬁlii,
2731 478 2834 549 qui
2865 479 3262 550 possederunt
3304 486 3525 539 terram
3572 484 3634 539 in
3677 486 3819 541 Asia

2158 561 2237 616 ab
2254 567 2506 631 Amano,
2533 570 2590 619 et
2609 569 2822 637 Tauro,
2850 568 3274 639 Syriae-Cales,
3307 574 3364 625 et
3395 571 3607 628 Ciliciae
3651 588 3821 629 mon-

2158 650 2317 706 tibus
2346 668 2538 724 usque
2563 653 2643 709 ad
2666 656 2917 711 ﬂuvium
2954 658 3201 727 Tanain,
3235 659 3386 716 sicut
3428 661 3489 716 in
3519 661 3687 717 libris
3718 666 3822 719 Lo-

2158 755 2366 797 corum
2392 740 2552 798 beati
2580 743 2921 815 Hieronymi
2961 747 3246 819 comperi.
3282 752 3344 803 ln
3386 751 3624 822 Europa
3674 767 3817 807 vero

2156 843 2348 899 usque
2385 829 2466 884 ad
2497 830 2714 886 Gadira
2745 832 2997 889 nomina
3050 833 3197 888 locis
3230 840 3287 890 et
3326 837 3607 904 gentibus
3637 839 3817 894 relin-

2157 921 2431 985 quentes,
2465 934 2495 972 e
2520 919 2742 989 quibus
2773 925 2981 992 postea
3011 921 3331 979 immutata
3363 931 3503 981 sunt
3530 927 3814 999 plurima,

2159 1006 2217 1057 et
2238 1009 2451 1060 caetera
2480 1012 2836 1077 permanent
2866 1013 2929 1065 ut
2966 1008 3223 1067 fuerunt.
3274 1012 3422 1069 Sunt
3474 1020 3681 1071 autem
3711 1018 3817 1072 Go-

2158 1105 2288 1145 mer
2316 1092 2556 1163 Galatm,
2590 1097 2803 1165 Magog
2845 1096 3096 1168 Scythas,
3154 1098 3346 1155 Madai
3394 1100 3574 1170 Medi,
3622 1103 3820 1160 Jaban

2162 1180 2353 1245 Iones,
2385 1181 2490 1251 qui
2544 1187 2603 1238 et
2632 1183 2815 1238 Graeci
2870 1184 3030 1239 unde
3067 1190 3124 1241 et
3152 1188 3305 1241 Mare
3337 1188 3605 1246 Ionicum
3638 1206 3652 1259 ;
3710 1195 3822 1247 Tu-

2159 1263 2262 1320 bal
2292 1266 2462 1337 lberi,
2492 1270 2597 1341 qui
2626 1275 2684 1326 et
2724 1272 2985 1343 Hispani,
3014 1273 3119 1343 qui
3145 1278 3204 1329 et
3230 1274 3524 1341 Celtiberi,
3543 1277 3822 1351 licetqui-

2159 1352 2305 1411 dam
2332 1356 2507 1413 italos
2525 1359 3163 1431 suspicentur,Mosoch
3190 1364 3609 1435 Cappadoces.
3633 1370 3815 1423 Porro

2163 1444 2551 1516 Septuaginta
2573 1448 2923 1520 interpretes
2957 1451 3263 1522 Capturim
3295 1455 3695 1527 Cappadocas
3716 1472 3817 1512 ar-

2161 1532 2477 1602 britantur.
2509 1540 2629 1593 [ras
2676 1538 2946 1593 Thraces.
2990 1540 3265 1596 Nonnulli
3323 1542 3572 1614 quidem
3604 1547 3735 1614 Gog
3763 1551 3821 1601 et

2159 1624 2370 1694 Magog
2416 1624 2495 1681 ad
2523 1628 2850 1683 Gothorum
2900 1635 3138 1698 gentem
3196 1632 3643 1701 transtulerunt,
3674 1636 3825 1708 quia

2160 1712 2385 1768 Gothos
2406 1730 2618 1770 omnes
2638 1721 2794 1771 retro
2815 1717 3026 1772 eruditi
3052 1719 3248 1788 magis
3274 1721 3448 1777 Getas
3478 1738 3670 1794 quam
3698 1727 3828 1793 Gog

2162 1802 2465 1873 appellare
2485 1811 2950 1862 consueverunt.

2236 1893 2404 1947 Vens.
2437 1897 2565 1949 3.-——
2596 1895 2745 1950 Filii
2780 1896 2995 1951 Gomer
3038 1897 3317 1965 Ascenez,
3347 1907 3407 1954 et
3435 1900 3735 1970 Riphath,
3770 1910 3823 1959 et

2164 1981 2475 2050 Togorma.
2505 1986 2765 2039 Ascenez
2794 1985 2976 2040 Graeci
3015 1988 3253 2056 chnos
3296 1989 3405 2053 [Z.,
3442 1990 3701 2065 Rennos]
3726 2008 3826 2048 vo-

2160 2075 2317 2140 cant,
2415 2073 2673 2145 Riphath
2757 2075 3194 2148 Paphlagones,
3261 2080 3560 2149 Togorma
3643 2082 3828 2156 Phry-

2159 2174 2285 2229 gas.

2232 2249 2409 2307 Vens.
2442 2255 2495 2314 4,
2529 2257 2659 2308 5.-
2683 2255 2830 2309 Filii
2849 2255 3049 2311 Jaban
3091 2257 3284 2328 Eliso,
3312 2263 3368 2314 et
3422 2259 3693 2327 Tharsis,
3728 2264 3831 2319 Ce-

2163 2339 2311 2395 thim
2348 2347 2403 2397 et
2436 2344 2752 2399 Dodanim.
2785 2346 2878 2399 Ab
2932 2344 3023 2399 liis
3056 2347 3267 2403 dim’sw
3296 2354 3437 2402 sunt
3470 2349 3693 2407 insulae
3720 2369 3828 2409 na-

2166 2431 2389 2488 tionum
2421 2435 2484 2488 in
2516 2436 2692 2489 terris
2712 2437 3301 2503 suis,virsectmdum
3323 2439 3596 2509 linguam
3623 2457 3823 2507 suam,

2161 2526 2213 2575 et
2241 2525 2657 2595 cognitionem,
2690 2532 2744 2581 et
2774 2532 3007 2596 gentem
3034 2541 3225 2583 suam.
3250 2528 3330 2581 De
3354 2529 3618 2599 lenibus,
3652 2532 3719 2587 id
3736 2538 3829 2588 est

2162 2610 2399 2682 Graecis,
2431 2619 2760 2669 nascuntur
2787 2614 3029 2683 Helesei,
3059 2615 3165 2687 qui
3196 2622 3490 2673 vocantur
3538 2619 3823 2691 Eolides,

2159 2699 2320 2755 unde
2360 2706 2417 2756 et
2441 2703 2652 2774 quinta
2688 2702 2896 2773 lingua
2951 2705 3187 2759 Graeciaa
3235 2705 3411 2761 Δίους
3460 2708 3825 2780 appellatur.

2158 2788 2424 2860 Denique
2485 2793 2720 2847 Tharsis
2799 2793 3096 2864 Josephus
3172 2794 3399 2849 Ciliciae
3470 2796 3821 2854 arbitratur.

2148 2878 2327 2934 .Unde
2353 2884 2410 2935 et
2439 2881 2783 2952 metropolis
2805 2882 3015 2937 civitas
3047 2897 3257 2938 eorum
3284 2884 3523 2940 Tharsis
3556 2888 3827 2959 appella-

2162 2969 2257 3021 tur
2305 2968 2488 3023 Paulo
2538 2970 2811 3041 apostolo
2868 2970 3148 3040 gloriosa.
3203 2973 3430 3029 Cethim
3477 2974 3655 3031 Cithii
3698 2978 3823 3047 [Z.,

2158 3056 2366 3127 Scitii,]
2390 3074 2425 3112 a
2453 3059 2675 3129 quibus
2706 3059 3003 3131 hodieque
3058 3061 3203 3115 urbs
3228 3061 3404 3133 Cypri
3448 3064 3822 3123 nominatur.

2165 3146 2480 3213 Dodanim,
2510 3148 2738 3203 Rhodii.
2782 3149 3068 3221 Denique,
3094 3150 3246 3205 sum
3273 3151 3333 3205 in
3362 3151 3822 3224 Antiquitatum,

2163 3234 2327 3291 libris
2347 3236 2666 3309 invenitur,
2695 3253 2908 3293 omnes
2936 3253 3089 3309 pene
3104 3238 3331 3294 insulas
3360 3246 3416 3295 et
3444 3242 3627 3297 totius
3657 3244 3827 3300 orbis

2163 3325 2380 3393 littora,
2413 3331 2718 3399 terrasque
2750 3328 2903 3382 mari
2941 3328 3188 3390 vicinas,
3219 3343 3257 3383 a
3296 3330 3514 3385 Graecis
3548 3346 3827 3405 occupa-

2167 3419 2256 3469 tas
2287 3432 2475 3487 usque
2503 3419 2806 3472 Oceanum
2839 3417 3158 3489 possedere
3206 3418 3635 3490 Britannicum,
3663 3422 3829 3477 vide-

2165 3503 2300 3560 licet
2326 3521 2358 3560 θ
2396 3506 2596 3561 Tauro
2620 3512 2678 3561 et
2705 3511 2939 3561 Amano
2974 3506 3302 3575 montibus,
3354 3513 3421 3564 ut
3462 3525 3649 3581 supra
3676 3510 3829 3566 dixi-

2165 3609 2325 3649 mus.

2242 3686 2407 3739 Vens.
2436 3688 2562 3737 6.—-
2590 3686 2739 3740 Filii
2778 3686 2987 3751 (Iliam,
3009 3684 3171 3741 Caus
3201 3691 3257 3741 et
3283 3686 3587 3756 Mesrat'm,
3618 3695 3680 3745 et
3706 3691 3829 3745 Fat

2167 3778 2219 3829 et
2257 3774 2570 3829 Chanaan.
2608 3774 2766 3828 Chus
2798 3773 3095 3845 hodieque
3135 3774 3214 3829 ab
3240 3774 3502 3830 Hebraeis
3527 3777 3829 3851 zEthiopia

2164 3869 2568 3935 nuncupatur,
2603 3863 2894 3929 Mesraim,
2913 3866 3225 3935 Egyptus,
3245 3865 3355 3920 Fut
3386 3864 3622 3937 Libyes,
3642 3883 3682 3922 a
3703 3882 3827 3940 quo

2164 3957 2221 4008 et
2250 3952 2607 4009 Mauritaniae
2636 3952 2855 4009 ﬂuvius
2882 3968 3073 4024 usque
3103 3952 3164 4007 in
3205 3968 3472 4025 praesens
3526 3957 3634 4010 Fut
3684 3956 3831 4011 dici-

2164 4048 2275 4099 tur.
2312 4047 2487 4098 Porro
2541 4043 2825 4098 Chanaan
2857 4041 3114 4097 obtinuit
3139 4046 3357 4098 terram
3410 4058 3599 4115 quam
3629 4045 3829 4101 Judaei

2164 4132 2448 4204 deinceps
2471 4132 2889 4204 possederunt.

2236 4224 2404 4277 Vens.
2439 4228 2467 4275 7
2480 4252 2567 4276 .—
2592 4222 2742 4275 Filii
2770 4220 2934 4275 Chus
2959 4234 2980 4274 .·
3010 4220 3191 4287 Saba,
3222 4225 3283 4277 et
3320 4221 3523 4290 Evila,
3554 4228 3611 4278 et
3635 4222 3830 4279 Saba-

2168 4311 2295 4379 tha,
2323 4315 2379 4366 et
2407 4311 2650 4379 Reg-ma,
2676 4314 2729 4362 el
2762 4309 3127 4365 Sabathaca.
3163 4308 3341 4381 Saba,
3374 4325 3411 4366 a
3455 4325 3580 4382 quo
3608 4310 3830 4379 Sabini,

2168 4399 2241 4459 de
2271 4398 2494 4472 quibus
2526 4398 2797 4467 Virgilius
2822 4415 2835 4451 :

2502 4544 2658 4600 Solis
2688 4549 2770 4599 est
2802 4542 3021 4599 thurea
3052 4544 3223 4615 virga
3253 4544 3499 4601 Sabwis.

2168 4668 2351 4733 Evila,
2372 4667 2565 4723 Getuli
2589 4668 2650 4723 in
2672 4673 2837 4739 parte
2860 4668 3193 4724 remotioris
3230 4668 3459 4735 Africae,
3482 4683 3695 4727 eremo
3722 4687 3830 4728 co-

2165 4758 2477 4813 haerentes.
2508 4757 2793 4825 Sabatha,
2824 4757 3165 4825 Sabathem,
3188 4758 3295 4829 qui
3338 4772 3501 4812 nunc
3547 4760 3830 4816 Astabari

2166 4851 2570 4918 nuncupatur.
2625 4850 2849 4916 Regma
2886 4862 3029 4901 vero
3058 4851 3119 4901 et
3160 4846 3497 4902 Sabathaca
3528 4848 3829 4920 paulatim

2166 4936 2415 5007 antiqua
2453 4935 2752 4991 vocabula
2772 4935 3185 5007 perdiderunt,
3214 4942 3272 4992 et
3296 4952 3436 5008 quae
3494 4951 3661 4993 nunc
3713 4954 3830 5012 pro

2164 5025 2465 5081 veteribus
2494 5024 2777 5092 habeant,
2807 5026 3137 5093 ignoratur.

2234 5115 2384 5170 Filii
2410 5114 2589 5173 Saba.
2642 5120 2691 5169 et
2722 5115 2939 5169 Dadan
2980 5116 3091 5185 [Z.,
3143 5115 3308 5183 ﬁlius
3355 5114 3536 5183 Saba,
3579 5117 3830 5173 Dadan.

2164 5203 2349 5271 vulg.,
2376 5205 2525 5259 Filii
2548 5206 2805 5272 Regina;
2828 5204 2985 5259 Saba
3015 5209 3069 5259 et
3091 5204 3351 5274 Dadan].
3386 5203 3491 5258 Hic
3520 5203 3686 5261 Saba
3724 5222 3832 5279 per

2164 5294 2255 5347 sin
2286 5292 2539 5348 litteram
2572 5293 2867 5360 scribitur,
2913 5308 3098 5365 supra
3151 5308 3294 5348 vero
3332 5308 3440 5363 per
3480 5296 3748 5358 samecli,
3797 5311 3834 5350 a

2165 5397 2288 5453 quo
2312 5382 2575 5437 diximus
2605 5381 2938 5454 appellatos
2956 5381 3219 5437 Sabaeos.
3237 5386 3666 5454 Interpretatur
3682 5399 3833 5454 ergo

2164 5471 2321 5527 Saba
2350 5472 2597 5527 Arabia.
2621 5475 2765 5527 Nam
2796 5471 2855 5525 in
2875 5472 3322 5542 septuagesimo
3342 5472 3541 5543 primo
3561 5473 3829 5545 psalmo,

2163 5560 2267 5615 ubi
2298 5577 2408 5616 nos
2435 5562 2759 5616 habemus:
2790 5563 2970 5627 Reges
3013 5561 3277 5616 Arabum
3310 5568 3361 5617 et
3388 5561 3549 5618 Saba
3570 5579 3833 5621 munera

2164 5654 2435 5720 o/ferent,
2458 5652 2519 5705 in
2548 5651 2794 5705 Hebraeo
2825 5651 3111 5722 scriptum
3138 5656 3228 5706 est
3253 5670 3264 5705 :
3299 5654 3482 5722 Reges
3512 5652 3696 5717 Saba,
3718 5655 3831 5726 pri-

2160 5756 2331 5797 mum
2344 5756 2571 5798 nomen
2588 5756 2694 5812 per
2718 5742 2831 5809 sin,
2850 5746 2916 5797 ut
2940 5741 3341 5813 Hieronymus
3360 5742 3463 5811 ait,
3480 5743 3830 5801 secundum
