3944 6418
38 271 122 323 MS
1397 265 1706 325 ΟΟΜΜΕΝἾ

1904 267 2064 328 GEN.

3349 277 3449 336 166

31 407 123 465 per
145 389 394 448 samech.
427 389 644 447 [laden
669 389 898 464 quippe
949 403 1098 461 gens
1139 395 1232 448 est
1262 393 1576 465 Ethiopian
1606 393 1666 448 in
1697 397 1748 452 Α
1783 395 1949 451 niam
1978 398 2218 451 vocant.
2253 394 2530 452 Nonnulli
2560 396 2937 454 Antiochiam
2967 398 3050 455 ita
3083 399 3450 474 appellatam

30 479 356 536 occidentali
385 480 589 553 plaga.

88 573 240 625 Vens.
263 575 317 625 8.
347 601 414 610 —-
443 572 639 625 Porro
671 569 834 626 Chus
863 573 1069 642 genuit
1092 573 1377 628 Nemrod.
1407 573 1526 628 Iste
1556 589 1671 628 cm-

25 662 100 729 pit
126 675 238 716 esse
263 666 471 729 potens
501 661 565 715 in
599 665 784 729 terra,
813 666 866 716 et
922 666 1052 717 erat
1102 662 1381 717 robustus
1426 669 1675 718 venator

25 767 206 806 coram
259 751 532 817 Domino,
567 756 624 806 et
674 751 926 824 reliqua.
956 752 1216 808 Nemrod
1264 753 1374 808 iste
1423 753 1676 824 arripuit

25 841 302 894 insuetam
330 839 496 913 prius
543 841 604 895 in
641 840 903 913 populos
945 843 1056 911 [Z.,
1088 843 1380 916 populis,]
1409 843 1675 915 tyranni-

27 931 170 992 dem,
202 930 593 1003 regnavitque
625 930 683 985 in
715 930 981 1003 Babylon
1014 934 1126 1004 [Z.,
1152 933 1506 1020 Babylope,]
1529 933 1676 1006 quia

29 1019 97 1074 ab
123 1035 192 1075 eo
218 1019 299 1075 ibi
344 1020 615 1075 confusae
665 1025 808 1076 sunt
853 1021 1071 1090 linguae
1111 1027 1335 1078 turrem
1373 1022 1674 1078 aediﬁcan-

30 1110 184 1178 tium,
214 1115 270 1165 et
315 1111 509 1165 Babel
554 1110 860 1184 appellata
915 1118 1026 1178 est,
1075 1128 1212 1184 quae
1255 1113 1677 1185 interpretatur

31 1201 302 1269 confusio.
327 1200 623 1269 Regnavit
653 1205 855 1256 autem
903 1206 961 1257 et
989 1201 1050 1257 in
1077 1203 1305 1282 Arach,
1338 1201 1454 1258 hoc
1485 1207 1574 1258 est
1615 1202 1676 1257 in

33 1289 238 1356 Edissa,
277 1294 336 1345 et
383 1289 442 1346 in
484 1289 761 1360 Are/cad,
801 1306 938 1364 quae
993 1307 1153 1347 nunc
1199 1291 1414 1347 dicitur
1461 1291 1677 1348 Nibisis

29 1380 128 1448 '_Z.,
157 1378 392 1434 Nobilis.
437 1382 574 1450 Leg.
629 1379 887 1451 Nisibis],
952 1387 1008 1437 et
1073 1381 1134 1437 in
1179 1381 1506 1446 Chalanne,
1539 1398 1676 1455 qute

31 1475 219 1540 postea
245 1485 280 1525 a
308 1469 556 1525 Seleuco
585 1485 724 1540 rege
755 1471 916 1526 dicta
946 1476 1036 1528 est
1077 1472 1364 1529 Seleucia.
1391 1473 1502 1538 Qui
1533 1489 1673 1528 con-

33 1575 161 1622 grue
188 1561 461 1616 robustus
495 1568 748 1618 venator
770 1577 974 1618 coram
1007 1565 1253 1618 Domino
1279 1562 1514 1633 dicitur,
1547 1579 1676 1626 seu,

35 1650 169 1704 sicut
186 1649 244 1705 in
273 1650 655 1723 quibusdam
686 1652 996 1708 codicibus
1022 1653 1340 1720 invenitur,
1367 1653 1534 1726 quod
1561 1669 1680 1708 me-

1782 491 2015 558 putant.

1855 577 2022 630 Vens.
2061 577 2240 630 19-21.
2266 605 2336 615 —-
2359 575 2438 630 Et
2471 576 2596 646 fuit
2641 578 2932 634 terminus
2965 579 3450 638 Chananaeorum

1784 665 2154 720 venientibus
2201 679 2239 721 a
2276 665 2500 722 Sidone
2523 667 2815 724 Gerarum
2845 683 3033 740 usque
3075 669 3322 739 Gazam,
3354 671 3454 727 do-

1784 771 1892 810 nec
1923 755 2252 824 egrediaris
2294 756 2637 822 Sodomam,
2672 763 2726 814 et
2757 757 3177 829 Gomorrham,
3209 768 3266 818 et
3295 762 3455 818 Ada-

1787 861 1968 908 mam,
2013 850 2066 900 et
2111 844 2362 912 Seboim,
2412 859 2597 918 usque
2644 850 2874 904 Lesam.
2925 849 3162 906 Caetera;
3206 851 3454 924 propria

1786 933 2036 989 nomina
2063 933 2334 990 retinent.
2364 936 2480 990 Hoc
2506 939 2740 992 tantum
2771 935 3192 994 adnotandum
3219 939 3456 996 videtur

1785 1021 1954 1094 quod
2003 1024 2147 1077 Lesa
2193 1021 2326 1094 ipsa
2365 1023 2438 1078 sit
2484 1039 2620 1096 quae
2667 1041 2829 1081 nunc
2877 1028 3190 1086 Callirhoe
3215 1027 3452 1094 dicitur,

1788 1112 1892 1166 ubi
1922 1128 2094 1183 aquze
2136 1111 2346 1167 calidte
2377 1120 2840 1187 prorumpentes
2869 1116 2930 1171 in
2959 1134 3127 1174 mare
3160 1120 3452 1175 Mortuum

1787 1200 2080 1256 deﬂuunt.

1859 1293 2022 1346 Vens.
2055 1293 2145 1346 22.
2182 1321 2248 1331 --
2275 1291 2425 1347 Filii
2450 1292 2624 1349 Sem:
2667 1293 2865 1365 Elam,
2898 1301 2950 1352 et
2995 1297 3207 1367 Assur,
3240 1304 3294 1355 et
3339 1300 3454 1354 Ar-

1784 1380 2062 1451 pharad,
2091 1387 2145 1437 et
2193 1382 2348 1447 Lud,
2379 1387 2434 1438 et
2469 1384 2674 1439 Aram.
2712 1384 2776 1438 Hi
2817 1384 2895 1440 ab
2942 1386 3242 1458 Euphrate
3273 1387 3458 1444 ﬂuvio

1787 1478 2021 1544 partem
2055 1471 2206 1527 Asiae
2252 1489 2443 1546 usque
2477 1474 2555 1530 ad
2607 1473 2876 1531 Indicum
2909 1493 3209 1534 oceanum
3235 1483 3455 1535 tenent.

1791 1564 2107 1616 Estautem
2133 1562 2318 1626 Elam,
2345 1581 2371 1613 τι
2399 1576 2522 1636 quo
2555 1563 2837 1634 Elamitae,
2861 1566 3162 1639 principes
3186 1567 3455 1623 Persidis.

1793 1654 1870 1707 De
1904 1654 2090 1707 Assur
2111 1651 2242 1722 jam
2264 1653 2489 1708 dictum
2515 1661 2624 1720 est,
2649 1655 2810 1728 quod
2837 1657 3052 1712 Ninum
3086 1657 3298 1713 urbem
3321 1671 3460 1714 con-

35 1738 131 1792 lius
153 1739 320 1795 nobis
346 1740 604 1807 videtur,
640 1741 917 1797 robustus
949 1749 1202 1799 venator
1234 1749 1444 1799 contra
1487 1743 1684 1798 Domi.
1723 1757 1762 1811 Β
1789 1741 2392 1813 diderit.Arpl1axad,
2412 1744 2878 1815 aquoChaldtei,
2897 1746 3042 1818 Lud,
3063 1762 3234 1820 aquo
3251 1748 3460 1820 Lydia.

36 1846 182 1900 num,
211 1829 270 1885 id
314 1836 402 1887 est
449 1831 771 1888 hominum
813 1837 1188 1890 terrenorum
1234 1849 1597 1906 suppressor
1628 1839 1683 1890 et

37 1920 318 1975 extinctor.
353 1920 635 1990 Erigebat
658 1937 804 1992 ergo
833 1923 946 1994 [Z.,
981 1923 1088 1978 iste
1121 1923 1300 1994 igitur
1339 1925 1510 1995 erig.]
1543 1941 1681 1980 cum

39 2011 146 2062 suis
170 2010 406 2082 populis
457 2016 686 2066 turrem
734 2017 944 2068 contra
977 2014 1322 2078 Dominum,
1355 2015 1415 2070 in
1442 2031 1566 2088 qua
1597 2020 1685 2070 est

37 2100 202 2171 impia
247 2101 586 2171 signiﬁcata
632 2103 947 2175 superbia;
997 2103 1291 2176 quoniam
1351 2105 1682 2161 dominatio

40 2189 364 2261 imperantis
413 2191 476 2246 in
507 2191 719 2262 lingua
742 2197 849 2260 est,
873 2197 928 2249 et
954 2193 1036 2248 ibi
1058 2198 1146 2249 est
1165 2194 1455 2250 damnata
1482 2211 1685 2268 super-

39 2279 143 2344 bia,
169 2285 227 2335 ut
255 2297 376 2336 non
421 2281 850 2353 intelligeretur
873 2283 1098 2354 jubens
1128 2284 1378 2352 homini,
1413 2301 1547 2357 quae
1581 2301 1684 2340 no-

41 2367 132 2423 luit
175 2370 516 2441 intelligere,
549 2377 616 2427 ut
663 2371 937 2428 obediret
993 2375 1110 2428 Deo
1151 2373 1404 2443 jubenti.
1453 2375 1543 2430 Sic
1583 2375 1684 2430 illa

42 2460 348 2529 conjuratio
372 2461 671 2518 dissoluta
702 2466 808 2528 est,
837 2477 978 2518 cum
1007 2463 1264 2535 quisque
1296 2463 1375 2520 ab
1403 2480 1473 2520 eo
1499 2481 1684 2538 quem

44 2549 402 2618 intelligebat,
432 2551 808 2621 abscederet,
827 2567 937 2607 nec
969 2568 1034 2606 se
1063 2552 1183 2607 nisi
1211 2552 1264 2608 ei
1295 2569 1435 2610 cum
1457 2570 1579 2628 quo
1610 2555 1686 2610 lo-

45 2639 130 2708 qui
157 2646 380 2711 poterat
409 2648 791 2712 aggregaret,
823 2647 881 2698 et
909 2657 1016 2715 per
1036 2642 1274 2712 linguas
1305 2643 1514 2701 divisa:
1549 2650 1689 2701 sunt

48 2735 225 2794 gentes
245 2731 668 2804 dispersaaque
707 2747 813 2804 per
842 2736 1052 2788 terras.
1081 2733 1398 2805 Sequitur:

107 2821 256 2876 Vens.
294 2827 378 2877 ll.
405 2853 475 2862 -—-
510 2828 591 2878 De
629 2829 793 2878 terra
822 2824 935 2879 illa
961 2838 1222 2894 egressus
1269 2830 1350 2880 est
1393 2825 1607 2892 Assur,
1635 2829 1690 2882 et

51 2910 336 2978 rdiﬁcavit
382 2915 672 2983 Niniven,
705 2919 759 2970 et
813 2913 1034 2970 Roboot
1076 2915 1399 2985 civitatem,
1434 2917 1585 2971 sicut
1632 2915 1693 2970 in

53 3001 395 3070 quibusdam
421 3004 739 3060 codicibus
772 3004 1094 3060 invenitur.
1128 3005 1207 3059 De
1247 3005 1361 3061 hac
1393 3011 1547 3061 terra
1578 3007 1694 3061 As-

1792 1834 2037 1895 Aram,a
2049 1847 2172 1902 quo
2189 1831 2338 1903 Syri,
2358 1847 2620 1904 quorum
2639 1835 2987 1907 metropolis
3000 1841 3089 1892 est
3109 1838 3458 1894 Damascus.

1863 1923 2029 1976 Vens.
2060 1925 2148 1976 23.
2183 1952 2252 1961 —
2295 1921 2448 1976 Filii
2472 1923 2662 1980 Aram
2708 1924 2862 1991 Hus,
2891 1931 2946 1981 et
2977 1926 3126 1990 Hui,
3159 1933 3212 1983 et
3245 1927 3465 1984 Gether

1791 2017 1844 2066 et
1875 2011 2019 2066 Mes.
2045 2011 2186 2077 Has,
2219 2009 2662 2068 Trachonitidis
2684 2019 2740 2069 et
2772 2016 3050 2070 Damasci
3077 2015 3352 2072 conditor
3371 2017 3461 2072 in-

1792 2103 1880 2154 ter
1899 2099 2280 2154 Palaestinam
2307 2105 2364 2154 et
2383 2101 2539 2156 Caele
2570 2103 2802 2173 Syriam
2826 2104 3015 2160 tenuit
3033 2103 3460 2178 principatum,

1793 2205 1830 2244 a
1855 2205 1979 2260 quo
2013 2189 2403 2260 Septuaginta
2451 2189 2802 2264 interpretes
2835 2193 2896 2247 in
2921 2191 3076 2250 libro
3103 2193 3235 2262 Job,
3268 2189 3373 2249 ubi
3403 2194 3462 2249 in

1797 2279 2041 2334 Hebraeo
2080 2278 2378 2346 scribitur,
2411 2285 2636 2337 terram
2685 2283 2838 2352 Hus,
2884 2283 3194 2352 regionem
3243 2282 3463 2339 Ausiti-

1793 2369 1932 2424 dem
1966 2368 2416 2425 transtulerunt.
2451 2369 2582 2437 Hul,
2617 2387 2653 2426 a
2681 2387 2804 2444 quo
2844 2372 3127 2429 Armenii.
3161 2375 3394 2441 Gether,
3429 2389 3466 2430 a

1793 2474 1917 2530 quo
1940 2458 2177 2514 Arcanii
2210 2458 2332 2514 sive
2363 2459 2534 2516 Carii.
2556 2459 2740 2516 Porro
2771 2464 2906 2527 Mes,
2931 2479 3043 2536 pro
3072 2480 3196 2536 quo
3226 2465 3465 2536 Septua~

1797 2549 1963 2618 ginta
2019 2547 2368 2620 interpretes
2428 2549 2671 2608 Mosoch
2719 2550 3019 2616 diXerunt,
3059 2553 3121 2609 hi
3177 2557 3316 2611 sunt
3361 2552 3465 2627 qui

1797 2652 1960 2693 nunc
1987 2643 2281 2693 vocantur
2304 2641 2577 2694 Maeones.

1871 2727 2046 2782 Vens.
2073 2729 2162 2792 24,
2195 2731 2284 2782 '25.
2319 2759 2385 2768 —-
2415 2730 2498 2784 At
2530 2744 2666 2786 vero
2696 2731 3042 2799 Arphaxad
3077 2735 3286 2804 genuit
3319 2735 3469 2790 Sala

1800 2818 1920 2888 [Z.,
1952 2818 2140 2888 Sela],
2173 2823 2229 2874 et
2275 2819 2421 2874 Sala
2451 2821 2657 2889 genuit
2706 2819 2923 2878 Heber.
2975 2825 3054 2878 Et
3097 2823 3297 2880 Heber
3340 2825 3474 2880 nati

1801 2912 1940 2960 sunt
1970 2907 2090 2960 duo
2139 2907 2298 2977 ﬁlii;
2338 2923 2552 2964 nomen
2602 2910 2710 2964 uni
2735 2909 2971 2982 Phaleg
3001 2919 3057 2969 et
3086 2928 3300 2970 nomen
3337 2915 3444 2984 [να

1805 2996 1912 3051 tris
1959 2999 2088 3064 ejus
2135 2998 2367 3052 Jectan.
2403 2997 2616 3064 Heber,
2652 3015 2688 3054 a
2733 3016 2856 3072 quo
2907 3001 3157 3069 Hebraei,
3191 3002 3472 3058 vaticinia

57 3093 322 3160 syriorum
343 3094 670 3168 pulullavit
700 3094 1152 3168 imperium,qui
1169 3112 1243 3150 ex
1271 3096 1516 3152 nomine
1545 3095 1694 3165 Nini,

1870 3085 2077 3140 ,iodam
2103 3084 2226 3140 ﬁlio
2253 3101 2365 3140 suo
2407 3085 2628 3156 Phaleg
2658 3103 2880 3144 nomen
2905 3089 3214 3162 imposuit,
3245 3090 3350 3162 qui
3389 3091 3475 3145 in-

56 3179 182 3236 Belis
225 3179 348 3254 ﬁlii,
383 3185 607 3240 Ninum
657 3183 1076 3254 condiderunt,
1123 3184 1338 3241 urbem
1383 3202 1697 3257 magnam,

57 3287 218 3341 quam
253 3273 482 3330 Hebraei
511 3274 825 3347 appellant
854 3274 1120 3332 Niniven.
1155 3275 1330 3340 Quod
1361 3282 1564 3332 autem
1595 3277 1698 3345 ait,

57 3363 346 3430 udiﬁcavit
389 3367 656 3422 Niniven
689 3371 742 3422 et
779 3365 1004 3422 Roboot
1031 3367 1353 3431 civitatem,
1387 3381 1510 3422 non
1539 3373 1704 3442 pute-

59 3467 174 3506 mus
201 3453 348 3510 duas
379 3471 514 3511 esse
539 3455 761 3524 urbes;
797 3456 901 3511 sed
927 3454 1073 3529 quia
1102 3455 1335 3512 Roboot
1365 3458 1584 3526 platea?
1610 3458 1702 3512 in-

59 3544 447 3614 terpretantur,
475 3546 557 3602 iti
585 3545 912 3614 legendum
944 3550 1050 3613 est,
1087 3551 1143 3602 et
1183 3547 1505 3615 aediﬁcavit
1537 3548 1704 3602 Nini-

65 3646 150 3685 ren
181 3641 228 3688 et
251 3636 486 3703 plateas
517 3637 803 3692 civitatis.

122 3719 272 3773 Vens.
308 3724 390 3791 l3,
428 3722 512 3777 14.
537 3752 612 3762 -—
639 3721 718 3775 At
751 3736 888 3777 vero
913 3721 1198 3777 Mesraim
1226 3723 1432 3791 genuit
1463 3721 1702 3792 Ludim,

65 3813 106 3859 et
135 3811 388 3866 .lnamim
436 3811 552 3882 [Z.,
584 3809 890 3880 Ananim],
925 3818 980 3868 et
1009 3811 1282 3877 Laabim,
1311 3811 1616 3883 Nepluim,
1649 3817 1704 3868 et

67 3894 345 3966 Petrosim,
379 3906 434 3955 et
467 3900 750 3969 Cesloim,
784 3899 858 3956 de
881 3900 1096 3971 quibus
1151 3901 1374 3969 egressi
1397 3906 1538 3955 sunt
1564 3900 1707 3957 Phi—

72 3985 266 4055 (istiim,
295 3995 350 4045 et
394 3993 736 4060 Capturtm.
779 3989 1052 4062 Exceptis
1094 3989 1368 4057 Laabim,
1404 4005 1440 4044 a
1483 3989 1706 4062 quibus

71 4073 251 4146 Libyes
274 4083 485 4150 postea
515 4077 818 4134 nominati
848 4082 1008 4145 sunt,
1033 4077 1138 4151 qui
1160 4076 1328 4150 prius
1352 4077 1512 4134 Futei
1533 4095 1711 4134 voca-

68 4161 275 4233 bantur,
296 4173 353 4224 et
381 4170 669 4238 Cesloim,
705 4167 811 4240 qui
841 4167 1125 4240 deinceps
1165 4167 1473 4224 Philistiim
1507 4169 1712 4242 appel-

70 4249 152 4308 lati
190 4262 336 4324 sunt,
366 4273 528 4332 quos
579 4271 706 4314 non
736 4263 1013 4331 corrupte
1044 4257 1398 4314 Palaestinos
1428 4257 1708 4329 dicimus,

75 4348 266 4401 cetera:
293 4353 498 4417 gentes
519 4363 630 4403 sex
654 4347 876 4417 ignotae
903 4345 1215 4418 sunt,quia
1243 4345 1403 4402 bello
1429 4347 1711 4420 [Ethiopi-

76 4444 131 4483 c0
155 4434 446 4491 subversae
488 4451 689 4509 usque
743 4433 822 4491 ad
865 4434 1233 4491 oblivionem
1277 4440 1710 4508 praeteritorum

77 4518 165 4588 [Z.,
189 4525 648 4596 praeteritorum]
679 4525 1021 4581 nominum.
1053 4523 1464 4581 Possederunt
1507 4530 1710 4582 autem

79 4613 261 4670 terram
283 4631 317 4671 a
341 4618 504 4672 Gaza
535 4631 737 4688 usque
768 4614 850 4670 ad
875 4619 1174 4671 extremos
1199 4614 1354 4669 ﬁnes
1381 4615 1636 4688 Egypti.

137 4697 277 4756 Vens.
307 4705 488 4757 l5-l8.
522 4731 598 4742 --
643 4699 948 4756 Chanaan
1005 4701 1214 4771 genuit
1270 4699 1553 4756 Sidonem
1586 4702 1713 4770 pri-

79 4792 399 4855 mogenitum
442 4805 648 4858 suum,
679 4796 736 4846 et
772 4791 1112 4859 Hethaeum,
1155 4795 1210 4846 et
1257 4790 1625 4860 Gebusaeum,
1657 4796 1714 4847 et

80 4875 479 4946 Amerrltzum,
507 4889 564 4938 et
601 4882 995 4951 Gergesaeum,
1025 4885 1080 4936 et
1129 4880 1434 4950 Hevaeum,
1467 4887 1521 4936 et
1553 4882 1713 4937 Ara-

83 4979 250 5038 cazum,
293 4973 626 5038 Asinaeum,
679 4977 734 5028 et
780 4971 1102 5039 Aradium,
1153 4977 1208 5026 et
1251 4971 1615 5038 Samariten,
1659 4978 1714 5028 et

84 5053 433 5118 Amathaeum.
468 5066 548 5120 De
576 5062 877 5117 Chanaan
905 5060 1138 5133 primus
1165 5065 1342 5116 natus
1397 5066 1485 5116 est
1531 5059 1714 5118 Sidon

87 5142 175 5214 [Z.,
200 5149 451 5223 Sidona],
485 5167 523 5208 a
559 5165 690 5224 quo
738 5149 884 5206 urbs
937 5150 1256 5206 Phaeniciae
1299 5149 1486 5206 Sidon
1533 5167 1715 5208 voca-

91 5235 178 5291 tur.
197 5239 328 5297 Dein
377 5249 689 5312 Aracaeus,
721 5240 827 5313 qui
871 5245 1056 5297 Arcas
1096 5239 1388 5312 condidit,
1420 5241 1716 5314 oppidum

91 5333 256 5386 contra
316 5331 614 5407 Tripolim
695 5331 755 5387 in
831 5330 1141 5388 radicibus
1213 5331 1446 5387 Libani.
1515 5331 1718 5388 Aradii

95 5421 201 5471 sunt
245 5421 341 5493 qui
380 5422 662 5479 Aradum
719 5419 984 5476 insulam
1030 5419 1450 5493 possederunt,
1493 5436 1718 5491 angus-

95 5503 143 5556 to
185 5506 310 5566 freto
379 5529 414 5569 a
471 5510 777 5569 Phoenicis
829 5509 1024 5566 littore
1083 5515 1453 5584 separatam.
1509 5511 1718 5568 Sama-

98 5591 232 5658 riten,
253 5599 459 5660 emissa
507 5600 736 5659 nobilis
773 5601 956 5672 Syriae
999 5600 1189 5656 Coeles
1239 5600 1467 5656 civitas.
1502 5601 1719 5657 Amath

102 5683 194 5737 tam
224 5705 251 5741 τι
275 5692 423 5762 Syris
453 5708 653 5767 quam
686 5689 764 5745 ab
791 5689 1075 5756 Hebraeis,
1104 5689 1185 5746 ita
1210 5694 1275 5745 ut
1300 5689 1466 5762 apud
1489 5695 1720 5745 veteres

104 5767 228 5833 dicta
247 5778 439 5854 fuerat,
467 5781 837 5858 appellatur.
873 5783 1037 5838 Hanc
1075 5779 1426 5838 Macedones
1459 5779 1718 5854 Epipha-

1812 3178 2165 3246 terpretatur
2189 3174 2424 3243 divisio,
2457 3175 2536 3230 ab
2567 3191 2638 3230 eo
2664 3175 2830 3249 quod
2864 3177 2926 3232 in
2963 3177 3179 3233 diebus
3209 3179 3339 3250 ejus
3366 3178 3474 3234 lin-

1812 3281 1944 3334 guze
1970 3264 2029 3318 in
2069 3264 2372 3336 Babylone
2398 3264 2606 3320 divisae
2635 3271 2792 3322 sunt.

1885 3357 2050 3409 Vens.
2077 3356 2170 3422 '26,
2201 3369 2319 3426 seq.
2346 3387 2412 3396 --
2433 3355 2663 3411 Jectam
2693 3359 2901 3426 genuit
2927 3357 3250 3426 Elmodad,
3284 3364 3337 3414 et
3369 3359 3480 3414 Sa-

1815 3445 1975 3514 ἱερὴ,
2005 3450 2060 3500 et
2089 3444 2436 3506 Asarmoth.
2466 3447 2632 3513 Jare,
2675 3453 2729 3503 et
2775 3448 3072 3514 Aduram,
3108 3456 3163 3504 et
3209 3450 3358 3505 Uzal
3407 3450 3481 3506 de

1813 3535 2045 3600 IJaebal
2071 3535 2183 3606 [Z.,
2218 3535 2532 3607 Dedabal],
2567 3543 2621 3593 et
2650 3537 3026 3609 Abimalech,
3058 3539 3229 3607 Seba,
3265 3541 3478 3610 Ophir,

1813 3625 2016 3688 Evila,
2047 3623 2261 3680 Jobab.
2294 3624 2521 3681 Harum
2571 3626 2838 3696 gentium
2872 3628 3204 3701 posteriora
3231 3629 3482 3685 nomina

1813 3713 2079 3769 invenire
2108 3729 2233 3769 non
2263 3714 2432 3787 potui
2459 3733 2472 3781 ;
2517 3715 2612 3771 vel
2653 3716 2738 3772 ita
2779 3722 3074 3774 vocantur
3099 3723 3164 3774 ut
3195 3718 3496 3790 primum,-

1814 3803 1907 3858 vel
1949 3819 2087 3876 qute
2137 3805 2456 3860 immutata
2507 3805 2643 3873 sint,
2694 3806 3030 3876 ignoratur.
3081 3807 3485 3864 Possederunt

1815 3898 2018 3949 autem
2067 3909 2104 3949 a
2134 3893 2350 3949 Cofene
2401 3893 2588 3951 ﬂuvio
2641 3911 2886 3952 omnem
2937 3896 3117 3952 ludite
3175 3897 3483 3968 regionem

1817 3998 1954 4054 quae
1978 3987 2233 4038 vocatur
2263 3983 2452 4040 Heria.

2471 4071 2706 4130 CAPUT
2742 4075 2830 4132 XI.

1891 4161 2063 4217 Vens.
2097 4163 2280 4218 l-4.—
2301 4163 2452 4220 Erat
2475 4171 2675 4222 autem
2700 4171 2866 4222 terra
2896 4165 3045 4222 (abii
3063 4169 3264 4232 unius,
3288 4173 3343 4223 et
3365 4181 3489 4224 ser-

1821 4267 2062 4306 monum
2090 4253 2450 4323 eorumdem,
2483 4257 2540 4309 et
2567 4254 2820 4329 reliqua,
2843 4269 3035 4328 usque
3066 4261 3122 4312 et
3157 4257 3489 4313 dixerunt:

1835 4341 2054 4409 Venite,
2084 4341 2386 4410 faciamus
2415 4343 2584 4398 nobis
2615 4344 2937 4415 civitatem,
2956 4352 3010 4402 et
3042 4350 3294 4416 turrem,
3315 4348 3491 4417 cujus

1827 4432 2061 4490 Culmen
2094 4431 2404 4502 pertingat
2433 4431 2516 4488 ad
2541 4431 2777 4500 ctelum,
2807 4438 2918 4490 etc.
2952 4433 3091 4490 ldeo
3121 4438 3347 4492 turrem
3379 4450 3496 4492 sua

1827 4520 2114 4593 superbia
2142 4518 2486 4578 construere
2516 4521 2858 4589 voluerunt,
2889 4530 2955 4582 ut
2982 4523 3355 4582 celebrarent
3383 4541 3494 4582 no-

1825 4626 1965 4666 men
1997 4625 2176 4666 suum
2203 4615 2534 4684 antequam
2561 4611 2990 4685 dividerentur,
3011 4615 3162 4670 sicut
3191 4614 3496 4687 Scriptura

1827 4706 2090 4770 testatur,
2107 4719 2214 4758 seu
2237 4707 2302 4758 ut
2316 4703 2698 4776 explorarent
2719 4704 2868 4778 quid
2889 4710 3044 4761 esset
3059 4719 3240 4778 super
3251 4702 3492 4769 caelum,

1825 4791 1972 4861 sive,
2004 4795 2070 4847 ut
2097 4791 2469 4864 quibusdam
2494 4792 2746 4860 videtur,
2779 4799 2844 4849 ut
2869 4791 3166 4850 haberent
3195 4791 3298 4848 ubi
3333 4791 3496 4860 fuge-

1821 4885 1972 4948 rent,
2004 4879 2150 4953 quia
2179 4879 2480 4954 putabant
2508 4880 2725 4938 iterum
2777 4879 3148 4953 cataclysmo
3193 4879 3495 4936 mundum

1823 4970 2008 5027 deleri
2037 4971 2222 5026 secuti
2251 4970 2440 5044 prius.
2471 4969 2586 5027 Sed
2635 4971 2923 5046 quaeritur
2970 4974 3172 5027 utrum
3213 4967 3496 5026 credibile

1827 5061 1900 5117 sit
1931 5065 2108 5116 tantae
2150 5059 2410 5116 stultitiae
2442 5075 2574 5116 esse
2602 5059 2903 5131 homines,
2936 5063 3002 5116 ut
3024 5058 3086 5116 in
3117 5060 3338 5117 ccelum
3371 5059 3499 5118 alti-

1827 5151 2098 5207 tudinem
2149 5149 2384 5204 aediﬁcii
2429 5149 2748 5220 cujuslibet
2798 5149 3033 5221 exigere
3066 5167 3129 5207 se
3170 5165 3349 5224 posse
3389 5166 3499 5226 pu-

1827 5237 2070 5296 tarent?
2118 5237 2271 5304 Quia
2325 5235 2473 5294 solet
2519 5237 2869 5314 superbiam
2920 5239 3164 5298 stultitia
3221 5237 3413 5314 sequi.
3444 5242 3502 5295 et

1829 5327 2226 5386 humilitatem
2277 5328 2588 5402 sapientia,
2628 5327 2766 5385 ideo
2815 5329 2994 5386 turris
3050 5329 3146 5386 hic
3201 5327 3498 5404 superbiae

1829 5420 1962 5476 loco
2002 5418 2200 5492 posita
2231 5423 2338 5485 est,
2371 5423 2426 5475 et
2457 5418 2604 5494 quia
2649 5434 2760 5476 sua
2800 5417 3050 5476 stultitia
3079 5425 3258 5493 atque
3290 5425 3500 5494 super-

1830 5510 1930 5566 bia
1975 5509 2096 5565 alta
2125 5514 2437 5582 penetrare
2491 5511 2871 5581 studuerunt,
2899 5509 3036 5566 ideo
3075 5509 3309 5570 confusi
3337 5515 3500 5568 sunt.

1835 5601 1989 5656 Fecit
2013 5615 2156 5670 ergo
2187 5599 2471 5673 superbia
2497 5601 2868 5658 diversitates
2890 5597 3274 5675 linguarum;
3305 5601 3504 5658 humi-

1832 5690 1966 5746 litas
2014 5689 2226 5746 Christi
2273 5692 2658 5763 congregavit
2705 5691 3082 5750 diversitates
3130 5694 3502 5766 linguarum,

1835 5784 1902 5838 ut
1931 5795 2088 5855 quos
2114 5780 2292 5838 turris
2313 5780 2761 5854 dissociaverat,
2781 5781 3045 5843 Ecclesia
3059 5783 3402 5857 colligeret;
3429 5781 3506 5838 de
