3944 6446
409 267 510 337 16⁸7

1489 270 1846 333 ANGELOMI
1885 262 2343 329 LUXOVIENSIS
2381 272 2720 332 MONACHI.

3732 284 3832 336 “8

404 418 532 476 qua
573 399 963 458 dissolutione
1009 399 1284 471 superius
1328 398 1800 472 praelibavimus,
1831 394 1936 453 ubi
1979 396 2055 450 de
2083 400 2130 452 A
2172 395 2499 466 generibus
2522 397 2739 454 divisit.
2755 396 2922 454 Unde
2934 398 3179 456 easdem
3195 399 3465 473 syllabas
3485 404 3544 459 et
3556 402 3830 474 ejusdem

406 491 694 549 Nembrot
722 489 1087 545 mentionem
1130 487 1405 561 fecimus,
1445 488 1550 561 qui
1590 489 1699 559 [Z.,
1732 487 1897 560 quia]
1926 485 2054 558 ipse

408 581 656 655 quidem
687 582 898 635 auctor
917 578 1099 649 hujus
1142 577 1318 634 turris
1347 577 1584 647 exstitit,
1617 583 1673 634 et
1694 577 1891 649 primo
1921 591 2052 631 om-

403 670 573 727 nium
603 667 947 725 hominibus
966 665 1266 722 dominari
1292 672 1351 722 et
1377 682 1635 737 regnum
1659 665 1911 722 dilatare
1937 668 2055 719 stu-

405 759 550 815 duit.
586 757 741 815 Solet
770 754 930 812 enim
967 754 1189 811 multos
1233 771 1497 824 movere,
1532 772 1612 813 an
1659 771 1849 811 unum
1897 768 2052 826 opus

403 846 577 904 fuerit
605 843 801 906 turris,
833 849 888 899 et
934 842 1204 911 civitatis,
1237 842 1333 899 vel
1357 842 1529 901 duo?
1572 847 1620 899 A
1650 842 1852 900 multis
1889 841 2051 898 enim

405 936 733 992 testimatur
781 948 982 989 arcem
1012 948 1141 988 esse
1172 938 1230 989 et
1257 932 1512 989 civitatis
1557 932 1901 1005 Babyloniae
1935 936 2050 987 tur-

400 1040 527 1079 rem
575 1021 762 1078 illam.
799 1021 988 1093 Hujus
1037 1021 1199 1078 enim
1246 1020 1494 1078 civitatis
1539 1021 1878 1078 mirabilem
1907 1036 2048 1076 con-

402 1111 790 1169 structionem
837 1110 1105 1182 gentium
1160 1111 1549 1169 commendat
1576 1110 1846 1178 historia,
1878 1110 2050 1179 cujus

396 1200 586 1257 nimia
613 1199 1053 1272 disponebatur
1077 1200 1349 1268 altitudo,
1368 1217 1505 1273 qua:
1529 1202 1590 1256 in
1612 1198 2049 1272 campestribus

393 1305 499 1364 per
525 1290 708 1346 situm
738 1289 1110 1362 quadratum
1162 1289 1241 1345 ab
1271 1288 1496 1361 angulo
1536 1305 1726 1362 usque
1754 1289 1832 1345 ad
1862 1303 2048 1358 angu-

390 1379 517 1437 lum
547 1378 706 1435 muri
738 1378 1000 1434 sedecim
1032 1378 1219 1433 millia
1245 1379 1503 1435 tenuisse
1526 1394 1844 1451 passuum,
1869 1377 2049 1433 simul

390 1484 500 1542 per
546 1468 862 1524 circuitum
910 1466 1217 1536 sexaginta
1269 1472 1533 1540 quatuor
1581 1469 1691 1539 [Z.,
1734 1467 2049 1536 sexaginta

392 1557 556 1628 tres],
590 1560 654 1611 ut
703 1555 1036 1611 Herodotus
1080 1555 1605 1629 historiographus
1655 1555 1814 1611 dicit.
1847 1554 2045 1627 Aliqui

391 1661 537 1702 vero
587 1649 809 1702 turrem
860 1657 1044 1700 unam
1073 1644 1283 1701 volunt
1326 1644 1589 1717 intelligi,
1620 1661 1807 1718 quam
1839 1644 2043 1716 praeci-

2167 486 2474 556 potestatis
2522 486 2747 544 litteras
2779 487 2946 543 aliter
2984 489 3360 561 conjunctas,
3390 508 3428 546 a
3464 491 3718 548 diversis
3748 494 3810 548 in

2165 572 2442 629 venimus
2471 576 2740 646 gentium
2789 575 3047 646 linguis;
3101 593 3262 651 saepe
3312 579 3494 636 etiam
3526 588 3585 637 et
3612 581 3829 638 eadem

2165 661 2436 733 nomina,
2466 664 2561 719 vel
2600 664 2789 721 verba
2830 664 2995 721 aliud
3038 666 3267 740 aliquid
3317 667 3720 738 signiﬁcantia
3766 670 3828 726 in

2163 747 2284 807 alia
2311 749 2542 823 lingua,
2576 757 2755 827 atque
2803 753 2968 811 aliud
3014 754 3078 811 in
3133 754 3269 813 alia.
3301 757 3411 814 Ubi
3456 757 3720 814 dicimus
3764 759 3825 816 in

2160 837 2398 910 psalmo
2423 858 2435 895 :
2461 842 2535 896 1n
2564 843 2741 913 virga
2766 844 2973 912 ferrea
2991 843 3181 915 (Psat.
3208 861 3267 914 ιι,
3301 848 3378 917 9),
3402 846 3465 902 in
3488 849 3695 904 Graeco
3716 848 3824 904 ha-

2157 925 2365 984 betur:
2399 944 2470 985 en
2506 930 2695 987 rabdo
2723 932 2924 989 sidera
2954 931 3028 1003 [ἐν
3055 930 3252 1007 ’ράϐδω
3284 931 3527 1010 stirpe].
3552 936 3738 1007 Igitur
3763 938 3823 993 in

2162 1016 2368 1072 Latino
2395 1017 2597 1075 sidera
2622 1035 2744 1076 non
2770 1022 2976 1091 ferrea
3004 1021 3305 1091 signiﬁcat
3327 1024 3480 1081 sicut
3498 1025 3562 1081 in
3592 1027 3819 1097 Graeco,

2161 1103 2268 1159 sed
2290 1112 2477 1163 astra.
2502 1108 2613 1164 Sed
2636 1110 2978 1166 notandum
2996 1117 3086 1167 est
3110 1111 3256 1184 quia
3272 1111 3373 1168 illa
3397 1112 3606 1182 lingua
3636 1114 3696 1170 in
3721 1131 3819 1170 so-

2156 1192 2216 1248 la
2263 1193 2491 1253 familia
2539 1196 2729 1253 Heber
2773 1200 3081 1267 remansit,
3116 1215 3187 1255 ex
3239 1217 3361 1274 quo
3412 1202 3648 1259 Hebraei
3677 1203 3820 1259 dicti

2159 1287 2320 1352 sunt,
2352 1283 2414 1339 in
2464 1300 2536 1341 ea
2587 1290 2754 1358 parte
2787 1287 3105 1344 hominum
3155 1305 3292 1362 quae
3326 1290 3426 1347 Dei
3456 1291 3655 1364 portio
3686 1309 3819 1365 per-

2158 1371 2397 1443 mansit,
2425 1372 2486 1428 in
2511 1389 2636 1446 qua
2661 1379 2717 1431 et
2746 1376 3010 1431 Christus
3031 1378 3370 1435 nasciturus
3395 1386 3544 1436 erat.
3575 1382 3819 1455 Oporte-

2154 1458 2261 1516 bat
2289 1461 2449 1517 enim
2480 1466 2543 1518 ut
2567 1463 2628 1519 in
2652 1479 2723 1520 ea
2752 1463 2959 1535 lingua
2988 1465 3150 1522 salus
3172 1467 3404 1524 mundo
3435 1469 3638 1542 primo
3668 1486 3816 1544 prte-

2155 1547 2474 1617 uicaretur,
2497 1566 2604 1623 per
2622 1567 2810 1624 quam
2827 1554 3092 1625 primum
3114 1570 3277 1611 mors
3296 1555 3542 1614 intravit
3554 1557 3621 1614 in
3641 1575 3817 1616 mun-

2154 1635 2321 1693 dum.
2355 1639 2622 1696 Ostendit
2664 1657 2907 1714 quoque
2936 1642 3141 1699 titulus
3185 1645 3247 1700 in
3277 1661 3453 1702 cruce
3487 1646 3817 1704 Salvatoris

391 1750 581 1807 puam
611 1734 718 1805 [Z.,
752 1733 1075 1807 pracipue]
1106 1733 1256 1789 inter
1282 1733 1432 1790 alias
1462 1734 1686 1805 erigere
1717 1732 2044 1790 molieban-
2071 1752 2112 1806 Β
2155 1726 2432 1798 scriptus,
2466 1728 2622 1784 hanc
2652 1745 2782 1783 esse
2818 1731 3093 1788 omnium
3131 1732 3479 1803 linguarum
3524 1736 3813 1808 primam.

391 1826 509 1892 tur,
532 1840 669 1896 quae
687 1823 749 1878 in
774 1823 1081 1879 altitudine
1110 1828 1370 1896 quatuor
1384 1822 1569 1880 millia
1594 1822 1809 1880 dicitur
1827 1823 2042 1880 tenuis-

389 1927 452 1968 se
482 1927 798 1985 passuum,
829 1911 998 1983 quod
1028 1911 1397 1984 capitolium,
1440 1917 1505 1969 ut
1530 1911 1693 1968 idem
1723 1912 1934 1968 doctor
1958 1912 2043 1967 di-

387 2001 484 2069 cit,
512 2000 588 2057 de
612 2000 732 2058 lato
760 2000 822 2056 in
852 2001 1161 2071 angustias
1185 2006 1541 2073 coarctatur,
1564 2006 1629 2058 ut
1656 2001 1898 2074 pondus
1930 2002 2039 2057 im-

383 2090 619 2146 minens
649 2090 882 2146 facilius
933 2108 969 2146 a
998 2090 1308 2147 latioribus
1347 2097 1794 2160 sustentaretur,
1823 2093 1883 2149 in
1915 2109 2039 2167 qua

382 2179 727 2236 describunt
753 2179 977 2253 templa
998 2196 1360 2249 marmorea,
1387 2196 1601 2238 aureas
1628 2187 1878 2252 statuas,
1911 2182 2038 2255 pla-

385 2273 506 2325 teas
530 2268 804 2341 lapideas
830 2286 1099 2342 auroque
1126 2269 1517 2340 fulgentes,et
1532 2270 1720 2327 multa
1746 2270 2034 2345 alia,qua3

379 2374 532 2430 pene
566 2357 846 2415 videntur
875 2357 1280 2415 incredebilia.
1317 2358 1480 2415 Unde
1506 2360 1589 2415 ait
1619 2360 1958 2433 Scriptura:

451 2450 617 2505 Vens.
650 2453 702 2503 5.
735 2479 803 2488 -
832 2449 1144 2505 Descendit
1169 2454 1368 2505 autem
1390 2449 1679 2504 Dominus
1710 2455 1777 2504 ut
1808 2451 2030 2508 videret

379 2539 677 2594 civitatem
724 2544 778 2594 et
824 2543 1051 2595 turrem
1091 2553 1271 2608 quam
1320 2538 1721 2605 aediﬁcabant.
1755 2540 2033 2596 Nonnulli

377 2631 580 2682 autem
627 2643 838 2683 omnes
869 2632 1059 2681 turres
1088 2625 1245 2681 illius
1272 2626 1525 2682 civitatis
1565 2625 1862 2695 dixerunt,
1894 2645 2030 2701 qua;

376 2731 483 2787 per
513 2731 834 2771 numerum
867 2714 1239 2785 singularem
1267 2714 1350 2771 ita
1399 2714 1749 2785 signiﬁcata;
1780 2722 1941 2787 sunt,
1967 2722 2032 2774 ut

376 2804 591 2860 dicitur
646 2804 881 2871 millies,
941 2808 995 2860 et
1047 2802 1461 2874 intelliguntur
1516 2804 1705 2861 millia
1750 2805 2025 2863 millium.

375 2891 519 2949 Hinc
551 2893 852 2966 Scriptura
881 2892 1208 2949 subinfert:
1238 2899 1294 2950 et
1324 2900 1706 2951 cessaverunt
1732 2895 2030 2965 aediﬁcare

373 2982 694 3039 civitatem.
724 2983 1000 3055 Sequitur
1024 3000 1037 3039 :

445 3070 621 3128 Vsas.
646 3078 698 3127 7.
720 3104 788 3112 —
825 3074 1026 3129 Venite
1053 3072 1245 3141 igitur
1262 3076 1321 3129 et
1343 3072 1789 3140 descendamus,
1813 3078 1868 3129 et
1890 3089 2024 3131 con-

365 3160 701 3228 fundamus
733 3160 817 3216 ibi
844 3162 1115 3231 linguam
1150 3176 1377 3217 eorum.
1412 3160 1780 3220 Descendere
1807 3162 1907 3218 Dei
1937 3167 2026 3219 est

365 3248 669 3306 humanos
698 3254 867 3306 actus
897 3250 1214 3323 inspicere,
1230 3248 1324 3305 vel
1355 3265 1565 3307 eorum
1582 3250 1860 3307 sensibus
1880 3267 2021 3325 pro-

363 3337 661 3410 pinquare
691 3339 798 3409 [Z.,
832 3339 1367 3412 appropinquare].
1391 3339 1524 3396 Sive
1551 3338 1915 3396 descendere
1936 3340 2022 3396 di-

363 3424 513 3480 citur
542 3430 666 3481 tam
698 3426 776 3481 ad
806 3427 1097 3483 auxilium
1122 3442 1311 3499 quam
1335 3426 1415 3481 ad
1442 3426 1793 3495 vindictam,
1822 3444 2019 3501 quan-

362 3513 444 3568 do
474 3529 683 3569 curam
735 3514 1003 3571 humano
1053 3516 1255 3586 generi
1307 3519 1551 3587 praestat
1593 3531 1701 3588 per
1724 3516 2020 3590 obsequia

361 3600 736 3671 angelorum.
771 3602 1010 3673 Angelis
1056 3602 1217 3659 enim
1259 3603 1365 3675 qui
1410 3603 1681 3672 aderant,
1710 3610 1775 3661 ut
1803 3605 2017 3661 beatus

360 3689 678 3760 Gregorius
722 3689 882 3761 dicit,
936 3690 1224 3747 Dominus
1276 3691 1392 3747 ait:
1446 3692 1665 3759 Venite,
1697 3693 1992 3751 descenda

356 3796 508 3846 mus,
530 3783 587 3837 et
616 3778 868 3853 reliqua.
889 3779 1000 3846 Qui
1030 3778 1366 3836 ascendunt
1394 3779 1457 3836 in
1482 3795 1554 3837 eo
1577 3780 1746 3854 quod
1775 3784 2013 3838 Creato-

353 3884 478 3925 rem
512 3868 910 3943 conspiciunt,
942 3867 1323 3925 descendunt
1372 3868 1436 3925 in
1485 3884 1557 3926 eo
1588 3868 1754 3941 quod
1785 3874 2015 3928 creatu-

352 3973 485 4015 ram
517 3974 645 4015 sese
673 3957 887 4014 illicitis
927 3957 1255 4027 erigentem
1308 3957 1585 4015 examine
1626 3957 2009 4015 districtionis

349 4052 652 4119 premunt.
687 4046 887 4103 Dicere
937 4062 1079 4117 ergo
1126 4051 1252 4102 est:
1308 4047 1749 4104 Descendamus
1786 4052 1844 4104 et
1873 4064 2012 4104 con-

348 4134 680 4203 fundamus
708 4136 977 4205 linguam
1008 4149 1236 4204 eorum,
1260 4133 1323 4190 in
1354 4135 1553 4207 seipso
1577 4135 1663 4192 eis
1693 4136 1809 4193 hoc
1838 4136 2008 4209 quod

348 4226 504 4278 recte
536 4226 772 4292 agatur,
802 4222 1137 4288 ostendere,
1168 4227 1226 4279 et
1250 4239 1357 4296 per
1395 4224 1515 4280 vim
1556 4224 1804 4282 internae
1832 4225 2005 4282 visio-

347 4310 442 4366 nis
491 4326 700 4367 eorum
757 4311 1058 4368 mentibus
1106 4311 1452 4370 exhibenda
1494 4313 1725 4386 judicia
1752 4314 2001 4371 occultis

347 4399 613 4455 motibus
650 4398 962 4473 inspirare.
997 4401 1171 4466 Quod
1201 4418 1343 4459 vero
1380 4402 1598 4476 plurali
1627 4418 1883 4460 numero
1912 4403 1998 4459 di-

344 4487 447 4557 xit,
487 4488 936 4561 descendamus,
986 4495 1044 4546 et
1092 4490 1308 4547 iterum
1359 4491 1671 4562 singulari,
1722 4493 1997 4562 confudit

344 4577 635 4633 Dominus
662 4576 895 4634 labium
924 4578 1213 4634 universas
1244 4584 1432 4646 terrai,
1456 4578 1835 4637 distinctione
1863 4597 1995 4654 per-

340 4681 630 4723 sonarum
668 4670 941 4723 sanctam
972 4667 1337 4734 Trinitatem,
1369 4672 1427 4724 et
1473 4668 1839 4740 operationis
1868 4670 1996 4727 uni-

336 4758 522 4813 tatem
563 4755 625 4812 in
655 4756 971 4827 majestate
1008 4755 1219 4814 divina
1255 4755 1443 4813 voluit
1470 4757 1806 4829 ostenderc,
1839 4757 1995 4816 sicut

334 4841 398 4899 in
427 4844 672 4902 exordio
702 4845 986 4902 humanae
1017 4844 1335 4902 creationis
1360 4844 1587 4901 dictum
1618 4848 1746 4900 est:
1777 4846 1994 4905 Facia-

334 4948 465 4988 mus
489 4934 784 4992 hominem
816 4935 899 4991 ad
941 4934 1264 5005 imaginem
1298 4939 1355 4991 et
1393 4934 1855 4991 similitudinem
1887 4951 1988 4991 no-

332 5025 570 5091 stram;
596 5025 663 5077 ut
692 5021 921 5078 trinitas
952 5022 1017 5078 in
1045 5021 1343 5095 personis,
1369 5025 1428 5078 et
1450 5020 1649 5077 unitas
1684 5020 1743 5077 in
1774 5026 1985 5093 poten-

332 5106 415 5164 tia
443 5106 762 5163 divinitatis
791 5126 924 5166 esse
953 5111 1249 5168 credatur.

399 5198 567 5253 Vens.
592 5201 722 5253 9.—
738 5197 818 5253 Et
845 5198 1068 5255 idcirco
1089 5205 1368 5257 vocatum
1388 5213 1601 5255 nomen
1623 5199 1752 5268 ejus
1768 5199 1978 5270 Babel,

326 5285 472 5356 quia
484 5285 569 5341 ibi
581 5286 897 5357 confusum
913 5291 999 5343 est
1016 5287 1240 5343 tabium
1261 5288 1556 5343 universa"
1573 5293 1765 5355 terrae,
1782 5293 1840 5345 et
1854 5288 1982 5345 reli-

327 5388 469 5445 qua.
493 5375 546 5430 Si
575 5375 727 5430 Deus
749 5374 1040 5447 requievit
1061 5378 1139 5432 ab
1150 5374 1437 5432 omnibus
1452 5375 1734 5448 operibus
1750 5377 1872 5433 suis
1882 5377 1978 5434 die

325 5462 600 5535 septimo,
629 5465 790 5521 unde
812 5465 1010 5521 subito
1040 5469 1204 5522 tanta
1229 5464 1512 5538 apparuit
1539 5464 1852 5524 diversitas
1872 5467 1979 5523 lin-

324 5552 623 5623 guarum?
660 5553 775 5608 Sed
804 5554 1116 5611 sciendum
1146 5559 1236 5611 est
1259 5554 1407 5629 quia
1435 5569 1558 5613 non
1585 5555 1647 5612 in
1676 5556 1791 5613 hac
1821 5557 1975 5614 divi-

323 5638 490 5695 sione
520 5638 865 5709 linguarum
901 5658 1131 5698 novum
1162 5642 1389 5717 aliquid
1419 5644 1687 5701 condidit
1710 5647 1971 5717 Creator,

320 5726 427 5785 sed
443 5726 684 5785 dicendi
702 5729 989 5803 modosiet
1000 5730 1231 5791 formas
1242 5733 1307 5791 in
1318 5732 1571 5791 diversis
1585 5733 1970 5808 loquelarum

2226 1816 2392 1871 Vens.
2413 1820 2497 1873 tO.
2532 1849 2600 1857 —
2630 1819 2743 1874 Har
2761 1823 3173 1889 generationes
3199 1823 3336 1879 Sem
3356 1839 3381 1880 .·
3406 1824 3543 1880 Sem
3575 1831 3816 1882 centum

2151 1909 2283 1960 erat
2331 1920 2654 1974 annorum,
2686 1910 2930 1979 quando
2959 1913 3167 1981 genuit
3195 1913 3566 1986 Arphaxad,
3596 1920 3656 1971 et
3684 1915 3817 1972 reli-

2149 2007 2291 2064 qua.
2326 1993 2551 2050 Idcirco
2593 1997 2731 2052 Sem
2768 1998 2998 2071 repetit,
3030 2004 3096 2055 ut
3125 2001 3463 2059 ostenderet
3493 2002 3814 2061 Abraham

2148 2096 2222 2136 ex
2267 2082 2493 2139 semine
2548 2084 2680 2155 ejus
2730 2084 2980 2143 duxisse
3010 2088 3326 2158 originem,
3360 2091 3508 2164 quia
3534 2092 3815 2150 Hebreu-

2146 2185 2281 2226 rum
2325 2173 2698 2230 consuetudo
2743 2180 2835 2233 est
2873 2182 2939 2233 ut
2978 2178 3401 2236 tantummodo
3443 2180 3813 2253 primogeni-

2146 2263 2237 2315 tos
2266 2262 2601 2318 nominent.

2216 2352 2382 2408 Vens.
2426 2355 2607 2409 14-28.
2640 2386 2709 2394 —
2735 2355 2882 2413 Sale
2909 2372 3144 2429 quoque
3161 2360 3369 2430 genuit
3400 2360 3603 2418 Heber
3628 2369 3690 2418 et
3716 2378 3809 2419 re-

2140 2437 2330 2511 liqua,
2364 2457 2680 2515 usquequo
2710 2443 2830 2499 ait:
2875 2452 3267 2520 mortuusque
3307 2454 3392 2505 est
3436 2450 3613 2506 Aran
3662 2456 3810 2509 ante

2148 2528 2344 2585 Thare
2362 2535 2601 2598 patrem
2622 2548 2795 2588 suum
2818 2534 2882 2589 in
2903 2539 3071 2591 terra
3097 2538 3435 2593 nativitatis
3465 2554 3588 2594 suav
3612 2540 3679 2594 in
3724 2542 3810 2596 Ur

2140 2616 2582 2675 Chaldaeorum.
2612 2620 2803 2676 Heber
2830 2621 3255 2694 interprdatur
3283 2628 3602 2697 transitor,
3628 2627 3806 2700 quod

2137 2704 2519 2773 signiﬁcabat
2541 2708 2868 2765 Ecclesium
2898 2711 3183 2780 futuram,
3200 2730 3335 2787 quae
3357 2715 3590 2771 transiit
3614 2715 3695 2771 ab
3716 2716 3806 2772 in:

2135 2793 2415 2850 fidelitate
2445 2795 2524 2851 ad
2553 2797 2758 2865 ﬁdem,
2790 2814 2827 2855 a
2856 2800 3010 2855 vitiis
3052 2800 3131 2856 ad
3162 2802 3426 2859 virtutes.
3462 2804 3575 2861 Sed
3603 2805 3806 2878 requi-

2134 2881 2393 2939 rendum
2440 2889 2531 2941 est
2560 2886 2708 2957 quid
2754 2892 2844 2943 est
2868 2888 3035 2961 quod
3073 2888 3149 2945 de
3180 2896 3339 2947 Aran
3364 2892 3584 2961 legitur
3613 2892 3801 2951 fratre

2132 2970 2478 3041 Abraham;
2511 2982 2899 3048 mortuusque
2936 2984 3022 3033 est
3064 2979 3240 3035 Aran
3282 2987 3423 3038 ante
3450 2982 3650 3039 Thare
3683 2998 3800 3053 pa-

2134 3064 2284 3116 trem
2312 3076 2485 3118 suum
2515 3064 2578 3118 in
2603 3064 2684 3120 Ur
2712 3064 3178 3139 Chaldaeorum;
3219 3071 3293 3125 Ur
3322 3069 3484 3125 enim
3515 3071 3674 3141 ignis
3703 3071 3795 3127 di-

2132 3146 2302 3205 citur.
2335 3150 2498 3205 Unde
2525 3150 2661 3208 etin
2688 3152 2934 3210 Hebraeo
2961 3154 3207 3224 legitur:
3242 3158 3305 3213 in
3344 3159 3429 3214 Ur
3451 3158 3674 3216 Chesdi
3701 3161 3795 3232 (F.

2133 3238 2381 3294 casdim.
2408 3240 2447 3291 Ζ
2458 3278 2494 3309 .,
2526 3241 2711 3311 cesi.),
2743 3242 2805 3297 id
2835 3247 2959 3299 est:
2994 3244 3054 3299 in
3082 3243 3220 3314 igne
3251 3246 3693 3305 Chaldaeorum.
3727 3252 3801 3307 Et

2128 3324 2388 3382 Chaldaei
2437 3327 2638 3398 ignem
2690 3329 2894 3387 colunt
2945 3348 3056 3404 pro
3102 3336 3241 3390 Deo.
3282 3335 3470 3391 Thare
3512 3352 3673 3404 vero,
3730 3342 3798 3394 ut

2129 3414 2385 3471 Chaldaei
2408 3416 2651 3474 tradunt
2668 3419 2774 3491 (Ζ.,
2794 3420 2982 3476 Thare
2993 3436 3237 3494 quoque
3261 3428 3324 3478 ut
3339 3423 3570 3482 Hebraei
3588 3426 3791 3498 trad.),

2126 3518 2266 3559 cum
2316 3504 2451 3560 ﬁliis
2500 3507 2625 3561 suis
2673 3507 2899 3564 missus
2936 3514 3026 3566 est
3069 3526 3107 3566 a
3145 3510 3440 3568 Chaldaeis
3470 3513 3532 3569 in
3558 3514 3790 3587 ignem,

2124 3592 2269 3663 quia
2315 3593 2519 3663 ignem
2579 3595 2832 3653 adorare
2888 3598 3154 3670 nolebat,
3184 3598 3244 3655 in
3297 3616 3421 3673 quo
3459 3601 3599 3672 igne
3624 3608 3790 3660 Aran

2124 3688 2522 3756 consumptus
2567 3690 2682 3741 est.
2724 3689 2789 3742 Et
2834 3687 2950 3744 hoc
2997 3692 3087 3744 est
3128 3688 3296 3762 quod
3339 3690 3422 3747 ait
3472 3702 3790 3750 mortuum

2122 3785 2264 3827 eum
2291 3788 2419 3828 esse
2451 3778 2588 3830 ante
2618 3783 3011 3848 conspectum
3039 3779 3228 3835 Thare
3257 3779 3446 3852 patris
3475 3781 3589 3852 sui,
3613 3782 3785 3854 quod

2120 3858 2183 3916 in
2213 3863 2601 3933 sequentibus
2630 3864 2866 3937 plenius
2895 3866 3190 3924 dicemus.
3372 3864 3375 3865 ⁷

2193 3949 2365 4006 Vens.
2389 3954 2479 4008 29.
2512 3984 2582 3993 —
2614 3956 2930 4012 Duxerunt
2962 3961 3161 4013 autem
3189 3957 3420 4015 Abram
3448 3965 3502 4015 et
3529 3960 3785 4020 Ναεὴον

2118 4053 2354 4096 uxores.
2377 4042 2607 4100 Nomen
2640 4050 2840 4101 autem
2871 4046 3080 4103 uxoris
3104 4046 3333 4104 Abram
3355 4047 3556 4116 Sarai,
3588 4055 3645 4107 et
3676 4067 3784 4108 no-

2113 4145 2249 4185 men
2271 4133 2479 4187 uxoris
2501 4133 2748 4190 Nachor
2764 4135 3006 4192 Mela/ia
3028 4137 3164 4205 ﬁlia
3188 4138 3384 4204 Aran,
3406 4139 3607 4208 patris
3625 4140 3782 4198 Met-

2113 4219 2240 4275 cha’
2267 4227 2321 4277 et
2350 4223 2549 4290 patris
2576 4224 2824 4281 Jeschav.
2852 4225 3217 4299 Jeschaipsa
3248 4231 3336 4283 est
3375 4228 3565 4285 Sarai.
3598 4231 3778 4287 Deni-

2111 4322 2230 4379 que
2276 4311 2436 4365 Aran
2482 4309 2640 4367 ﬁlius
2677 4312 2885 4370 Tharae
2930 4314 3111 4370 frater
3156 4314 3402 4384 Abram,
3439 4319 3497 4374 et
3538 4318 3780 4376 Nachor

2110 4395 2264 4452 duas
2294 4399 2497 4469 genuit
2519 4399 2706 4457 ﬁlias:
2738 4401 3046 4473 Melcham,
3076 4408 3135 4459 et
3166 4405 3338 4461 Sarai
3365 4413 3775 4476 cognomento

2106 4487 2403 4557 Jescham,
2438 4504 2469 4544 e
2498 4488 2721 4562 quibus
2768 4490 3054 4548 Melcham
3096 4494 3326 4567 accepit
3364 4510 3617 4552 uxorem
3649 4498 3772 4555 Na-

2105 4575 2271 4644 chor,
2304 4581 2361 4632 et
2392 4578 2558 4634 Sarai
2605 4578 2852 4636 Abram.
2884 4582 3151 4638 Necdum
3199 4584 3427 4657 quippe
3467 4584 3622 4642 inter
3661 4601 3772 4660 pa-

2103 4667 2291 4733 truos,
2324 4669 2383 4722 et
2411 4665 2664 4724 fratrum
2691 4669 2847 4726 ﬁlios
2878 4671 3105 4745 nuptiae
3136 4671 3378 4729 fuerant
3404 4672 3534 4745 lego
3564 4676 3769 4747 prohi-

2098 4752 2258 4821 bitae,
2290 4771 2425 4828 quae
2448 4755 2509 4812 in
2536 4757 2748 4829 primis
2774 4759 3128 4817 hominibus
3156 4763 3336 4819 etiam
3366 4762 3519 4819 inter
3547 4763 3767 4823 fratres

2099 4846 2157 4900 et
2186 4859 2424 4900 sorores
2452 4844 2613 4903 initae
2645 4861 2806 4904 sunt.

2723 4938 2953 4994 CAPUT
2999 4939 3124 4995 XII.

2166 5021 2339 5079 Vens.
2375 5028 2425 5080 1.
2450 5055 2520 5065 -
2560 5026 2733 5083 Dixit
2780 5033 2979 5085 autem
3025 5031 3317 5087 Dominus
3359 5032 3443 5088 ad
3482 5033 3762 5091 Abram:

2090 5110 2391 5181 Egredere
2445 5112 2518 5169 de
2567 5119 2734 5172 terra
2793 5121 2921 5181 tua,
2979 5123 3035 5173 et
3094 5119 3169 5175 de
3218 5120 3576 5191 cognatione
3623 5127 3757 5194 tua,

2090 5205 2146 5257 et
2190 5199 2265 5257 de
2310 5201 2484 5258 domo
2525 5205 2725 5272 patris
2779 5207 2890 5271 tui,
2922 5210 2978 5263 et
3033 5207 3286 5281 reliqua.
3322 5207 3619 5275 Quaeritur
3647 5226 3761 5267 cur

2088 5304 2230 5345 eum
2280 5291 2566 5363 praecepit
2622 5291 2698 5349 de
2755 5298 2911 5352 terra
2970 5312 3085 5353 sua
3140 5298 3365 5368 egredi,
3416 5313 3558 5355 cum
3622 5298 3758 5373 ipse

2088 5377 2163 5434 de
2192 5382 2350 5435 terra
2377 5380 2500 5435 nati
2553 5380 2770 5451 vitatis,
2828 5383 2891 5439 id
2945 5389 3035 5442 est
3096 5386 3171 5442 de
3230 5391 3385 5443 terra
3436 5386 3756 5445 Chaldaeo-

2084 5484 2245 5532 rum,
2294 5483 2570 5538 egressus
2618 5471 2814 5529 fuerat
2861 5491 3001 5531 cum
3059 5477 3273 5548 patre?
3324 5476 3464 5547 Nisi,
3506 5481 3572 5533 ut
3620 5478 3756 5551 qui-

2084 5556 2347 5613 busdam
2369 5558 2622 5630 videtur,
2640 5561 2769 5619 haec
2799 5565 3067 5634 egressio
3088 5581 3211 5623 non
3235 5566 3314 5622 ad
3338 5565 3754 5638 egressionem

2085 5662 2352 5719 corporis
2383 5649 2655 5720 pertinet,
2685 5651 2791 5708 sed
2836 5653 2916 5709 ad
2945 5669 3256 5724 egressum
3300 5655 3542 5723 mentis,
3573 5671 3653 5712 ne
3685 5656 3753 5713 il-

2081 5733 2180 5791 luc
2196 5734 2568 5795 voluntatem
2592 5741 2812 5798 mentis
2834 5742 3085 5802 haberet
3108 5744 3405 5802 redeundi
3435 5743 3600 5801 unde
3615 5760 3749 5803 cor-
