3944 6418
108 304 191 356 169
1452 296 1805 355 COMMENT.
1848 298 1914 351 IN
1955 300 2112 355 GEN.

3411 315 3516 373 170

102 424 359 497 poraliter
375 439 503 494 jam
535 422 775 478 exierat.
791 421 1081 478 Moraliter
1105 422 1185 478 ad
1213 422 1560 496 exemplum
1579 420 1735 477 illius
1764 430 1809 482 Α
1843 418 2040 478 fessus
2071 428 2160 482 est
2186 426 2532 500 Dominum,
2551 445 2845 504 spernens
2876 431 3040 488 idola
3067 433 3512 497 Chaldfeorum,

101 513 257 569 nobis
298 512 644 568 exeundum
676 517 765 567 est
788 512 862 566 de
894 516 1050 567 terra
1077 518 1307 583 nostra,
1339 512 1398 569 id
1426 516 1518 567 est
1541 511 1615 567 de
1646 509 1736 566 fa-

1844 513 2039 568 Potest
2068 520 2272 573 autem
2297 517 2426 575 ﬁeri
2456 524 2539 589 ut,
2562 519 2707 593 quia
2740 520 3041 594 Scriptura
3062 523 3301 598 reliquit
3327 526 3519 585 incer

101 602 398 659 cultatibus
426 601 609 673 hujus
639 601 871 661 mundi.
902 600 997 656 vel
1026 600 1100 657 de
1130 606 1361 658 terreno
1384 600 1651 668 homine,
1683 601 1742 656 et
1846 615 1995 669 tum,
2030 609 2167 662 ante
2197 622 2425 678 paucos
2455 626 2650 667 annos
2696 610 2889 667 Thara
2918 611 2994 668 de
3020 612 3284 671 Chaldea
3319 616 3517 690 profe-

99 692 164 749 de
191 692 541 763 cognatione
569 695 775 747 nostra
815 690 888 746 de
920 690 1373 748 conversatione
1393 692 1737 763 (Z.,nostra,

98 782 152 839 id
197 786 302 849 est,
334 781 409 837 de
439 783 642 851 conv.)
671 785 730 836 et
771 779 1064 847 moribus,
1107 780 1388 854 vitiisque
1416 778 1741 854 prioribus,

98 888 221 946 qua:
248 870 423 927 nobis
449 887 485 927 a
516 870 821 927 nativitate
851 869 1015 926 velut
1043 870 1563 940 consanguinitate
1602 884 1744 925 con-

92 963 286 1033 juncta
313 964 472 1016 sunt.
504 962 567 1016 Et
599 959 893 1029 de‘domo
922 959 1109 1032 patris
1127 959 1337 1025 nostri,
1368 958 1642 1016 videlicet
1671 957 1748 1013 de

97 1051 249 1107 omni
276 1049 571 1106 memoria
600 1048 816 1105 mundi
852 1048 1055 1119 hujus,
1088 1065 1226 1121 qum
1271 1048 1493 1105 domus
1521 1044 1749 1105 diaboli

97 1140 315 1206 dicitur,
350 1144 413 1195 ut
441 1139 503 1194 in
532 1138 805 1211 psalmo:
844 1138 1205 1195 Obliviscere
1249 1139 1541 1208 populum
1582 1143 1750 1195 tuum

97 1237 144 1286 et
182 1230 414 1285 domum
438 1230 637 1299 patris
666 1229 756 1284 tui
776 1228 964 1297 (Psal.
990 1243 1151 1297 xmv,
1184 1229 1288 1296 14),
1312 1227 1495 1284 veluti
1524 1226 1753 1299 gentili-

98 1324 205 1376 tate
234 1318 639 1375 renuntiantes
666 1318 971 1391 possimus
1018 1315 1253 1374 dilatari
1286 1317 1347 1374 in
1379 1323 1536 1375 terra
1564 1334 1751 1391 quam

100 1411 379 1466 monstrat
426 1406 602 1463 nobis
634 1407 792 1463 idem
821 1408 885 1463 in
910 1407 1138 1480 popqu
1171 1408 1292 1479 Dei,
1325 1412 1383 1463 et
1409 1408 1471 1463 in
1498 1423 1751 1479 congre-

97 1500 320 1568 gatione
350 1496 646 1563 ﬁdelium,
678 1501 736 1553 et
762 1497 823 1553 in
862 1501 1018 1553 terra
1047 1496 1302 1554 caelestis
1334 1497 1738 1571 repromissio-

99 1589 201 1654 nis,
231 1604 368 1643 cum
398 1586 711 1643 advenerit
740 1591 978 1659 tempus
1006 1586 1323 1643 introduci.
1362 1587 1477 1644 Sed
1531 1591 1749 1645 notan-

100 1678 235 1733 dum
257 1682 346 1733 est
371 1678 517 1750 quia
544 1676 681 1733 duae
694 1676 1195 1749 repromissiones
1212 1677 1291 1733 ad
1307 1677 1612 1734 Abraham
1629 1678 1749 1735 fac-

1849 694 1997 758 ctus,
2022 695 2251 752 venerit
2277 696 2342 753 in
2382 698 2668 769 Charran,
2702 716 2891 772 quam
2948 705 3139 758 morte
3183 703 3395 777 obiret,
3420 705 3519 763 vel
3613 736 3621 745 υ

1851 784 2008 836 certe
2033 784 2232 840 statim
2263 791 2404 859 post
2430 789 2910 861 persecutionem
2945 791 3237 850 Charram
3267 795 3514 865 veniret,

1854 872 1911 924 et
1937 868 2021 925 ibi
2041 870 2265 930 diutius
2298 875 2372 933 sit
2395 881 2685 935 moratus.
2705 878 2762 936 Si
2780 879 2917 952 quis
2946 895 3089 952 ergo
3111 881 3251 939 huic
3278 884 3522 942 solutio.

1854 957 1915 1013 ni
1942 962 2274 1019 contrarius
2294 969 2401 1033 est,
2429 970 2663 1039 quaerat
2690 967 2875 1024 aliam
2900 969 3280 1046 solutionem,
3300 978 3358 1031 et
3377 976 3521 1032 tunc

1855 1052 2011 1104 recte
2030 1065 2101 1107 ea
2132 1067 2266 1123 quae
2295 1069 2333 1110 a
2357 1054 2533 1112 nobis
2562 1056 2720 1114 dicta
2741 1061 2900 1126 sunt,
2931 1059 3320 1133 improbabit.

1930 1136 2102 1195 Vens.
2127 1145 2180 1211 5,
2199 1145 2250 1204 6.
2276 1174 2345 1182 —
2373 1144 2450 1200 Et
2481 1161 2748 1215 egressus
2779 1152 2844 1202 ut
2872 1148 2983 1204 iret
3015 1150 3074 1205 in
3105 1156 3331 1209 terram
3363 1152 3523 1210 Cha-

1858 1241 2046 1296 naan,
2074 1233 2133 1285 et
2158 1229 2411 1305 reliqua.
2445 1230 2757 1291 Hoc‘enim
2781 1235 2844 1291 in
2868 1236 3064 1307 ﬁgura
3093 1238 3325 1308 Christi,
3346 1243 3523 1314 cujus

1858 1320 2075 1390 typum
2106 1320 2312 1383 tenuit,
2344 1326 2549 1380 actum
2575 1329 2682 1395 est,
2701 1325 2806 1398 qui
2823 1325 3112 1384 obediens
3136 1330 3297 1386 Patri
3324 1348 3523 1405 usque

1859 1408 1939 1464 ad
1969 1413 2224 1467 mortem
2255 1413 2543 1485 pervenit.
2579 1414 2873 1489 Quodque
2899 1416 3146 1473 dicitur:
3178 1421 3524 1477 Pertransi-

1859 1500 1943 1555 vit
1972 1499 2200 1558 Abram
2232 1518 2418 1575 usque
2447 1504 2529 1561 ad
2560 1506 2753 1563 locum
2783 1509 2885 1578 (Ζ.,
2923 1508 3145 1581 lucum)
3178 1509 3436 1583 Sichem,
3469 1517 3526 1568 et

1858 1604 2045 1661 usque
2072 1591 2154 1646 ad
2182 1594 2517 1651 convallem
2542 1596 2861 1667 illustrem,
2880 1596 3082 1670 ipsum
3111 1599 3407 1658 Christum
3439 1618 3529 1658 os-

1859 1679 2048 1735 tendit
2097 1696 2205 1753 per
2236 1682 2609 1754 patriarchas
2639 1690 2695 1742 et
2735 1687 3062 1759 prophetas
3091 1688 3172 1746 ad
3201 1689 3528 1747 Ecclesiam

102 1772 165 1823 tte
195 1771 367 1836 sunt;
410 1782 555 1836 una,
588 1766 755 1839 quod
786 1770 1006 1822 terram
1039 1767 1327 1823 Chanaan
1360 1783 1751 1840 possessurus
1782 1791 1825 1847 Β
1858 1767 2224 1840 pervenisse,
2257 1787 2395 1843 quae
2428 1772 2597 1829 vallis
2627 1779 2715 1830 est
2735 1775 2998 1843 illustris,
3032 1777 3305 1835 videlicet
3323 1779 3528 1836 fertilis

100 1860 241 1913 esset
270 1856 329 1911 in
383 1855 613 1912 semine
642 1870 778 1921 suo,
803 1855 973 1929 quod
999 1854 1367 1926 signiﬁcatur
1394 1856 1498 1913 ubi
1523 1856 1754 1913 dictum

101 1950 207 2001 est:
254 1945 411 2002 Vade
434 1946 497 2000 in
532 1950 759 2002 terram
797 1960 979 2016 quam
1021 1950 1436 2002 monstravere
1480 1947 1608 2017 tibi,
1639 1951 1750 2003 etc.

102 2035 219 2091 Alia
239 2052 398 2103 vero,
430 2034 613 2105 longe
642 2034 1041 2107 praestantior,
1063 2035 1231 2107 quod
1256 2040 1428 2108 pater
1457 2040 1755 2093 essetnon

99 2126 264 2180 unius
290 2124 481 2195 gentis
509 2123 860 2195 Israeliticae,
895 2124 1001 2180 sed
1025 2125 1299 2181 omnium
1331 2126 1598 2195 gentium
1617 2143 1755 2200 quae

99 2213 226 2270 ﬁdei
251 2216 378 2286 ejus
406 2214 665 2285 vestigia
694 2218 1048 2287 sequuntur,
1075 2214 1243 2287 quod
1265 2215 1357 2271 his
1386 2215 1585 2272 verbis
1608 2232 1754 2289 pro-

101 2305 372 2359 mittitur:
419 2306 503 2360 Et
550 2303 975 2361 benedicentur
1006 2305 1069 2359 in
1108 2310 1165 2360 te
1192 2320 1394 2361 omnes
1415 2310 1641 2377 gentes.
1672 2305 1757 2361 llli

100 2392 375 2449 scilicetin
393 2393 625 2449 semine
649 2392 955 2449 Abraham
979 2392 1431 2463 benedicentur,
1451 2395 1553 2467 qui
1571 2394 1759 2451 Abra-

96 2481 181 2538 hae
209 2482 391 2538 ﬁdem
423 2482 756 2539 imitantur.
793 2481 909 2539 Sed
942 2483 1116 2554 juxta
1143 2482 1459 2540 historiam
1498 2484 1759 2540 ostendi-

100 2576 184 2628 tur
208 2572 373 2646 quod
404 2572 579 2628 multi
636 2571 699 2627 in
750 2571 1041 2644 exemplis
1096 2577 1444 2629 sanctorum
1472 2574 1756 2630 benedic-

98 2661 303 2717 tionem
334 2664 812 2734 consequuntur.
846 2663 1139 2719 Caeterum
1164 2661 1333 2735 quod
1365 2662 1473 2719 ait:
1503 2663 1759 2732 faciam-

97 2767 201 2823 que
223 2757 277 2808 te
300 2753 362 2808 in
386 2757 625 2823 gentem
643 2766 951 2822 magnam,
973 2751 1220 2807 virtutes
1244 2751 1520 2809 ostendit.
1546 2755 1758 2823 Magna

98 2855 233 2908 gens
284 2845 373 2898 est
417 2856 713 2897 numerus
771 2840 1080 2897 virtutum.
1134 2843 1560 2898 Verumtamen
1591 2842 1753 2916 quod

97 2929 330 2987 dicitur:
364 2932 674 3003 Egredere
700 2930 772 2987 de
820 2936 981 2987 terra
1013 2936 1140 2999 tua,
1173 2936 1307 2995 etc.,
1339 2931 1402 2987 in
1433 2932 1757 3003 cujusdam

96 3022 255 3077 dictis
285 3022 368 3078 ita
395 3021 630 3094 reperi:
656 3020 963 3089 Egredere
1001 3020 1075 3076 de
1105 3026 1272 3077 terra
1305 3027 1432 3092 tua,
1481 3021 1543 3077 id
1565 3027 1653 3077 est
1681 3021 1757 3079 de

1862 1856 1956 1913 vel
2003 1859 2244 1930 egregia
2288 1860 2629 1930 virtutibus,
2677 1869 2858 1936 atque
2914 1865 2975 1921 in
3027 1866 3361 1924 humilitate
3394 1868 3525 1925 sita.

1866 1946 2030 2003 Unde
2082 1952 2139 2004 et
2179 1964 2443 2022 congrue
2474 1951 2886 2022 subjungitur:
2923 1955 3302 2014 Chananarus
3329 1964 3529 2016 autem

1866 2040 2010 2093 tunc
2030 2044 2161 2094 erat
2189 2038 2253 2094 in
2291 2046 2475 2107 terra,
2504 2041 2843 2098 muudiales
2872 2042 3146 2101 videlicet
3176 2049 3357 2119 atque
3383 2062 3529 2118 gen-

1866 2124 2027 2194 tiles;
2087 2142 2445 2200 quanquam
2490 2145 2674 2200 super
2716 2130 2961 2188 diabolo
3019 2133 3528 2205 possit'intelligi.

1867 2214 2155 2271 Chanaan
2179 2232 2424 2289 quoque
2454 2225 2647 2276 motus
2677 2236 2879 2278 eorum
2907 2221 3348 2295 interpretatur.

1937 2304 2112 2362 Vens.
2142 2310 2329 2362 7-9.—
2357 2307 2588 2363 Semini
2617 2314 2718 2365 tuo
2743 2309 2902 2367 daba
2925 2316 3151 2369 terram
3173 2312 3534 2370 hanc..luxta

1865 2392 2013 2450 illud
2042 2393 2495 2469 i’salmographi
2518 2398 3091 2473 [Z.Psalmigraphl]:
3112 2403 3367 2458 Postula
3387 2418 3425 2459 a
3440 2418 3533 2460 me

1866 2489 1919 2540 et
1952 2483 2105 2539 dabo
2130 2485 2239 2540 tibi
2265 2491 2489 2557 gentes,
2513 2492 2570 2542 et
2598 2486 2827 2560 reliqua
2858 2490 3044 2560 (Psal.
3072 2506 3129 2557 ιι,
3156 2492 3229 2562 8),
3264 2490 3368 2547 ubi
3394 2491 3535 2548 aedi-

1865 2572 2065 2629 ﬁcavit
2094 2572 2301 2645 altare,
2330 2574 2614 2631 unitatem
2648 2576 2869 2634 scilicet
2896 2578 3035 2634 ﬁdei
3056 2579 3118 2635 in
3141 2579 3535 2636 Ecclesia.Te-

1865 2662 2054 2717 tendit
2106 2661 2287 2733 igitur
2339 2663 2800 2722 taberuaculum
2849 2684 3049 2735 suum,
3097 2668 3177 2724 ab
3224 2668 3533 2726 occidente

1864 2750 2099 2807 habens
2130 2752 2345 2819 Bethel,
2365 2758 2421 2810 et
2450 2753 2529 2810 ab
2554 2755 2780 2811 oriente
2802 2756 2928 2812 Hai.
2952 2757 3153 2813 Bethel
3182 2756 3534 2831 interpreta-

1865 2845 1962 2898 tur
2007 2842 2217 2898 domus
2248 2843 2377 2900 Dei.
2415 2843 2723 2914 Signiﬁcat
2759 2845 3023 2915 Judaeos,
3057 2846 3162 2920 qui
3203 2846 3534 2921 aliquando

1868 2931 2105 2988 fuerant
2132 2932 2356 2989 domus
2404 2934 2506 2990 Dei
2535 2951 2642 3007 per
2671 2935 3098 3009 cognitionem,
3145 2942 3204 2994 et
3245 2937 3427 3011 quasi
3471 2937 3535 2994 in

1867 3022 2114 3089 oriente,
2147 3023 2295 3077 dum
2340 3022 2455 3079 sub
2507 3023 2640 3094 lege
2666 3024 2924 3093 fuerant,
2948 3026 3063 3082 hoc
3095 3031 3184 3083 est
3210 3043 3405 3100 usque
3454 3026 3536 3084 ad

97 3110 214 3179 lege
237 3116 489 3181 naturae,
520 3111 595 3167 de
646 3113 1001 3181 cognatione
1047 3126 1210 3179 vero,
1243 3110 1319 3166 de
1343 3111 1473 3180 lege
1503 3110 1711 3168 littera!
1741 3130 1754 3180 ;
1789 3153 1830 3210 Ο
1867 3110 2196 3167 adventum
2230 3111 2459 3210 Christi,
2490 3112 2595 3168 sed
2625 3114 2730 3185 [Z.,
2781 3115 2860 3184 et]
2888 3119 3133 3188 propter
3158 3116 3538 3199 incredulita-

96 3202 162 3257 de
178 3202 345 3258 domo
373 3201 606 3275 quippe
624 3201 848 3271 patris,
878 3200 994 3256 hoc
1024 3204 1112 3256 est
1136 3199 1210 3256 de
1232 3200 1361 3272 lege
1384 3202 1529 3257 Novi
1555 3204 1755 3258 Testae

96 3292 295 3361 menti;
319 3293 383 3347 in
415 3297 647 3349 terram
680 3306 859 3363 quam
889 3295 1302 3347 monstravere
1332 3291 1459 3359 tibi,
1492 3291 1554 3347 id
1581 3291 1755 3348 estin

96 3380 320 3445 caelum,
342 3380 418 3437 de
447 3397 576 3454 qua
600 3380 785 3436 Isaias
808 3379 918 3436 ait:
950 3380 1126 3437 Oculi
1150 3381 1244 3437 tui
1259 3388 1503 3438 eernent
1526 3387 1755 3439 terram

96 3472 159 3527 de
189 3473 359 3543 longe
376 3473 521 3545 (Isa.
554 3487 753 3541 xxxm,
791 3474 902 3540 17).

158 3560 776 3619 Animadvertendum
812 3563 903 3617 est
929 3560 1098 3634 quod
1133 3559 1539 3618 instabilitatis
1580 3561 1755 3618 Abrae

96 3651 534 3708 instabilitatem
569 3650 762 3719 gentis
791 3649 950 3705 illius
979 3649 1279 3720 signiﬁcat
1320 3650 1424 3722 (Ζ.,
1458 3650 1755 3721 signiﬁca-

96 3739 229 3811 bat).
261 3744 416 3797 Gens
448 3740 614 3797 enim
644 3740 835 3812 ipsius
862 3740 1063 3811 major
1091 3738 1294 3796 futura
1319 3745 1445 3796 erat
1472 3740 1548 3797 de
1573 3740 1755 3798 insta-

97 3828 304 3887 bilitate
325 3846 437 3887 sua
493 3845 683 3902 quam
714 3828 965 3901 quando
992 3827 1285 3885 habitavit
1312 3828 1375 3885 in
1417 3833 1576 3886 terra
1619 3846 1750 3886 sua.

98 3920 171 3973 Ita
198 3923 252 3975 et
282 3919 546 3976 Ecclesia
584 3918 661 3974 de
686 3917 892 3974 itinere
939 3932 1070 3985 suo,
1098 3917 1374 3974 videlicet
1420 3917 1495 3974 de
1525 3917 1753 3974 carnali

95 4006 447 4066 habitatione
478 4012 537 4065 et
564 4007 1023 4080 resurrectione,
1053 4011 1119 4063 ut
1148 4006 1455 4080 aliquibus
1490 4008 1750 4081 videtur,

95 4100 315 4169 majora
342 4097 603 4172 prmmia
629 4095 899 4153 habebit.

158 4188 322 4244 Vens.
352 4190 409 4244 4.
433 4218 509 4229 —-
528 4186 948 4257 Septuaginta
980 4186 1243 4258 quinque
1280 4201 1583 4244 annorum
1621 4192 1753 4244 erat

97 4274 307 4333 Abram
343 4293 481 4335 cum
510 4275 899 4347 egrederetur
926 4275 1001 4331 de
1021 4275 1329 4332 Charran.
1356 4275 1461 4332 Hic
1497 4275 1753 4332 indisso-

97 4363 281 4421 lubilis
340 4365 613 4423 nascitur
664 4364 959 4437 quaestio:
1011 4363 1060 4419 si
1107 4364 1269 4421 enim
1312 4364 1527 4433 Thara,
1583 4368 1756 4439 pater

98 4452 327 4526 Abram,
360 4471 505 4512 cum
541 4459 702 4511 esset
728 4454 792 4509 in
814 4452 1061 4524 regione
1083 4452 1384 4525 Chaldaea,
1410 4454 1752 4528 septuagin-

100 4547 152 4598 ta
194 4560 495 4601 annorum
546 4543 753 4615 genuit
794 4542 1041 4614 Abram,
1075 4546 1133 4600 et
1156 4547 1371 4616 postea
1397 4543 1460 4600 in
1515 4545 1752 4602 Charan

101 4633 273 4699 (Petr.
302 4649 559 4706 semper,
590 4632 901 4705 Charram)
918 4631 1332 4690 ducentesimo
1371 4633 1582 4706 quinto
1617 4638 1754 4691 ceta-

99 4720 163 4777 tis
203 4740 326 4779 sua:
368 4738 536 4781 anno
590 4726 867 4779 mortuus
920 4724 1030 4793 est,
1058 4719 1373 4795 quomodo
1410 4738 1574 4779 nunc
1616 4727 1757 4798 post

99 4818 338 4869 mortem
367 4813 580 4871 Therae
609 4811 836 4869 Abram
861 4810 1065 4868 exiens
1085 4809 1161 4868 de
1193 4811 1383 4869 Chara
1407 4813 1755 4886 septuagin-

101 4906 153 4957 ta
195 4904 466 4977 quinque
522 4917 849 4974 annorum~
885 4900 1069 4958 fuisse
1124 4906 1519 4974 memoratur,
1547 4919 1688 4959 cum
1719 4920 1758 4960 a

100 4991 392 5049 nativitate
415 4992 648 5049 Abram
666 5005 861 5064 usque
877 4993 956 5047 ad
972 4995 1229 5047 mortem
1248 4991 1433 5064 patris
1464 4992 1593 5064 ejus
1623 5009 1757 5050 cen-

102 5082 217 5137 tum
245 5082 488 5151 triginta
539 5081 812 5154 quinque
842 5096 1146 5137 annorum
1194 5079 1381 5137 fuisse
1427 5081 1761 5139 doceantur

104 5170 198 5241 (2.,
226 5170 581 5242 doceatur)?
631 5170 747 5226 Nisi
787 5169 934 5243 quia
963 5184 1103 5226 vera
1140 5173 1230 5226 est
1255 5168 1357 5226 illa
1386 5170 1624 5228 traditio
1655 5175 1759 5228 He-

103 5256 415 5328 braeorum,
445 5276 639 5333 quam
696 5274 882 5331 supra
937 5258 1227 5329 diximus,
1260 5259 1428 5332 quod
1482 5275 1759 5331 egressus

107 5347 173 5402 sit
222 5349 421 5407 Thara
469 5365 611 5406 cum
664 5347 801 5404 ﬁliis
832 5348 960 5404 suis
1014 5348 1091 5405 de
1136 5349 1276 5418 igne
1316 5347 1759 5424 Chaldaeorum,

104 5438 333 5511 etquod
360 5439 592 5495 Abram
632 5428 978 5510 Babylonio
1002 5436 1261 5495 vallatus
1284 5437 1587 5511 incendio,
1614 5440 1763 5512 quia

105 5523 237 5583 illud
275 5528 534 5585 adorare
589 5525 857 5595 nolebat,
901 5527 1005 5584 Dei
1061 5526 1136 5584 sit
1185 5526 1407 5584 auxilio
1448 5527 1755 5585 liberatus.

108 5615 256 5673 Unde
308 5624 364 5674 et
418 5616 714 5674 Dominus
743 5621 955 5690 postea
1004 5616 1107 5672 ait.
1132 5618 1265 5688 Ego
1294 5619 1605 5685 Dominus,
1657 5620 1762 5690 qui

109 5705 276 5764 eduxi
304 5715 360 5765 te
382 5707 459 5765 de
500 5708 579 5763 Ur
611 5705 1055 5772 Chaldaeorum,
1090 5710 1148 5763 et
1176 5722 1250 5762 ex
1278 5706 1380 5764 illo
1410 5709 1679 5779 tempore
1707 5707 1761 5765 ei

109 5791 223 5851 dies
253 5798 385 5854 vita:
407 5800 467 5854 et
495 5800 738 5870 tempus
765 5799 1078 5869 reputatur
1106 5795 1316 5869 aetatis,
1348 5811 1421 5853 ex
1468 5811 1593 5869 quo
1623 5811 1763 5854 con-

378 5890 629 5945 Pnaon.
670 5887 823 5943 CXV.

1866 3204 1987 3257 tem
2034 3216 2208 3256 suam
2238 3198 2591 3258 deciderunt
2622 3202 2700 3258 ad
2731 3203 3105 3259 occidentem
3136 3194 3261 3260 non
3288 3204 3534 3260 creden-

1866 3289 1946 3346 do
1977 3290 2040 3344 in
2074 3289 2395 3346 Christum.
2432 3291 2533 3345 Hai
2556 3289 2979 3363 interpretatur
3010 3291 3210 3362 chaos,
3229 3292 3292 3348 id
3317 3297 3406 3349 est
3435 3310 3536 3350 vo-

1863 3395 2012 3450 rago
2043 3378 2576 3435 intransmeabilis.
2608 3379 2914 3449 Signiﬁcat
2945 3386 3151 3452 gentes
3182 3398 3320 3455 quae
3349 3382 3410 3438 in
3436 3398 3536 3438 vo-

1862 3469 2075 3540 ragine
2121 3472 2180 3524 et
2229 3466 2637 3541 profunditate
2675 3473 3065 3542 peccatorum
3111 3471 3537 3528 detinebantur

1862 3574 2060 3631 usque
2089 3557 2169 3615 ad
2222 3557 2552 3615 adventum
2607 3558 2839 3626 Christi,
2895 3575 3032 3633 quae
3081 3560 3286 3618 relicto
3334 3576 3533 3618 errore

1863 3647 2247 3704 crediderunt
2301 3645 2361 3704 in
2421 3647 2717 3704 Christum
2778 3652 2882 3720 [Z.,
2914 3649 2976 3704 in
3022 3649 3256 3722 Deum],
3288 3649 3395 3723 qui
3445 3654 3537 3706 est

1868 3753 2042 3794 verus
2072 3738 2297 3794 Oriens.

1931 3829 2101 3883 Vsus.
2142 3826 2325 3881 10-20.
2347 3857 2419 3867 —
2461 3828 2894 3898 Descenditque
2935 3827 3164 3891 Abram
3198 3829 3261 3883 in
3293 3828 3534 3899 [Egyp-

1863 3924 2010 3973 tum.
2066 3915 2338 3972 Christus
2393 3916 2666 3972 videlicet
2714 3916 2773 3972 id
2804 3916 2967 3973 hunc
3007 3916 3331 3984 mundum,
3361 3918 3536 3989 juxta

1860 4004 2028 4080 quod
2067 4005 2356 4078 scriptum
2382 4009 2502 4061 est:
2531 4006 2687 4062 Ecce
2714 4007 2870 4062 enim
2914 4007 3204 4063 Dominus
3250 4007 3534 4070 ascendet

1858 4110 2041 4166 super
2057 4093 2273 4151 nubem
2302 4096 2507 4159 levem,
2542 4100 2598 4151 et
2626 4094 3000 4166 ingredietur
3022 4096 3371 4169 Egyptum
3392 4097 3528 4169 (Isa.

1857 4186 2003 4257 xxx),
2016 4214 2087 4224 —-
2100 4189 2165 4239 ut
2179 4183 2685 4255 peregrinaretur
2704 4185 2806 4241 ibi.
2833 4185 2994 4243 Sicut
3014 4186 3143 4259 ipse
3160 4184 3244 4243 ait
3259 4185 3321 4242 in
3341 4189 3533 4245 Evan-

1862 4273 2018 4346 gelio
2037 4290 2051 4329 :
2070 4274 2288 4343 Vulpes
2309 4274 2515 4344 foveas
2546 4274 2788 4343 habent,
2808 4281 2861 4332 et
2880 4276 3152 4333 volucres
3169 4276 3309 4334 cwli
3328 4276 3534 4349 nidos;

1859 4364 2056 4421 Filius
2086 4367 2286 4420 autem
2318 4362 2575 4419 hominis
2603 4379 2725 4420 non
2757 4364 2935 4421 habet
2954 4364 3062 4421 ubi
3075 4370 3260 4436 caput
3280 4366 3531 4424 reclinet

1863 4453 2106 4526 (Matth.
2154 4468 2275 4521 vni,
2319 4454 2439 4514 20).
2484 4453 3001 4511 —Pra3valuerat
3031 4456 3189 4512 enim
3217 4456 3411 4526 fames
3463 4456 3530 4512 in

1864 4548 2030 4601 terra
2054 4543 2189 4613 illa,
2216 4540 2291 4598 de
2312 4557 2437 4615 qua
2466 4541 2711 4599 dicitur:
2740 4543 2981 4601 Mittam
3010 4545 3075 4600 in
3111 4544 3273 4601 vobis
3299 4545 3527 4614 famem

1860 4649 1983 4690 non
2008 4633 2216 4703 famen
2239 4632 2443 4702 panis,
2476 4647 2664 4702 neque
2689 4632 2848 4688 sitim
2879 4648 3072 4705 aquae,
3099 4632 3203 4689 sed
3239 4632 3537 4698 audiendi

1862 4721 2106 4780 verbum
2155 4721 2394 4778 Domini
2438 4720 2657 4791 (Amos.
2709 4736 2829 4791 vm,
2878 4722 2953 4793 8).
3004 4719 3230 4777 Deinde
3261 4719 3533 4791 sequitur

1861 4810 2116 4884 qualiter
2162 4809 2387 4865 Abram
2431 4807 2807 4866 descendens
2865 4808 2928 4863 in
2977 4811 3304 4879 rEgyptum
3361 4809 3532 4865 Sarai

1868 4916 2116 4957 uxorem
2145 4913 2415 4954 sororem
2447 4913 2625 4953 suam
2667 4913 2800 4952 esse
2847 4896 3023 4963 dixit;
3062 4900 3178 4952 Nec
3222 4896 3527 4968 mentitus,

1863 4988 2011 5063 quia
2024 4987 2369 5061 propinqua
2399 4990 2526 5043 erat
2552 4985 2870 5055 sanguine,
2892 4986 3044 5042 sicut
3063 4986 3191 5059 ipse
3214 4986 3314 5043 ait.
3336 4988 3532 5053 Quam

1866 5083 2070 5136 tamen
2096 5077 2351 5145 Pharao,
2373 5091 2478 5131 rex
2515 5074 2755 5147 Egipti,
2787 5090 3041 5131 uxorem
3070 5074 3280 5132 volens
3301 5076 3534 5150 accipe-

1864 5183 1951 5238 re,
1983 5166 2089 5223 sed
2118 5164 2354 5222 territus
2382 5162 2581 5230 nimis,
2613 5162 2717 5219 ubi
2757 5164 2809 5236 ej
2822 5181 2888 5220 us
2915 5181 3048 5222 esse
3079 5166 3363 5236 cognovit
3380 5183 3532 5222 uxo-

1866 5272 2017 5327 rem,
2064 5254 2316 5312 illaesum
2350 5252 2626 5310 reddidit.
2674 5252 2779 5309 Hic
2825 5254 2989 5311 enim
3034 5255 3415 5311 innuendum
3446 5258 3537 5313 est

1866 5350 2070 5404 utrum
2127 5342 2469 5400 conveniret
2514 5341 2762 5410 Abram,
2814 5348 2939 5400 tam
3000 5347 3208 5400 sancto
3260 5342 3411 5413 viro,
3470 5348 3537 5401 ut

1868 5435 2085 5492 celaret
2117 5433 2282 5492 Sarai
2306 5447 2559 5489 uxorem
2591 5447 2767 5488 suam
2790 5449 2940 5503 esse,
2970 5436 3027 5488 et
3056 5448 3163 5488 cur
3188 5447 3311 5488 non
3337 5433 3537 5504 magis

1866 5527 2118 5600 poneret
2142 5522 2205 5578 in
2235 5524 2355 5578 Deo
2382 5537 2552 5595 spem
2583 5537 2760 5577 suam
2790 5538 2865 5577 ne
2887 5520 3260 5579 occideretur
3289 5537 3327 5578 a
3356 5524 3539 5593 rege?

1869 5613 2211 5673 Ostenditur
2237 5610 2439 5685 itaque
2487 5611 2549 5667 in
2594 5611 2710 5667 hoc
2760 5612 2890 5683 ejus
2944 5610 3102 5669 facto
3150 5611 3318 5686 quod
3352 5612 3539 5669 homo

1867 5720 1993 5763 non
2023 5703 2203 5760 debet
2225 5705 2453 5758 tentare
2477 5700 2801 5758 Dominum
2833 5704 3022 5758 Deum
3054 5719 3256 5774 suum,
3288 5701 3540 5775 quando

1867 5793 2055 5852 habet
2102 5790 2271 5866 quod
2298 5789 2480 5849 faciat
2506 5808 2580 5850 ex
2624 5790 2968 5849 rationabili
3001 5793 3214 5865 [Petr.,
3244 5788 3545 5859 rationali]

3225 5885 3257 5935 6
