3944 6404
390 330 490 390 171

388 455 638 515 oonsilio
667 464 780 527 pro
835 448 1039 506 anima
1085 457 1215 498 sua.
1250 437 1403 495 Fecit
1429 433 1589 491 enim
1631 427 1800 504 quod
1847 421 2042 500 potuit
2071 418 2119 472 Α

388 558 501 621 pro
531 545 654 601 vita
669 518 824 607 sua;
855 534 1022 609 quod
1052 535 1253 589 autem
1281 540 1407 583 non
1436 521 1648 597 potuit,
1676 518 1759 574 illi
1788 529 2040 615 commi-

388 601 553 693 sitiin
590 646 773 706 quem
815 601 1093 700 speravit,
1137 618 1233 675 cui
1260 620 1317 672 et
1360 609 1712 706 pudicitiam
1747 601 2040 706 conjugis

388 695 867 782 commendavit.—
875 718 989 772 Nec
1017 725 1159 768 eum
1188 706 1338 762 ﬁdes
1365 719 1435 759 ac
1460 716 1597 774 spes
1628 695 1847 754 fefellit.
1866 696 2041 748 Nam-

389 826 508 888 que
537 812 770 867 Pharao
824 819 862 862 a
899 806 1018 860 Deo
1071 795 1331 863 territus,
1364 790 1688 888 multisque
1726 785 2042 888 propterea

393 866 573 960 malis
606 895 891 963 afﬂictus,
923 889 1028 947 ubi
1059 888 1191 959 ejus
1221 896 1476 940 uxorem
1504 874 1791 934 divinitus
1840 866 2043 925 didicit

386 992 639 1049 inuisam
667 1000 809 1042 cum
832 960 1065 1039 honore
1095 972 1355 1033 reddidit
1383 972 1511 1025 viro
1538 980 1669 1021 suo.
1703 960 1817 1019 Sed
1845 971 2039 1019 move,

386 1045 535 1137 iorte
560 1071 893 1151 quomodo,
909 1082 1045 1125 cum
1063 1063 1234 1123 Sarai
1255 1077 1293 1118 a
1318 1059 1633 1115 Pharaone
1658 1054 1835 1123 rapta
1850 1045 2041 1108 fuerit,

381 1145 672 1226 inviolata
697 1154 1115 1236 permanserit,
1143 1152 1279 1208 licet
1307 1161 1527 1219 corpus
1553 1145 1896 1198 sanctarum
1917 1150 2042 1190 mu-

383 1258 600 1315 lierum
628 1226 753 1310 non
781 1250 873 1305 vis
901 1242 1169 1303 maculat
1187 1233 1610 1310 [Z.,maculet],
1636 1247 1663 1284 s
1704 1228 1745 1283 d
1764 1226 2042 1315 voluntas

384 1311 771 1404 eti—circusare
818 1335 1013 1412 possit
1043 1334 1144 1404 [Z.,
1185 1326 1412 1403 posset]
1441 1321 1628 1412 Sarai,
1655 1316 1820 1412 quod
1867 1311 2044 1368 famis

386 1442 657 1507 tempore
688 1404 971 1494 sola'regi
1015 1422 1076 1478 in
1105 1414 1436 1493 peregrinis
1464 1409 1631 1479 locis,
1666 1404 1880 1462 marito
1906 1417 2045 1456 con-

387 1496 627 1583 nivente
656 1520 759 1591 [Z.,
788 1511 1067 1581 vivente],
1112 1507 1381 1563 resistere
1434 1496 1795 1571 nequiverit;
1840 1496 2045 1547 tamen

387 1615 590 1688 potest
644 1577 700 1664 et
747 1605 914 1662 aliter
952 1599 1112 1656 foeda
1158 1592 1482 1652 necessitas
1530 1582 1827 1648 excusari,
1882 1577 2047 1651 quod

1660 1673 1694 1688 ι.
1833 1686 1862 1688 ν,
1926 1666 2018 1688 μμ

384 1704 560 1776 juxta
606 1697 829 1753 librum
874 1690 1079 1747 Esther
1121 1694 1499 1759 quaecunque

390 2022 880 2127 ingrediebantur
924 2042 1003 2102 ad
1042 2054 1266 2110 regem.
1328 2040 1533 2107 Itaque
1575 2031 1658 2086 ita
1684 2030 1882 2101 potest
1924 2022 2048 2077 ﬁeri

390 2119 490 2203 ιιι*
511 2140 699 2211 Sarai,
729 2141 1055 2212 postquam
1104 2128 1419 2202 placuerat
1443 2120 1586 2189 regi,
1620 2119 1766 2173 dum
1796 2127 2049 2212 per‘an-

391 2250 540 2292 num
570 2201 699 2302 ejus
730 2201 808 2284 ad
833 2201 1036 2294 regem
1062 2201 1440 2294 praeparatur
1470 2208 1761 2271 introitus,
1785 2208 1841 2258 et
1869 2201 2050 2257 Abra-

391 2323 486 2379 hte
516 2296 708 2377 multa
736 2311 1071 2380 donaverit,
1103 2307 1335 2363 Pharao
1374 2306 1587 2374 postea
1607 2296 1680 2350 sit
1727 2306 2047 2365 percussus

395 2428 433 2469 a
484 2407 761 2474 Domino,
792 2403 895 2460 illa
938 2400 1139 2457 adhuc
1168 2394 1391 2451 intacta
1428 2389 1506 2444 ab
1551 2386 1679 2456 ejus
1727 2380 2051 2437 concubitu

392 2496 744 2576 permansit.
777 2490 1052 2565 Sequitur
1076 2504 1090 2542 :

1030 2628 1253 2688 CAPUT
1288 2626 1421 2681 XIII.

468 2770 646 2825 Vens.
677 2767 786 2821 1-3.
809 2791 879 2802 -
907 2754 1189 2815 Ascendit
1217 2766 1356 2822 ergo
1385 2748 1607 2803 Abram
1640 2742 1712 2798 de
1750 2740 2050 2809 Egi/pio,

400 2861 527 2931 ipse
554 2862 607 2914 et
654 2866 814 2910 uxor
842 2851 988 2919 ejus,
1022 2850 1077 2901 et
1124 2841 1324 2899 omnia
1372 2851 1501 2909 qua:
1534 2831 1810 2893 habebat,
1860 2834 1911 2883 et
1942 2827 2050 2881 Lot

402 2917 536 3006 cum
567 2960 631 3003 eo
676 2942 757 2999 ad
786 2917 1111 2997 australem
1158 2931 1425 3000 plagam.
1478 2926 1622 2978 lira!
1666 2924 1862 2975 autem
1892 2917 2053 2970 dives

403 3037 581 3095 valde
605 3035 669 3089 in
707 3026 1066 3102 possessione
1111 3018 1353 3090 argenti
1386 3021 1439 3072 et
1465 3013 1642 3075 auri;
1670 3019 2057 3074 reversusque

394 3093 511 3198 per
537 3093 793 3192 iterque
822 3117 1066 3173 venerat
1097 3126 1133 3167 a
1164 3106 1411 3164 meridie
1442 3106 1501 3158 in
1542 3093 2056 3198 Bel/tet.‘l’ulchre
2088 3126 2129 3180 ο

403 3184 479 3271 de
516 3184 770 3283 Egypto
796 3205 1083 3262 liberatus
1107 3194 1451 3255 ascendisse
1473 3190 1687 3245 dicitur
1725 3184 1802 3240 ad
1832 3187 2057 3238 austra-

401 3304 522 3360 lem
551 3271 898 3374 plagam,id
915 3296 1003 3349 est
1026 3289 1103 3347 ad
1126 3283 1477 3364 meridiem;
1511 3293 1629 3333 non
1661 3274 1821 3331 cnim
1846 3271 2060 3339 legitur

406 3358 739 3447 declinasse
765 3358 1094 3455 aliquando
1125 3358 1205 3432 ad
1233 3371 1625 3429 occidentem.
1662 3363 1774 3421 Sed
1804 3358 2062 3415 occurrit

404 3480 547 3537 huic
575 3474 779 3533 sensui
805 3450 955 3528 illud
977 3465 1145 3541 quod
1181 3461 1469 3534 sequitur,
1511 3450 1819 3527 quomodo
1852 3453 2060 3541 potue-

405 3535 482 3626 rit
495 3567 698 3624 exiens
717 3563 793 3620 de
815 3535 1078 3632 Egypm
1100 3553 1283 3610 fuisse
1313 3549 1480 3604 dives
1510 3542 1685 3599 valde
1703 3541 1730 3595 ‘?
1755 3537 1927 3632 Quod
1949 3535 2064 3591 sol-

408 3659 567 3715 vitur
641 3653 745 3711 illa
800 3626 1097 3705 Hebraica
1168 3640 1433 3704 veritate,
1484 3634 1695 3704 inqua
1751 3626 2058 3682 scribitur:

409 3748 635 3804 Abram
653 3741 856 3814 gravis
886 3736 1278 3793 vehementer.
1312 3723 1551 3797 digypti
1580 3721 1760 3814 enim
1795 3715 2060 3789 pondere

412 3804 796 3907 gravabatur.
827 3829 896 3883 Et
909 3824 1049 3881 licet
1070 3819 1383 3876 videantur
1405 3827 1535 3869 esse
1559 3808 1775 3865 divitiae
1808 3804 2060 3877 pecoris,

411 3896 545 3983 auri
570 3927 627 3979 et
645 3915 894 3990 argenti,
919 3919 1122 3970 tamen
1150 3908 1198 3963 si
1218 3902 1515 3977 Egyptiaa
1539 3898 1671 3963 sint,
1688 3896 1816 3950 viro
1835 3897 2061 3959 sancto,

410 4014 585 4085 cujus
614 3985 831 4082 typum
860 4000 1072 4069 tenuit,
1104 4010 1318 4068 graves
1348 3995 1507 4047 sunt.
1534 3986 1798 4058 Denique
1823 3998 1967 4047 non,
1999 3985 2066 4036 ut

411 4072 894 4166 in'LXX'legitur,
941 4088 1089 4147 abiit
1142 4083 1303 4140 unde
1344 4082 1611 4146 venerat,
1643 4075 1707 4129 in
1734 4072 2062 4166 desertum

410 4204 599 4263 usque
642 4160 876 4249 Bethel,
908 4178 1017 4235 sed
1046 4175 1199 4231 sicut
1231 4172 1294 4227 in
1350 4168 1596 4225 Hebraeo
1635 4162 1924 4233 scriptum
1979 4160 2068 4213 est

410 4248 562 4339 abiit
585 4277 799 4333 itinere
820 4248 926 4325 suo
947 4281 1060 4337 per
1073 4268 1349 4321 austrum
1379 4270 1564 4328 usque
1584 4251 1815 4310 Bethel.
1841 4248 2065 4304 Idcirco

412 4336 573 4424 enim
589 4363 665 4419 de
693 4336 957 4430 Egypto
980 4352 1281 4428 profectus
1310 4351 1417 4413 est,
1436 4350 1638 4400 utnon
1654 4340 1961 4395 desertum
1983 4336 2068 4390 in-

414 4425 1137 4525 grederetur:quod—cum
1166 4440 1420 4510 [Egypto
1450 4432 1790 4525 reliquerat,
1820 4425 1940 4525 sed,
1959 4440 2066 4525 per

413 4545 706 4603 austrum,
726 4513 1119 4611 qui-aquiloni
1134 4525 1467 4584 contrarius
1492 4524 1600 4589 est,
1617 4517 1845 4574 veniret
1868 4514 1945 4571 ad
1961 4513 2067 4569 do-

413 4645 585 4689 mum
612 4603 867 4693 Deifubi
909 4603 1110 4678 iuerat
1138 4611 1600 4673 tabernaculum
1628 4608 1758 4678 ejus
1786 4606 1939 4693 inter
1967 4603 2071 4659 Be-

411 4719 536 4779 thel
561 4723 617 4776 et
645 4691 769 4775 Hai.
800 4713 985 4785 Igitur
1013 4709 1235 4766 Abram
1260 4704 1323 4760 in
1350 4702 1466 4758 hoc
1494 4695 1662 4772 quod
1698 4692 1966 4751 ascendit
1994 4691 2069 4785 de

413 4812 691 4881 Egypto,
722 4781 1042 4862 Dominum
1076 4813 1147 4854 ac
1190 4792 1653 4863 Redemptorem
1682 4786 1957 4840 nostrum
1986 4781 2067 4836 si-

412 4869 680 4970 gniﬁcat,
713 4893 817 4968 qui
870 4897 937 4947 ut
988 4884 1265 4960 superius
1318 4879 1603 4943 diximus,
1659 4871 1969 4929 descendit
2009 4869 2070 4925 in

412 4961 1033 5057 :Egyptum-Nidelicet
1052 4976 1115 5032 in
1133 4975 1297 5030 hunc
1318 4965 1638 5057 mundum,
1657 4961 1890 5035 expleto
1912 4975 2074 5057 mys-

411 5046 799 5131 terionostrie
809 5054 1532 5138 redemptionis,ascendit
1550 5053 1628 5110 ad
1644 5053 1878 5107 Patrem
1889 5046 2074 5138 .Unde

413 5165 571 5219 bene
599 5158 816 5215 dicitur
842 5156 919 5212 de
951 5137 1178 5209 Abram
1224 5146 1393 5221 quod
1428 5158 1705 5200 reversus
1729 5140 1803 5195 sit
1832 5154 1939 5211 per
1966 5137 2075 5192 iter

411 5266 538 5324 quo
560 5251 806 5306 venerat
831 5245 896 5300 in
925 5239 1122 5298 Bethel
1151 5254 1189 5294 a
1215 5234 1464 5293 meridie
1489 5252 1503 5301 ;
1531 5230 1675 5305 quia
1704 5230 1832 5302 ipse
1871 5225 2076 5295 unige-

410 5313 574 5396 nitus
604 5337 781 5394 Filius
828 5334 892 5389 in
915 5331 1041 5387 suis
1070 5322 1567 5402 praedicatoribus
1619 5320 1680 5375 in
1707 5318 1828 5373 ﬁne
1875 5313 2074 5371 saeculi

408 5441 762 5485 reversurus
792 5426 883 5479 est
927 5419 1009 5477 ad
1035 5416 1349 5474 Judaicam
1398 5411 1638 5485 plebem
1671 5409 1844 5480 juxta
1885 5402 2071 5460 illud:

411 5517 565 5574 Cum
605 5510 919 5583 plenitudo
965 5506 1247 5577 temporis
1289 5499 1743 5569 subintraverit,
1784 5501 1932 5551 tunc
1972 5507 2070 5548 om

406 5606 505 5661 nis
529 5603 723 5659 Israel
751 5601 954 5657 salvus
984 5598 1082 5667 ﬁet
1109 5596 1298 5665 (Rom.
1320 5609 1401 5662 x1,
1432 5595 1551 5655 25).

483 5694 651 5748 Vens.
686 5694 853 5746 5.-12.
880 5719 949 5728 -
994 5685 1113 5743 Sed
1139 5690 1196 5741 et
1223 5685 1354 5749 Lot,
1386 5680 1492 5751 qui
1528 5682 1660 5735 erat
1685 5690 1817 5731 cum
1845 5671 2076 5728 Abram

404 5784 663 5856 fuerunt
686 5793 897 5852 greges
923 5777 1140 5845 ovium,
1150 5778 1209 5832 et
1224 5774 1535 5839 armenta,
1556 5771 1611 5824 et
1629 5761 2030 5822 tabernacula
2056 5770 2081 5830 ,'

1503 302 1859 365 ANGELOMI
1896 290 2358 355 LUXOVIENSIS
2394 289 2706 347 MONACHI

3718 275 3829 331 1⁸72

2151 430 2259 473 nec
2286 419 2524 485 poterat
2551 428 2644 469 eos
2670 424 2884 480 capere
2913 413 3097 471 terra,
3132 406 3187 458 et
3224 404 3456 467 caetera,
3489 411 3831 471 usquequo

2153 505 2254 574 ait,
2288 505 2468 560 divisi
2512 507 2653 557 sunt
2677 502 3037 557 alterutrum
3072 509 3107 549 a
3152 492 3354 561 fratre
3400 504 3527 544 suo.
3559 490 3686 553 Lot,
3717 485 3831 557 qui

2151 593 2573 665 interpretatur
2596 591 2927 650 declinans,
2958 582 3253 651 signiﬁcat
3295 576 3535 634 Iudaeos
3560 574 3666 648 qui
3696 589 3833 629 non

2152 681 2453 738 credendo
2482 679 2927 736 declinaverunt
2952 690 2987 727 a
3020 667 3689 738 Deo.Abraham,prout
3712 678 3831 718 sat.-

2150 787 2227 845 pe
2253 764 3028 843 descripsimus,Dominum
3052 757 3364 828 signiﬁcat.
3397 756 3615 822 Greges
3640 754 3752 808 Lot
3774 754 3833 806 et

2151 842 2673 930 armenta,plebes
2703 860 2759 910 et
2786 852 3024 909 diversa
3040 843 3452 903 conventicula
3467 842 3495 894 J
3504 842 3831 898 udteorum

2150 929 2484 1004 inﬁdelium
2528 946 3010 1016 interpretantur.
3046 936 3210 994 Unde
3241 940 3299 990 et
3354 933 3509 989 bene
3559 929 3826 985 dicitur:

2151 1040 2223 1094 Et
2241 1040 2411 1108 facta
2437 1041 2519 1092 est
2550 1036 2691 1089 rixa
2721 1034 2881 1087 inter
2903 1034 3172 1098 pastores
3199 1039 3449 1095 gregum
3480 1023 3516 1075 Α
3533 1020 3710 1075 bram
3769 1023 3829 1072 et

2149 1106 2280 1182 Lot.
2335 1128 2440 1180 Per
2497 1126 2767 1195 pastores
2823 1119 3045 1174 Abram
3097 1112 3512 1183 significantur
3558 1106 3830 1180 apostoli

2152 1213 2380 1269 Christi.
2410 1216 2514 1268 Per
2543 1214 2813 1283 pastores
2842 1210 2944 1263 Lot
2975 1201 3289 1259 Sadducaei
3315 1198 3733 1267 intelliguntur
3773 1198 3835 1248 et

2152 1301 2453 1370 Pharise-i,
2485 1282 2589 1372 qui
2624 1297 2881 1354 multum
2925 1294 3077 1350 inter
3109 1308 3171 1346 se
3203 1287 3467 1346 altercati
3512 1289 3671 1341 sunt.
3710 1282 3834 1340 Sed

2152 1404 2213 1459 in
2252 1392 2366 1446 hoc
2414 1389 2577 1461 quod
2618 1387 2735 1443 ait:
2773 1385 3154 1441 Chananaaus
3180 1386 3377 1435 autem
3408 1383 3463 1433 et
3489 1374 3833 1431 Pherezeus

2155 1481 2508 1538 habitabant
2538 1478 2601 1532 in
2652 1482 2820 1532 terra
2868 1474 3001 1534 illa,
3034 1485 3214 1542 super
3243 1464 3576 1523 immundis
3605 1461 3831 1535 spiriti-

2156 1570 2270 1626 bus
2291 1569 2772 1640 interpretantur,
2798 1562 2901 1635 qui
2926 1562 3283 1633 potestatem
3309 1552 3705 1612 habebantin
3734 1551 3838 1604 Ju-

2158 2101 2500 2157 dividentur
2528 2097 2606 2154 ab
2627 2095 2905 2152 invicem.
2926 2091 3150 2148 Recede
3174 2105 3211 2145 a
3225 2104 3339 2154 me,
3362 2085 3557 2159 inquit
3574 2083 3833 2152 Abram,

2159 2192 2416 2255 obsecro,
2463 2187 2543 2243 ad
2573 2187 2699 2241 Lot.
2730 2186 2800 2241 Si
2837 2183 2917 2239 ad
2944 2182 3252 2237 sinistram
3300 2177 3462 2241 ieris,
3490 2190 3596 2244 ego
3629 2173 3839 2228 dexte-

2155 2295 2291 2336 ram
2320 2278 2560 2341 tenebo;
2573 2276 2625 2329 si
2646 2274 2957 2330 dexteram
2980 2268 3250 2339 elegeris,
3280 2281 3386 2335 ego
3416 2264 3498 2321 ad
3516 2263 3835 2317 sinistram

2155 2383 2424 2438 pergam.
2462 2363 2774 2436 Proprium
2802 2360 3005 2432 itaque
3039 2354 3315 2413 concedit
3363 2355 3426 2409 in
3474 2352 3589 2408 hoc
3627 2349 3836 2405 Domi-

2159 2472 2295 2525 nus,
2312 2462 2606 2526 tanquam
2627 2450 2851 2507 Abram
2878 2446 3192 2504 arbitrium
3220 2447 3324 2515 [Z.,
3344 2459 3459 2498 om.
3490 2438 3836 2508 arbitrium]

2159 2544 2323 2602 fratri
2345 2540 2740 2611 suo,Judaico
2764 2537 3035 2593 videlicet
3063 2534 3316 2607 populo,
3338 2547 3411 2586 ex
3431 2545 3556 2602 quo
3580 2542 3837 2583 carnem

2159 2648 2466 2691 assumere
2496 2630 2776 2699 dignatus
2797 2632 2902 2681 est.
2936 2624 3201 2695 Denique
3223 2637 3330 2694 per
3347 2619 3660 2675 dexteram
3677 2615 3837 2671 ﬁdes

2159 2722 2255 2780 vel
2286 2721 2403 2776 vita
2430 2719 2650 2784 futura,
2679 2716 2753 2771 de
2780 2730 2903 2786 qua
2934 2712 3193 2768 Ecclesia
3220 2710 3339 2766 ait:
3371 2710 3551 2763 Laeva
3572 2707 3703 2774 ejus
3724 2703 3837 2758 sub

2161 2813 2357 2881 capite
2371 2814 2576 2878 meo,et
2594 2808 2844 2864 dextera
2862 2804 3028 2860 illius
3047 2799 3497 2871 amplexabitur
3516 2810 3609 2851 me
3625 2796 3834 2864 (Cant.

2166 2918 2226 2966 ιι,
2257 2906 2334 2965 6).
2366 2903 2470 2955 Per
2504 2897 2805 2953 sinistram
2833 2893 2950 2948 vita
2979 2905 3264 2964 praesens,
3290 2902 3479 2960 quam
3523 2883 3841 2955 elegerunt

2160 2989 2369 3047 Judaei.
2408 2987 2574 3043 Unde
2605 2989 2662 3041 et
2687 2984 2941 3039 dicitur:
2976 2980 3245 3036 Elevatis
3274 2981 3475 3033 autem
3504 2976 3606 3029 Lot
3640 2973 3837 3028 oculis

2163 3079 2313 3135 vidit
2344 3092 2573 3132 omnem
2603 3072 2769 3131 circa
2793 3070 3086 3126 Jordanis
3137 3068 3461 3137 regionem,
3495 3068 3551 3117 et
3575 3061 3834 3133 reliqua.

2155 3167 2360 3234 Aliter.
2396 3168 2547 3221 Bene
2577 3163 2659 3219 ait
2686 3180 2698 3217 :
2734 3162 2789 3216 si
2816 3167 2881 3216 tu
2904 3158 2986 3215 ad
3013 3158 3323 3213 sinistram
3358 3153 3519 3217 ieris,
3551 3166 3657 3220 ego
3689 3150 3839 3206 dex-

2165 3263 2351 3312 teram
2385 3253 2608 3321 tenebo,
2638 3255 2775 3317 etc.;
2804 3247 2952 3321 quia
2980 3247 3041 3302 in
3071 3245 3168 3300 die
3194 3242 3405 3315 judicii
3428 3238 3599 3296 multi
3631 3254 3710 3293 ex
3735 3240 3838 3293 Ju-

2164 3344 2311 3401 daeis
2330 3340 2613 3399 credituri
2643 3342 2817 3394 erunt
2859 3336 2919 3391 in
2947 3337 3156 3403 Deum,
3199 3338 3254 3388 et
3274 3329 3448 3386 multi
3478 3344 3551 3385 ex
3582 3326 3837 3382 creden-

2167 3432 2325 3489 tibus
2372 3427 2681 3486 recessuri.
2713 3429 2779 3481 Et
2808 3425 2921 3479 hoc
2953 3428 3041 3478 est
3077 3420 3245 3494 quod
3275 3419 3376 3488 ait,
3401 3433 3506 3489 ego
3551 3414 3633 3472 ad
3659 3415 3837 3470 sinis-

2168 3527 2327 3578 tram
2346 3534 2616 3591 pergam.
2640 3516 2808 3570 Tunc
2835 3512 2995 3568 enim
3011 3510 3273 3566 Christus
3291 3512 3583 3579 tanquam
3604 3503 3839 3559 Abram

2166 3610 2230 3667 in
2261 3608 2661 3673 credentibus,
2693 3602 2798 3677 qui
2828 3600 3187 3657 videbantur
3216 3612 3349 3653 esse
3370 3596 3500 3667 ejus
3530 3592 3834 3662 membra,

2170 3700 2245 3757 ad
2303 3699 2605 3754 sinistram
2653 3690 2995 3749 declinabit.
3030 3688 3089 3745 Si
3127 3691 3330 3744 autem
3383 3684 3464 3741 ad
3519 3682 3836 3738 haereticos

2167 3788 2385 3846 referre
2402 3784 2678 3851 volueris,
2698 3787 2840 3838 tunc
2862 3776 3288 3850 adimplebitur
3312 3775 3427 3830 hoc
3452 3769 3620 3845 quod
3641 3771 3838 3842 Scrip-

2170 3883 2305 3935 tura
2334 3875 2494 3941 dicit,
2528 3873 2739 3930 recede
2767 3886 2805 3927 a
2834 3884 2946 3938 me,
2984 3867 3242 3932 obsecro,
3274 3861 3524 3937 quando
3562 3859 3839 3915 dicturus

2170 3971 2258 4023 est
2277 3966 2389 4021 eis:
2422 3963 2719 4019 Discedite
2746 3975 2783 4016 a
2812 3974 2922 4026 me,
2976 3954 3304 4024 maledicti,
3336 3952 3401 4007 in
3443 3952 3640 4022 ignem
3667 3955 3841 4005 mter-

2171 4073 2315 4112 num
2346 4051 2589 4125 (Matth.
2619 4067 2751 4119 xxv,
2773 4048 2883 4119 41).
2920 4045 3084 4102 Unde
3114 4044 3553 4114 consequenter
3582 4038 3840 4110 subjun-

2173 4145 2351 4216 gitur,
2376 4144 2430 4199 si
2469 4142 2549 4198 ad
2576 4141 2884 4195 sinistram
2905 4136 3065 4200 ieris,
3098 4148 3202 4203 ego
3259 4131 3573 4188 dexteram
3604 4127 3838 4194 tenebo,

2172 4239 2282 4291 etc.
2312 4236 2414 4289 Per
2435 4231 2743 4286 dexteram
2754 4223 3212 4299 prosperitatem
3234 4217 3630 4285 mundialem,
3644 4230 3841 4288 quam

2172 4321 2433 4380 haeretici
2455 4319 2701 4389 eligunt,
2739 4314 3241 4386 interpretantur;
3264 4325 3371 4382 per
3410 4306 3716 4363 sinistram
3748 4305 3840 4360 in-

2172 4411 2517 4468 ﬁdelitatem
2543 4406 2639 4463 vel
2662 4404 2983 4461 infernum.
3013 4400 3184 4467 Quod
3212 4414 3351 4454 vero
3378 4396 3605 4452 Abram
3630 4393 3840 4449 dexte—

2172 4518 2306 4559 ram
2332 4499 2575 4572 plagam
2606 4494 2798 4564 elegit,
2828 4491 3036 4560 ﬁdem,
3057 4488 3151 4544 vel
3177 4502 3434 4559 regnum
3454 4488 3839 4545 sanctorum;

2174 4590 2341 4664 quod
2369 4593 2571 4645 autem
2603 4583 2923 4651 sinistram,
2955 4577 3423 4635 contractionem
3485 4572 3837 4633 voluntatis,

2173 4661 2301 4753 qua
2328 4677 2389 4734 in
2419 4673 2709 4732 membris
2734 4670 2855 4726 suis
2885 4665 3312 4725 condescendit
3334 4664 3427 4720 his
3456 4661 3561 4736 qui
3583 4662 3646 4717 in
3672 4676 3842 4717 amo-

2175 4748 2303 4825 rem
2330 4763 2637 4840 praesentis
2665 4762 2811 4829 vitae,
2843 4774 2979 4831 quin
3013 4755 3402 4823 significatur,
3436 4756 3501 4808 ut
3531 4765 3721 4823 supra
3751 4748 3841 4804 di-

2175 4859 2397 4926 ximus,
2447 4870 2547 4927 per
2598 4851 2922 4919 sinistram,
2980 4845 3555 4903 commemorantur.
3592 4840 3761 4896 Unde
3789 4842 3844 4893 et

2178 4944 2474 5007 Jordanis,
2516 4947 2583 4998 ut
2608 4940 2862 5014 quidam
2912 4936 3138 5002 volunt,
3197 4933 3261 4989 in
3298 4933 3414 4988 hoc
3458 4929 3594 4986 loco
3623 4927 3844 4984 doctri-

2179 5053 2323 5095 nam
2346 5032 2759 5091 haereticorum
2781 5026 3057 5096 ostendit,
3072 5040 3110 5080 a
3127 5038 3252 5097 quo
3276 5019 3681 5091 irrigabantur
3708 5017 3843 5073 uni-

2179 5142 2375 5195 versa,
2403 5122 2549 5197 quia
2577 5121 2661 5176 sic
2692 5118 2924 5174 videtur
2955 5115 3101 5183 suis,
3136 5117 3200 5169 ut
3225 5112 3380 5167 bene
3432 5108 3709 5165 doctrina
3758 5108 3845 5181 ip-

2180 5231 2387 5272 sorum
2417 5211 2709 5281 irrigetur.
2753 5207 3130 5277 Quapropter
3157 5201 3265 5258 rite
3292 5200 3395 5271 [Z.,
3422 5197 3600 5268 recte]
3633 5196 3845 5251 subin-

2182 5306 2386 5373 fertur,
2418 5298 2787 5360 venientibus
2825 5298 2885 5352 in
2915 5295 3120 5363 Segor.
3154 5294 3338 5361 Segor
3362 5287 3633 5359 parvula
3661 5286 3844 5342 inter-

2182 5398 2467 5468 pretatur,
2497 5389 2641 5461 quia
2666 5386 2749 5443 illi
2778 5384 2886 5457 qui
2922 5381 3001 5439 ab
3031 5378 3321 5436 haereticis
3350 5374 3755 5448 decipiuntur,
3783 5374 3843 5428 in

2184 5464 2420 5552 magnis
2444 5479 2724 5535 videntur
2743 5489 2897 5542 esse,
2928 5470 3034 5526 sed
3055 5470 3117 5525 in
3148 5468 3469 5540 exiguitate
3499 5480 3572 5522 ac
3601 5464 3846 5521 miseria

2183 5573 2522 5630 detinentur
2550 5572 2608 5624 et
2634 5565 2714 5623 ad
2737 5562 2993 5620 nihilum
3014 5560 3286 5617 tendunt.

2254 5666 2424 5719 Vens.
2457 5663 2542 5716 13.
2572 5687 2643 5697 -
2697 5654 2983 5710 Homines
3013 5655 3213 5706 autem
3240 5647 3563 5703 Sodomita
3598 5642 3849 5713 pessimi

2183 5758 2381 5823 erant,
2392 5756 2447 5809 et
2470 5751 2810 5819 peccatores
2830 5758 3033 5802 coram
3047 5739 3302 5798 Domino
3319 5736 3518 5796 nimis.
3531 5732 3845 5807 Superﬂue
