3944 6418
132 302 213 358 173

1472 296 1853 358 COMMENT.
1896 298 1964 354 IN
2008 298 2168 353 GEN.

3452 305 3553 359 174

123 423 372 481 additum
398 427 506 488 est,
534 438 739 481 coram
773 425 1037 485 Domino,
1060 424 1216 481 sicut
1240 425 1301 481 in
1332 427 1456 482 LXX
1478 424 1657 480 etiam
1672 422 1760 478 in-
1789 425 1838 480 Α
1874 423 2165 479 silvestris
2189 424 2446 481 habebat
2468 429 2683 493 puteos
2714 423 3020 479 bituminis
3063 424 3304 480 multos.
3342 425 3554 495 Itaque

124 513 348 579 venitur;
383 512 683 586 siquidem
720 513 1121 570 Sodomorum
1151 513 1346 570 coloni
1377 515 1540 587 apud
1568 511 1760 569 homi—

121 619 212 658 nes
238 601 375 658 mali
403 606 461 658 et
486 608 836 675 peccatores
866 608 1054 660 erant.
1091 603 1185 659 Ille
1217 608 1418 661 autem
1458 603 1673 660 dicitur
1702 601 1763 657 in

121 697 419 764 conspectu
450 692 551 748 Dei
577 697 875 765 peccator,
909 693 1013 765 qui
1044 697 1242 765 potest
1279 693 1443 765 apud
1486 692 1765 749 homines

116 781 292 851 justus
321 780 526 849 videri,
550 780 865 853 quomodo
888 782 961 836 de
989 782 1272 838 Zacltaria
1300 789 1357 838 et
1378 782 1678 838 Elisabeth
1702 780 1764 835 in

120 869 397 941 praeconio
429 870 694 942 ponitur,
723 870 886 942 quod
914 870 1133 927 fuerint
1157 872 1300 941 justi
1331 871 1517 928 ambo
1542 871 1601 926 in
1629 886 1767 926 con-

117 965 306 1032 spectu
328 958 447 1029 Dei,
470 963 528 1015 et
553 959 615 1015 in
642 959 880 1031 psalmo
906 959 1154 1017 dicitur:
1177 961 1314 1018 Non
1326 960 1768 1031 justiﬁcabitur

117 1050 171 1103 in
200 1055 505 1118 conspectu
540 1055 642 1104 tuo
668 1050 859 1104 omnis
884 1051 1086 1105 vivens
1117 1051 1307 1116 (Psal.
1341 1065 1509 1115 CXLII,
1543 1050 1619 1121 2).

180 1139 338 1194 Vens.
374 1138 562 1192 14-17.
584 1138 842 1194 —Di.z'it
869 1154 1009 1209 ergo
1036 1139 1194 1195 Deus
1221 1139 1302 1196 ad
1318 1140 1546 1196 Abram
1565 1154 1588 1195 .'
1608 1140 1765 1195 Leva

116 1228 298 1282 oculos
326 1232 476 1294 tuos,
512 1233 565 1282 et
600 1227 734 1283 vide
762 1242 802 1283 a
841 1228 968 1283 loco
1005 1230 1066 1283 in
1117 1244 1232 1300 quo
1265 1233 1329 1283 tu
1361 1244 1524 1286 nunc
1574 1244 1654 1298 es,
1686 1227 1768 1283 ad

115 1317 460 1387 aquilonem,
494 1322 551 1374 et
581 1317 665 1374 ad
693 1322 991 1388 austrum,
1017 1318 1097 1373 ad
1124 1319 1436 1388 orientem,
1460 1324 1512 1375 et
1544 1319 1626 1374 ad
1649 1332 1767 1373 ma-

114 1420 189 1471 re,
216 1406 353 1476 quia
384 1421 617 1462 omnem
645 1411 867 1463 terram
897 1422 1079 1477 quam
1098 1413 1162 1462 lu
1195 1408 1377 1478 vides,
1398 1408 1508 1463 tibi
1534 1408 1688 1463 dabo
1710 1412 1765 1463 et

112 1496 306 1551 semini
329 1501 451 1551 tuo.
482 1494 541 1551 Si
571 1496 734 1551 enim
765 1501 919 1551 terra
954 1499 1184 1552 tantum
1205 1496 1668 1568 promittebatur
1688 1495 1763 1567 ei,

112 1599 283 1656 quam
332 1589 472 1639 tunc
518 1584 580 1640 in
630 1600 754 1640 uno
805 1583 939 1641 loco
992 1590 1156 1641 stans
1203 1585 1407 1642 videre
1437 1586 1631 1658 potuit
1658 1600 1765 1657 per

111 1678 353 1744 quatuor
369 1673 619 1729 climata
648 1673 884 1743 mundi,
911 1680 1172 1744 angusta
1193 1674 1429 1731 videtur
1449 1691 1577 1730 esse
1610 1680 1765 1731 terra

1874 528 1985 567 rea:
2032 512 2445 575 Sodomorum,
2477 520 2531 570 et
2583 513 2934 570 Gomorrhze
2981 518 3152 584 terga
3205 518 3550 589 verterunt,

1874 601 2335 674 cecideruntque
2359 603 2457 669 ibi,
2478 608 2533 660 et
2559 604 2665 674 qui
2683 607 3126 671 remanserunt,
3142 602 3443 674 fugerunt
3467 603 3554 660 ad

1872 697 2098 747 montes
2116 693 2504 764 tuleruntque
2520 708 2749 749 omnem
2765 692 3166 748 substantiam
3187 707 3391 749 eorum
3395 734 3413 764 ,
3438 708 3546 750 nec

1874 796 1995 837 non
2025 786 2079 837 et
2108 782 2238 845 Lot,
2268 787 2324 837 et
2352 783 2751 838 substantiam
2791 783 2940 851 ejus,
2965 785 3022 838 et
3053 780 3308 855 reliqua.
3335 785 3552 839 Notan-

1874 868 2022 925 dum
2072 876 2161 926 est
2209 870 2376 943 quod
2426 872 2623 941 Balce,
2654 887 2789 944 quae
2822 875 2878 927 et
2909 872 3115 941 Segor,
3148 870 3396 927 tradunt
3448 874 3551 928 He-

1874 957 2039 1026 braei,
2073 959 2218 1031 quia
2246 960 2397 1015 sicut
2426 960 2488 1016 in
2518 960 2636 1017 alio
2665 960 2799 1017 loco
2830 960 3167 1016 ostenditur
3224 960 3548 1033 Scriptura:

1874 1047 2031 1102 hanc
2060 1048 2339 1104 eamdem
2370 1065 2503 1105 esse
2534 1050 2757 1117 Salisa,
2791 1055 2849 1105 et
2877 1050 3346 1122 interpretantur
3394 1051 3547 1107 vitu-

1876 1138 1995 1194 lam
2030 1143 2536 1209 cons‘ternantem,
2558 1139 2725 1211 quod
2750 1138 2972 1195 scilicet
2992 1139 3161 1195 tertio
3185 1144 3353 1195 motu
3374 1142 3545 1195 terra:

1877 1226 2163 1299 absorpta
2186 1228 2278 1296 sit,
2306 1232 2361 1283 et
2385 1244 2459 1283 ex
2489 1245 2559 1284 eo
2591 1231 2863 1301 tempore
2892 1243 3017 1300 quo
3051 1228 3312 1285 Sodoma
3339 1232 3397 1284 et
3431 1230 3545 1295 Go-

1873 1316 2141 1388 morrha,
2172 1317 2425 1385 Adama,
2461 1321 2518 1373 et
2572 1317 2793 1374 Seboin
2831 1316 3034 1373 divino
3083 1316 3209 1387 igni
3236 1316 3544 1374 subversae

1876 1410 2035 1477 sunt,
2069 1406 2167 1462 illa
2208 1406 2465 1477 parvula
2508 1410 2935 1478 nuncupatur;
2971 1405 3018 1461 si
3065 1405 3313 1480 quidem
3361 1408 3546 1475 Segor

1876 1495 2197 1552 tranfertur
2226 1496 2284 1550 in
2335 1497 2685 1564 parvulam.
2720 1495 2900 1551 Vallis
2941 1500 3146 1552 autem
3180 1494 3541 1564 Salinarum,

1874 1601 2010 1657 quin
2042 1589 2099 1639 et
2130 1585 2298 1641 vallis
2333 1585 2616 1641 silvestris
2647 1584 2884 1649 dicitur,
2914 1584 3065 1641 sicut
3092 1584 3155 1640 in
3178 1584 3294 1640 hoc
3325 1582 3541 1641 eodem

1872 1674 2026 1729 libro
2046 1674 2337 1736 scribitur,
2354 1674 2417 1730 in
2434 1691 2556 1748 qua
2572 1674 2815 1730 fuerunt
2831 1678 3007 1731 antea
3028 1673 3192 1747 putei
3207 1672 3539 1742 bituminis,

108 1762 594 1834 repromissionis.
632 1766 760 1818 Non
790 1764 904 1818 hoc
950 1764 1148 1818 solum
1201 1769 1365 1820 terrae
1392 1764 1760 1836 promissum
1793 1785 1837 1838 Β
1875 1769 2013 1836 post
2040 1764 2142 1819 Dei
2172 1764 2325 1820 iram
2353 1768 2410 1820 et
2454 1764 2762 1837 sulphuris
2792 1763 3064 1837 pluviam
3094 1763 3156 1819 in
3201 1778 3369 1819 mare
3400 1766 3547 1821 Mor-

111 1857 189 1907 est
214 1867 394 1925 quam
421 1851 613 1908 .idere
640 1851 852 1925 potuit.
874 1856 1001 1908 Non
1025 1854 1185 1907 enim
1208 1853 1436 1909 dictum
1463 1859 1551 1909 est
1575 1871 1586 1908 :
1620 1856 1765 1909 Tan-

112 1946 224 1997 tum
246 1946 409 1997 terras
444 1941 546 1997 tibi
565 1941 728 1997 dabo
755 1946 1052 2013 quantum
1086 1942 1283 2010 vides;
1310 1943 1581 2009 sed,’l‘ibi
1601 1942 1763 1999 dabo

112 2032 311 2086 terram
330 2046 523 2104 quam
548 2030 738 2097 vides,
759 2048 900 2087 cum
923 2037 980 2088 et
1004 2031 1247 2087 ulterior
1281 2032 1547 2104 undique
1579 2031 1763 2088 daba-

111 2124 212 2175 tur.
244 2122 309 2174 Et
330 2120 557 2176 idcirco
590 2119 939 2191 subjunxit:
975 2121 1170 2192 Surge
1200 2126 1255 2177 et
1272 2122 1634 2190 perambula
1655 2128 1766 2177 ter-

111 2222 228 2264 ram
254 2211 311 2264 in
347 2210 676 2266 latitudine
694 2215 750 2266 et
777 2211 1174 2281 longitudine,
1196 2216 1258 2266 ut
1280 2210 1764 2282 perambulando

109 2298 430 2370 perveniret
459 2300 543 2356 ad
573 2316 646 2355 ea
666 2315 803 2371 quas
834 2299 1022 2356 oculis
1056 2316 1176 2355 uno
1206 2298 1342 2355 loco
1366 2305 1531 2356 stans
1562 2301 1764 2356 videre

109 2402 221 2444 non
247 2394 472 2461 posset.
519 2388 983 2459 Signiﬁcabatur
1019 2393 1222 2445 autem
1254 2405 1324 2445 ea
1358 2395 1529 2456 terra,
1576 2405 1764 2461 quam

111 2477 331 2534 carnale
378 2494 589 2534 semen
631 2478 764 2550 ejus
816 2483 1207 2551 accepturum
1260 2482 1403 2534 erat.
1438 2482 1586 2534 Nam
1618 2478 1763 2534 illud

113 2566 358 2638 spiritale
410 2567 593 2624 totius
637 2568 853 2623 mundi
904 2568 1282 2625 latitudinem
1340 2584 1764 2639 possessurum

110 2660 239 2712 erat.
274 2659 425 2713 Dum
450 2656 623 2725 dixit,
657 2657 739 2713 ad
762 2658 1047 2714 orientem
1080 2664 1133 2713 et
1165 2658 1245 2713 ad
1265 2673 1452 2725 mare,
1476 2657 1623 2730 quid
1646 2657 1765 2713 dic-

111 2748 226 2803 tum
255 2747 390 2802 est?
423 2745 586 2804 Solet
639 2746 800 2803 enim
855 2746 1163 2819 Scriptura
1215 2751 1443 2816 sancta,
1493 2748 1641 2803 dum
1690 2747 1764 2803 de

110 2834 288 2905 plagis
330 2841 503 2892 terras
560 2836 1048 2907 repromissionis
1098 2835 1384 2907 loquitur,
1435 2852 1601 2892 mare
1653 2852 1765 2910 pro

109 2925 400 2981 occidente
432 2940 681 2998 ponere,
703 2924 781 2982 ab
803 2941 873 2982 eo
906 2925 1074 2998 quod
1098 2925 1411 2981 Palaestina
1438 2926 1603 2995 regio
1636 2943 1763 2981 ma-

108 3031 163 3069 re
190 3015 514 3071 occidentis
546 3013 743 3088 plagas
774 3014 1015 3071 habeat.
1052 3014 1505 3086 Verumtamen,
1540 3020 1603 3071 ut
1631 3015 1764 3087 qui-

107 3101 353 3160 busdam
411 3104 633 3177 placet,
669 3104 1008 3177 spiritaliter
1038 3104 1304 3159 Christus
1335 3120 1474 3159 cum
1509 3104 1766 3160 Ecclesia

108 3191 310 3249 dicitur
338 3193 541 3249 levare
572 3193 781 3249 oculos
829 3209 866 3249 a
906 3193 1137 3249 mundo
1174 3192 1252 3248 ad
1281 3200 1541 3266 quatuor
1566 3198 1766 3266 partes

111 3284 287 3352 terras,
316 3299 424 3355 per
453 3299 613 3355 quas
640 3288 900 3355 quatuor
920 3282 1241 3352 Evangelia
1261 3281 1617 3351 ﬁgurantur,
1649 3282 1766 3337 cui-

107 3385 215 3444 que
243 3372 442 3428 omnis
488 3380 651 3429 terra
692 3370 890 3439 datur,
922 3377 988 3428 ut
1019 3371 1161 3427 alibi
1190 3389 1203 3426 :
1233 3373 1489 3428 Postulo
1510 3387 1546 3427 a
1576 3387 1688 3438 me,
1713 3378 1769 3427 et

108 3458 249 3517 dabo
288 3462 398 3518 tibi
450 3466 679 3534 gentes,
713 3465 771 3517 et
798 3466 1013 3517 caetera
1046 3461 1232 3532 (Psal.
1262 3478 1319 3530 ιι,
1351 3466 1429 3531 8),
1461 3462 1656 3535 Usque
1705 3464 1766 3516 in

107 3552 545 3622 seziipiternum,
576 3550 639 3606 id
663 3554 751 3608 est
774 3550 1147 3619 longitudine
1174 3555 1477 3623 temporis.

713 3638 946 3697 CAPUT
989 3642 1119 3695 XIV.

177 3729 341 3787 Vens.
394 3734 505 3787 1-6.
557 3761 627 3771 -—
682 3729 907 3787 Deinde
967 3730 1237 3802 sequitur
1290 3727 1543 3802 qualiter
1599 3744 1768 3800 reges

111 3819 362 3888 gentium
411 3822 846 3893 percusserunt
894 3817 1186 3891 Raphaim
1238 3817 1296 3873 in
1357 3819 1767 3874 Astarothcar-

111 3908 261 3965 naim
312 3924 589 3983 quoque,
618 3912 675 3964 et
721 3908 917 3965 Zozim
951 3924 1090 3963 cum
1142 3907 1247 3973 eis,
1276 3911 1333 3962 et
1362 3907 1610 3980 reliqua.
1658 3910 1768 3963 Ra-

111 3998 299 4069 phaim
330 4001 618 4071 gigantes
647 3998 1146 4071 interpretantur;
1172 3997 1362 4053 Zozim
1390 3998 1686 4053 terribiles
1718 4002 1771 4053 et

113 4085 423 4158 horrendi;
457 4088 749 4145 Astaroth
783 4087 1012 4151 civitas,
1041 4103 1178 4160 quae
1233 4102 1425 4160 usque
1456 4086 1636 4142 hodie
1689 4086 1772 4141 sic

110 4183 365 4245 vocatur,
398 4177 708 4250 signiﬁcat
751 4176 917 4251 quod
965 4180 1228 4250 quatuor
1254 4192 1426 4247 reges
1471 4176 1774 4232 interfece-

111 4272 238 4325 runt
259 4268 567 4339 gigantes,
602 4271 660 4325 et
685 4266 974 4324 robustos
1005 4282 1251 4339 quoque
1296 4266 1530 4323 Arabiae
1558 4285 1569 4333 ;
1601 4270 1772 4323 Asta-

110 4357 534 4430 rothcarnaim,
566 4359 792 4414 terram
835 4356 1149 4428 gigantum
1175 4355 1512 4429 quamdam
1559 4355 1621 4411 in
1671 4373 1772 4412 su-

112 4446 338 4518 percilio
371 4446 808 4506 Sodomorum.

177 4538 335 4594 Vens.
370 4543 425 4593 7.
453 4569 527 4579 -—
557 4537 639 4594 Et
671 4537 898 4593 reversi
928 4541 1217 4594 venerunt
1248 4537 1330 4594 ad
1354 4537 1584 4607 fontem
1627 4537 1776 4594 Mes-

111 4623 199 4694 fat
244 4627 373 4698 ipsa
405 4633 493 4685 est
547 4626 762 4684 Gades.
798 4627 957 4682 Fons
1008 4625 1211 4684 Mest‘at
1240 4625 1374 4682 fons
1421 4631 1509 4683 est
1544 4626 1775 4698 judicii,

113 4713 217 4772 hoc
258 4721 347 4774 est
399 4715 637 4785 Cades;
670 4731 779 4789 per
826 4714 1313 4787 anticipationem
1366 4715 1583 4773 dicitur
1612 4715 1780 4789 quod

115 4810 311 4875 postea
354 4807 444 4864 sic
488 4809 781 4862 vocatum
824 4809 931 4862 est.
982 4804 1288 4876 Signiﬁcat
1325 4810 1530 4863 autem
1578 4805 1778 4861 locum

118 4896 269 4966 apud
296 4900 563 4969 petram,
596 4894 704 4968 qui
735 4893 870 4951 fons
893 4893 1105 4965 judicii
1140 4894 1507 4960 nominatur,
1531 4895 1677 4969 quia
1698 4893 1783 4950 ibi

120 4982 262 5039 Deus
293 4985 601 5060 populum
627 4983 1008 5056 judicaverit.
1054 4984 1133 5041 Et
1173 4990 1602 5055 percusserunt
1659 5001 1782 5042 om-

118 5088 239 5130 nem
265 5077 577 5146 regionem
606 5074 1110 5143 Amalecitarum,
1143 5079 1197 5129 et
1243 5074 1665 5131 Amorrhzeum
1696 5089 1784 5130 se-

122 5162 338 5220 dentem
368 5166 435 5221 in
468 5164 1008 5221 Assasonthamar.
1038 5165 1156 5219 Hoc
1183 5167 1272 5219 est
1294 5163 1589 5237 oppidum
1619 5162 1788 5237 quod

120 5266 268 5310 nunc
313 5259 574 5311 vocatur
604 5251 898 5325 Engaddi,
932 5252 1189 5310 balsami
1219 5257 1276 5310 et
1305 5251 1649 5325 palmarum
1681 5252 1790 5308 fer-

125 5339 229 5408 tile,
263 5341 414 5401 sicut
437 5344 505 5401 in
537 5341 709 5400 libris
741 5344 1035 5399 Locorum
1059 5342 1276 5415 reperi.
1304 5347 1566 5398 Assason
1587 5345 1790 5399 autem

124 5428 345 5489 thamar
396 5433 832 5507 interpretatur
886 5432 1030 5488 urbs
1092 5433 1462 5502 palmarum.
1533 5431 1792 5488 Thamar

127 5520 337 5595 quippe
359 5524 585 5594 palma
616 5520 853 5579 dicitur.
890 5521 1186 5595 Sequitur.

192 5609 357 5668 Vens.
390 5617 477 5670 8-t
492 5616 549 5669 3.
578 5642 653 5655 —-
670 5613 747 5667 Et
770 5614 991 5684 egressi
1009 5617 1148 5667 sunt
1174 5626 1285 5668 rea:
1303 5609 1715 5680 Sodomorum,
1739 5616 1795 5667 et

129 5713 227 5753 rea:
276 5702 658 5773 Gomorrhm,
709 5716 936 5772 rexque
979 5702 1245 5769 Arianae,
1281 5705 1414 5763 etc.,
1473 5716 1795 5774 usquequo

129 5787 235 5846 ait:
255 5791 532 5861 Quatuor
557 5806 725 5865 reges
742 5791 1031 5849 adversus
1062 5793 1348 5864 quinque.
1380 5790 1567 5847 Vallis
1597 5796 1797 5847 autem

1874 1858 2045 1909 tuum
2077 1870 2251 1909 versa
2276 1857 2386 1925 est,
2422 1853 2587 1926 quod
2618 1869 2655 1910 a
2677 1853 2892 1909 GI‘tBClS
2924 1857 3208 1924 stagnum
3231 1851 3544 1909 bituminis

1873 1942 2230 2015 appellatur.
2252 1943 2521 2015 Idipsum
2538 1947 2626 1998 est
2647 1942 3013 2016 asphaltum.
3030 1945 3325 1999 Mortuum
3341 1946 3545 1999 autem

1872 2032 2213 2105 appellatur
2235 2048 2425 2099 mare,
2445 2033 2612 2105 quod
2633 2032 2784 2088 nihil
2800 2031 3010 2105 recipit
3031 2046 3321 2101 generum
3341 2030 3546 2087 viven-

1872 2122 2045 2190 tium,
2073 2138 2271 2195 neque
2299 2125 2572 2178 assuetas
2602 2122 2776 2195 aquis
2827 2137 2992 2191 aves,
3025 2119 3179 2177 tauri
3209 2119 3545 2193 camelique

1871 2211 2124 2268 ﬂuitent.
2145 2210 2409 2284 Denique
2428 2211 2478 2267 si
2497 2210 2773 2267 Jordauis
2796 2215 3009 2266 auctus
3031 2209 3329 2266 imbribus
3350 2208 3545 2283 pisces

1871 2300 2009 2357 illuc
2040 2300 2299 2356 inﬂuens
2324 2299 2608 2373 rapuerit.
2645 2300 2842 2356 statim
2870 2298 3209 2355 moriuntur
3232 2302 3290 2354 et
3308 2297 3548 2372 pingui-

1872 2389 1989 2445 bus
2019 2389 2193 2461 aquis
2224 2388 2569 2444 subnatant.
2604 2391 2934 2444 Luceruam
2989 2403 3311 2443 accensam
3362 2386 3547 2442 fertur

1875 2483 2263 2551 superuatare
2288 2476 2413 2532 sine
2441 2476 2561 2532 ulla
2579 2477 2991 2543 conversione,
3008 2475 3298 2531 exstincto
3316 2474 3550 2531 demer-

1875 2566 1934 2636 gi
1961 2566 2210 2631 lumine,
2228 2571 2284 2622 et
2314 2582 2422 2621 vas
2451 2566 2797 2621 demersum
2823 2567 2967 2628 arte,
2993 2564 3160 2638 quod
3183 2563 3374 2635 bibat,
3393 2562 3544 2619 difﬁ-

1875 2656 1983 2712 cile
2012 2656 2236 2711 haerere
2292 2655 2352 2710 in
2383 2653 2710 2727 profundo,
2758 2654 3087 2726 omniaque
3136 2652 3414 2719 viventia,
3445 2650 3548 2707 de-

1874 2763 2073 2802 mersa
2121 2746 2258 2802 licet
2304 2750 2360 2801 et
2407 2745 2792 2800 vehementer
2838 2743 3015 2816 illisa,
3049 2742 3250 2798 statim
3299 2739 3543 2799 resilire.

1878 2836 2140 2908 Denique
2172 2834 2603 2907 Vespasianum
2632 2832 2991 2906 praecepisse
3018 2832 3269 2888 natandi
3297 2831 3542 2901 ignaros

1873 2925 2154 2982 revinctis
2199 2923 2481 2980 manibus
2528 2922 2591 2978 in
2638 2922 3014 2996 profundum
3070 2920 3267 2993 dejici,
3321 2935 3547 2994 eosque

1876 3030 2088 3071 omnes
2136 3013 2293 3069 illico
2349 3016 2796 3084 supernatasse.
2824 3014 3000 3083 Aqua
3041 3010 3173 3083 ipsa
3225 3009 3438 3065 sterilis
3489 3012 3547 3065 et

1822 3146 1835 3163 η
1877 3119 2106 3173 amara,
2142 3101 2489 3173 cretei-isque
2519 3101 2692 3173 aquis
2722 3099 3059 3169 obscurior,
3093 3102 3149 3153 et
3197 3098 3373 3171 quasi
3403 3095 3550 3153 adu-

1878 3199 1981 3249 stae
2014 3194 2117 3263 [Z.,
2153 3191 2454 3261 adustam]
2499 3188 2825 3261 prreferens
2870 3186 3278 3243 similitudem.
3336 3183 3550 3256 Vagari

1878 3297 2060 3353 super
2093 3296 2284 3352 aquas
2310 3277 2623 3335 bituminis
2672 3276 2881 3348 glebas
2912 3281 3139 3332 certum
3186 3280 3274 3331 est
3298 3278 3427 3331 atro
3475 3273 3547 3330 li-

1877 3387 2087 3444 quore,
2134 3385 2288 3438 quas
2341 3366 2582 3440 scaphis
2631 3367 3192 3441 appropinquantes
3238 3363 3548 3436 colligunt,

1876 3462 2104 3516 haerere
2135 3458 2429 3521 bitumen,
2462 3460 2519 3512 et
2553 3471 2946 3529 nequaquam
2978 3454 3134 3511 ferro
3163 3453 3409 3528 praecidi
3441 3453 3552 3509 fer-

1878 3555 1993 3607 tur.
2028 3548 2333 3618 Sanguine
2367 3550 2595 3604 tantum
2632 3545 2954 3602 mulierum
2977 3548 3289 3601 menstruo
3316 3543 3414 3599 vel
3431 3542 3549 3599 uri-

1878 3656 1960 3696 na
1987 3638 2220 3709 cedere,
2252 3635 2409 3693 utilis
2455 3635 2531 3693 ad
2582 3650 2940 3709 compagem
2973 3633 3244 3703 navium,
3272 3632 3369 3688 vel
3424 3648 3555 3688 cor-

1878 3728 2130 3803 poribus
2178 3726 2499 3783 hominum
2547 3724 2885 3781 medendis.
2922 3724 3126 3780 Servat
3154 3722 3356 3779 adhuc
3381 3721 3551 3793 regio

1882 3818 2147 3892 speciem
2170 3832 2388 3891 pcenae.
2423 3818 2764 3872 Nascuntur
2791 3813 2954 3870 enim
3000 3827 3187 3885 poma
3216 3809 3550 3884 pulcherri-

1880 3924 2005 3975 ma,
2028 3923 2166 3981 quas
2189 3911 2246 3966 et
2266 3905 2485 3962 edendi
2517 3903 2910 3977 cupiditatem
2940 3898 3424 3975 exspectantibus
3456 3912 3555 3969 ge-

1881 4000 2130 4065 nerent;
2165 3996 2216 4053 si
2246 4010 2486 4068 carpas,
2509 3993 2794 4051 fatiscunt
2818 4007 2889 4048 ac
2913 3989 3293 4049 resolvuntur
3319 3989 3382 4044 in
3400 3987 3556 4044 cine-

1882 4104 2031 4156 rem,
2059 4086 2421 4159 fumumque
2451 4083 2713 4141 excitant
2754 4081 2933 4156 quasi
2989 4078 3229 4137 assidue
3279 4076 3551 4134 ardeant.

1883 4178 2037 4233 Sane
2064 4176 2125 4231 in
2156 4174 2372 4231 diebus
2404 4173 2624 4230 {astatis
2654 4171 3020 4229 immodicus
3072 4170 3176 4242 [Z.,
3207 4184 3332 4224 non
3356 4165 3555 4223 modi-

1884 4266 2013 4337 cus]
2063 4280 2170 4337 per
2215 4263 2408 4336 spatia
2451 4262 2653 4328 campi
2705 4265 2993 4317 exaestuat
3040 4274 3253 4333 vapor,
3288 4256 3451 4313 unde
3480 4255 3558 4312 de

1887 4354 2256 4411 coalescente
2300 4351 2444 4408 vitio
2475 4350 2676 4408 nimias
2700 4350 2997 4417 siccitatis,
3031 4352 3212 4423 atque
3242 4346 3414 4403 humi
3438 4344 3557 4402 ari-

1887 4444 1967 4500 do
1998 4446 2103 4517 [Z.,
2134 4444 2324 4499 humo
2356 4441 2548 4513 arida]
2570 4441 2906 4513 corruptior
2932 4454 3034 4495 aer
3059 4436 3438 4494 miserandas
3467 4434 3558 4491 in-

1889 4533 2034 4591 colis
2065 4532 2305 4589 conﬁcit
2333 4530 2740 4601 aegritudines.
2762 4529 3026 4602 Denique
3049 4526 3318 4600 quinque
3347 4524 3446 4581 isti
3469 4540 3560 4580 re-

1889 4639 2013 4695 ges,
2033 4621 2372 4692 allegorice,
2392 4637 2428 4677 a
2454 4625 2718 4693 quatuor
2733 4616 2981 4688 regibus
3004 4616 3221 4671 devicti
3250 4614 3356 4686 qui
3379 4627 3558 4667 vene-

1886 4716 2029 4770 runt
2056 4710 2129 4767 de
2162 4709 2487 4785 Babylone,
2521 4708 2863 4780 signiﬁcant
2886 4705 3155 4778 quinque
3187 4717 3401 4759 sensus
3433 4714 3560 4755 cor-

1888 4800 2074 4877 poris,
2094 4799 2370 4857 videlicet
2394 4798 2615 4870 visum,
2635 4796 2932 4865 auditum,
2952 4799 3217 4863 gustum,
3235 4789 3561 4877 odoratum

1892 4874 1950 4948 et
1973 4894 2218 4946 tactum.
2257 4890 2527 4955 Quatuor
2552 4901 2725 4956 reges
2746 4886 3008 4957 quatuor
3034 4878 3178 4937 vitia
3204 4874 3565 4952 principalia

1892 4979 2327 5050 intelliguntur,
2350 4975 2413 5032 id
2460 4978 2554 5030 est
2602 4970 2921 5047 cupiditas,
2950 4966 3266 5040 gaudium,
3300 4965 3480 5023 timor
3507 4968 3566 5022 et

1893 5068 2151 5124 tristitia.
2166 5069 2277 5122 Per
2298 5066 2429 5124 haec
2449 5067 2713 5137 quatuor
2733 5059 2878 5115 vitia
2897 5056 3269 5131 expugnavit
3287 5054 3566 5113 diabolus

1895 5172 2018 5213 non
2038 5155 2233 5212 solum
2255 5152 2728 5224 Sodomitas,per
2739 5164 2895 5223 quos
2914 5146 3414 5218 signiﬁcabantur
3428 5158 3569 5214 gen-

1898 5246 2053 5317 tiles,
2074 5243 2179 5299 sed
2205 5243 2387 5299 etiam
2411 5247 2467 5298 et
2495 5242 2624 5309 Lot,
2649 5240 2755 5314 qui
2776 5239 3199 5313 interpretatur
3228 5235 3565 5303 declinans,

1897 5351 2006 5410 per
2034 5349 2217 5407 quem
2271 5330 2685 5403 signiﬁcantur
2712 5328 2921 5397 Judaei,
2954 5326 3060 5401 qui
3113 5323 3571 5381 declinaverunt

1902 5443 1938 5484 a
1966 5423 2320 5484 rectitudine
2351 5422 2514 5478 ﬁdei.
2547 5424 2655 5478 Per
2683 5418 2903 5476 vallem
2934 5417 3263 5474 silvestrem
3309 5427 3572 5487 praesen-

1904 5521 2023 5573 tem
2053 5512 2355 5571 mundum
2384 5511 2852 5586 interpretantur
2883 5509 2987 5580 [X.,
3010 5519 3276 5580 praesens
3302 5501 3572 5560 mundus

1904 5604 2384 5678 interpretatur];
2417 5618 2526 5677 per
2568 5606 2785 5676 puteos
2832 5598 3109 5659 homines
3156 5596 3218 5653 in
3262 5591 3576 5671 profundi-

1908 5702 2024 5754 tate
2056 5694 2329 5750 vitiorum
2359 5692 2706 5755 demersos;
2739 5706 2846 5764 per
2872 5689 3145 5746 bitumen
3195 5684 3572 5757 conglutina-

1911 5787 2136 5845 tionem
2165 5787 2576 5858 peccatorum,
2602 5796 2727 5856 qua
2755 5783 2894 5837 sunt
2936 5778 3088 5836 uniti
3132 5776 3195 5833 in
3242 5773 3573 5848 iniquitate.
