3944 6422
445 330 543 382 175

1529 316 1887 376 ANGELOMI
1928 314 2398 373 LUXOVIENSIS
2434 314 2751 374 MONACHI

3747 312 3846 366 176

514 453 710 505 Potest
732 452 789 504 et
809 447 975 503 aliter
1002 444 1275 516 intelligi:
1303 448 1563 517 quatuor
1589 458 1761 511 reges
1785 441 1891 514 qui
1920 438 2091 513 quin-
2117 441 2166 495 A
2203 441 2424 505 Aaron,
2454 444 2512 495 et
2534 438 2683 509 legis
2713 436 3109 506 caerimonias,
3140 438 3198 491 et
3219 435 3350 490 haec
3398 450 3532 491 esse
3561 433 3856 507 primoge-

442 556 561 613 que
589 539 1040 610 superaverunt,
1057 537 1314 606 possunt
1332 532 1618 588 nimirum
1636 529 1933 588 contraria
1952 528 2093 584 vitia

442 627 758 685 virtutibus
789 622 1121 694 signiﬁcare
1154 641 1165 678 :
1197 621 1476 678 hieresim
1532 620 1770 683 scilicet,
1806 617 2095 689 gentilita-

375 742 382 751 ο
442 722 583 785 tem,
614 712 981 787 hypocrisin,
1007 710 1343 781 avaritiam,
1367 727 1501 783 qua:
1529 714 1615 766 est
1639 708 1941 765 idolorum
1971 721 2095 762 ser-

440 806 616 860 vitus.
652 804 793 868 Quae
822 816 993 870 reges
1022 804 1472 872 nuncupantur,
1501 798 1646 871 quia
1688 797 1749 852 in
1779 794 1969 852 multo
1994 794 2095 866 jus

440 891 607 961 regni
637 892 738 962 [Z.,
768 888 949 960 regis]
997 892 1292 945 exercent.
1347 887 1623 960 Quinque
1667 889 1870 941 autem
1926 898 2097 952 reges

440 981 541 1054 qui
569 982 928 1052 superantur
975 977 1054 1034 ab
1110 977 1227 1049 his,
1259 977 1530 1050 quinque
1588 991 1802 1031 sensus
1843 975 2100 1047 possunt

437 1068 701 1139 intelligi,
735 1073 801 1124 ut
844 1066 1149 1134 diximus;
1181 1066 1326 1139 quia
1376 1072 1433 1122 et
1477 1065 1594 1137 ipsi
1620 1080 1812 1135 reges,
1851 1062 1995 1135 quia
2024 1076 2098 1118 ex

437 1157 530 1214 his
559 1158 745 1213 homo
774 1160 978 1213 noster
1006 1156 1260 1212 exterior
1291 1155 1532 1224 regitur,
1561 1158 1729 1223 terga
1762 1155 2095 1213 vertuntur,

439 1246 635 1302 donec
663 1245 910 1315 Abram,
942 1250 1113 1318 pater
1137 1244 1429 1313 excelsus,
1460 1242 1628 1298 victis
1659 1245 1920 1314 quatuor
1947 1238 2099 1309 regi-

439 1336 559 1393 bus
586 1334 969 1408 supradictis,
997 1334 1191 1407 spolia
1210 1337 1467 1401 revocet,
1486 1336 1544 1388 et
1565 1334 1669 1387 Lot
1687 1329 2099 1403 propinquum

441 1442 644 1492 suum,
677 1422 1076 1480 declinantem
1102 1422 1307 1496 utique
1337 1437 1374 1478 a
1403 1420 1585 1489 malo,
1615 1437 1688 1476 ex
1726 1435 1937 1476 eorum
1992 1433 2098 1491 po-

440 1518 649 1571 testate
678 1513 908 1586 eripiat.

517 1604 691 1670 Quod
720 1608 921 1660 autem
952 1603 1227 1659 recedere
1257 1602 1524 1676 quinque
1566 1615 1737 1670 reges
1776 1614 1813 1655 a
1839 1602 2099 1672 quatuor

448 1693 748 1763 dicuntur,
777 1691 1072 1763 signiﬁcat
1090 1691 1257 1765 quod
1276 1691 1408 1747 illos
1440 1690 1702 1746 maxime
1722 1688 2101 1761 persequitur

2202 529 2326 585 nita
2349 546 2487 602 quae
2514 529 2786 585 vendidit
2814 529 2970 583 Esau
2993 525 3157 582 fratri
3181 541 3290 581 suo
3304 525 3516 596 Jacob,
3545 525 3653 598 qui
3681 526 3855 583 etiam

2201 618 2627 675 Melchisedech
2653 620 2788 690 jure
2817 618 2891 673 de
2934 614 3252 689 triumphis
3294 614 3614 688 abnepotis
3640 615 3733 671 sui
3761 616 3856 673 de-

2200 708 2389 766 cimas
2417 709 2759 782 accepisset.

2274 799 2457 855 Porro
2482 799 2675 856 Salem
2697 798 2898 871 ipsam
2919 812 3047 852 esse
3068 794 3274 852 volunt
3291 811 3428 868 quae
3439 798 3653 868 postea
3664 796 3857 852 Hieru-

2202 887 2390 944 salem
2419 887 2749 944 dicebatur.
2782 890 2914 942 Haec
2970 886 3151 942 etiam
3211 885 3407 958 primo
3447 884 3651 957 Jebus,
3682 890 3749 941 ut
3775 884 3855 942 fe-

2201 982 2361 1048 runt,
2393 982 2603 1050 postea
2635 976 2851 1046 Salem,
2870 975 3087 1031 deinde
3110 973 3502 1044 Hierusalem,
3522 974 3629 1030 sed
3650 978 3857 1047 postea

2203 1082 2241 1122 a
2298 1066 2617 1123 Salomone
2670 1065 2906 1139 plenius
2953 1065 3286 1121 instaurata
3329 1063 3721 1136 Jerosolymis
3771 1068 3858 1120 est

2202 1155 2380 1223 dicta,
2412 1155 2590 1228 quasi
2620 1154 3150 1226 Hierosolymonia.
3182 1153 3494 1220 Caeterum,
3522 1157 3590 1208 ut
3606 1152 3856 1225 quidam

2203 1245 2429 1313 dicunt,
2464 1244 2659 1302 Salem
2685 1260 2809 1301 non
2835 1242 3228 1310 Hierusalem,
3256 1241 3364 1297 sed
3420 1241 3722 1314 oppidum
3758 1244 3857 1299 Sa-

2203 1334 2475 1408 tophoim
2505 1331 2608 1408 [Z.,
2644 1332 3047 1408 Socaphoim],
3080 1332 3247 1405 quod
3279 1347 3471 1405 usque
3521 1347 3687 1389 nunc
3716 1331 3857 1387 dici-

2203 1428 2301 1483 tur
2326 1424 2543 1492 Salem,
2573 1428 2631 1480 et
2657 1423 2893 1480 videtur
2915 1423 2999 1480 ibi
3027 1422 3321 1495 palatium
3374 1437 3507 1478 esse
3560 1420 3858 1478 Melchise-

2204 1514 2376 1571 dech.
2413 1513 2577 1571 Unde
2604 1513 2799 1583 agitur
2827 1530 2840 1569 :
2873 1512 3147 1570 transivit
3171 1510 3355 1568 Jacob
3384 1512 3447 1567 in
3471 1509 3693 1579 Salem,
3727 1510 3861 1567 civi-

2202 1606 2390 1660 tatem
2418 1602 2677 1673 regionis
2712 1602 2967 1673 Sichem,
2990 1618 3128 1675 quas
3156 1604 3244 1657 est
3271 1599 3334 1656 in
3360 1604 3517 1657 terra
3546 1600 3858 1657 Chanaan.

2208 1693 2349 1749 Inde
2373 1692 2516 1748 dicit
2538 1692 2800 1748 Joannes
2822 1691 3222 1762 evangelista:
3254 1691 3410 1747 Erat
3428 1690 3697 1747 Joannes
3727 1689 3865 1760 bap-

447 1784 747 1840 contraria
775 1787 1058 1855 potestas,
1090 1798 1245 1857 quos
1290 1786 1425 1839 ante
1470 1779 1530 1836 in
1579 1779 1921 1836 servitutem
1969 1776 2102 1833 reti—
2126 1795 2167 1849 Β
2206 1784 2397 1839 tizans
2448 1785 2511 1839 in
2572 1783 2791 1838 Ennon
2827 1784 3013 1852 juxta
3064 1781 3275 1850 Salim,
3302 1781 3446 1851 quia
3485 1780 3698 1836 multas
3725 1784 3861 1835 sunt

444 1873 593 1929 nuit.
624 1872 795 1939 Quod
825 1876 1024 1929 autem
1052 1872 1113 1927 in
1143 1870 1402 1927 tricentis
1451 1869 1660 1925 decem
1690 1872 1746 1924 et
1768 1872 1903 1923 octo
1936 1870 2100 1923 Pater

443 1962 538 2019 ille
569 1961 858 2029 excelsus,
901 1960 993 2017 cui
1042 1961 1103 2016 in
1152 1960 1429 2017 Oratione
1478 1956 1787 2014 Dominica
1816 1955 2094 2011 dicimus.

440 2054 627 2109 Pater
655 2058 876 2122 noster,
908 2049 1203 2120 signiﬁcat
1243 2048 1408 2123 quod
1455 2064 1564 2122 per
1610 2047 1851 2113 electos,
1882 2044 1988 2118 qui
2032 2046 2095 2101 in

438 2142 851 2216 persecutione
877 2134 1163 2197 virtutum
1194 2139 1494 2195 constituti
1526 2141 1683 2204 sunt,
1712 2134 1947 2191 fundati
1974 2133 2095 2190 ﬁde

437 2232 752 2303 Trinitatis,
781 2233 839 2288 et
876 2229 1167 2286 habentes
1206 2227 1640 2302 plenitudinem
1683 2223 1962 2295 Decalogi
2001 2238 2097 2280 oc-

436 2327 579 2379 tava
606 2321 702 2378 die
727 2338 861 2396 quae
882 2320 1138 2377 sabbato
1165 2317 1452 2392 sequitur,
1478 2333 1616 2373 cum
1640 2314 1871 2371 Christo
1899 2329 2095 2370 resur-

478 2422 641 2468 entes
668 2422 712 2467 ⁸.

478 2429 550 2468 en
614 2430 641 2467 s
668 2422 712 2467 ει.

436 2428 475 2484 g
504 2417 674 2559 Vitis.
706 2505 790 2558 14.
824 2533 893 2542 -
919 2500 1089 2567 Quod
1116 2514 1248 2555 cum
1277 2498 1537 2555 audisset
1565 2496 1817 2567 Abram,
1848 2500 2089 2563 captum

436 2593 709 2649 videlicet
740 2592 853 2647 Lot
871 2591 1130 2661 fratrem
1159 2604 1356 2654 suum,
1387 2586 1727 2644 numeravit
1785 2585 2091 2654 expeditos

433 2682 791 2737 vernaculos
848 2685 1139 2736 trecentos
1190 2678 1388 2734 decem
1454 2682 1509 2734 et
1561 2681 1711 2732 octo.
1773 2673 2090 2746 Expeditos

434 2769 581 2826 dixit
596 2772 870 2841 juvenes,
899 2768 975 2825 ad
1001 2767 1227 2824 bellum
1255 2770 1588 2839 promptos,
1616 2769 1672 2820 et
1690 2763 1796 2837 qui
1817 2778 1938 2819 non
1960 2762 2089 2818 fue-

431 2863 572 2914 runt
602 2858 855 2924 uxorati,
888 2857 962 2913 de
984 2856 1205 2930 quibus
1234 2856 1295 2911 in
1327 2854 1718 2927 sequentibus
1766 2851 1933 2922 dixit,
1984 2867 2083 2908 ex-

431 2949 615 3017 ceptis
648 2949 738 3003 his
768 2963 900 3019 quaD
929 2947 1309 3003 comederunt
1330 2948 1603 3015 juvenes.
1633 2943 1713 2998 Et
1735 2946 2086 3012 persecutus

428 3043 513 3092 est
546 3053 731 3109 usque
761 3039 909 3092 Dan.
941 3039 1066 3091 Dan
1092 3034 1384 3090 thnicis
1433 3031 1727 3105 oppidum
1782 3035 1871 3086 est
1919 3031 2085 3104 quod

2204 1874 2290 1929 ibi
2324 1889 2496 1945 aqua.”
2530 1874 2727 1941 (Joan.
2777 1888 2857 1943 Ill,
2884 1871 2996 1943 23).
3037 1874 3151 1927 Nec
3204 1869 3401 1926 differt
3428 1872 3634 1925 utrum
3666 1868 3863 1926 Salem

2205 1978 2285 2019 an
2315 1962 2497 2019 Salim
2530 1961 2785 2031 dicatur,
2813 1977 2951 2016 cum
2982 1959 3295 2016 vocalibus
3324 1958 3385 2015 in
3431 1957 3705 2014 medium
3736 1972 3864 2030 per-

2200 2069 2339 2111 raro
2363 2056 2611 2109 utuntur
2640 2050 2887 2118 Hebraei,
2916 2054 2973 2107 et
3000 2065 3111 2122 pro
3138 2048 3445 2105 voluntate
3471 2047 3771 2104 lectorum
3794 2062 3862 2103 ac

2201 2143 2537 2200 diversitate
2564 2142 2881 2211 regionum
2913 2140 3128 2197 eadem
3156 2139 3339 2196 verba
3382 2138 3638 2195 diversis
3695 2137 3859 2194 sonis

2200 2236 2259 2289 et
2283 2231 2628 2289 accentibus
2649 2230 2961 2304 proferunt
2981 2226 3084 2303 [Z.,
3104 2226 3535 2302 proferuntur].
3557 2230 3680 2284 Nos
3700 2226 3859 2283 enim

2198 2321 2514 2394 opiniones
2541 2320 2916 2376 diversorum
2949 2318 3272 2392 ponimus;
3305 2315 3413 2373 sed
3442 2315 3732 2389 prudenti
3748 2314 3861 2371 lec-

2198 2411 2330 2483 tori,
2356 2410 2505 2485 quid
2550 2409 2771 2466 horum
2813 2408 3012 2464 verius
3056 2407 3316 2477 elegerit,
3358 2405 3857 2479 derelinquimus.

2200 2499 2314 2558 Sed
2338 2503 2636 2573 quantum
2686 2497 2765 2553 ad
2811 2496 3071 2567 ﬁguram
3118 2494 3393 2569 pertinet,
3420 2494 3529 2552 iste
3557 2494 3860 2552 Melchise-

2196 2588 2351 2645 dech
2397 2587 2695 2645 Christum
2738 2584 3033 2656 signiﬁcat
3084 2584 3421 2641 secundum
3476 2583 3854 2657 Apostolum,

2194 2677 2341 2751 quia
2388 2676 2651 2733 Christus
2706 2676 2831 2731 sine
2881 2679 3071 2731 matre
3100 2674 3163 2730 in
3220 2673 3406 2740 caelis,
3438 2673 3567 2730 sine
3596 2678 3772 2747 patre
3798 2672 3857 2728 in

2194 2766 2386 2834 terris,
2418 2766 2674 2821 offerens
2701 2765 2820 2820 Deo
2846 2779 2957 2836 pro
2984 2763 3159 2819 nobis
3184 2763 3245 2819 in
3276 2763 3444 2819 terris
3476 2762 3600 2819 suis
3648 2779 3858 2837 corpo-

2194 2856 2274 2911 ris
2302 2871 2525 2929 panem
2556 2859 2613 2911 et
2652 2855 2743 2910 sui
2774 2853 3084 2923 sanguinis
3122 2852 3354 2921 vinum,
3382 2851 3462 2909 ad
3490 2868 3682 2925 quem
3710 2852 3854 2909 dici-

2195 2950 2288 3002 tur
2321 2964 2333 3002 :
2374 2947 2460 3001 Tu
2491 2961 2546 3002 es
2568 2946 2842 3002 sacerdos
2869 2946 2931 3000 in
2977 2952 3266 3001 aeternum
3311 2943 3641 3001 secundum
3692 2944 3853 2999 ordi-

2192 3052 2325 3093 nem
2355 3034 2789 3091 Melchisedech
2808 3034 2996 3103 (Psal.
3027 3049 3142 3097 01x,
3167 3034 3245 3104 4).
3271 3032 3443 3098 Quod
3473 3031 3523 3087 si
3550 3032 3693 3105 quis
3736 3033 3854 3106 ple-

426 3144 587 3183 nunc
619 3130 846 3183 Paneas
876 3126 1110 3192 dicitur,
1146 3124 1248 3181 ubi
1280 3139 1437 3180 unus
1462 3123 1537 3179 de
1582 3121 1850 3178 fontibus
1876 3121 2083 3177 Jorda-
2113 3150 2152 3206 ρ
2192 3125 2328 3181 nius
2373 3140 2551 3181 nosse
2594 3123 2916 3187 desiderat,
2965 3122 3123 3179 beati
3164 3121 3507 3195 Hieronymi
3553 3126 3611 3178 et
3643 3122 3853 3178 Isidori

422 3217 516 3273 nis
546 3216 753 3288 oritur,
784 3214 889 3289 qui
920 3215 1137 3272 dicitur
1164 3216 1316 3283 Dan,
1347 3213 1494 3269 alter
1519 3227 1663 3268 vero
1691 3213 1813 3267 Jor.
1858 3213 1941 3266 Ex
1988 3210 2082 3265 his
2190 3214 2348 3271 dicta
2368 3213 2707 3287 perlustret.
2745 3212 3021 3285 Sequitur
3052 3228 3065 3266 :

421 3305 663 3361 duobus
692 3304 957 3360 fontibus
987 3303 1093 3376 qui
1120 3301 1288 3359 haud
1313 3300 1523 3374 procul
1553 3316 1589 3356 a
1637 3315 1699 3355 se
1742 3298 1989 3365 distant,
2017 3297 2078 3353 in

419 3410 613 3449 unum
632 3392 895 3448 rivulum
915 3392 1235 3458 foederatis,
1255 3390 1535 3446 Jordanis
1557 3388 1913 3461 appellatur,
1930 3389 2081 3444 sicut

421 3499 494 3537 ex
523 3481 764 3537 duobus
794 3480 1057 3536 fontibus
1078 3496 1237 3535 unus
1264 3478 1500 3546 ﬂuvius,
1524 3478 1605 3534 ita
1636 3494 1707 3533 ex
1727 3477 2078 3533 nominibus

420 3587 543 3627 una
575 3569 895 3644 appellatio
918 3574 1157 3624 creatur
1184 3569 1285 3639 [Z.,
1318 3568 1709 3640 procreatur].

488 3663 657 3715 Vens.
697 3659 780 3715 18.
814 3690 883 3700 —
905 3657 1127 3713 Deinde
1155 3656 1369 3725 legitur
1421 3654 1676 3728 qualiter
1725 3653 1944 3709 Abram
1978 3669 2076 3709 oc-

418 3750 599 3806 currit
652 3747 1083 3806 Melchisedech
1138 3761 1242 3801 rex
1297 3744 1491 3799 Salem
1523 3745 1627 3815 [Z.,
1660 3743 1787 3810 regi
1832 3741 2070 3813 Salem].

414 3842 643 3895 Movere
682 3837 832 3893 solet
873 3835 1176 3909 quosdam
1232 3834 1367 3906 quis
1420 3833 1595 3888 fuerit
1644 3831 1751 3887 iste
1783 3830 2075 3887 Melchise-

413 3927 588 3997 dech,
612 3944 716 3983 rex
739 3926 957 3991 Salem,
991 3940 1173 3998 quem
1206 3922 1528 3996 Apostolus
1562 3920 1701 3975 dicit
1730 3920 1932 3989 (Hebr.
1964 3935 2072 3985 vu,

413 4017 467 4082 3)
497 4017 625 4071 sine
651 4021 825 4085 patre
850 4020 903 4070 et
935 4020 1149 4082 matre,
1177 4011 1387 4067 esset?
1418 4009 1554 4065 ldeo
1585 4007 1907 4081 Apostolus
1932 4023 2071 4064 eum

411 4103 561 4159 dixit
584 4103 815 4176 absque
842 4106 1011 4175 patre
1042 4105 1098 4157 et
1125 4100 1356 4173 absque
1384 4103 1572 4154 matre
1595 4113 1746 4168 esse,
1780 4097 1924 4171 quia
1978 4113 2074 4167 ge-

410 4190 754 4262 nealogiam
801 4191 931 4262 ejus
964 4206 1138 4246 sacra
1198 4188 1499 4261 Scriptura
1527 4203 1650 4243 non
1704 4192 1927 4244 narrat.
1962 4188 2072 4243 Ve-

408 4284 772 4348 rumtamen,
804 4284 873 4335 ut
918 4280 980 4334 in
1034 4278 1352 4350 cujusdam
1403 4280 1506 4346 [Z.,
1536 4277 1823 4351 quodam]
1875 4277 2069 4350 reperi

408 4373 643 4426 vetusto
672 4368 996 4435 volumine,
1025 4368 1271 4425 tradunt
1294 4368 1521 4424 Hebraei
1549 4384 1673 4424 non
1704 4366 1935 4440 absque
1962 4382 2067 4439 pa-

409 4463 495 4516 tre
525 4462 582 4515 et
611 4461 802 4515 matre
833 4457 1043 4525 fuisse;
1064 4456 1170 4513 sed
1190 4457 1335 4530 quia
1356 4472 1578 4513 nomen
1605 4457 1734 4527 ejus
1751 4471 1874 4512 non
1896 4470 2060 4511 com-

406 4552 796 4613 memoratur,
827 4546 940 4602 nisi
972 4546 1218 4619 quando
1249 4545 1569 4602 occurrerit
1592 4544 1840 4613 Abram,
1868 4547 1925 4600 et
1952 4559 2063 4601 nec

404 4644 573 4712 patre
602 4654 713 4694 nec
742 4641 931 4694 matre
952 4636 1167 4707 legitur
1192 4635 1255 4691 in
1284 4634 1502 4691 divinis
1550 4633 1884 4706 Scripturis.
1916 4634 2063 4691 Mel-

404 4729 506 4785 chi
532 4726 804 4784 videlicet
831 4729 1020 4801 pater,
1054 4729 1110 4781 et
1132 4724 1357 4783 Sedech
1382 4727 1593 4780 mater.
1628 4726 1695 4778 Et
1739 4722 2057 4795 inquiunt;

402 4817 545 4890 quia
587 4821 757 4890 pater
803 4817 934 4887 ejus
988 4813 1193 4872 Melchi
1242 4817 1517 4869 mortuus
1569 4811 1699 4882 fuit,
1730 4815 2059 4883 antequam

402 4905 612 4962 fuisset
630 4903 1058 4963 Melchisedech
1079 4907 1278 4960 natus.
1304 4905 1448 4958 Item
1468 4903 1660 4957 mater
1680 4900 1810 4972 ejus
1831 4900 2058 4957 Sedech

401 4998 637 5049 mortua
664 4994 773 5050 fuit
800 4994 875 5050 de
905 4991 1296 5067 parturiendo
1342 4990 1576 5047 habens
1626 4989 1688 5045 in
1732 4993 1900 5045 utero
1931 4990 2058 5047 Mel-

402 5080 743 5151 chisedech,
776 5086 833 5137 et
860 5098 931 5137 ex
982 5082 1077 5137 his
1108 5081 1349 5138 duobus
1378 5078 1726 5136 nominibus
1755 5078 2054 5136 Melchise-

399 5172 552 5229 dech
582 5171 741 5227 ﬁlius
770 5186 982 5227 eorum
1011 5171 1085 5227 sit
1106 5171 1319 5227 dictus.
1354 5169 1694 5242 Propterea,
1727 5172 1792 5224 ut
1829 5169 2053 5226 Hebraei

397 5262 585 5332 aiunt,
618 5260 744 5317 sine
774 5262 943 5332 patre
968 5263 1025 5316 et
1048 5262 1240 5314 matre
1286 5258 1480 5322 fuerit,
1507 5258 1653 5331 quia
1680 5259 1901 5314 mortui
1929 5258 2053 5315 fue-

395 5356 533 5407 runt
562 5355 891 5422 antequam
916 5350 1096 5403 natus
1143 5351 1316 5403 esset.
1349 5346 1611 5404 Tradunt
1653 5347 1832 5403 etiam
1862 5347 2047 5417 hunc,

396 5442 626 5494 mutato
672 5435 941 5501 nomine,
972 5436 1107 5491 Sem
1146 5450 1276 5491 esse
1331 5432 1524 5491 ﬁlium
1577 5439 1717 5503 Noe,
1746 5439 1803 5492 et
1824 5451 2050 5509 suppu-

392 5532 585 5583 tantes
612 5542 807 5582 annos
827 5525 959 5581 vitae
991 5525 1202 5598 ipsius,
1225 5525 1550 5583 ostendunt
1578 5542 1719 5582 eum
1769 5527 1848 5582 ad
1879 5529 2046 5583 Isaac

393 5632 584 5689 usque
611 5616 855 5675 vixisse.
889 5630 1219 5687 omnesque
1249 5616 1678 5689 primogenitos
1732 5616 2045 5688 pontiﬁces

389 5706 592 5775 fuisse,
623 5704 849 5761 hostias
881 5707 996 5761 Deo
1026 5704 1374 5762 immolasse
1420 5722 1614 5779 usque
1662 5704 1741 5761 ad
1771 5709 2046 5778 tempora

458 5806 486 5832 ⁸
517 5799 705 5852 Locus
734 5794 797 5851 in
825 5798 1080 5868 utroque
1109 5795 1315 5853 codice
1346 5799 1685 5868 corruptus.

2817 3299 3058 3356 CAPUT
3097 3301 3210 3356 XV.

2257 3394 2431 3455 Vnus,
2465 3395 2578 3449 2-4.
2612 3424 2680 3432 -
2707 3392 2992 3462 Dixitque
3039 3390 3268 3446 Abram
3299 3404 3322 3447 .'
3368 3390 3621 3447 Domine
3669 3392 3847 3461 Deus,

2185 3483 2333 3555 quid
2377 3483 2548 3539 dabis
2591 3481 2788 3538 mihi?
2818 3497 2923 3552 ego
2971 3481 3188 3538 vadum
3238 3480 3459 3552 absque
3510 3480 3741 3552 liberis,
3796 3487 3849 3537 et

2182 3573 2347 3640 ﬁlius
2400 3572 2814 3641 procuratoris
2870 3573 3079 3627 domus
3133 3584 3274 3626 mem
3337 3571 3446 3627 iste
3514 3571 3849 3631 Damascus

2184 3663 2438 3731 Eliezer,
2472 3666 2528 3717 et
2569 3660 2821 3733 reliqua.
2883 3664 3009 3716 Non
3062 3659 3238 3732 quasi
3268 3658 3511 3727 dubius,
3545 3676 3624 3716 an
3656 3660 3844 3734 ﬁeret,

2183 3750 2258 3805 de
2287 3750 2689 3822 promissione
2719 3748 2841 3818 Dei,
2866 3765 3003 3804 cum
3036 3748 3152 3804 ait:
3188 3749 3438 3804 Domine
3464 3749 3646 3815 Deus,
3701 3753 3848 3822 quid

2183 3839 2353 3894 dabis
2383 3838 2574 3894 mihi?
2600 3837 2702 3893 sed
2735 3837 3045 3909 quomodo
3076 3836 3341 3891 futurum
3371 3834 3471 3910 [Z.,
3494 3840 3843 3915 venturum]

2183 3931 2355 3993 esset,
2391 3926 2730 3998 exquirens.
2764 3926 2875 3981 Sed
2902 3924 3331 3997 requirendum
3362 3930 3451 3981 est
3496 3926 3636 3999 quis
3666 3928 3847 3985 fuerit

2181 4015 2287 4071 iste
2317 4014 2533 4071 Eliezer
2562 4018 2918 4077 Damascus.
2952 4014 3026 4069 de
3062 4029 3185 4085 quo
3210 4013 3357 4069 dixit
3381 4014 3631 4079 Abram,
3654 4015 3845 4073 haeres

2178 4120 2341 4161 meus
2365 4104 2524 4159 erit?
2546 4103 2643 4159 llle
2674 4103 2878 4176 utique
2900 4102 3009 4158 fuit
3035 4101 3193 4157 ﬁlius
3221 4102 3629 4175 procuratoris
3656 4104 3845 4163 Abra-

2175 4192 2292 4263 hae,
2325 4192 2431 4266 qui
2458 4197 2689 4265 postea,
2724 4195 2787 4248 ut
2814 4191 2983 4248 aiunt
3010 4190 3261 4259 Hebraei,
3296 4194 3662 4249 Damascum
3696 4212 3842 4252 con-

2177 4280 2346 4349 didit,
2376 4284 2435 4337 et
2469 4296 2694 4337 nomen
2743 4280 2993 4336 civitatis
3046 4279 3211 4336 dedit
3235 4294 3617 4354 regnumque
3649 4282 3717 4339 in
3771 4301 3843 4342 ea

2176 4370 2450 4427 obtinuit.
2483 4374 2759 4426 Attamen
2806 4368 3163 4439 notandum,
3201 4367 3306 4424 ubi
3351 4384 3464 4425 nos
3507 4370 3838 4443 habemus,

2173 4462 2338 4530 ﬁlius
2390 4460 2830 4531 procuratoris,
2856 4456 3129 4515 nonnulli
3160 4458 3593 4517 transtulerunt
3629 4478 3643 4517 :
3668 4464 3839 4532 ﬁlius

2172 4549 2415 4607 Masech
2437 4550 2753 4607 vernaculi
2790 4548 2923 4606 mei.
2963 4547 3176 4621 Aquila
3216 4564 3381 4620 vero,
3410 4550 3577 4618 ﬁlius
3616 4559 3837 4622 potum

2170 4639 2348 4697 danti
2367 4639 2572 4696 domui
2596 4653 2761 4696 meae.
2787 4636 3177 4702 Theodotion,
3221 4637 3387 4706 ﬁlius
3418 4639 3547 4708 ejus
3596 4643 3708 4712 qui
3734 4658 3835 4699 su-

2160 4744 2277 4799 per
2324 4729 2562 4785 domum
2592 4742 2783 4785 meam
2824 4732 2928 4797 est,
2958 4724 3022 4781 id
3050 4730 3138 4781 est
3163 4724 3359 4793 villici,
3389 4726 3496 4799 qui
3549 4728 3836 4787 universa

2167 4816 2500 4890 dispensat,
2545 4819 2603 4872 et
2650 4813 2951 4871 distribuit
2997 4813 3221 4870 cibaria
3250 4813 3523 4883 familiae;
3551 4822 3835 4875 vocatur-

2165 4920 2284 4979 que
2332 4907 2663 4963 Damascus
2708 4905 2964 4961 Eliezer.
2996 4906 3174 4960 Porro
3215 4903 3431 4960 Eliezer
3476 4905 3635 4961 Deus
3663 4924 3835 4965 meus

2164 4994 2415 5065 adjutor
2440 4995 2879 5067 interpretatur,
2897 4992 3023 5065 qui,
3046 4996 3111 5049 ut
3140 4992 3424 5063 diximus,
3456 4994 3832 5053 Damascum

2162 5083 2446 5140 condidit.
2481 5082 2758 5157 Sequitur
2788 5101 2801 5139 :

2232 5174 2397 5229 Vens.
2430 5177 2544 5228 5-6.
2577 5205 2646 5213 —
2675 5173 2924 5243 Suscipe
2953 5173 3189 5241 caelum,
3222 5177 3278 5228 et
3305 5187 3559 5231 numera
3589 5177 3830 5250 stellas,

2157 5262 2212 5317 si
2231 5267 2414 5332 potes.
2446 5262 2528 5318 Et
2549 5262 2705 5319 dixit
2754 5262 2854 5318 ei:
2878 5262 2981 5319 Sic
3025 5263 3137 5318 erit
3181 5276 3376 5318 semen
3427 5268 3619 5320 tuum.
3654 5266 3832 5323 Unde

2156 5349 2218 5406 in
2244 5351 2752 5424 consequentibus
2780 5350 2922 5407 dicit
2946 5368 2958 5405 :
2984 5351 3153 5408 Sicut
3180 5352 3369 5407 stella:
3398 5354 3552 5419 caeli,
3583 5359 3640 5410 et
3666 5355 3832 5411 sicut

2156 5454 2345 5497 arena
2375 5455 2507 5511 qua:
2536 5446 2621 5497 est
2666 5441 2866 5497 littore
2909 5442 3114 5508 maris,
3145 5443 3209 5496 In
3259 5439 3442 5496 stellis
3485 5440 3618 5497 caeli
3664 5458 3829 5515 pau-

2155 5528 2367 5601 ciores,
2407 5528 2722 5595 ﬁrmiores,
2754 5529 3033 5587 clariores
3053 5529 3502 5600 intelliguntur;
3537 5530 3598 5587 in
3630 5547 3829 5591 arena

2154 5622 2355 5675 autem
2380 5620 2659 5676 maritimi
2687 5619 2899 5677 littoris
2932 5636 3156 5692 magna
3179 5620 3503 5677 multitudo
3549 5621 3828 5681 inﬁrmo-

2151 5722 2288 5764 rum
2313 5714 2492 5781 atque
2522 5709 2879 5766 carnalium.
