3944 6408
139 243 223 296 ΓΠ
1441 230 1797 291 COMMENT.
1839 231 1908 287 IN
1953 230 2111 287 GEN.

3454 241 3553 293 178

194 361 425 419 Vras.7.
449 394 505 402 —
536 362 667 433 Ego
689 362 975 420 Dominus
995 361 1100 433 qui
1114 360 1301 418 eduxi
1315 365 1371 417 te
1388 359 1463 417 de
1487 359 1569 413 Ur
1594 354 1777 414 Chal-
1804 354 1859 409 Α
1888 353 2078 411 tiones
2100 371 2162 412 se
2186 355 2485 429 ingerunt,
2513 373 2652 430 quae
2677 356 2794 414 hoc
2850 371 3065 429 rapere
3115 356 3211 414 vel
3240 358 3554 416 maculare

132 453 399 509 dirarum.
430 454 551 507 Hoc
581 456 670 508 est
697 451 865 525 quod
893 450 1077 525 paulo
1099 454 1236 506 ante
1263 448 1549 515 diximus,
1576 445 1638 501 in
1671 444 1779 499 He-

130 543 274 599 braeo
300 541 531 613 haberi,
562 544 671 614 qui
706 543 895 600 eduxi
921 547 977 600 te
1004 541 1078 599 de
1122 541 1415 612 Chesdim,
1465 537 1529 595 id
1556 539 1648 595 est
1700 534 1776 590 de

128 631 385 689 incendio
408 631 855 700 Chaldaeorum,

190 724 347 779 Vens.
378 724 434 790 8,
465 726 519 779 9.
551 753 619 763 —
643 722 727 778 At
778 722 888 779 ille
916 721 1004 778 ait
1032 737 1047 777 :
1072 720 1329 777 Domine
1384 720 1563 786 Deus,
1614 716 1777 773 unde

125 812 264 868 scire
276 825 516 881 possum
541 811 705 884 quod
732 826 1111 881 possessum
1156 811 1270 866 sim
1295 823 1427 867 eam
1455 811 1484 864 ἵ
1510 809 1773 877 Respon-

124 901 255 959 deas
281 901 569 958 Dominus
597 918 611 957 :
672 901 875 968 Sume,
908 901 1108 972 inquit
1148 900 1301 957 mihi
1318 912 1563 955 vaccam
1594 898 1775 953 trien-

123 1005 265 1056 nem,
292 995 345 1047 et
364 1004 617 1060 capram
644 990 887 1047 trimam
918 987 1112 1059 [Cod.,
1139 989 1411 1056 trinam],
1443 992 1498 1044 et
1528 985 1773 1043 arietem

122 1094 401 1135 annorum
420 1078 606 1135 trium
618 1094 643 1136 .’
660 1083 1077 1151 turturemque
1089 1092 1323 1150 quoque
1339 1085 1395 1135 et
1411 1075 1769 1133 columbam.

124 1168 228 1235 Qui
251 1168 464 1225 tollens
492 1169 780 1226 universa
811 1168 962 1235 haec,
1002 1167 1205 1224 divisit
1246 1182 1315 1224 ea
1342 1181 1459 1237 per
1486 1164 1771 1232 medium,

122 1260 172 1313 et
195 1256 437 1331 reliqua.
472 1257 630 1325 Quid
680 1256 860 1330 igitur
908 1257 971 1314 in
1021 1256 1119 1313 illo
1149 1255 1411 1330 mystico
1469 1254 1644 1325 signo
1699 1252 1776 1309 de

121 1346 445 1419 posteritate
476 1346 715 1419 generis
745 1347 835 1402 sui
867 1346 1121 1403 Abrahae
1144 1343 1600 1417 intelligendum
1627 1347 1774 1407 erat,

1886 444 2147 512 valeant,
2179 446 2348 519 quod
2396 444 2457 501 in
2513 445 2690 501 nobis
2735 447 2854 501 Deo
2902 444 3112 502 ﬂentes
3140 444 3550 503 immolemus.

1888 532 2053 588 Unde
2078 539 2134 590 et
2163 534 2411 601 Abram,
2444 552 2583 591 cum
2610 535 2689 592 ad
2710 550 2998 591 occasum
3019 534 3161 591 solis
3190 536 3557 595 sacriﬁcium

1885 622 2142 692 offerret,
2173 624 2520 681 insistentes
2562 640 2706 682 aves
2745 625 3004 699 pertulit,
3054 640 3213 698 quas
3262 625 3555 695 studiose,

1882 728 1961 769 ne
1990 713 2266 771 oblatum
2292 715 2655 771 sacrificium
2705 720 3007 788 raperent,
3041 714 3260 785 abegit.
3297 716 3386 773 Sic
3418 733 3554 789 nos,

1883 802 2034 860 dum
2080 804 2143 861 in
2173 820 2282 861 ara
2310 806 2506 862 cordis
2536 805 2893 862 holocausta
2942 808 3061 865 Deo
3088 805 3417 873 offerimus,
3476 806 3556 864 ab

1882 892 2219 950 immundis
2248 894 2378 951 haec
2403 895 2750 951 volucribus
2776 895 3171 963 custodimus,
3198 910 3275 951 ne
3304 896 3557 967 maligni

1884 982 2132 1056 spiritus
2153 988 2210 1040 et
2224 999 2519 1057 perversae
2538 984 2926 1055 cogitationes
2946 984 3186 1058 rapiant
3200 984 3368 1057 quod
3383 1002 3558 1042 mens

1881 1076 2090 1129 nostra
2113 1073 2326 1129 offerre
2358 1074 2612 1130 Domino
2644 1073 2861 1130 utiliter
2887 1078 3141 1146 poterat.

1954 1164 2129 1219 Vens.
2160 1166 2341 1220 l3-l7.
2364 1195 2435 1204 —
2458 1165 2750 1236 Dixitque
2773 1164 3062 1219 Dominus
3082 1165 3164 1219 ad
3183 1180 3358 1221 eum:
3394 1163 3555 1222 Scito

1877 1268 2262 1325 praenoscens
2297 1255 2458 1327 quod
2491 1255 2879 1326 peregrinum
2914 1256 3199 1325 futurum
3238 1256 3316 1310 sit
3357 1271 3554 1313 semen

1887 1348 2057 1400 tuum
2082 1344 2146 1399 in
2169 1348 2335 1401 terra
2355 1360 2475 1401 non
2497 1358 2629 1411 sua,
2667 1349 2723 1401 et
2748 1343 3065 1414 subjicient
3093 1358 3185 1399 eos
3206 1346 3484 1401 servituti
3501 1351 3558 1401 et

119 1434 203 1491 vel
220 1436 516 1493 curtrium
535 1452 838 1493 annorum
855 1435 1144 1493 animalia
1158 1434 1238 1492 illi
1256 1439 1428 1492 erant
1447 1432 1779 1490 sumenda?
1885 1435 2167 1506 afﬂigent
2211 1434 2673 1506 quadringentis
2722 1434 2922 1504 annis,
2955 1432 3282 1505 etreliqua.
3313 1437 3438 1489 Non
3473 1435 3557 1490 sic

123 1524 206 1580 vel
230 1541 334 1581 cur
358 1525 649 1582 animalia
678 1525 905 1594 dividit,
967 1529 1025 1581 et
1049 1525 1325 1582 volucres
1354 1539 1478 1580 non
1525 1522 1777 1579 dividit?
1885 1522 2307 1596 accipiendum
2350 1529 2439 1579 est
2464 1528 2762 1597 tanquam
2785 1523 2847 1580 in
2887 1522 2992 1579 illa
3019 1521 3348 1578 durissima
3378 1524 3560 1578 servi-

119 1614 300 1670 Trium
338 1615 500 1671 enim
553 1630 857 1672 annorum
914 1614 1205 1671 animalia
1260 1619 1377 1670 tres
1431 1617 1776 1685 temporum
1891 1616 2015 1670 tute
2043 1613 2502 1686 quadringentis
2528 1612 2703 1670 annis
2758 1613 2859 1669 Dei
2886 1611 3153 1686 populus
3200 1611 3376 1669 fuerit
3407 1630 3421 1680 ;
3452 1612 3560 1668 sed

119 1703 381 1759 articulos
426 1704 776 1776 designant,
807 1704 1031 1778 quibus
1058 1704 1323 1778 populus
1355 1702 1433 1759 ad
1464 1717 1773 1758 summum
1808 1715 1854 1770 Β
1884 1703 2031 1775 quia
2059 1703 2348 1777 scriptum
2369 1707 2496 1760 est:
2533 1704 2601 1759 In
2632 1703 2807 1760 Isaac
2854 1702 3171 1759 vocabitur
3197 1702 3308 1758 tibi
3335 1718 3553 1767 semen,

118 1793 347 1850 honoris
365 1794 612 1850 culmen
634 1794 910 1851 adolevit.
963 1798 1006 1849 A
1042 1793 1417 1866 temporibus
1470 1806 1615 1848 vero
1669 1806 1775 1864 pa-
1883 1809 1958 1849 ex
1987 1809 2151 1850 anno
2179 1793 2501 1850 nativitatis
2533 1794 2705 1850 Isaac
2734 1809 2926 1867 usque
2959 1792 3038 1848 ad
3093 1808 3325 1849 annum
3358 1808 3558 1862 egres-

116 1882 371 1939 triarchaa
416 1883 677 1940 Abrahae
713 1899 840 1957 per
891 1882 1392 1956 repromissiones
1444 1896 1640 1953 usque
1692 1879 1773 1936 ad
1883 1882 2067 1939 sionis
2097 1899 2171 1939 ex
2198 1884 2462 1957 zEgypto
2492 1886 2923 1955 computantur
2958 1881 3101 1939 anni
3126 1881 3557 1955 quadringenti

116 1977 370 2046 tempora
385 1972 574 2047 Moysi
600 1973 959 2045 conjunctus
989 1976 1079 2029 est
1102 1975 1256 2029 Deo:
1288 1988 1325 2028 a
1351 1976 1622 2044 tempore
1661 1985 1770 2026 au-

116 2068 221 2118 tem
249 2063 429 2136 Moysi
452 2062 836 2131 legislatoris,
882 2078 920 2119 a
947 2063 1070 2119 Deo
1122 2062 1272 2131 legis
1293 2060 1665 2134 acceptione,
1712 2062 1771 2117 et

113 2151 529 2208 miraculorum
563 2150 1257 2225 ostensione,triumphis
1282 2155 1340 2207 et
1368 2154 1538 2207 terras
1567 2164 1770 2222 repro-

114 2240 402 2298 missionis
439 2242 819 2314 ingressione
870 2240 1276 2313 gloriﬁcatus;
1326 2255 1364 2297 a
1393 2237 1768 2313 temporibus

111 2345 242 2387 vero
291 2330 480 2388 David
535 2330 703 2403 regio
758 2331 989 2388 honore
1036 2334 1096 2387 et
1134 2328 1341 2403 templi
1393 2326 1768 2400 civitatisque

113 2419 464 2477 Hierusalem
518 2420 912 2478 instructione
938 2419 1205 2477 elevatus
1233 2422 1339 2476 est.
1372 2418 1538 2475 Aries
1564 2420 1767 2474 autem

113 2509 322 2580 regiam
342 2514 400 2567 et
425 2509 869 2567 sacerdotalem
898 2509 1251 2579 dignitatem
1285 2526 1300 2577 ;
1329 2523 1516 2564 vacca
1545 2505 1660 2563 sub
1688 2506 1764 2563 le-

113 2599 194 2669 gis
221 2596 412 2657 littera
468 2599 830 2656 servientem
862 2616 876 2667 ;
904 2614 1090 2672 capra
1122 2598 1304 2655 etiam
1336 2596 1621 2654 eumdem
1659 2612 1767 2670 po-

113 2687 306 2759 pulum
340 2694 725 2762 peccatorem
753 2704 887 2744 esse
934 2688 1236 2759 designat.
1288 2692 1444 2743 Aves
1477 2702 1621 2742 vero
1652 2686 1768 2759 spi-

111 2776 294 2835 ritales
342 2782 401 2836 et
455 2778 582 2834 Deo
636 2778 857 2835 electos
885 2777 1378 2852 praeﬁgurabant.
1434 2775 1768 2832 Divisiones

113 2881 360 2941 namque
390 2867 754 2925 animalium
780 2867 1109 2924 schismata
1138 2867 1292 2923 inter
1319 2865 1594 2923 carnales
1617 2880 1770 2921 sem-

110 2971 207 3028 per
244 2973 375 3015 esse
423 2956 777 3015 ostendunt.
822 2958 962 3014 Ideo
991 2973 1135 3014 vero
1165 2955 1335 3031 quod
1358 2971 1502 3012 aves
1528 2970 1653 3011 non
1679 2953 1767 3010 di-

1880 1973 2171 2046 quinque.
2201 1975 2349 2030 Cum
2371 1987 2516 2043 ergo
2564 1972 2639 2030 de
2666 1971 3133 2046 quadringentis
3164 1971 3406 2041 triginta
3454 1972 3556 2027 de-

1880 2062 2133 2119 traxeris
2176 2062 2388 2133 viginti
2441 2061 2732 2136 quinque,
2765 2061 2870 2135 qui
2920 2064 3059 2117 sunt
3089 2077 3125 2117 a
3151 2061 3554 2133 promissione

1877 2166 2073 2225 usque
2099 2151 2178 2208 ad
2192 2156 2405 2208 natum
2428 2154 2532 2221 [Z.,
2556 2150 2949 2215 nativitatem]
2973 2154 3162 2221 Isaac,
3184 2165 3309 2206 non
3332 2149 3556 2206 mirum

1877 2244 1967 2297 est
1994 2242 2044 2297 si
2072 2240 2511 2314 quadragintos
2544 2244 2603 2298 et
2630 2241 2902 2314 quinque
2942 2255 3137 2298 annos
3187 2255 3431 2296 summa
3461 2255 3554 2295 so-

1874 2330 1999 2388 lida
2029 2334 2136 2405 [Z.,
2167 2330 2445 2401 solidate]
2473 2330 2953 2405 quadringentos
2991 2328 3183 2386 voluit
3241 2328 3553 2402 appellare

1879 2420 2204 2494 Scriptura,
2263 2436 2399 2495 quae
2432 2420 2585 2477 solet
2627 2424 2902 2493 tempora
2930 2420 3012 2476 ita
3055 2434 3429 2491 nuncupare,
3489 2422 3556 2475 ut

1875 2509 2044 2583 quod
2080 2509 2156 2567 de
2214 2526 2459 2567 summa
2500 2510 2885 2583 perfectionis
2943 2509 3181 2566 numeri
3232 2508 3552 2582 paululum

1875 2600 2181 2668 excrescit,
2211 2603 2317 2657 aut
2364 2600 2523 2657 infra
2553 2604 2665 2671 est,
2695 2616 2822 2656 non
2848 2603 3251 2674 computetur.
3287 2602 3414 2655 Non
3447 2598 3555 2654 ita-

1875 2705 1995 2762 que
2023 2688 2193 2763 quod
2226 2690 2324 2753 ait,
2357 2690 2418 2747 in
2449 2690 2793 2747 servitutem
2832 2690 3106 2760 redigent
3135 2705 3259 2752 eos,
3296 2693 3352 2745 et
3374 2703 3552 2743 noce-

1874 2780 2029 2839 bunt
2079 2780 2217 2852 illis,
2267 2780 2347 2838 ad
2392 2780 2874 2855 quadringentos
2919 2795 3115 2837 annos
3165 2778 3551 2836 referendum

1877 2876 1989 2939 est,
2019 2876 2337 2945 tamquam
2359 2886 2467 2945 per
2497 2874 2580 2927 tot
2628 2886 2823 2928 annos
2850 2887 2955 2927 eos
2986 2870 3312 2927 habuerint
3338 2870 3401 2926 in
3432 2885 3551 2924 ser-

1876 2962 2148 3031 vitutem,
2181 2959 2287 3017 sed
2312 2959 2607 3016 referendi
2633 2964 2774 3019 sunt
2814 2958 3242 3033 quadringenti
3267 2958 3412 3016 anni
3470 2957 3551 3014 ad

110 3046 251 3119 visit,
282 3063 397 3120 pax
430 3052 489 3105 et
523 3047 725 3104 unitas
784 3046 1143 3123 spiritalium
1197 3044 1561 3116 intelligitur.
1595 3044 1768 3108 Quod
1799 3076 1841 3133 c
1877 3051 1939 3107 id
1967 3050 2135 3124 quod
2159 3049 2387 3106 dictum
2420 3053 2530 3118 est,
2577 3051 2972 3119 peregrinum
3020 3051 3135 3106 erit
3160 3064 3356 3106 semen
3378 3055 3545 3104 tuum

109 3135 253 3194 circa
263 3153 584 3213 vesperam
598 3153 794 3212 pavor
808 3138 979 3194 irruit
999 3152 1183 3210 super
1202 3136 1453 3207 Abram,
1482 3139 1769 3191 terrorem

107 3225 161 3281 in
186 3226 276 3283 die
297 3227 534 3300 judicii,
567 3227 673 3301 qui
725 3226 1032 3301 separabit
1073 3226 1153 3284 ab
1184 3226 1445 3283 invicem
1477 3223 1771 3299 spiritales

109 3321 158 3372 et
205 3317 493 3385 carnales,
560 3317 711 3374 alios
742 3322 1011 3375 statuens
1066 3317 1129 3373 in
1159 3316 1493 3382 dexteram,
1528 3313 1677 3371 alios
1710 3314 1773 3371 in

110 3406 414 3466 sinistram.
433 3414 590 3466 Aves
610 3424 776 3477 vero,
794 3425 931 3482 quae
953 3424 1138 3482 super
1172 3406 1473 3464 cadavera
1496 3405 1772 3481 volitant,

107 3496 481 3557 daemoniacee
515 3504 660 3555 sunt
686 3504 1037 3572 potestates,
1066 3515 1203 3572 quae
1249 3496 1599 3554 carnalibus
1631 3495 1775 3553 insi-

108 3591 235 3647 dere
258 3594 560 3665 quierunt,
594 3606 751 3664 quas
786 3589 1042 3647 devotus
1071 3588 1283 3646 doctor
1314 3587 1526 3645 sedula
1557 3587 1773 3645 admo-

113 3681 317 3739 nitione
346 3680 596 3753 abigere
622 3680 819 3737 debet.

174 3771 513 3841 lntelligitur
550 3774 612 3827 et
639 3770 808 3828 aliter
834 3770 944 3827 iste
970 3769 1193 3826 modus
1223 3768 1454 3839 ﬁgurae.
1489 3769 1600 3825 Per
1632 3784 1769 3824 vac-

111 3874 230 3916 cam
261 3861 419 3917 enim
451 3860 793 3931 signiﬁcata
832 3863 925 3917 est
953 3859 1126 3933 plebs
1158 3858 1357 3932 posita
1413 3857 1530 3913 sub
1578 3857 1767 3929 jugo;

110 3966 205 4023 per
226 3966 473 4025 capram
522 3948 894 4007 criminatrix
939 3948 1261 4005 multitudo
1319 3947 1590 4019 gentium
1624 3962 1771 4020 ;per

113 4039 335 4096 arietem
371 4039 565 4096 duces
596 4038 806 4112 populi
849 4038 1139 4110 gentium.
1189 4036 1390 4094 Trium
1442 4036 1603 4094 enim
1663 4051 1769 4093 an-

110 4144 309 4185 norum
334 4128 633 4186 animalia
670 4128 784 4184 tria
830 4132 1107 4202 tempora
1135 4126 1495 4197 signiﬁcant,
1531 4125 1678 4199 quia
1705 4126 1768 4183 in

112 4217 328 4276 tertium
358 4222 609 4291 tempus
641 4218 745 4285 [Z.,
798 4217 972 4275 tertio
1023 4220 1319 4290 tempore]
1378 4215 1496 4272 ista
1551 4215 1766 4272 divisio

109 4305 251 4364 facta
276 4313 384 4371 est,
415 4306 761 4378 segregatio
815 4306 1089 4363 videlicet
1132 4305 1404 4361 ﬁdelium
1450 4303 1529 4361 ab
1560 4303 1766 4360 inﬁde-

1878 3143 1943 3198 in
1975 3146 2140 3197 terra
2171 3155 2290 3195 non
2310 3141 2585 3210 propria.
2619 3138 2771 3203 Quia
2810 3138 2933 3194 sive
2964 3138 3026 3193 in
3050 3141 3209 3195 terra
3232 3138 3547 3203 Chanaan,

1881 3230 2004 3287 sive
2020 3229 2085 3285 in
2115 3230 2376 3302 {Egypto
2401 3228 2786 3301 peregrinum
2807 3231 2934 3284 erat
2952 3226 3102 3283 illud
3125 3242 3355 3298 semen,
3387 3230 3551 3281 ante-

1881 3336 2071 3394 quam
2103 3318 2512 3375 haareditatem
2534 3322 2841 3374 sumerent
2867 3317 2930 3373 in
2963 3320 3140 3388 terra,
3174 3332 3247 3372 ex
3290 3315 3548 3389 promis-

1884 3410 2056 3466 sione
2082 3408 2203 3471 Dei,
2222 3408 2387 3480 quod
2415 3407 2644 3463 factum
2671 3410 2763 3462 est
2781 3410 3182 3479 posteaquam
3195 3422 3267 3460 ex
3282 3408 3546 3477 zEgypto

1882 3498 2116 3555 liberati
2163 3502 2320 3564 sunt,
2372 3502 2435 3553 ut
2482 3496 2864 3569 hyperbaton
2914 3495 3011 3551 hic
3053 3494 3434 3567 intelligatur,
3483 3497 3548 3550 ut

1884 3588 2034 3645 ordo
2054 3586 2380 3643 verborum
2402 3586 2474 3641 sit
2498 3602 2511 3641 :
2544 3585 2799 3643 Sciendo
2822 3586 2968 3641 scies
2993 3585 3138 3657 quia
3153 3584 3545 3655 peregrinum

1882 3682 1995 3734 erit
2014 3692 2206 3734 semen
2224 3682 2391 3732 tuum
2407 3675 2473 3731 in
2496 3680 2660 3732 terra
2676 3691 2795 3731 non
2818 3675 3071 3745 propria
3088 3672 3545 3745 quadringentis

1880 3768 2091 3833 annis;
2124 3763 2271 3820 illud
2301 3768 2506 3820 autem
2527 3762 2949 3837 interpositum
2971 3761 3355 3831 intelligatur,
3390 3767 3444 3816 et
3480 3762 3544 3815 in

1878 3856 2224 3913 servitutem
2244 3854 2519 3924 redigent
2544 3867 2664 3919 eas,
2697 3859 2751 3908 et
2780 3852 3077 3909 nocebunt
3100 3851 3248 3921 illis,
3276 3850 3359 3905 ita
3388 3853 3454 3905 ut
3480 3849 3544 3904 in

1876 3945 2355 4019 quadringentos
2402 3958 2597 3999 annos
2649 3942 2766 3999 ista
2792 3940 3166 4013 interpositio
3214 3955 3339 3995 non
3369 3939 3546 4012 perti-

1876 4040 2036 4092 neat.
2061 4036 2127 4091 ln
2156 4040 2422 4092 extrema
2451 4032 2613 4089 enim
2661 4037 2830 4106 parte
2860 4048 3114 4087 summae
3170 4030 3372 4102 hujus,
3427 4030 3545 4086 hoc

1877 4131 1967 4183 est
1993 4129 2136 4198 post
2162 4129 2418 4181 mortem
2451 4123 2693 4197 Josepb,
2721 4122 2948 4179 factum
2971 4125 3059 4178 est
3083 4125 3150 4177 ut
3176 4121 3239 4177 in
3281 4120 3545 4192 [Egypto

1876 4213 2143 4288 populus
2190 4214 2292 4268 Dei
2350 4212 2568 4269 duram
2634 4216 2949 4285 perageret
3013 4211 3377 4267 servitutem.
3430 4209 3545 4266 Sed

1876 4320 2065 4378 quare
2110 4302 2338 4359 dictum
2392 4306 2481 4359 est
2527 4302 2603 4359 de
2648 4302 2787 4358 ﬁliis
2830 4302 3090 4358 Abram:
3134 4300 3368 4369 Quarta
3404 4315 3547 4370 pro-

111 4394 269 4453 libus.
304 4400 407 4454 Per
460 4401 759 4453 turturem
790 4395 950 4453 enim
997 4400 1054 4453 et
1084 4394 1435 4451 columbam
1472 4390 1767 4467 spiritales
1800 4435 1843 4489 D
1875 4395 2047 4467 genie
2092 4398 2472 4450 revertentur
2528 4393 2647 4449 huc
2681 4396 2710 4448 ?
2757 4396 2815 4448 et
2889 4392 2950 4448 in
3018 4391 3223 4447 Exodo
3280 4389 3495 4459 legitur
3528 4406 3540 4444 :

112 4489 161 4541 et
181 4485 442 4543 heredes
472 4502 549 4543 ex
578 4489 836 4559 utroque
866 4484 1096 4559 populo
1139 4483 1310 4555 regni
1336 4482 1515 4538 futuri
1547 4485 1651 4551 [Z.,
1680 4498 1769 4538 re-
1803 4479 1839 4489 "
1879 4485 2102 4553 Quinta
2150 4484 2538 4554 generatione
2606 4481 3008 4539 ascenderunt
3051 4481 3171 4549 ﬁlii
3236 4480 3429 4536 Israel
3472 4479 3547 4534 de

112 4574 201 4643 gni
228 4576 326 4633 Dei
354 4575 565 4639 futuri]
618 4573 988 4648 pra-ﬁgurati
1032 4578 1190 4630 sunt.
1237 4571 1516 4628 Volucres
1562 4575 1766 4628 autem

111 4661 528 4722 descendentes
556 4679 741 4738 super
770 4663 1078 4720 cadavera
1123 4660 1427 4719 immundi
1478 4666 1618 4717 sunt
1645 4660 1767 4735 spi-

111 4751 261 4825 ritus,
309 4771 416 4829 qui
466 4753 776 4811 mentibus
814 4753 1153 4810 carnalium
1225 4766 1464 4825 semper
1509 4750 1768 4807 insidere

110 4848 386 4914 quierunt,
427 4860 591 4918 quos
646 4842 903 4901 devotus
956 4842 1172 4903 doctor
1224 4842 1437 4899 sedula
1494 4840 1771 4898 admoni-

113 4930 252 4991 tione
271 4934 516 5002 abigere
548 4932 749 5004 debet,
800 4938 865 4990 ut
919 4948 1105 5006 supra
1151 4932 1545 4989 ostendimus.
1603 4930 1768 4987 Unde

114 5024 162 5077 et
177 5024 457 5095 sequitur,

174 5113 332 5169 Vens.
362 5117 547 5169 10-12.
570 5113 725 5168 "Et
752 5112 1033 5183 abigebat
1049 5126 1149 5167 eos
1171 5111 1217 5166 A
1232 5111 1422 5166 bram.
1449 5108 1623 5175 Quod
1653 5109 1768 5164 hoc

116 5200 397 5258 moraliter
453 5201 705 5270 intelligi
735 5201 965 5257 volunt.
1023 5201 1191 5272 Saepe
1225 5197 1412 5255 corda
1462 5198 1768 5268 justorum

117 5288 349 5347 subortae
367 5292 769 5362 cogitationes
785 5290 1081 5363 polluunt,
1104 5295 1161 5345 et
1178 5294 1551 5344 terrenarum
1568 5303 1769 5342 rerum

117 5375 597 5439 delectationibus
612 5384 893 5451 tangunt;
907 5380 1011 5437 sed
1029 5379 1177 5436 dum
1200 5376 1372 5434 citius
1391 5392 1581 5433 manu
1597 5392 1770 5433 sanc-

120 5471 181 5523 ta:
200 5470 569 5530 discretionis
584 5471 933 5542 abiguntur,
946 5469 1125 5544 quasi
1137 5484 1280 5524 aves
1297 5465 1765 5539 repelluntur.ne

121 5560 293 5616 cordis
321 5561 543 5619 faciem
570 5561 769 5631 caligo
799 5559 1144 5617 tentatiouis
1168 5556 1419 5631 operiat,
1451 5571 1589 5629 quae
1613 5556 1774 5613 hanc

119 5646 229 5715 iam
249 5667 317 5707 ex
345 5651 556 5709 illicita
583 5650 979 5708 delectatione
1008 5650 1317 5720 tangebat.
1351 5650 1501 5703 Nam
1528 5661 1687 5715 saepe
1713 5647 1774 5702 in

126 5735 244 5810 ipso
273 5740 565 5800 orationis
596 5746 817 5798 nostra
846 5738 1144 5798 sacriﬁcio
1168 5739 1530 5813 importunae
1553 5735 1777 5807 cogita-

1878 4580 2045 4631 terra
2071 4574 2345 4644 ngypti
2370 4573 2397 4629 ?
2424 4570 2666 4644 Replica
2724 4570 3146 4641 genealogiam
3192 4568 3348 4625 Levi.
3412 4566 3546 4623 Levi

1876 4663 2082 4735 genuit
2107 4662 2273 4729 Cath,
2308 4661 2455 4718 Cath
2487 4660 2694 4731 genuit
2721 4663 2991 4722 Amram,
3040 4664 3288 4714 Amram
3340 4654 3547 4726 genuit

1875 4756 2098 4821 Aaron,
2152 4753 2356 4807 Aaron
2430 4749 2638 4819 genuit
2709 4748 2971 4818 Eleazar,
3048 4745 3291 4802 Eleazar
3339 4741 3546 4811 genuit

1877 4842 2146 4899 Phinees.
2176 4841 2324 4897 Cath
2353 4856 2494 4895 eum
2536 4843 2707 4912 patre
2754 4854 2865 4892 suo
2924 4835 3058 4892 Levi
3114 4834 3426 4903 ingressus
3458 4834 3546 4888 est

1876 4932 2230 5005 Egyptum.
2255 4932 2517 4986 Rursum
2550 4927 2789 4983 Eleazar
2829 4942 2966 4980 cum
2998 4927 3167 4995 patre
3202 4937 3314 4977 suo
3346 4925 3543 4976 Aaron

1878 5037 2158 5091 egressus
2189 5018 2375 5075 estab
2409 5018 2691 5089 rEgypto.
2727 5019 2771 5068 A
2804 5014 2953 5068 Cath
2978 5027 3169 5084 usque
3199 5012 3275 5067 ad
3306 5010 3545 5067 Eleazar

1879 5113 2308 5182 computantur
2364 5111 2645 5178 quatuor.
2696 5102 2870 5168 Quod
2946 5106 3145 5157 autem
3206 5100 3543 5156 secundum

1880 5199 2153 5255 Exodum
2184 5197 2395 5269 quinta
2420 5192 2803 5263 generatione
2826 5192 3203 5262 egressisunt
3232 5191 3333 5246 lilii
3365 5189 3545 5245 isracl

1880 5289 1956 5343 de
2003 5291 2177 5352 terra,
2220 5284 2408 5339 tribus
2462 5282 2566 5338 tibi
2593 5280 2762 5337 inde:
2817 5280 2967 5337 ordo
2996 5285 3364 5336 numeretur.
3392 5275 3547 5332 luda

1882 5376 2089 5449 genuit
2159 5375 2399 5446 Phares,
2474 5373 2694 5429 Phares
2777 5371 2984 5441 genuit
3053 5372 3286 5441 Esrom,
3338 5370 3546 5423 Esrom

1883 5466 2089 5539 genuit
2157 5469 2339 5532 Aran,
2417 5469 2577 5519 Aran
2635 5461 2840 5532 genuit
2895 5458 3258 5527 Aminadab,
3308 5457 3547 5515 Amina-

1881 5556 2005 5614 dab
2068 5554 2272 5625 genuit
2366 5557 2624 5614 Naason,
2716 5554 2952 5606 Naason
3020 5548 3226 5619 genuit
3278 5548 3545 5605 Salmon.

1882 5646 2105 5702 Phares
2136 5659 2275 5700 cum
2301 5647 2470 5716 patre
2502 5657 2613 5697 suo
2669 5638 2818 5695 Iuda
2868 5639 3196 5711 ingressus,
3230 5643 3322 5695 est
3370 5638 3550 5709 zEgy-

1885 5738 2077 5807 ptum.
2113 5735 2356 5790 Naason
2397 5731 2701 5808 principes
2727 5729 2885 5800 Juda
2931 5730 2992 5797 in
3048 5730 3285 5788 deserto
3333 5726 3550 5785 descri-
