3944 6414
346 247 480 307 1³79

1443 245 1796 301 ANGELOMI
1839 237 2295 298 LUXOVIENSIS
2334 243 2654 301 MONACHI

3683 247 3788 301 180

342 356 528 423 bitur,
559 356 734 428 cujus
787 355 944 410 ﬁlius
990 354 1231 412 Salmon
1277 358 1495 408 terram
1524 347 2003 423 repromissionis
2037 351 2086 404 Α
2113 349 2406 406 illustrati.
2429 351 2687 416 Quidam
2707 351 2945 406 codices
2971 351 3218 419 habent,
3267 351 3522 408 bibentis
3570 357 3626 408 et
3683 354 3777 407 vi-

343 445 628 504 introivit.
653 445 948 516 Computa
977 459 1014 498 a
1063 443 1280 498 Phares
1308 455 1499 512 usque
1531 439 1610 495 ad
1654 443 1917 498 Naason,
1949 440 2007 490 et
2117 440 2332 508 dentis,
2363 440 2507 513 quia
2535 442 2951 512 unusquisque
3001 445 3231 512 quanto
3261 441 3456 507 magis
3488 440 3790 499 sorbuerit

345 533 617 591 invenies
642 531 1053 604 generationes
1077 530 1368 602 quinque.

420 626 594 680 Vens.
626 624 704 679 18.
737 651 808 663 --
835 620 1066 677 Semini
1092 624 1194 676 tuo
1223 619 1378 674 dabo
1401 623 1627 674 terram
1659 615 1818 671 hanc
1840 631 1878 671 a
1899 615 2011 682 ﬂu-

349 714 512 770 mine
537 710 806 781 Ai‘gypti
833 724 1020 780 usque
1073 707 1156 764 ad
1201 708 1428 778 ﬂumen
1473 707 1873 776 Euphratem.
1930 703 2010 758 De

350 817 474 875 quo
503 798 748 856 ﬂumine
790 797 1024 869 £gypti
1053 795 1248 852 dixit?
1300 799 1427 852 Non
1476 811 1617 864 ergo
1671 811 1708 850 a
1765 791 2012 848 ﬂumine

350 904 575 959 magno
605 886 856 959 Egypti,
888 886 1002 942 hoc
1031 889 1140 956 est,
1174 885 1321 954 Nilo,
1367 886 1470 940 sed
1522 901 1556 940 a
1586 900 1797 956 parvo,
1847 879 2013 952 quod

350 978 555 1034 dividit
609 977 761 1032 inter
792 980 1114 1048 Egyptum
1157 980 1214 1031 et
1243 974 1625 1031 Palaestinam
1674 970 2012 1034 [7...dividit

352 1068 594 1138 Egypt.
653 1071 709 1121 et
757 1066 930 1135 PaL],
993 1064 1097 1119 ubi
1143 1069 1231 1120 est
1282 1065 1487 1118 civitas
1552 1065 1740 1118 Rhina
1797 1074 2015 1114 curura

349 1156 870 1224 [Rhinnocorura].
947 1153 1122 1220 Quod
1196 1169 1340 1209 vero
1407 1153 1790 1222 adjungitur:
1868 1150 2014 1205 Cum

349 1246 441 1300 sol
511 1244 900 1310 occubuisset,
956 1244 1128 1312 facta
1199 1248 1284 1297 est
1332 1243 1528 1311 caligo
1583 1242 1913 1312 tenebrosa,
1959 1250 2013 1299 et

351 1334 642 1404 apparuit
669 1332 946 1388 clibanus
980 1332 1251 1400 fumans,
1285 1335 1341 1385 et
1373 1331 1604 1398 lampas
1640 1332 1816 1398 ignis,
1850 1338 2014 1387 tran-

349 1423 508 1479 siens
530 1422 692 1478 inter
727 1421 923 1476 media
951 1421 1086 1485 illa,
1117 1434 1246 1490 qum
1275 1419 1467 1474 divisa
1498 1425 1692 1479 erant.
1724 1419 2021 1488 signiﬁcat

352 1515 494 1586 post
517 1509 705 1566 ﬁnem
738 1508 940 1565 saeculi
983 1509 1250 1564 futurum
1279 1507 1439 1563 diem
1493 1507 1720 1578 judicii,
1771 1509 2018 1580 quando

355 1615 466 1674 per
514 1599 720 1671 ignem
772 1598 1251 1669 segregabuntur
1297 1603 1644 1654 sanctorum
1699 1599 1908 1670 populi
1962 1603 2020 1656 et

357 1688 728 1761 iniquorum.

1024 1776 1253 1831 CAPUT
1290 1777 1398 1830 XVI
1409 1818 1421 1830 .

429 1865 654 1922 Deinde
673 1865 887 1935 legitur
907 1865 1160 1938 qualiter
1188 1864 1410 1919 Abram
1437 1863 1515 1918 ad
1543 1869 1699 1933 Agar
1737 1865 2018 1922 ancillam

359 1955 700 2028 Egyptiam
751 1954 1059 2024 ingressus
1098 1958 1204 2008 est.
1253 1955 1311 2008 et
1356 1953 1561 2022 genuit
1591 1970 1663 2008 ex
1690 1969 1760 2008 ea
1803 1954 2018 2023 tilium,

359 2044 717 2116 vocavitque
746 2058 991 2099 nomem
1021 2043 1151 2114 ejus
1189 2042 1423 2109 Ismael,
1469 2042 1544 2097 de
1588 2057 1712 2114 quo
1762 2042 2016 2100 dicitur:

356 2135 475 2190 Hic
497 2133 612 2189 erit
628 2134 796 2202 ferus
835 2132 1008 2189 homo
1041 2149 1054 2187 :
1086 2146 1301 2188 manus
1354 2133 1484 2200 ejus
1536 2138 1748 2187 contra
1797 2147 2017 2203 omnes,

358 2226 418 2278 et
441 2221 692 2294 reliqua.

431 2309 746 2376 Quomodo
772 2308 1114 2366 defenditur
1141 2307 1366 2366 Abram
1397 2307 1673 2364 adulterii
1718 2324 1855 2364 reus
1895 2326 2020 2366 non

359 2414 512 2464 esse,
560 2397 710 2454 dum
760 2398 994 2454 vivente
1024 2397 1292 2467 legitima
1322 2412 1508 2452 uxore
1557 2397 1914 2467 conjunctus
1947 2399 2024 2454 sit

356 2487 585 2546 ancilla;
615 2504 738 2543 suae
757 2489 785 2544 ?
815 2486 1084 2543 Necdum
1116 2486 1501 2558 promulgata
1523 2490 1649 2541 erat
1679 2487 1856 2541 unius
1880 2504 2022 2543 uxo-

356 2578 438 2635 ris
465 2577 823 2648 Evangelica
851 2577 966 2632 lex.
991 2575 1263 2632 Habebat
1291 2591 1456 2647 quoq
1467 2591 1535 2630 ue
1559 2576 2020 2645 promissionem

361 2683 400 2723 a
447 2669 570 2722 Deo
602 2665 1037 2738 multiplicandi
1098 2665 1312 2728 [Petr.,
1345 2664 1742 2736 multiplicati]
1776 2667 2021 2722 seminis

361 2757 483 2825 sui;
513 2756 620 2813 sed
647 2755 910 2812 necdum
954 2754 1180 2811 sciebat
1203 2770 1277 2810 ex
1305 2769 1428 2826 qua
1460 2770 1664 2819 uxore,
1709 2756 1855 2826 quia
1881 2772 2023 2827 pos-

358 2850 458 2902 tea
485 2845 714 2902 dictum
745 2845 800 2901 ei
826 2845 900 2902 de
936 2847 1082 2902 Sara
1104 2843 1326 2900 habere
1358 2844 1570 2900 tilium.
1605 2848 1752 2900 Nam
1785 2850 2024 2917 propte-

358 2951 464 2992 rea
485 2935 569 2992 sic
589 2935 969 3008 propagandi
985 2933 1264 2990 voluntas
1297 2933 1396 3006 pia
1416 2933 1543 3001 fuit,
1577 2934 1722 3006 quia
1743 2951 2025 2992 concum-

358 3023 545 3081 bendi
570 3025 850 3080 voluntas
885 3023 1208 3080 libidinosa
1237 3039 1359 3079 non
1401 3023 1528 3090 funt,
1561 3024 1740 3080 etiam
1772 3030 1829 3080 et
1855 3024 2022 3081 Sarai
2053 3053 2094 3109 ο

355 3113 612 3186 prolem,
641 3129 829 3186 quam
855 3113 930 3169 de
959 3129 1022 3168 se
1053 3113 1274 3170 habere
1299 3127 1417 3168 non
1449 3113 1662 3184 potuit,
1696 3112 1771 3168 de
1803 3113 2022 3170 ancilla

356 3201 583 3260 habere
611 3201 818 3272 voluit,
844 3202 1253 3259 consentiebat
1283 3207 1534 3274 uterque
1581 3202 1642 3258 in
1668 3201 1848 3271 facto,
1879 3203 2023 3276 quia

357 3295 609 3364 uterque
635 3291 799 3348 Sarai
846 3291 1105 3348 sterilem
1135 3307 1264 3348 esse
1291 3290 1534 3347 sciebat.
1571 3290 1686 3348 Sed
1712 3293 2025 3363 quomodo

357 3395 574 3436 manus
594 3382 858 3437 omnium
879 3387 1090 3439 contra
1123 3381 1353 3447 lsmael,
1379 3382 1471 3436 vel
1489 3397 1704 3437 manus
1729 3383 1856 3450 ejus
1886 3398 2026 3438 con-

365 3474 462 3526 ira
484 3485 680 3526 omnes
712 3473 742 3525 Ρ
764 3471 992 3526 Invenit
1019 3471 1181 3527 enim
1203 3470 1455 3541 angelus
1482 3470 1716 3526 Domini
1741 3476 1900 3536 Agar
1921 3488 2022 3527 su-

359 3572 470 3630 per
497 3557 722 3614 fontem
773 3574 947 3631 aquae
999 3559 1062 3615 in
1120 3559 1357 3615 deserto
1413 3560 1492 3614 ad
1538 3559 1765 3614 fontem
1815 3560 1877 3614 in
1926 3561 2026 3617 via

359 3651 564 3715 Assur,
641 3663 775 3720 qua:
835 3664 941 3720 per
1012 3663 1284 3705 eremum
1352 3647 1539 3717 ducit,
1595 3647 1844 3718 quando
1946 3650 2026 3704 ad

359 3740 681 3810 Egyptum
709 3737 794 3794 ire
821 3737 1162 3805 festinabat,
1195 3736 1502 3793 etvocabit
1545 3752 1767 3792 nomen
1799 3739 1928 3807 ejus
1951 3742 2027 3793 ls-

357 3825 552 3893 mael;
585 3827 731 3900 quia
777 3827 1081 3883 exaudivit
1109 3826 1398 3882 Dominus
1428 3824 1826 3882 humilitatem
1873 3827 2022 3896 ejus.

357 3915 570 3972 lsmael
608 3915 1030 3988 interpretatur
1071 3915 1378 3971 exauditio
1399 3915 1529 3969 Dei.
1553 3915 1670 3970 Hic
1711 3915 1824 3970 erit
1857 3917 2026 3984 ferus

362 4005 536 4062 homo
555 4021 580 4076 ,'
601 4021 819 4062 manus
846 4008 975 4074 ejus
995 4020 1176 4074 super
1197 4020 1418 4072 omnes,
1452 4009 1505 4058 et
1530 4019 1745 4060 manus
1762 4007 2024 4061 omnium

362 4109 546 4163 super
569 4109 722 4160 eum,
750 4101 806 4150 et
835 4100 1047 4150 contra
1071 4095 1291 4161 faciem
1308 4095 1571 4149 omnium
1600 4095 1870 4162 fratrum
1895 4111 2026 4150 suo—

365 4198 504 4238 rum
546 4181 862 4238 habitabit.
923 4181 1308 4250 Signiticabat
1371 4189 1574 4236 autem
1624 4199 1829 4238 semen
1891 4185 2023 4254 ejus

361 4269 774 4328 habitaturum
804 4270 866 4325 in
921 4285 1145 4338 eremo,
1184 4269 1248 4326 id
1295 4275 1401 4337 est,
1451 4273 1780 4327 Saracenos
1832 4288 2022 4340 vagos

365 4359 725 4431 incertisque
755 4359 1021 4426 sedibus,
1047 4359 1151 4432 qui
1195 4360 1506 4416 universas
1551 4366 1755 4430 gentes
1801 4362 2024 4433 quibus

2119 529 2430 584 scientiam
2458 530 2900 602 Scripturarum
2941 529 3229 599 bibendo,
3261 534 3426 586 tanto
3457 531 3659 599 magis
3709 530 3788 586 vi-

2119 618 2220 674 det
2243 619 2648 690 intelligendo.

2747 745 2981 800 CAPUT
3005 747 3158 800 XVII.

2193 852 2368 907 Vsus.
2401 852 2545 907 1-14.
2580 884 2648 891 -
2691 853 2978 924 Dixitque
3031 853 3321 908 Dominus
3377 853 3460 908 ad
3503 853 3736 909 Abram
3776 871 3789 909 :

2125 943 2278 998 Ecce
2297 947 2707 998 testamentum
2739 958 2928 997 meum
2962 948 3176 1010 tecum,
3204 949 3258 998 et
3285 944 3400 998 eris
3426 948 3611 1014 pater
3640 943 3795 998 mul-

2128 1031 2401 1085 Iitudinis
2433 1033 2718 1102 gentium,
2750 1037 2804 1086 et
2834 1047 2953 1084 non
2989 1031 3300 1085 vocabitur
3343 1046 3558 1088 nomen
3621 1036 3792 1086 tuum

2125 1119 2496 1189 Abram,sed
2521 1120 2631 1175 erit
2664 1135 2874 1175 nomen
2921 1125 3088 1174 tuum
3119 1119 3456 1190 Abraham,
3491 1121 3636 1192 quia
3684 1135 3798 1189 pa-

2128 1217 2272 1266 trem
2307 1211 2635 1264 multarmn
2673 1210 2938 1280 gentium
2987 1211 3162 1278 posui
3206 1214 3278 1265 te.
3323 1208 3536 1264 Dicunt
3588 1214 3795 1264 autem

2130 1299 2357 1353 Hebraei
2407 1299 2573 1372 quod
2623 1315 2696 1354 ex
2724 1299 2965 1353 nomine
2992 1315 3102 1353 suo
3134 1301 3310 1366 Deus,
3341 1299 3510 1371 quod
3533 1298 3704 1372 apud
3733 1297 3798 1354 il-

2128 1388 2216 1443 los
2245 1394 2741 1450 tetragraminum
2775 1392 2886 1453 est,
2918 1386 2976 1441 id
3009 1392 3102 1442 est
3130 1404 3142 1441 :
3175 1389 3297 1454 Jot,
3325 1394 3379 1443 et
3409 1387 3502 1452 he,
3538 1403 3687 1444 vau.
3716 1393 3734 1416 ⁸
3765 1403 3798 1443 e

2128 1477 2384 1532 litteram
2409 1476 2579 1530 Abl‘tB
2611 1482 2665 1532 et
2698 1479 2854 1533 Sarze
2896 1476 3229 1532 addiderat.
3285 1475 3605 1532 Dicebatur
3633 1475 3798 1532 enim

2129 1566 2394 1638 primum
2421 1566 2669 1630 Abram,
2720 1565 2886 1636 quod
2938 1564 3359 1637 interpretatur
3393 1571 3571 1634 pater
3603 1566 3801 1622 excel-

2130 1672 2250 1720 sus,
2279 1660 2564 1728 etposth
2593 1661 2840 1710 vocatus
2874 1655 3318 1722 estAbraham,
3351 1660 3530 1724 pater
3573 1656 3803 1712 multa-

2132 1762 2263 1800 rum
2291 1758 2310 1809 ,'
2337 1761 2479 1799 nam
2500 1743 2664 1816 quod
2695 1747 2962 1814 gentium
2996 1760 3119 1799 non
3143 1743 3421 1810 habetur,
3451 1744 3512 1799 in
3542 1743 3802 1800 nomine

2131 1833 2518 1888 subauditur.
2581 1836 2694 1888 Nec
2778 1833 3122 1888 mirandum
3185 1848 3392 1904 quare,
3450 1849 3592 1889 cum
3630 1831 3807 1905 apud

2131 1927 2363 1979 Graecos
2399 1930 2455 1979 et
2482 1923 2782 1995 quosdam
2815 1939 2850 1978 a
2882 1923 3073 1978 littera
3110 1921 3379 1977 videatur
3405 1921 3634 1986 addita,
3687 1937 3806 1978 nos

2131 2029 2162 2069 e
2200 2013 2450 2068 litteram
2512 2012 2816 2067 llebrieam
2870 2012 3143 2067 additam
3171 2011 3525 2067 dixerimus.
3561 2011 3808 2068 Idioma

2131 2103 2290 2158 enim
2370 2102 2590 2171 linguae
2670 2107 2758 2157 est
2817 2118 2922 2174 per
2969 2118 2999 2157 e
3051 2101 3299 2174 quidem
3355 2101 3635 2166 scribere,
3693 2101 3807 2157 sed

2131 2207 2238 2264 per
2262 2208 2298 2248 a
2332 2191 2527 2262 legere
2554 2209 2566 2260 ;
2592 2191 2741 2248 sicut
2773 2208 2803 2246 e
2829 2196 3039 2248 contra
3067 2207 3174 2263 per
3199 2205 3236 2246 a
3269 2190 3524 2246 scribere
3556 2195 3614 2246 et
3635 2207 3747 2266 per
3775 2206 3809 2248 e

2130 2281 2344 2351 legere.

2207 2372 2372 2426 Vens.
2431 2375 2494 2425 15
2555 2369 2728 2424 -Ει
2779 2370 2930 2424 dixit
2987 2371 3143 2423 Deus
3184 2367 3543 2424 Abraham:
3590 2368 3816 2442 Sarai,‘

2132 2476 2289 2515 uxor
2311 2466 2436 2528 tua,
2463 2476 2578 2515 non
2611 2460 2845 2514 vocabis
2877 2475 3005 2515 eam
3034 2459 3237 2528 Sarni,
3259 2457 3418 2514 Sara
3447 2459 3563 2514 erit
3584 2474 3808 2514 nomen

2133 2553 2276 2619 ejus.
2323 2552 2499 2604 Erant
2543 2549 2648 2620 qui
2676 2553 2887 2621 putant
2919 2549 3180 2620 primum
3211 2549 3439 2616 Saram,
3467 2563 3575 2620 per
3605 2563 3807 2604 unum

2133 2656 2166 2694 ν
2217 2639 2502 2710 scriptum
2536 2638 2738 2707 fuisse,
2767 2643 2821 2692 et
2853 2643 3059 2710 postea
3076 2638 3124 2692 ei
3150 2636 3402 2692 alterum
3435 2653 3468 2692 r
3497 2635 3806 2708 additum,

2133 2729 2280 2800 quia
2312 2745 2345 2783 r
2388 2727 2554 2801 apud
2605 2729 2840 2783 Graecos
2897 2726 3281 2783 conteuarius
3349 2742 3640 2782 numerus
3689 2732 3806 2782 est.

2137 2819 2263 2876 Sari
2296 2819 2475 2887 igitur
2507 2815 2768 2890 primum
2801 2822 3080 2873 vocatum
3106 2823 3194 2872 est
3223 2832 3329 2888 per
3359 2817 3472 2886 sin,
3503 2833 3620 2883 res,
3636 2815 3752 2888 jod
3790 2835 3804 2884 ;

2139 2907 2375 2963 sublato
2423 2907 2554 2978 jod,
2605 2907 2660 2962 id
2715 2913 2803 2962 est
2859 2908 2881 2961 i
2951 2906 3268 2969 elemento,
3318 2905 3525 2962 addita
3594 2909 3682 2961 est
3748 2922 3805 2973 ε,

2134 3012 2269 3070 quis
2303 3013 2408 3068 per
2439 3014 2474 3052 α
2532 2995 2766 3065 legitur,
2820 3003 2874 3051 et
2924 3004 3135 3050 vocata
3160 2999 3247 3050 est
3275 2996 3438 3051 Sara.
3472 2994 3672 3051 Causa
3698 3011 3809 3052 au-

2133 3091 2256 3142 tem
2295 3085 2556 3141 nominis
2588 3085 2797 3141 mutati
2830 3085 2956 3141 haec
2987 3089 3092 3152 est,
3126 3084 3293 3158 quod
3339 3090 3516 3140 antea
3559 3084 3806 3141 diceba-

2136 3178 2252 3240 tur,
2273 3176 2557 3246 princeps
2587 3190 2736 3240 mea,
2767 3173 2940 3230 unius
2971 3173 3394 3230 tantummodo
3417 3173 3640 3228 domus
3675 3191 3804 3230 ma-

2137 3263 2498 3332 terfamiliae;
2532 3269 2739 3336 postea
2773 3280 2910 3318 vero
2951 3262 3168 3319 dicitur
3197 3262 3472 3318 absolute
3493 3265 3805 3334 princeps.

2137 3353 2251 3409 Sed
2281 3352 2617 3409 notandum
2659 3357 2747 3408 est
2777 3353 2918 3424 quia
2951 3351 3024 3407 de
3054 3351 3352 3407 vocabulo
3393 3351 3565 3407 istius
3599 3354 3807 3408 nomi-

2133 3444 2226 3499 nis
2262 3445 2416 3500 Sarae
2441 3443 2656 3499 diversi
2673 3443 2907 3498 diverse
2930 3443 3154 3510 legunt.
3181 3442 3457 3499 Nonnulli
3486 3444 3614 3499 Sari
3632 3443 3809 3518 prius

2132 3537 2431 3604 vocatam,
2455 3537 2511 3588 et
2540 3530 2929 3605 postmodum
2965 3534 3172 3588 Saram
3229 3531 3454 3592 dicunt.
3510 3548 3582 3587 eo
3631 3534 3808 3604 quod

2133 3639 2240 3696 per
2271 3622 2382 3688 sin,
2445 3639 2560 3681 res.
2610 3627 2665 3677 et
2717 3622 2846 3692 jod,
2909 3621 3059 3677 sicut
3110 3637 3295 3694 supra
3339 3621 3804 3694 descripsimus,

2133 3713 2308 3768 beato
2341 3713 2700 3784 Hieronymo
2726 3712 3098 3784 propalante.
3141 3711 3306 3783 apud
3339 3710 3622 3767 Hebraeos
3669 3711 3813 3767 des-

2135 3802 2415 3868 cribatur,
2445 3802 2620 3874 quasi
2656 3803 2780 3857 siue
2816 3819 2934 3857 uno
2966 3819 3020 3868 r,
3045 3801 3188 3874 quia
3218 3817 3342 3857 non
3362 3801 3504 3856 dicit
3529 3801 3656 3857 duo
3677 3819 3806 3874 res,

2135 3892 2240 3947 sed
2275 3896 2577 3958 uuum;et
2603 3891 2697 3946 ide
2755 3890 3079 3959 legendum
3133 3893 3350 3963 putant
3405 3890 3552 3960 Sari,
3615 3897 3808 3965 atque

2136 3987 2271 4054 post
2328 3981 2720 4036 mutationem
2771 3985 2999 4036 Suram.
3035 3980 3198 4036 Unde
3240 3980 3606 4052 existimant,
3642 3981 3690 4036 si
3724 3982 3813 4038 ita

2135 4070 2330 4139 fuerit,
2381 4070 2689 4141 antiquam
2723 4073 2801 4134 [Ζ.
2853 4087 2965 4125 om.
3020 4069 3356 4141 antiquam]
3388 4071 3809 4142 permansisse

2136 4159 2631 4217 consuetudinem
2672 4161 2732 4214 in
2765 4159 3039 4227 Ecclesia,
3073 4164 3134 4216 ut
3173 4162 3367 4217 Sarra
3418 4160 3562 4215 vitio
3620 4161 3813 4234 scrip-

2136 4254 2334 4306 torum
2365 4265 2554 4305 unum
2581 4266 2614 4304 r
2644 4249 2917 4305 additum
2946 4249 3258 4314 diceretur.
3283 4250 3452 4323 quod
3479 4255 3537 4306 et
3563 4251 3627 4306 in
3682 4267 3805 4306 au-

2136 4339 2410 4396 thenticis
2430 4338 2594 4395 libris
2627 4356 2861 4410 semper
2891 4339 2971 4395 ila
3004 4340 3291 4411 scriptum
3322 4341 3606 4413 reperies.
3657 4341 3814 4398 Hinc

365 4405 604 4416 μην-..-
656 4405 724 4414 η-
755 4405 1021 4426 --κ-...η
1096 4405 1151 4415 ...
1199 4405 1505 4416 unus..-
1592 4405 1755 4417 νων..
1851 4405 2024 4418 um-..
2760 4405 2772 4410 -
3122 4405 3140 4411 _
3391 4405 3410 4413 -

365 4405 670 4503 desert“;
721 4462 794 4503 ex
830 4446 1012 4504 latere
1050 4405 1346 4519 ἷιωείιην,
1378 4405 1707 4515 ωουτέδηι’
1740 4405 2024 4521 malum-
2052 4405 2096 4460 θ
2136 4434 2223 4521 est
2245 4428 2426 4485 etiam
2469 4428 2634 4501 quod
2663 4427 2904 4483 sedulus
2935 4432 3113 4501 poeta
3144 4427 3204 4484 in
3228 4429 3492 4485 carmine
3524 4429 3817 4487 Paschali

366 4537 630 4606 gnantur
657 4535 737 4592 ab
765 4537 1069 4593 omnibus.
1100 4539 1299 4593 Potest
1327 4542 1386 4594 et
1429 4537 1490 4592 in
1520 4537 1654 4594 loco
1677 4536 2024 4594 Judaeorum

367 4627 425 4682 et
479 4625 894 4682 hereticorum
947 4641 980 4682 e
1017 4627 1262 4697 regione
1313 4625 1583 4682 Ecclesiae
1637 4625 2028 4683 tabernacula

365 4712 702 4784 ﬁgentium,
778 4714 942 4772 ferox
1013 4719 1072 4772 et
1152 4729 1312 4785 vaga
1351 4714 1716 4772 inﬁdelitatis
1765 4713 2028 4771 incursio

365 4803 637 4876 intelligi.

439 4895 607 4951 Vsus.
645 4896 1130 4968 t3.-Di.mtque
1181 4894 1398 4964 Agar:
1447 4893 1731 4963 Profecto
1782 4893 1879 4949 hic
1905 4893 2034 4948 vidi

361 4985 701 5054 posteriora
743 4985 997 5042 videntis
1027 4999 1136 5040 me.
1174 4982 1239 5038 Id
1267 4985 1356 5037 est
1385 4981 1600 5050 angeli.
1636 4997 1742 5054 per
1768 4997 1907 5054 quas
1937 4983 2028 5037 in-

369 5069 601 5127 tellecta
647 5073 750 5142 [Z.,
781 5072 1147 5144 intelligitur]
1191 5071 1636 5128 estincarnatio
1671 5072 1927 5141 Domini,
1959 5072 2033 5127 si-

370 5163 471 5217 cut
490 5163 548 5216 et
575 5160 762 5231 Moysi
804 5160 1031 5217 dictum
1059 5166 1151 5218 est
1181 5178 1195 5216 :
1226 5162 1571 5218 Posteriora
1624 5177 1752 5218 mea
1783 5163 2028 5218 videbis.

439 5270 606 5323 Vens.
649 5271 727 5326 14.
762 5269 1177 5338 —Propterea
1205 5270 1541 5340 appellavit
1579 5275 1827 5339 puteum
1851 5271 2028 5325 illum

372 5357 644 5418 viventis,
675 5362 734 5412 et
785 5357 1059 5418 videntis,
1121 5363 1178 5413 et
1214 5357 1465 5430 reliqua.
1502 5359 1600 5414 Hic
1619 5359 1782 5414 enim
1814 5363 2030 5430 puteus

372 5445 670 5514 signiﬁcat
694 5447 948 5516 gratiam
967 5445 1274 5519 baptismi,
1295 5448 1413 5504 sive
1440 5449 1746 5504 scientiam
1773 5449 2029 5520 Scriptu-

370 5548 598 5590 rarum.
658 5534 1031 5607 Quicumque
1060 5536 1220 5592 enim
1269 5544 1697 5606 regenerantur
1719 5537 1799 5594 ad
1821 5538 2027 5602 vitam,

371 5620 750 5696 pergratiam
769 5622 1150 5695 baptismatis
1176 5631 1450 5684 Vivuntet
1469 5627 1672 5684 vident
1699 5625 1890 5697 gratia
1930 5625 2032 5682 Dei

448 5727 485 5769 a
506 5711 676 5767 Forte
695 5710 808 5782 leg.
841 5715 962 5782 Jor,
994 5717 1072 5771 Hs
1100 5717 1239 5786 Vw,
1264 5719 1362 5772 Hs.

2135 4518 2254 4576 ait:
2625 4583 2646 4592 ο

2239 4626 2442 4680 Saucia
2472 4627 2595 4695 jam
2624 4626 2835 4680 vetulae.
2877 4628 3209 4680 marcebant
3238 4627 3462 4682 viscera
3491 4627 3708 4684 Sarra.

2204 4736 2276 4787 At
2289 4747 2428 4787 vero
2444 4732 2715 4788 nonnulli
2737 4732 2924 4799 Sarai,
2953 4732 3105 4788 sicut
3121 4733 3180 4788 in
3201 4731 3618 4789 vetustissimis
3640 4735 3816 4793 inve-

2133 4822 2260 4878 nies
2274 4821 2598 4891 tomis,non
2613 4827 2846 4878 tantum
2861 4822 2985 4879 Sari
3002 4821 3391 4894 pronuntiare
3404 4823 3813 4893 contendunt,

2137 4916 2193 4968 et
2213 4911 2419 4968 addita
2460 4911 2652 4967 littera
2677 4929 2726 4976 e,
2751 4929 2886 4984 quae
2927 4928 3034 4984 per
3063 4928 3101 4968 a
3123 4911 3359 4980 legitur,
3405 4913 3814 4984 postmodum

2140 5005 2390 5058 Saraam
2403 5002 2774 5057 nominatam
2793 5006 3136 5066 autumant;
3160 5001 3305 5073 quia
3324 5001 3627 5073 inquiunt,
3649 5003 3818 5063 sicut

2139 5090 2395 5146 Abrahae
2410 5090 2755 5153 unalittera,
2781 5091 2859 5145 ita
2883 5095 3040 5146 Sarus
3062 5096 3149 5144 est
3167 5090 3351 5146 altera
3373 5090 3602 5155 addita,
3621 5101 3818 5164 prout

2138 5195 2321 5252 supra
2343 5180 2690 5236 ostenditur.
2719 5181 2883 5236 Unde
2905 5180 3203 5252 siquidem
3223 5180 3421 5236 ferunt
3439 5182 3603 5253 quod
3630 5183 3819 5240 Pater

2136 5270 2387 5324 Albinus
2409 5270 2469 5324 in
2507 5269 2866 5325 Bibliotheca
2899 5285 3086 5342 quam
3118 5269 3329 5324 Carolo
3360 5269 3618 5342 principi
3677 5287 3819 5329 cor-

2135 5359 2304 5422 rexit,
2318 5357 2484 5430 quod
2495 5373 2605 5412 nos
2617 5359 2799 5413 etiam
2815 5358 3002 5412 oculis
3036 5357 3350 5426 diligenter
3369 5357 3517 5413 inibi
3539 5359 3819 5432 inspexi-

2136 5464 2293 5516 mus,
2313 5447 2634 5502 emendare
2656 5448 2904 5510 curavit,
2927 5447 3195 5502 videlicet
3216 5447 3344 5502 sine
3359 5463 3480 5502 uno
3502 5450 3814 5508 rSaraam

2138 5536 2326 5591 etduo
2355 5549 2432 5606 a,‘
2459 5536 2594 5590 etin
2626 5537 2843 5590 nostris
2864 5536 3234 5608 quibusdam
3263 5536 3678 5593 voluminibus
3713 5540 3815 5598 ita

2137 5624 2368 5695 legitur.
2401 5624 2567 5698 quod
2597 5629 2654 5680 et
2683 5641 2795 5681 nos
2835 5625 3100 5681 similiter
3128 5625 3453 5695 legendum
3485 5630 3809 5698 putamus.
