3944 6426
141 248 227 302 181
1509 237 1870 299 COMMENT.
1913 242 1981 295 IN
2019 241 2178 297 GEN.

3466 234 3565 295 182

142 366 557 425 Verumtamen
582 364 895 438 prudentis
916 366 1153 423 lectoris
1171 366 1416 424 arbitrio
1436 363 1796 437 derelinqui-
1826 365 1875 421 Α
1906 366 1972 421 Et
1999 364 2274 422 nationes
2294 368 2352 421 et
2375 380 2548 436 reges
2580 362 2849 434 gentium
2880 376 2955 418 ex
2978 359 3079 418 illo
3134 362 3309 418 erunt
3335 359 3365 417 ‘2
3419 359 3564 433 quia

143 472 264 512 mus
281 455 428 527 quid
459 455 682 511 horum
716 454 911 526 magis
934 455 1243 528 placuerit,
1277 455 1570 529 quoniam
1590 453 1793 527 potius

141 544 319 602 alieno
350 544 557 600 sensui
580 543 792 600 cedere
832 560 1021 617 quam
1076 544 1565 602 contentionibus
1620 542 1792 599 volu-

138 650 266 689 mus
289 633 591 690 deservire
648 634 937 705 Dixitque
964 634 1047 691 ad
1074 634 1420 691 Abraham:
1454 634 1533 689 Et
1556 638 1621 688 tu
1651 646 1792 702 ergo

140 725 417 780 custodzes
459 728 735 793 pactum,
789 728 847 779 et
874 723 1106 796 reliqua
1135 739 1453 796 usquequo
1494 723 1578 779 ait
1613 739 1626 778 :
1661 722 1792 778 Cir-

138 813 498 870 cumcidetur
523 828 599 869 ex
620 813 783 868 vobis
806 828 978 870 omne
1007 814 1430 881 masculinum,
1459 817 1516 870 et
1536 814 1790 868 circum-

137 902 363 957 cidetur
384 903 592 972 infans
637 906 767 958 octo
797 902 1052 958 dierum.
1084 904 1279 968 Quare
1323 901 1629 958 Abraham
1682 899 1787 957 cir-

137 990 560 1048 cumcisionem
591 991 825 1063 accepit
852 993 881 1048 ‘I
908 991 1134 1048 idcirco
1164 990 1421 1049 Abrahae
1474 989 1787 1047 circumci-

134 1078 215 1134 sio
240 1080 670 1136 commendata
693 1085 803 1151 est,
844 1084 910 1136 ut
938 1080 1052 1137 sub
1102 1080 1235 1150 lege
1292 1085 1470 1148 esset,
1524 1079 1676 1136 sicut
1731 1083 1789 1136 et

129 1167 336 1235 Adam,
370 1184 448 1223 ne
473 1169 547 1224 de
576 1168 743 1237 ligno
765 1168 1184 1241 manducaret,
1236 1174 1300 1225 ut
1327 1169 1687 1242 probaretur
1735 1168 1786 1224 si

128 1257 447 1330 compleret
476 1257 591 1314 hoc
613 1273 689 1313 an
724 1274 867 1314 non.
901 1258 1163 1315 Credens
1188 1258 1348 1314 enim
1379 1258 1572 1314 ﬁlium
1595 1274 1657 1312 se
1680 1258 1785 1313 ha-

130 1345 413 1415 biturum,
444 1362 552 1421 per
574 1347 749 1418 cujus
779 1347 1230 1417 generationem
1271 1346 1556 1404 omnibus
1594 1346 1781 1417 genti-

122 1434 233 1491 bus
258 1434 599 1492 benedictio
630 1435 832 1492 futura
856 1440 1032 1507 esset,
1077 1440 1136 1493 et
1156 1437 1219 1493 in
1255 1437 1427 1507 cujus
1454 1436 1779 1509 nepotibus

123 1524 401 1580 castitatis
433 1530 490 1582 et
511 1524 849 1582 sobrietatis
880 1541 1071 1583 unum
1104 1525 1426 1582 mansisset
1448 1524 1776 1598 exemplar,

120 1612 270 1669 unde
298 1618 356 1669 et
388 1613 448 1670 in
480 1630 552 1671 ea
602 1619 771 1686 parte
793 1614 1063 1688 corporis
1092 1615 1329 1685 signum
1361 1614 1501 1670 ﬁdei
1526 1615 1778 1687 accepit,

1902 470 2027 510 non
2054 454 2331 528 provenit
2360 452 2697 510 secundum
2722 466 2912 521 regna
2939 454 3194 518 terrena,
3218 448 3325 506 sed
3346 464 3563 505 secun-

1903 544 2053 600 dum
2095 544 2415 601 Ecclesiam
2462 542 2642 599 debet
2689 540 2900 614 accipi.
2955 544 3043 597 An
3104 542 3349 613 propter
3405 541 3563 595 Esau

1901 633 2084 691 etiam
2112 633 2275 699 dicit,
2300 633 2449 706 quia
2481 632 2559 689 de
2591 647 2663 688 eo
2695 630 2776 687 ad
2794 629 3054 686 litteram
3097 628 3347 699 contigit
3393 627 3560 685 edim

1902 722 2130 795 pletum
2155 724 2184 780 ?
2212 724 2327 779 Sed
2358 720 2678 778 sciendum
2728 723 2824 776 est
2867 719 3014 793 quia
3051 733 3178 776 non
3237 715 3559 777 dubitandi

1900 813 2106 869 animo
2126 812 2276 869 dixit
2305 829 2320 868 :
2351 812 2641 879 Putasne,
2674 809 3019 868 centenario
3056 812 3341 866 nascetur
3366 807 3554 877 ﬁlius,

1898 905 1956 957 et
1984 902 2239 974 reliqua.
2270 905 2399 958 Non
2425 900 2587 957 enim
2616 901 2747 956 haec
2789 898 2979 957 verba
3018 895 3348 955 dubitantis
3402 894 3554 955 (1ίῶ-

1896 990 2162 1047 dentiam
2189 990 2532 1057 ostendunt,
2561 989 2669 1046 sed
2688 987 3042 1045 admirantis
3070 985 3384 1058 gaudium.
3415 985 3554 1043 Ideo

1895 1095 2007 1152 pro
2029 1079 2253 1149 gaudio
2273 1078 2522 1135 ridentis
2554 1078 2813 1134 Abrahae
2842 1076 3003 1134 ﬁlius
3024 1075 3337 1134 dicebatur
3364 1078 3549 1132 Isaac.

1895 1171 2048 1225 Nam
2082 1169 2237 1224 risus
2268 1168 2377 1225 iste
2408 1168 2468 1223 in
2493 1168 2659 1223 bono
2680 1166 2871 1239 accipi
2900 1165 3098 1236 debet,
3132 1164 3271 1221 utin
3289 1167 3553 1236 Evange-

1892 1257 1973 1313 lio
2008 1275 2020 1313 :
2054 1259 2230 1316 Beati
2254 1258 2361 1329 qui
2385 1260 2590 1328 lugent
2622 1271 2785 1312 nunc
2815 1257 3099 1328 quoniam
3130 1256 3249 1324 ipsi
3267 1254 3551 1311 ridebunt

1893 1348 2135 1415 (Matth.
2162 1365 2220 1414 v,
2247 1350 2321 1417 5).
2356 1351 2523 1403 Isaac
2550 1346 2712 1402 enim
2740 1345 3161 1417 interpretatur
3184 1344 3363 1400 risus.
3419 1346 3549 1400 Non

1892 1437 2052 1493 enim
2084 1452 2195 1509 pro
2222 1437 2346 1494 risu
2381 1438 2578 1493 Saraee
2598 1434 2794 1491 dictus
2823 1438 2913 1490 est
2934 1436 3121 1501 Isaac,
3160 1431 3313 1488 sicut
3365 1432 3550 1504 aliqui

1891 1526 2255 1596 existimant,
2286 1526 2389 1582 sed
2417 1541 2527 1599 pro
2560 1524 2686 1581 risu
2716 1523 2991 1591 Abrahae,
3012 1521 3180 1596 quod
3210 1524 3268 1578 et
3286 1536 3398 1578 nos
3412 1536 3549 1593 pro-

1890 1614 2129 1672 bamus.
2158 1618 2482 1689 Postquam
2512 1618 2715 1671 autem
2743 1612 2874 1669 risit
2896 1611 3226 1679 Abraham,
3253 1614 3311 1668 et
3364 1625 3548 1668 voca-

118 1702 270 1758 unde
296 1701 460 1758 ﬁlius
486 1702 650 1770 ﬁdei,
682 1718 806 1759 non
836 1704 1058 1771 carnis,
1085 1705 1424 1761 nasciturus
1463 1708 1610 1771 erat,
1668 1720 1779 1761 nec
1810 1725 1853 1781 Β
1891 1708 1985 1761 tus
2002 1709 2091 1762 est
2119 1709 2303 1770 Isaac,
2336 1712 2551 1777 postea
2576 1708 2633 1760 et
2650 1702 2853 1759 risisse
2872 1700 3131 1771 legimus
3159 1702 3428 1758 Saraam.
3462 1703 3551 1758 In-

119 1795 388 1847 truncata
420 1792 693 1865 corporis
742 1796 914 1865 parte
961 1792 1310 1865 deformior,
1363 1793 1468 1849 sed
1525 1792 1665 1849 fidei
1716 1794 1779 1850 in

121 1882 296 1936 Deum
331 1880 510 1949 signo
541 1880 875 1951 gloriosior.
907 1881 1087 1953 igitur
1107 1898 1217 1956 pro
1250 1883 1367 1939 Deo
1388 1882 1617 1956 aliquid
1644 1899 1777 1955 per-

119 1968 250 2025 dere
274 1968 518 2027 lucrum
546 1974 658 2040 est,
692 1985 817 2026 non
844 1970 1163 2028 damnum.
1194 1976 1278 2028 lta
1298 1972 1608 2029 Abraham
1638 1972 1780 2029 ﬁdei

122 2074 239 2113 sua?
271 2058 518 2127 signum
549 2060 871 2132 accipiens,
899 2075 1025 2116 non
1081 2060 1454 2118 deformatus
1514 2066 1623 2134 est,
1673 2061 1777 2118 sed

120 2146 483 2204 melioratus.
517 2149 575 2205 Si
601 2149 762 2205 enim
791 2149 987 2206 Adam
1028 2154 1273 2222 pactum
1333 2150 1435 2207 Dei
1488 2150 1780 2207 custodis-

120 2240 218 2303 set,
244 2253 368 2293 non
408 2236 718 2293 Abraham
782 2237 898 2293 hoc
952 2243 1200 2311 pactum
1253 2240 1603 2313 accepisset.
1665 2240 1779 2297 Sed

120 2324 261 2397 quia
289 2324 386 2381 ille
406 2325 471 2382 in
500 2326 621 2382 hoc
644 2326 922 2383 membro
953 2327 1197 2401 culpam
1217 2328 1637 2386 inobedientim
1662 2329 1781 2404 pri-

117 2430 213 2470 mo
241 2414 510 2484 agnovit,
541 2414 744 2472 decuit
764 2420 827 2472 ut
855 2416 964 2473 iste
992 2416 1052 2474 in
1086 2418 1201 2474 hoc
1225 2418 1504 2474 membro
1535 2419 1777 2489 signum

117 2503 469 2560 obedientiae
520 2504 789 2561 secundo
846 2506 1191 2579 accepisset,
1255 2512 1317 2564 ut
1365 2508 1777 2565 ostenderetur

118 2592 461 2650 obedientes
488 2595 861 2667 quandoque
882 2611 1204 2667 generasse
1232 2596 1386 2654 ﬁlios
1439 2598 1517 2655 ad
1565 2598 1771 2667 vitam,

116 2683 255 2738 dum
285 2684 431 2741 olim
462 2685 952 2758 praevaricatores
977 2692 1340 2758 generarunt
1369 2687 1449 2744 ad
1490 2692 1770 2747 mortem.

120 2771 276 2829 Unde
307 2772 493 2829 etiam
521 2772 840 2831 sciendum
868 2777 956 2830 est
985 2774 1131 2848 quia
1156 2774 1365 2846 religio
1395 2780 1448 2831 et
1488 2775 1636 2832 ritus
1666 2775 1773 2831 cir-

118 2862 526 2932 cumcisionis,
553 2880 691 2935 quae
720 2862 952 2920 abeato
964 2865 1303 2938 patriarcha
1324 2865 1581 2938 sumpsit
1610 2881 1779 2922 exor-

116 2950 305 3025 dium,
331 2952 723 3010 multiformis
749 2958 874 3009 erat
900 2958 956 3010 et
982 2959 1158 3028 typos
1188 2955 1436 3027 gerebat
1460 2971 1664 3012 rerum
1693 2954 1780 3012 fu-

117 3044 403 3139 turarum.
435 3045 587 3139 Nam
605 3046 737 3139 erat
751 3042 1134 3139 signaculum
1158 3044 1300 3139 ﬁdei
1326 3044 1579 3139 Abrahae
1596 3049 1777 3139 _et_sc-
1808 3081 1850 3139 ρ

116 3130 253 3186 mini
284 3132 448 3203 ejus,
478 3135 533 3187 et
558 3130 849 3188 indicium
881 3132 1217 3203 castigandi
1244 3148 1348 3191 eos
1400 3133 1507 3206 qui
1537 3134 1612 3191 ad
1660 3134 1778 3191 hoc

117 3235 312 3276 semen
343 3225 403 3279 et
428 3220 591 3279 hanc
612 3220 798 3277 ﬁdem
826 3221 1191 3294 pertinerent
1211 3222 1290 3278 ab
1316 3222 1482 3281 omni
1503 3223 1780 3296 inquina-

117 3314 312 3365 mento
334 3309 540 3367 carnis
564 3314 622 3367 et
648 3310 915 3382 spiritus,
947 3315 1004 3368 et
1030 3311 1349 3386 prophetia
1378 3312 1666 3371 nascituri
1701 3312 1777 3370 de

116 3399 222 3455 hoc
243 3400 476 3457 semine
512 3399 856 3470 Salvatoris,
880 3400 987 3473 qui
1016 3416 1127 3456 nos
1153 3407 1210 3457 et
1237 3402 1299 3457 in
1338 3402 1619 3476 praesenti
1671 3418 1778 3475 per

117 3486 484 3561 baptismum
511 3488 592 3545 ab
622 3489 791 3546 omni
820 3489 1138 3546 mortiferas
1168 3490 1419 3546 actionis
1448 3490 1777 3564 pollutione

116 3578 453 3648 mundaret,
481 3583 541 3634 et
568 3578 630 3634 in
659 3577 861 3635 futuro
888 3594 995 3651 per
1026 3580 1528 3637 resurrectionem
1548 3580 1629 3637 ab
1650 3581 1779 3638 uni-

118 3682 282 3725 versa
310 3669 529 3726 mortis
558 3667 749 3742 ipsius
780 3668 1161 3741 corruptione
1200 3668 1262 3726 in
1307 3675 1669 3743 perpetuum
1714 3670 1778 3727 li-

118 3754 360 3829 beraret,
394 3763 453 3817 et
472 3756 781 3831 praecipue
806 3757 1039 3815 donum
1068 3758 1458 3824 remissionis,
1481 3759 1649 3832 quod
1666 3759 1777 3816 sol-

118 3852 267 3902 veret
295 3862 331 3903 a
356 3851 614 3923 peccato
641 3846 1154 3920 praevaricationis
1173 3847 1337 3918 Adae,
1388 3863 1496 3921 per
1528 3848 1687 3905 hanc
1718 3848 1777 3906 id

120 3936 392 4008 temporis
422 3935 757 3993 ministrari
788 3934 985 3992 eidem
1027 3936 1231 4006 gratiae
1287 3935 1557 4011 legisque
1604 3937 1779 3995 latori

118 4025 493 4097 complacuit.
532 4026 642 4091 Qui
666 4025 830 4082 enim
854 4040 1017 4081 nunc
1048 4024 1190 4082 dicit
1222 4043 1235 4082 :
1268 4027 1406 4084 Nisi
1434 4028 1569 4099 quis
1608 4043 1775 4086 rena-

119 4118 202 4169 tus
220 4115 410 4183 fuerit
443 4130 524 4172 ea:
544 4130 704 4185 aqua
732 4119 786 4175 et
806 4114 1040 4184 Spiritu
1072 4121 1303 4185 sancto,
1331 4132 1451 4173 non
1474 4122 1670 4186 potest
1688 4117 1780 4174 in-

120 4203 290 4259 troire
306 4205 369 4259 in
392 4220 655 4276 regnum
670 4206 779 4259 Dei
797 4205 992 4274 (Joan.
1018 4221 1096 4269 Ill,
1119 4208 1171 4265 3)
1194 4204 1319 4277 ipse
1339 4210 1478 4260 tunc
1499 4204 1739 4263 dicebat
1759 4224 1772 4265 :

117 4291 412 4351 Masculus
433 4295 613 4364 cujus
625 4294 920 4363 prteputii
938 4309 1080 4351 caro
1112 4294 1471 4351 circumcisa
1500 4310 1620 4351 non
1642 4295 1753 4367 fue

118 4383 208 4447 rit,
225 4384 447 4451 peribit
475 4385 686 4440 anima
714 4385 827 4440 illa
848 4383 922 4440 de
943 4386 1174 4454 populo
1199 4400 1328 4456 suo,
1359 4385 1503 4457 quia
1522 4391 1773 4455 pactum

118 4486 295 4528 meum
326 4474 578 4530 irritum
605 4473 770 4544 fecit.
802 4476 930 4530 Non
958 4478 1205 4547 pactum
1238 4474 1441 4547 utique
1468 4473 1776 4531 circumci-

120 4559 312 4629 sionis,
343 4562 521 4635 quod
546 4578 672 4618 non
698 4562 918 4629 infans,
957 4563 1063 4636 qui
1118 4562 1457 4619 discernere
1512 4563 1776 4621 necdum

120 4649 312 4717 valuit,
346 4651 457 4708 sed
492 4652 777 4723 majores,
811 4651 915 4725 qui
942 4652 1003 4709 id
1034 4668 1272 4709 servare
1323 4657 1639 4723 noverant,
1672 4669 1779 4727 po-

122 4743 315 4809 terant,
342 4740 957 4811 debuerant,irritum
973 4741 1260 4813 fecerunt,
1282 4759 1489 4800 verum
1504 4748 1774 4817 pactum,

118 4829 269 4902 quod
296 4846 441 4887 cum
473 4830 675 4905 primo
702 4830 948 4887 homine
980 4833 1136 4888 Deus
1154 4831 1302 4900 iniit,
1328 4833 1529 4891 omnis
1554 4832 1660 4907 qui
1680 4831 1776 4893 vel

122 4922 283 4977 unius
306 4920 427 4976 diei
456 4919 647 4976 vitam
670 4920 854 4991 gessit
878 4920 939 4977 in
971 4925 1147 4992 terra,
1177 4921 1605 4995 preevaricasse
1633 4938 1776 4982 con-

120 5006 359 5065 vincitur
384 5013 573 5083 atque
600 5010 737 5066 ideo
780 5009 1050 5066 remedio
1100 5009 1307 5068 salutis
1365 5011 1568 5086 aliquo
1620 5028 1775 5088 opus

120 5093 325 5154 habere
356 5115 487 5155 non
517 5100 851 5169 ignoratur.
1036 5107 1053 5113 ‘

180 5188 345 5245 Vens.
382 5194 477 5245 16-
497 5191 576 5245 t9.
610 5221 679 5228 -
710 5188 929 5245 Deinde
955 5189 1225 5264 sequitur
1246 5189 1501 5263 qualiter
1520 5190 1775 5250 Abrahae

122 5279 541 5348 repromittitur
569 5277 751 5349 ﬁlius,
783 5277 858 5334 de
889 5295 1012 5353 quo
1036 5279 1087 5334 ei
1117 5279 1335 5337 dicitur
1367 5298 1380 5336 :
1411 5282 1659 5353 Eritque
1711 5282 1775 5339 in

122 5369 394 5439 nationes,
428 5374 488 5427 et
523 5383 691 5440 reges
712 5370 1075 5438 populorum
1102 5371 1379 5428 orientur
1395 5386 1470 5428 ex
1490 5385 1575 5428 eo.
1615 5372 1773 5428 Ceci—

122 5455 196 5510 dit
224 5459 545 5521 Abraham
576 5458 639 5514 in
666 5457 910 5528 faciem,
939 5464 996 5515 et
1047 5459 1180 5515 risit
1223 5459 1426 5517 dicens
1480 5462 1539 5518 in
1601 5461 1779 5519 corde

123 5559 213 5601 suo
230 5564 251 5605 .·
270 5550 568 5618 Putasne,
594 5549 937 5605 centenario
958 5555 1244 5606 nascetur
1260 5551 1445 5620 ﬁlius,
1465 5554 1523 5607 et
1543 5556 1776 5621 caetera,

130 5651 425 5713 usquequo
448 5638 557 5706 ait,
592 5643 646 5694 et
674 5638 907 5695 vocabis
937 5654 1152 5696 nomen
1174 5642 1304 5710 ejus
1330 5639 1524 5698 Isaac.
1560 5641 1777 5708 Quaeri-

128 5727 206 5782 tur
226 5727 547 5805 quomodo
567 5727 800 5787 dictum
827 5727 902 5785 sit
928 5727 1011 5787 ad
1032 5726 1344 5789 Abraham
1368 5728 1444 5789 de
1464 5728 1588 5789 ﬁlio
1604 5731 1735 5804 ejus
1760 5749 1773 5792 :

1888 1793 1964 1849 de
1993 1798 2082 1850 est
2110 1794 2289 1850 etiam
2314 1793 2481 1867 quod
2512 1792 2574 1849 in
2602 1790 3113 1865 consequentibus
3167 1791 3418 1848 Saraam
3468 1788 3549 1846 ri-

1888 1882 2130 1940 dentem
2160 1883 2467 1955 redarguit
2488 1882 2796 1951 Dominus,
2826 1897 2968 1937 cum
2999 1884 3057 1936 et
3083 1879 3391 1937 Abraham
3408 1878 3550 1936 rise-

1887 1972 1980 2041 rit,
2014 1977 2071 2029 et
2101 1989 2240 2029 eum
2267 1988 2391 2028 non
2422 1970 2814 2042 redarguerit,
2873 1971 3019 2042 quia
3071 1968 3229 2027 illius
3274 1967 3553 2025 videlicet

1889 2061 2046 2118 risus
2078 2060 2496 2118 admirationis
2526 2064 2583 2117 et
2607 2059 2823 2116 laetitias
2840 2058 3187 2126 fuit,Saraas
3212 2061 3416 2115 autem
3442 2057 3551 2115 du-

1887 2150 2193 2208 bitationis
2223 2155 2278 2207 et
2308 2149 2676 2217 difﬁdentiae,
2707 2146 2900 2221 {quod
2950 2146 3030 2204 ab
3085 2146 3187 2203 illo
3230 2145 3549 2218 dijudicari

1887 2240 2102 2313 potuit,
2127 2239 2233 2313 qui
2256 2239 2440 2296 corda
2453 2238 2773 2295 hominum
2793 2236 2980 2294 novit.
2999 2235 3166 2293 Unde
3182 2235 3311 2293 haec
3331 2234 3548 2293 eadem

1890 2331 2076 2386 Saraa
2103 2328 2307 2385 ridens
2337 2328 2673 2401 corripitur,
2696 2330 2970 2399 correpta
3025 2325 3299 2399 protinus
3346 2324 3549 2382 fecun-

1887 2418 2086 2485 datur,
2119 2422 2177 2473 et
2207 2423 2415 2475 contra
2445 2433 2616 2490 spem
2646 2432 2719 2472 ex
2749 2414 2953 2473 divina
3004 2414 3404 2489 promissione
3451 2429 3549 2471 ac-

1889 2507 2045 2580 cepit
2063 2508 2229 2580 quod
2262 2507 2607 2563 habituram
2640 2522 2702 2562 se
2732 2521 2809 2561 ex
2835 2505 3109 2561 humana
3142 2504 3376 2562 ratione
3432 2503 3547 2561 du-

1886 2595 2119 2653 bitavit.
2145 2596 2437 2651 Caeterum
2468 2595 2563 2651 hic
2592 2593 2932 2651 notandum
2952 2597 3043 2651 est
3068 2592 3214 2667 quia
3258 2592 3321 2649 in
3358 2592 3549 2651 Veteri

1887 2687 2265 2742 Testamento
2295 2689 2560 2758 quatuor
2588 2682 2847 2757 propriis
2874 2683 3227 2740 nominibus
3251 2681 3548 2740 nominati

1889 2778 2030 2830 sunt
2056 2777 2386 2846 antequam
2413 2776 2847 2830 nascerentur:
2901 2770 3117 2829 lsmael
3166 2770 3442 2829 videlicet
3490 2775 3551 2829 et

1889 2866 2073 2931 Isaac,
2107 2862 2394 2919 Salomon
2444 2866 2503 2918 et
2549 2862 2762 2933 Josias,
2820 2861 2995 2919 certis
3048 2860 3423 2935 quibusdam
3473 2876 3549 2917 ex

1890 2951 2109 3017 causis,
2138 2952 2377 3018 Quoties
2399 2951 2561 3009 enim
2591 2950 2942 3008 hominibus
2967 2967 3005 3008 a
3052 2953 3174 3008 Deo
3221 2949 3317 3008 vel
3353 2950 3548 3023 impo-

1889 3042 2050 3098 nitur
2078 3056 2326 3112 nomen,
2355 3039 2449 3096 vel
2476 3043 2765 3110 mutatur,
2795 3039 3118 3111 singularis
3146 3039 3341 3097 meriti
3388 3039 3546 3096 indi-

1889 3129 2049 3187 cium
2078 3129 2276 3197 datur,
2300 3144 2560 3200 magnos
2582 3144 2711 3185 esse
2739 3128 2991 3196 futuros,
3021 3128 3177 3185 sicut
3215 3127 3544 3197 Abraham,

1886 3220 2033 3293 quia
2061 3224 2231 3292 pater
2253 3218 2583 3275 multarum
2615 3217 2885 3289 gentium
2915 3221 3043 3275 erat
3073 3215 3333 3284 futurus,
3364 3215 3546 3273 Abra-

1886 3309 2033 3365 ham
2060 3312 2432 3364 estvocatus.
2461 3307 2552 3364 Sic
2580 3306 2791 3373 Jacob,
2814 3305 3158 3380 quiaDeum
3184 3304 3352 3374 vidit,
3366 3304 3547 3363 Israel

1887 3396 2180 3470 appellari
2207 3396 2442 3453 meruit.
2472 3396 2586 3453 Sed
2614 3396 2805 3453 Josias
2827 3412 2931 3453 rex
2957 3395 3037 3453 ob
3060 3394 3294 3453 eximite
3315 3393 3544 3451 virtutis

1888 3486 2127 3544 culmen
2140 3486 2487 3542 nominatus
2512 3490 2600 3543 est
2619 3503 2657 3544 a
2670 3485 2790 3542 Deo
2810 3484 3002 3543 multo
3021 3490 3351 3558 antequam
3366 3488 3545 3541 natus

1887 3580 1997 3632 est.
2036 3576 2128 3633 Sic
2157 3576 2234 3634 de
2257 3574 2485 3632 caeteris
2514 3574 2897 3633 sentiendum
2919 3573 3200 3647 intellige.
3224 3574 3541 3649 Sequitur:

2511 3666 2738 3722 CAPUT
2773 3665 2957 3723 XVIII.

1960 3754 2131 3812 Vens.
2172 3755 2218 3825 l,
2242 3755 2645 3827 2,—Cumque
2672 3756 2956 3813 elevasset
2985 3754 3187 3811 oculos
3205 3753 3543 3825 Abraham,

1885 3847 2093 3905 sedem
2110 3849 2173 3904 in
2200 3850 2477 3906 convalle
2489 3847 2781 3917 Mambre,
2806 3847 2956 3904 vidit
2973 3852 3094 3905 tres
3114 3846 3293 3902 viros.
3317 3844 3545 3910 Quibus

1888 3937 2101 4004 tribus,
2129 3938 2282 3994 sicut
2311 3938 2435 4005 uni,
2462 3937 2699 3993 locutus
2728 3940 2836 3994 est.
2869 3935 3035 3993 Unde
3067 3934 3375 4009 quaeritur,
3402 3950 3545 3993 cum

1886 4029 2006 4083 tres
2039 4030 2261 4098 essent,
2291 4025 2603 4101 quomodo
2635 4024 3035 4096 singulariter.
3063 4024 3387 4081 Dominum
3434 4038 3543 4097 ap-

1887 4116 2072 4189 pellat
2101 4115 2308 4174 dicens
2337 4135 2350 4175 :
2384 4118 2654 4188 Domiue,
2682 4118 2736 4173 si
2761 4117 2967 4175 inveni
2990 4117 3259 4189 gratiam
3279 4120 3422 4173 ante
3464 4121 3542 4183 te,

1886 4222 1963 4264 ne
1992 4211 2265 4264 transeas
2292 4222 2528 4266 servum
2559 4213 2730 4265 tuum
2760 4210 2789 4265 ?
2813 4209 2904 4264 An
2927 4205 3297 4278 intelligebat
3350 4220 3544 4264 unum

1886 4312 1960 4353 ex
1981 4294 2066 4353 eis
2097 4296 2443 4368 Dominum,
2467 4300 2523 4356 et
2551 4295 2702 4355 alios
2729 4296 3001 4369 angelos,
3024 4312 3104 4354 an
3123 4295 3324 4370 potius
3351 4294 3548 4354 Domi-

1887 4402 2037 4447 num
2063 4386 2124 4444 in
2149 4385 2379 4456 angelis
2404 4387 2666 4445 sentiens
2694 4387 2722 4445 ?
2753 4387 2934 4460 Igitur
2960 4385 3419 4457 intelligendum
3457 4388 3547 4444 est

1887 4474 2034 4548 quia
2061 4474 2124 4532 in
2149 4474 2379 4545 angelis
2403 4475 2727 4534 Dominum
2756 4475 3038 4544 sentiens,
3070 4474 3327 4534 Domino
3345 4474 3547 4550 potius

1886 4580 2075 4639 quam
2105 4565 2339 4637 angelis
2372 4564 2535 4643 loqui
2568 4566 2761 4638 elegit.
2812 4565 3153 4639 Aliquando
3176 4564 3547 4637 imaginibus

1887 4658 1945 4712 et
1967 4659 2105 4713 ante
2132 4670 2454 4730 corporeos
2478 4656 2691 4713 oculus
2713 4655 2793 4714 ad
2837 4660 3082 4730 tempus
3134 4670 3207 4712 ex
3259 4668 3397 4712 aere
3447 4668 3547 4712 ιιι-ο

1889 4744 2147 4819 sumptis
2179 4760 2286 4819 per
2314 4745 2565 4818 angelos
2622 4745 2888 4819 loquitur
2944 4747 3117 4808 Deus,
3174 4743 3330 4801 sicut
3383 4757 3549 4801 nunc

1886 4832 2217 4907 Abraham,
2247 4834 2355 4911 qui
2384 4850 2509 4893 non
2540 4834 2739 4892 solum
2759 4838 2882 4892 tres
2907 4832 3073 4891 viros
3098 4831 3305 4889 videre
3328 4830 3544 4905 potuit,

1862 4978 1867 4983 .
1888 4923 1994 4981 sed
2020 4923 2202 4985 etiam
2222 4923 2570 4983 habitaculo
2590 4927 2829 4983 terreno
2843 4923 3170 4995 suscipere,
3191 4935 3403 4978 eorum
3419 4919 3546 4978 usi-

1886 5012 2003 5069 bus
2027 5013 2207 5070 etiam
2233 5012 2401 5071 cibos
2430 5011 2735 5071 adhibere.
2770 5010 2889 5071 Nisi
2917 5010 3081 5069 enim
3133 5009 3353 5081 angeli,
3403 5026 3548 5070 cum

1885 5102 2171 5176 quaedam
2199 5102 2460 5160 nobisin
2489 5107 2645 5160 terra
2693 5100 2995 5173 nuntiant,
3054 5100 3135 5159 ad
3187 5105 3430 5177 tempus
3482 5102 3549 5160 in

1887 5207 2023 5249 aere
2042 5208 2264 5266 corpus
2290 5195 2687 5256 assumerent,
2710 5190 3107 5267 exterioribus
3126 5191 3398 5267 profecto
3411 5207 3551 5250 nos-

1887 5281 1989 5339 tris
2038 5279 2345 5338 obtutibus
2387 5295 2513 5339 non
2563 5285 2946 5356 apparerent,
3020 5298 3135 5341 nec
3188 5281 3357 5340 cibos
3406 5297 3549 5339 cum

1887 5371 2193 5433 Abraham
2240 5375 2567 5443 sumerent,
2607 5371 2723 5430 nisi
2740 5376 2988 5450 propter
3014 5389 3129 5432 nos
3152 5371 3417 5429 solidum
3445 5371 3548 5429 ali-

1887 5460 2036 5536 quid
2066 5476 2140 5518 ex
2166 5458 2391 5517 cmlesti
2435 5460 2733 5519 elemento
2780 5464 3106 5535 gestarent.
3158 5464 3275 5520 Nec
3326 5460 3550 5519 mirum

1886 5550 2054 5626 quod
2083 5549 2201 5607 illic
2254 5548 2369 5623 ipsi
2411 5549 2516 5624 qui
2560 5550 2825 5625 suscepti
2881 5555 3043 5622 sunt,
3089 5553 3276 5610 modo
3327 5551 3548 5623 angeli,

1889 5640 2075 5699 modo
2106 5639 2396 5697 Dominus
2423 5638 2527 5715 [Z.,
2555 5640 3025 5714 dominationes]
3053 5646 3369 5713 vocantur,
3405 5643 3553 5715 quia

1890 5729 2247 5804 angelorum
2277 5730 2582 5795 vocabulo
2604 5731 3024 5807 exprimnntur
3037 5733 3145 5808 qui
3166 5748 3236 5792 ex
3245 5731 3427 5791 terius
3445 5732 3556 5788 πῆς
