3944 6464
344 261 447 314 183

1447 248 1802 306 ANGELOMI
1841 247 2290 308 LUXOVIENSIS
2329 254 2641 311 MONACHI

3662 245 3791 300 184

343 380 716 446 nistrabant;
749 380 804 432 et
825 374 1219 449 appellatione
1253 374 1487 430 Domini
1511 371 1864 438 ostenditur,
1888 369 1993 443 qui
2025 372 2075 425 A
2113 390 2276 431 mam
2306 377 2613 445 habuisse,
2643 376 2745 432 sed
2773 375 3027 432 cadaver
3058 373 3241 428 fuisse
3269 371 3515 439 intelligi
3563 356 3801 426 debet.

348 470 436 526 eis
460 468 705 525 interius
734 470 1005 538 praeerat,
1038 469 1101 518 ut
1129 480 1233 532 per
1262 464 1376 519 hoc
1406 461 1777 535 praesidentis
1807 460 1996 532 impc-

350 561 512 616 rium
529 563 585 614 et
596 573 702 629 per
715 555 862 611 illud
875 554 1223 609 claresceret
1234 552 1331 608 otii
1340 553 1496 608 cium
1511 550 1998 607 ministrantium.

427 645 770 722 Spiritaliter
798 660 906 715 per
959 644 1071 698 hos
1120 647 1235 698 tres
1286 642 1446 704 viros
1492 641 1704 697 volunt
1758 639 2003 708 intelligi

355 739 605 813 quidam
631 734 950 791 Dominum
979 738 1274 803 nostrum,
1306 738 1362 789 et
1391 736 1653 806 Moysen,
1687 737 1745 788 et
1795 732 2001 787 Eliam.

360 827 615 894 Quidam
641 827 892 889 Patrem,
925 826 983 878 et
1011 821 1246 886 Filium,
1280 827 1336 878 et
1368 822 1648 894 Spiritum
1705 825 2005 887 sanctum,

360 916 509 972 sicut
534 914 597 970 in
622 910 1012 984 sequentibus
1039 910 1293 981 legitur:
1358 911 1505 967 Cum
1555 911 1870 967 deduceret
1914 925 2008 965 eos

358 1003 690 1072 Abraham,
724 989 880 1057 imus
911 1003 1199 1058 remansit
1229 1018 1361 1059 cum
1422 1018 1507 1069 eo,
1564 1008 1619 1058 et
1672 1002 1791 1057 duo
1845 1000 2012 1057 missi

358 1099 498 1150 sunt
524 1092 866 1149 Sodomam.
892 1090 1059 1146 Unde
1085 1106 1194 1163 per
1218 1106 1412 1146 unum
1438 1091 1541 1163 qui
1595 1090 1883 1146 remansit
1930 1090 2007 1160 [Ζ.

359 1183 533 1240 addit-
554 1197 696 1238 cum
721 1180 836 1251 eo],
867 1179 1079 1235 volunt
1101 1179 1347 1250 intelligi
1378 1181 1608 1235 Patrem
1641 1198 1654 1248 ;
1702 1195 1808 1251 per
1857 1177 2011 1234 duos

360 1271 466 1345 qui
494 1270 665 1326 missi
696 1272 854 1339 sunt,
876 1267 1109 1338 Filium,
1141 1267 1423 1340 Spiritum
1449 1272 1746 1338 sanctum,
1778 1267 1880 1340 qui
1904 1266 2012 1323 fre-

361 1364 615 1434 quenter
631 1358 916 1429 leguntur
944 1358 1107 1412 missi
1140 1373 1176 1413 a
1207 1360 1391 1413 Patre.

437 1452 654 1506 Fervor
669 1463 914 1520 quoque
931 1446 1048 1502 diei
1069 1451 1125 1503 et
1140 1463 1354 1502 cursus
1374 1445 1627 1502 Abrahae
1653 1445 2016 1501 desiderium

366 1541 712 1593 sanctorum
744 1535 1038 1604 significat
1068 1534 1173 1606 qui
1223 1534 1647 1590 desiderabant
1688 1533 2016 1589 adventum

369 1625 600 1696 Christi,
628 1624 778 1679 sicut
810 1624 1069 1693 Simeon,
1102 1628 1160 1679 et
1183 1623 1351 1679 multi
1377 1622 1495 1691 alii,
1527 1623 1603 1679 de
1631 1622 1854 1695 quibus
1905 1623 2016 1678 Do-

2186 467 2338 521 ths
2369 468 2904 537 20-26.—1)icitque
2926 466 3211 520 Dominus
3231 479 3253 518 .·
3286 464 3534 518 Clamor
3580 461 3787 517 Soet)-

2111 573 2343 613 morum
2375 565 2427 613 et
2451 558 2800 614 Gomorrhaa
2824 556 3268 623 multiplicatus
3312 558 3417 622 est,
3450 557 3504 607 et
3554 563 3785 621 petra.

2115 652 2239 701 tum
2270 662 2472 703 eorum
2502 651 2903 717 aggravatum
2931 651 3016 700 est
3047 643 3244 698 nimis.
3286 641 3672 702 Descendam,
3715 642 3783 693 et

2118 735 2319 791 videbo
2352 741 2554 792 utrum
2584 736 2902 792 clamorem
2928 734 3036 804 qui
3076 733 3238 788 venit
3295 731 3376 787 ad
3422 745 3536 797 me,
3587 742 3788 797 opere

2116 826 2558 893 compleverint.
2592 824 2732 885 Quis
2760 828 2849 879 est
2900 823 3132 879 clamor
3158 820 3558 876 Sodomorum
3584 817 3613 873 ἰ)
3669 814 3787 870 vel

2116 913 2263 985 quid
2295 918 2382 969 est
2410 913 2574 986 quod
2610 913 2895 968 Dominus
2922 911 3088 977 dixit,
3145 910 3517 975 descendam,
3576 913 3631 963 et
3687 905 3787 961 vi-

2117 1003 2261 1059 debo
2317 1009 2518 1059 utrum
2578 1005 2907 1059 clamorem
2946 1002 3054 1073 qui
3107 1001 3265 1056 venit
3310 1000 3391 1055 ad
3433 1012 3541 1063 me,
3594 1010 3794 1066 opere

2118 1092 2538 1161 eompleverint
2569 1092 2597 1148 ?
2623 1095 2934 1148 Peccatum
2965 1106 3105 1145 cum
3128 1104 3275 1144 voce
3298 1092 3383 1144 est
3402 1088 3581 1158 culpa
3598 1085 3659 1140 in
3678 1099 3795 1139 ac-

2120 1181 2307 1247 tione;
2340 1184 2653 1253 peccatum
2667 1196 2805 1235 vero
2821 1179 3003 1235 etiam
3028 1194 3167 1254 cum
3191 1177 3453 1233 clamore
3477 1179 3566 1231 est
3591 1173 3799 1245 culpa.

2121 1270 2536 1326 cumlibertate
2554 1274 2610 1325 et
2626 1268 2934 1341 jactantia.
2951 1266 3121 1334 Quod
3136 1266 3381 1322 autcmd
3396 1264 3517 1331 ixit,
3534 1265 3794 1320 descen-

2121 1360 2258 1416 dam
2282 1366 2335 1417 et
2360 1359 2581 1427 videbo,
2610 1364 2667 1415 et
2687 1362 2898 1414 caetera
2918 1356 3240 1428 ejusmodi,
3260 1354 3647 1427 omnipotens
3672 1352 3800 1408 ita—

2122 1466 2241 1523 que
2267 1449 2579 1517 Dominus,
2610 1452 2668 1505 et
2696 1448 2901 1504 omnia
2931 1447 3142 1509 sciens,
3204 1461 3312 1500 cur
3358 1448 3495 1500 ante
3549 1441 3798 1516 proba-
3846 1477 3855 1485 ς

2126 1540 2347 1596 tionem
2374 1538 2546 1611 quasi
2579 1538 2831 1603 dubitat,
2864 1535 2977 1591 nisi
3023 1540 3089 1591 ut
3115 1534 3424 1605 gravitatis
3465 1532 3646 1589 nobis
3677 1547 3800 1586 ex-

2126 1628 2394 1702 emplum
2423 1631 2740 1700 proponat,
2771 1643 2846 1682 ne
2879 1625 3038 1681 mala
3067 1624 3385 1680 hominum
3437 1626 3577 1677 ante
3625 1637 3803 1693 prae-

367 1716 571 1773 minus
600 1714 886 1788 apostolis
911 1714 993 1770 ait
1018 1731 1033 1769 :
1064 1715 1250 1769 Multi
1271 1714 1583 1783 [Imp/leta?
1622 1721 1677 1769 et
1716 1730 1881 1783 reges
1926 1729 2017 1769 vo-
2047 1722 2092 1775 B
2129 1734 2444 1774 sumamus
2470 1717 2707 1772 credere
2734 1732 2914 1788 quam
2944 1713 3203 1787 probare
3227 1713 3254 1769 ?
3289 1716 3349 1767 Et
3370 1727 3505 1767 ecce
3537 1726 3648 1783 per
3683 1726 3808 1765 an-

373 1808 615 1862 luerunt
651 1804 852 1859 videre
880 1819 1014 1874 ante
1036 1804 1268 1873 videtis,
1297 1808 1349 1857 et
1372 1802 1602 1874 reliqua
1626 1804 1787 1874 (Luc.
1816 1819 1873 1869 x,
1906 1805 2015 1871 24).

370 1892 682 1958 Moraliter,
706 1891 854 1964 quid
881 1893 1175 1964 pcrhunc
1233 1891 1408 1947 nobis
1468 1907 1714 1947 cursum
1767 1891 2021 1946 Abrahae

373 1983 664 2053 innuitur,
684 1982 799 2037 nisi
830 1982 973 2054 quia
1004 1981 1279 2038 videlicet
1306 1985 1369 2037 ut
1395 1980 1485 2036 vir
1505 1997 1574 2037 ac
1604 1980 1886 2036 dominus
1914 1980 2023 2036 do-

370 2088 529 2141 mus,
564 2071 842 2143 spiritalis
870 2076 1074 2127 noster
1099 2071 1319 2126 scilicet
1347 2070 1675 2126 intellectus
1733 2069 1911 2125 debet
1964 2069 2024 2126 in

371 2161 729 2231 cogitatione
757 2160 1052 2215 Trinitatis
1083 2160 1340 2215 claustra
1394 2160 1591 2215 carnis
1633 2158 1918 2214 excedere
1971 2162 2029 2215 et

372 2250 545 2323 quasi
576 2248 964 2306 habitationis
991 2249 1215 2304 inﬁma:
1236 2249 1491 2317 januam
1522 2248 1725 2304 exire?
1751 2250 1904 2305 Cura
1925 2265 2027 2303 au-

371 2344 492 2395 tem
525 2338 741 2404 carnis,
778 2342 838 2393 ut
867 2336 1111 2403 femina,
1147 2338 1306 2394 foras
1340 2354 1461 2393 non
1493 2342 1804 2411 appareat,
1828 2343 1883 2393 et
1938 2338 2026 2393 vi-

371 2428 498 2484 deri
523 2429 817 2500 jactanter
845 2427 1205 2494 erubescat;
1250 2435 1315 2483 ut
1368 2427 1544 2499 quasi
1599 2432 1741 2499 post
1794 2431 2028 2496 tergum

372 2518 482 2573 viri
510 2516 622 2573 sub
644 2516 998 2573 discretione
1025 2517 1265 2589 spiritus
1297 2517 1439 2572 solis
1466 2516 1815 2572 necessariis
1841 2516 2029 2572 inten-

372 2608 454 2673 ta,
486 2621 878 2678 nequaquam
910 2605 1057 2661 sciat
1080 2606 1409 2677 procaciter
1438 2605 1654 2675 detegi,
1716 2605 1822 2661 sed
1871 2621 2031 2661 vere-

376 2694 574 2751 cunde
601 2693 919 2749 moderari.
947 2693 1050 2749 Cui
1082 2698 1284 2749 tamen
1312 2711 1469 2766 saepe
1519 2711 1658 2750 cum
1712 2694 1925 2750 dicitur
1968 2699 2034 2752 ut

377 2783 455 2839 de
490 2798 551 2838 se
582 2783 829 2838 minime
861 2788 1209 2855 praesumat,
1239 2788 1296 2839 et
1345 2788 1531 2839 totam
1580 2800 1642 2840 se
1695 2783 1757 2839 in
1813 2784 2031 2840 divinae

380 2871 511 2945 spei
537 2871 825 2927 ﬁduciam
852 2872 1192 2942 transferat,
1227 2872 1497 2946 despicit,
1532 2878 1589 2930 et
1610 2879 1876 2930 cessante
1909 2877 2031 2929 stu-

379 2960 480 3017 dio
502 2960 712 3016 adesse
746 2959 857 3016 sibi
883 2960 1016 3015 vitae
1046 2961 1314 3017 subsidia
1368 2978 1545 3034 posse
1575 2962 1807 3018 difﬁdit.
1868 2963 2033 3019 Unde

2130 1807 2292 1877 gelos
2322 1806 2400 1862 ad
2422 1804 2844 1875 cognoscenda
2876 1803 3036 1859 mala
3065 1800 3394 1869 descendit,
3417 1804 3475 1856 et
3521 1815 3670 1854 mox
3698 1797 3805 1853 fa-

2132 1897 2439 1952 cinorosos
2469 1895 2737 1968 percutit,
2771 1898 2948 1965 atque
2988 1892 3083 1947 ille
3136 1890 3392 1964 patiens,
3448 1888 3544 1943 ille
3597 1887 3803 1955 mitis,

2132 1986 2224 2042 ille
2250 1986 2324 2042 de
2351 2001 2473 2058 quo
2507 1984 2794 2055 scriptum
2827 1987 2914 2037 est
2942 1997 2955 2037 :
2992 1983 3076 2037 Tu
3103 1986 3322 2044 autem,
3347 1979 3619 2043 Domine,
3650 1993 3805 2033 cum

2134 2076 2578 2147 tranquillitate
2593 2074 2839 2143 judicas
2861 2074 3020 2143 (Sap.
3048 2087 3150 2133 xu,
3178 2070 3248 2140 l),
3282 2068 3377 2123 ille
3403 2068 3478 2123 de
3508 2083 3635 2139 quo
3666 2081 3807 2121 rur-

2135 2181 2269 2221 sum
2288 2163 2577 2236 scriptum
2607 2167 2699 2217 est
2724 2179 2737 2217 :
2770 2163 3059 2217 Dominus
3084 2160 3318 2230 patiens
3340 2163 3448 2224 est,
3481 2173 3622 2212 cum
3657 2161 3805 2212 tan-

2136 2258 2194 2310 to
2225 2254 2469 2309 crimine
2500 2251 2796 2308 involutos
2826 2250 3153 2316 inveniens,
3203 2247 3379 2321 quasi
3431 2246 3803 2318 patientiam

2135 2343 2522 2417 praetermisit,
2543 2347 2599 2397 et
2623 2341 2781 2397 diem
2815 2339 3062 2395 extremi
3082 2338 3290 2410 judicii
3326 2340 3677 2408 exspectare
3716 2334 3809 2390 ad

2135 2434 2461 2490 vindictam
2487 2431 2694 2499 noluit,
2721 2430 2823 2485 sed
2857 2445 2958 2484 eos
3002 2430 3137 2498 igne
3183 2426 3392 2499 judicii
3434 2430 3572 2482 ante
3627 2424 3808 2481 diem

2132 2522 2338 2595 judicii
2368 2520 2656 2594 praevenit
2689 2521 2700 2575 l
2739 2523 2881 2574 Ecce
2910 2518 3139 2573 malum
3166 2522 3223 2573 et
3252 2515 3429 2589 quasi
3485 2530 3627 2570 cum
3686 2513 3811 2569 dif-

2136 2611 2397 2668 ﬁcultate
2429 2608 2696 2671 credidit,
2730 2624 2868 2663 cum
2899 2603 3066 2663 audit
3096 2625 3109 2675 ;
3141 2611 3199 2661 ct
3226 2610 3369 2661 tunc
3427 2603 3556 2659 sine
3610 2599 3811 2659 tardi-

2140 2708 2255 2760 tate
2286 2700 2595 2775 percussit,
2622 2716 2762 2755 cum
2786 2715 2997 2755 verum
3045 2693 3468 2768 cognoscendo
3524 2693 3756 2766 reperit
3791 2692 3806 2747 l

2141 2794 2211 2848 Ut
2237 2789 2411 2847 nobis
2443 2788 2714 2844 videlicet
2742 2787 2911 2843 daret
2941 2784 3310 2857 exemplum,
3360 2784 3507 2856 quia
3557 2782 3810 2853 majora

2141 2881 2391 2936 crimina
2422 2882 2477 2934 et
2504 2877 2667 2933 tarde
2694 2875 2993 2932 credenda
3024 2878 3164 2929 sunt
3189 2889 3326 2928 cum
3351 2871 3709 2939 audiuntur,
3746 2873 3811 2925 et

2141 2969 2312 3026 citius
2342 2966 2648 3041 punienda
2679 2981 2816 3021 cum
2847 2964 3135 3019 veraciter
3178 2964 3612 3031 agnoscuntur.

379 3055 437 3105 et
458 3050 586 3105 haec
617 3050 832 3106 eadem
856 3050 1039 3106 Saraa
1064 3051 1492 3123 promissiones
1526 3052 1624 3108 Dei
1656 3051 1907 3108 audiens
1953 3052 2030 3108 ri-
2063 3080 2103 3136 ρ
2212 3061 2380 3113 Vnus.
2403 3056 2855 3126 27.-Dixitque
2896 3053 3204 3109 Abraham
3231 3068 3244 3106 :
3272 3051 3424 3119 Quia
3475 3049 3658 3106 semel
3690 3065 3811 3106 cte-

379 3141 497 3209 det,
522 3140 627 3196 sed
647 3140 848 3197 ridens
873 3141 1205 3214 corripitur,
1238 3147 1510 3215 correpta
1532 3146 1732 3200 autem
1762 3143 2034 3215 protinus

379 3228 754 3298 fecundatur,
812 3235 868 3286 et
913 3246 1049 3303 quae
1098 3231 1410 3302 juventute
1463 3231 1670 3302 vigens
1722 3230 2034 3289 fecundari

379 3334 502 3376 non
531 3319 743 3392 potuit,
778 3321 952 3376 annis
982 3321 1167 3377 fracta
1198 3321 1486 3377 senilibus
1516 3327 1681 3379 utero
1732 3327 2035 3379 marcente

381 3409 485 3479 [Z.,
511 3410 940 3480 marcescente]
972 3410 1263 3482 concepit.
1294 3411 1443 3475 Quia
1470 3427 1609 3467 cum
1640 3425 1786 3467 cura
1839 3411 2036 3468 carnis

383 3496 477 3551 sui
507 3495 933 3552 conﬁdentiam
962 3498 1185 3554 habere
1238 3500 1555 3569 desiderat,
1597 3504 1806 3556 contra
1863 3515 2036 3574 spem

385 3599 457 3640 ex
485 3584 691 3640 divina
719 3585 1117 3656 promissione
1147 3589 1364 3659 accipit
1392 3590 1557 3661 quod
1586 3589 1928 3646 habituram
1973 3606 2037 3646 se

384 3690 458 3730 ex
481 3674 755 3731 humana
784 3674 1014 3731 ratione
1052 3675 1366 3733 dubitavit.
1426 3679 1589 3735 Unde
1639 3679 1794 3735 bene
1852 3683 2037 3750 Isaac,

382 3763 445 3819 id
470 3769 561 3821 est
588 3766 767 3832 risus,
796 3762 1012 3821 dicitur
1040 3765 1146 3838 qui
1171 3771 1508 3838 generatur,
1552 3768 1697 3840 quia
1746 3768 1892 3825 dum
1947 3786 2041 3824 su-

384 3867 640 3926 pernam
672 3853 799 3926 spei
822 3853 1109 3911 ﬁduciam
1131 3855 1409 3928 concipit,
1433 3854 1581 3929 quid
1613 3873 1782 3913 mens
1836 3864 2040 3914 nostra

384 3942 547 3999 aliud
565 3958 756 4016 quam
788 3943 1079 4013 gaudium
1101 3944 1257 4017 parit
1284 3945 1313 4001 ‘t

453 4032 625 4086 Vnus.
654 4035 738 4087 10.
762 4033 1133 4090 -Ηθυθνεεηε
1176 4036 1372 4090 veniat
1404 4036 1486 4090 ad
1508 4041 1563 4091 te
1604 4041 1865 4106 tempore
1906 4039 2037 4107 ista,

383 4123 441 4175 et
464 4123 698 4175 caetera.
734 4120 801 4175 Id
829 4125 940 4186 est,
970 4127 1233 4178 revertar
1273 4123 1349 4179 ad
1375 4127 1431 4180 te
1456 4124 1517 4179 in
1574 4124 1841 4198 tempore
1888 4127 2037 4185 vitta.

385 4206 567 4272 Quasi
597 4206 829 4277 dixerit,
851 4208 1124 4266 humano
1152 4226 1320 4267 more
1370 4211 1623 4285 loquens
1658 4231 1671 4270 :
1707 4214 1764 4272 Si
1811 4215 2038 4287 vixero,

382 4293 434 4351 si
464 4294 640 4351 fuerit
660 4295 783 4352 vita
829 4297 1132 4355 comitata.
1186 4300 1449 4358 Tradunt
1502 4318 1769 4377 namque
1816 4303 2038 4363 medici

382 4382 659 4439 nonnulli
685 4383 852 4455 quod
898 4386 1071 4457 cujus
1113 4403 1328 4462 corpus
1371 4390 1480 4447 viri
1532 4393 1868 4450 secundum
1921 4395 2037 4451 hoc

384 4487 524 4528 cum
550 4472 681 4543 jam
706 4471 926 4540 deﬁcit,
956 4479 1023 4531 ut
1046 4492 1186 4533 cum
1210 4478 1433 4536 femina
1459 4482 1846 4553 provectioris
1893 4488 2035 4540 aeta-

383 4559 480 4627 tis,
513 4561 794 4633 quamvis
826 4562 1026 4619 adhuc
1052 4570 1363 4624 menstrua
1411 4570 1692 4641 patiatur,
1751 4587 2036 4641 generare

380 4664 505 4705 non
533 4650 742 4724 possit,
771 4650 845 4706 de
869 4652 1195 4723 juvencula
1219 4662 1433 4728 potest.
1468 4660 1534 4714 Et
1561 4674 1770 4715 rursus
1822 4659 2038 4718 mulier

379 4753 518 4809 quae
574 4742 700 4794 tam
740 4744 1038 4812 provectae
1095 4743 1285 4800 aetatis
1337 4748 1445 4814 est,
1500 4747 1779 4820 quamvis
1837 4749 2036 4806 adhuc

377 4832 689 4884 menstrua
713 4828 923 4897 ﬂuant,
957 4834 1015 4887 et
1037 4830 1111 4888 de
1142 4833 1375 4891 seniore
1406 4850 1616 4908 parere
1647 4851 1771 4893 non
1823 4839 2032 4911 possit,

378 4914 453 4970 de
488 4916 709 4987 juvene
754 4924 968 4991 potest.
1017 4922 1181 4979 Unde
1237 4928 1439 4982 movet
1495 4925 1676 4981 etiam
1732 4928 2033 4998 quosdam

376 5005 687 5075 quomodo
718 5023 857 5065 cum
886 5016 1043 5068 esset
1070 5010 1374 5069 Abraham
1407 5029 1594 5087 prope
1624 5015 1838 5071 mediae
1891 5023 2029 5073 teta-

374 5090 467 5158 tis,
502 5095 834 5152 secundum
864 5115 1051 5170 quam
1098 5102 1375 5158 homines
1416 5108 1558 5158 tunc
1615 5103 1916 5173 vivebant,
1976 5113 2033 5163 et

370 5185 584 5252 postea
607 5180 760 5237 ﬁlios
789 5185 866 5241 de
901 5187 1159 5245 Cethura
1214 5190 1435 5259 fecerit,
1487 5192 1718 5249 dicatur
1743 5194 1821 5251 ab
1871 5201 2029 5269 Apo-

371 5269 523 5326 stolo
550 5271 738 5342 (Rom.
767 5289 841 5339 ιν,
876 5276 978 5347 l9),
1013 5292 1262 5346 corpore
1308 5289 1593 5352 emortuo,
1622 5286 1680 5340 et
1712 5300 1821 5356 pro
1845 5286 2026 5342 mira-

369 5358 524 5427 culo,
571 5359 716 5432 quia
766 5364 990 5433 genuit,
1050 5368 1465 5438 praedicetur?
1524 5373 1637 5428 Sed
1689 5375 2025 5432 secundum

366 5444 482 5501 hoc
511 5454 855 5535 emortuum
882 5452 1049 5521 dixit,
1104 5458 1269 5523 quod
1320 5459 1448 5530 jam
1501 5462 1573 5518 de
1632 5465 2022 5535 provectioris

366 5533 555 5625 aetatis
584 5536 831 5594 muliere
853 5557 1138 5610 generare
1160 5560 1282 5601 non
1312 5555 1535 5620 posset.
1565 5533 1828 5621 Sicnim,
1854 5554 2021 5625 quod

364 5621 445 5677 ait
473 5626 811 5721 apestolus,
847 5644 1069 5721 corpus
1099 5641 1439 5702 emortuum
1470 5643 1655 5705 verbo
1711 5644 1848 5721 quis
1872 5621 2018 5715 pro-

360 5716 507 5785 mat,
563 5713 706 5792 quia
744 5716 895 5772 dixit
944 5727 1305 5797 emortuum,
1351 5729 1483 5802 jam
1528 5749 1670 5809 ergo
1728 5713 1842 5799 Dec
1881 5713 2014 5793 ani-

2139 3147 2224 3219 pi,
2259 3150 2474 3218 loquar
2501 3140 2582 3201 ad
2609 3145 2929 3200 Dominum
2957 3158 3169 3207 meum,
3204 3156 3335 3197 cum
3363 3142 3474 3196 sim
3504 3140 3711 3209 pulvis
3748 3141 3809 3195 et

2143 3240 2311 3303 cinis,
2346 3242 2405 3292 et
2432 3236 2663 3308 reliqua
2693 3248 3012 3306 usquequo
3043 3232 3123 3287 ait
3154 3248 3167 3287 :
3201 3247 3323 3287 non
3372 3229 3577 3287 delebo
3618 3242 3807 3299 prap-

2146 3335 2236 3384 ter
2263 3328 2479 3383 decem.
2512 3327 2704 3390 Quare
2733 3322 3035 3379 Abraham
3067 3337 3129 3377 se
3154 3320 3464 3393 pulverem
3491 3317 3642 3374 dixit
3671 3331 3809 3374 esse

2144 3422 2201 3473 et
2224 3416 2503 3479 cinerem,
2562 3414 2705 3468 dum
2762 3415 2956 3468 tantas
3006 3408 3438 3483 promissiones
3488 3405 3726 3479 accepit
3771 3422 3811 3461 a

2144 3502 2263 3560 Deo
2314 3505 2344 3562 ?
2396 3502 2827 3561 Sublimitatcm
2890 3498 3363 3572 promissionum
3446 3495 3810 3551 humilitatis

2145 3592 2498 3666 temperavit
2527 3590 2913 3662 subjectione.
2971 3593 3181 3661 Aperte
3220 3587 3397 3665 enim
3453 3584 3811 3655 intelligitur

2145 3683 2207 3738 in
2235 3698 2353 3755 quo
2383 3681 2515 3737 loco
2542 3697 2603 3736 se
2634 3683 2934 3753 posuerat,
2968 3677 3070 3751 qui
3100 3676 3410 3750 pulverem
3451 3689 3513 3729 se
3568 3690 3704 3729 esse
3735 3688 3809 3728 ac

2148 3771 2405 3828 cinerem
2431 3771 2608 3828 etiam
2634 3766 2780 3825 dum
2814 3784 2951 3824 cum
2986 3771 3102 3824 Deo
3132 3766 3496 3839 loqueretur,
3548 3765 3812 3819 (estima-

2148 3861 2268 3919 bat.
2298 3862 2354 3917 Si
2381 3861 2559 3930 igitur
2581 3875 2642 3915 se
2667 3860 2748 3915 ita
2769 3858 3039 3931 despicit,
3062 3855 3163 3929 qui
3190 3871 3382 3928 usque
3404 3854 3483 3910 ad
3504 3852 3810 3909 honorem

2148 3951 2363 4007 divinae
2395 3948 2803 4006 collocutionis
2834 3946 3121 4005 ascendit.
3168 3943 3418 3999 sollicita
3473 3942 3810 3996 intentione

2146 4038 2529 4114 pensandum
2559 4042 2648 4093 est
2677 4052 2799 4110 qua
2828 4050 3010 4109 poena
3040 4034 3118 4090 illi
3150 4032 3398 4089 feriendi
3420 4031 3556 4097 sint,
3592 4031 3700 4102 qui
3729 4028 3810 4085 ad

2149 4146 2452 4186 summam
2473 4142 2595 4184 non
2627 4126 2966 4199 proficiunt,
2995 4130 3051 4180 et
3073 4128 3271 4179 tamen
3294 4121 3369 4177 de
3400 4118 3671 4176 minimis
3705 4133 3809 4174 ex-

2149 4219 2453 4277 tolluntur.

2219 4308 2412 4375 Quaeri
2431 4304 2579 4364 solet
2599 4311 2799 4363 utrum
2829 4305 2995 4379 quod
3028 4305 3101 4361 de
3132 4301 3408 4360 Sodomis
3450 4300 3601 4357 dixit
3628 4304 3806 4366 Deus,

2065 4434 2107 4487 ο
2148 4415 2271 4455 non
2301 4414 2361 4454 se
2388 4397 2635 4470 perdere
2661 4392 2881 4462 locum,
2914 4392 2963 4450 si
2993 4393 3402 4449 invenirentur
3431 4390 3547 4446 illic
3578 4389 3669 4446 vel
3700 4389 3808 4445 de-

2148 4504 2278 4544 cem
2303 4487 2471 4560 justi,
2504 4485 2743 4558 speciali
2774 4482 3043 4557 quadam
3087 4481 3380 4537 sententia
3406 4479 3481 4536 de
3502 4477 3605 4535 illa
3660 4478 3808 4534 civi-

2149 4582 2284 4643 tate,
2309 4592 2385 4632 an
2418 4576 2493 4630 de
2523 4574 2808 4629 omnibus
2839 4570 3294 4641 intelligendum
3338 4570 3414 4624 sit
3446 4567 3809 4637 generaliter

2144 4680 2390 4739 parcere
2416 4666 2603 4719 Deum
2632 4662 2765 4719 loco
2792 4663 2849 4717 in
2883 4675 3249 4734 quocunque
3271 4657 3365 4714 vel
3388 4656 3601 4713 decem
3654 4651 3805 4726 justi

2143 4753 2362 4811 fuerint
2387 4754 2415 4809 ?
2441 4755 2572 4809 Non
2594 4757 2683 4808 est
2703 4766 2947 4808 necesse
2981 4754 3043 4805 ut
3068 4749 3182 4804 hoc
3213 4747 3287 4803 de
3315 4746 3483 4803 omni
3529 4745 3667 4801 loco
3711 4759 3805 4799 ac-

2143 4843 2338 4916 cipere
2368 4840 2822 4915 compellamur.
2856 4841 3278 4895 Verumtamen
3299 4837 3374 4892 de
3394 4833 3676 4892 Sodomis
3699 4847 3808 4907 pon

2141 4933 2251 4988 tuit
2279 4931 2362 4987 sic
2379 4931 2497 4987 dici
2527 4930 2703 5003 ;quia
2729 4929 2953 4985 sciebat
2986 4930 3141 4983 Deus
3164 4926 3247 4982 ibi
3266 4941 3390 4981 non
3417 4939 3548 4980 esse
3579 4923 3673 4979 vel
3700 4923 3802 4978 de-

2142 5037 2293 5084 cem,
2326 5025 2382 5077 et
2400 5020 2536 5076 ideo
2566 5019 2648 5074 sic
2675 5016 3156 5090 respondebatur
3184 5014 3457 5078 Abrahae,
3492 5011 3801 5082 utsigniﬁ-

2140 5116 2392 5176 caretur,
2420 5125 2531 5164 nec
2560 5112 2645 5164 tot
2663 5107 2748 5163 ibi
2775 5122 2954 5180 posse
2977 5105 3253 5171 inveniri,
3295 5102 3375 5159 ad
3423 5100 3800 5171 exageratio-

2137 5213 2276 5254 nem
2306 5196 2635 5270 iniquitatis
2658 5195 2897 5251 illorum
2921 5193 3025 5266 [Z.,
3052 5193 3300 5249 inveniri
3333 5193 3412 5248 ad
3463 5190 3799 5247 excusatio-

2135 5303 2276 5343 nem
2303 5287 2447 5359 iniq.
2480 5285 2606 5357 ill.].
2637 5284 2752 5341 Sed
2782 5283 3093 5339 sciendum
3140 5288 3226 5338 est
3274 5281 3437 5354 quia,
3493 5284 3798 5353 quantum

2135 5376 2211 5432 ad
2243 5374 2591 5445 allegoriam
2618 5374 2895 5446 pertinet.
2926 5388 3031 5444 per
3078 5370 3522 5444 quinquaginta
3567 5367 3798 5438 signiﬁ—

2134 5469 2346 5520 cantur
2361 5463 2737 5536 pcenitentes,
2761 5478 2869 5535 per
2892 5461 3161 5534 quinque
3181 5458 3587 5533 quadraginta
3608 5458 3669 5512 hi
3693 5454 3798 5529 qui

2133 5568 2242 5626 per
2261 5558 2523 5624 quatuor
2556 5550 2879 5619 Evangelia
2917 5550 3292 5620 gradiuntur,
3324 5552 3381 5603 et
3395 5563 3502 5620 per
3522 5546 3798 5619 quinque

2134 5657 2347 5696 sensus
2380 5640 2645 5712 corporis
2667 5639 2968 5695 abstinent
3001 5656 3062 5695 se
3090 5655 3126 5694 a
3148 5637 3311 5695 malo
3343 5642 3401 5692 et
3426 5636 3655 5691 faciunt
3695 5634 3799 5690 hoc

2133 5744 2303 5784 num.
2336 5729 2447 5784 Per
2476 5728 2682 5798 viginti
2710 5744 2875 5799 vero,
2902 5728 3006 5801 qui
3067 5729 3380 5800 utriusque
3431 5726 3798 5782 Testamenti
