3944 6418
132 314 215 368 185

1492 312 1848 370 ΟΟΜΜΕΝΤο
1883 313 1951 371 ΙΝ
1992 318 2153 373 GEN.

3436 330 3536 385 186

127 437 408 496 scientiam
430 439 613 508 atque
644 434 1091 494 observantiam
1114 436 1358 496 habent.
1386 443 1493 496 Per
1522 439 1760 509 triginta
1796 450 1845 503 Α
1880 443 2164 503 Dominus
2188 462 2369 518 super
2396 448 2715 507 Sodomam
2749 457 2805 508 et
2838 452 3235 511 Gomorrham
3273 455 3537 524 sulphur

124 542 342 601 quoque
356 524 438 581 illi
467 524 873 595 designantur
897 528 999 599 qui
1016 528 1078 583 in
1100 528 1218 584 ﬁde
1237 528 1758 599 consistuntﬁanc-

125 623 185 674 tie
210 614 495 673 Trinitatis
523 614 620 671 vel
648 616 711 671 in
738 631 847 688 spe
876 616 1089 674 futurae
1112 618 1523 675 beatitudinis.
1567 622 1632 674 ln
1660 619 1760 674 de-

120 705 274 763 nario
323 708 526 761 autem
571 719 850 769 numero,
906 706 1013 779 qui
1072 707 1185 764 sub
1213 708 1501 781 mysterio
1534 710 1757 763 sanctte

120 795 294 851 crucis
330 807 391 849 se
416 792 723 850 humiliter
751 793 1042 864 subdunt,
1076 796 1211 853 etin
1233 796 1549 854 dilectione
1576 796 1675 852 Dei
1703 800 1758 853 et

119 882 377 958 proximi,
407 897 546 955 quae
576 881 638 938 in
667 883 966 955 Decalogo
992 886 1348 957 continetur,
1378 886 1623 959 perfecti
1670 903 1756 943 re-

117 972 429 1047 periuntur.
463 971 743 1045 Sequitur
771 990 784 1028 :

662 1106 671 1109 “
734 1116 958 1173 CAPUT
994 1116 1124 1174 XIX.

179 1242 339 1297 Vens.
375 1244 428 1311 t,
460 1244 514 1297 2.
550 1271 621 1282 —
666 1241 965 1299 Venerunt
1003 1242 1124 1299 duo
1182 1245 1389 1316 angeli
1433 1244 1754 1303 Sodomam

115 1344 354 1401 vespere,
370 1330 614 1388 sedente
635 1330 746 1387 Lot
773 1332 837 1387 in
863 1331 1102 1402 foribus
1131 1334 1415 1407 civitatis,
1438 1338 1495 1390 et
1516 1338 1751 1392 cratera.

117 1420 305 1491 Quare;
321 1418 634 1476 Abraham
654 1419 717 1476 in
748 1420 939 1477 tribus
967 1421 1129 1491 viris,
1155 1422 1204 1479 si
1232 1426 1421 1480 Deum
1446 1423 1752 1497 intellexit,

112 1508 195 1564 vel
215 1508 482 1580 angelos,
507 1512 567 1565 et
595 1509 813 1567 iterum
854 1512 960 1567 Lot
1000 1510 1062 1567 in
1090 1511 1334 1568 duobus
1357 1528 1461 1570 eos
1481 1513 1754 1572 humano

113 1597 231 1654 cibo
244 1598 398 1654 vesci
414 1597 712 1671 putabat?
742 1599 1016 1656 Fortasse
1036 1601 1203 1674 prius
1215 1618 1348 1658 esse
1359 1603 1639 1659 homines
1663 1620 1753 1661 ar-

111 1686 288 1743 bitrati
316 1691 485 1757 sunt;
519 1688 583 1744 in
611 1688 837 1761 quibus
888 1692 1076 1745 Deum
1115 1689 1283 1764 loqui
1311 1692 1750 1762 intellexerunt,

1874 536 1929 587 et
1948 533 2140 603 ignem
2171 536 2243 593 de
2260 539 2409 593 ctelo
2433 552 2469 593 a
2489 540 2762 611 Domino,
2793 546 2847 598 et
2865 542 3159 599 subvertit
3186 558 3415 600 omnem
3439 560 3534 601 re-

1867 622 2125 690 gionem.
2151 626 2444 690 Quaeritur
2479 644 2667 701 quare
2702 630 2826 700 Lot,
2863 647 3003 686 cum
3030 630 3241 702 jussus
3270 636 3429 689 esset
3452 634 3533 690 ad

1867 714 2138 768 montem
2158 712 2383 783 fugere,
2413 717 2598 787 Segor
2615 718 2959 790 pratulerit,
2980 723 3045 776 ut
3064 720 3145 776 ibi
3177 721 3528 792 salvaretur,

1867 804 1924 856 et
1942 816 2187 859 rursum
2216 804 2291 860 de
2328 807 2512 876 Segor
2541 806 2621 863 ad
2680 813 2949 865 montem
2990 809 3284 881 migrasse
3311 813 3340 868 ‘I
3394 814 3531 869 Tra-

1866 889 2021 947 dunt
2036 893 2268 951 Hebraei
2291 895 2457 966 quod
2484 898 2688 969 Segor,
2708 897 3051 972 frequenter
3073 905 3414 959 terraemotu
3434 920 3529 960 su-

1864 979 2064 1052 bruta,
2097 983 2236 1040 Bale
2265 985 2531 1058 primum
2556 991 2613 1044 et
2641 993 2853 1061 postea
2882 989 3090 1047 Sallisa
3105 991 3406 1064 appellata
3429 995 3524 1063 sit,

1866 1068 2183 1148 timuitque
2201 1075 2306 1129 Lot
2325 1074 2563 1132 dicens:
2599 1077 2657 1134 Si
2687 1094 2828 1134 cum
2859 1084 3087 1136 caeteras
3116 1080 3317 1138 adhuc
3347 1082 3527 1139 urbes

1865 1164 2110 1233 starent,
2130 1162 2243 1220 ista
2256 1180 2418 1237 saepe
2440 1165 2732 1224 subversa
2762 1171 2869 1237 est,
2888 1175 3116 1242 quanto
3147 1175 3343 1243 magis
3363 1189 3526 1231 nunc

1863 1249 1925 1305 in
1951 1252 2264 1309 communi
2292 1254 2468 1312 ruina
2522 1271 2647 1312 non
2691 1257 2905 1329 poterit
2956 1258 3225 1316 liberari!
3264 1264 3330 1318 Et
3358 1263 3521 1321 hanc

1862 1341 2243 1399 occasionem
2272 1342 2639 1402 inﬁdelitatis
2670 1346 2933 1403 etiamin
2970 1348 3125 1405 ﬁlias
3174 1351 3365 1407 coitus
3415 1353 3519 1410 de-

1864 1429 2025 1486 disse
2053 1431 2568 1504 principium.Qui
2589 1435 2749 1493 enim
2782 1440 3028 1493 caeteras
3052 1438 3287 1496 viderat
3314 1441 3523 1498 subrui

1863 1519 2151 1591 civitates,
2179 1522 2409 1579 ethanc
2435 1526 2613 1596 stare,
2636 1541 2820 1599 seque
2844 1526 2944 1583 Dei
2961 1527 3183 1584 auxilio
3203 1527 3524 1603 abreptum

1864 1610 1941 1681 [Ζ
1948 1652 1983 1679 .,
2001 1612 2399 1686 subreptum],
2421 1614 2629 1689 utique
2652 1614 2727 1672 de
2740 1631 2812 1673 eo
2831 1616 3001 1690 quod
3021 1617 3136 1674 sibi
3162 1635 3523 1678 concessum

1862 1699 2154 1769 audierat,
2207 1702 2513 1773 ambigere
2561 1720 2685 1761 non
2733 1705 2961 1763 debuit.
2999 1707 3056 1764 Si
3090 1708 3390 1779 judicium
3422 1710 3524 1767 Dei

110 1776 460 1848 quibusdam
486 1776 704 1833 divinae
728 1779 1055 1849 majestatis
1076 1780 1465 1837 existentibus
1486 1785 1544 1838 et
1563 1798 1750 1855 appa-
1776 1806 1825 1864 Β
1856 1790 2086 1860 justum
2110 1796 2215 1857 est,
2246 1808 2434 1865 quare
2454 1792 2712 1851 infantes
2756 1795 2817 1851 in
2870 1776 3146 1852 Sodomis
3173 1798 3353 1855 simul
3382 1816 3521 1856 cum

111 1866 356 1922 rentibus
375 1866 586 1936 signis,
610 1873 820 1940 postea
840 1867 1022 1924 fuisse
1049 1870 1295 1939 angelos
1318 1877 1748 1941 cognoverunt,

114 1971 235 2011 cum
263 1955 343 2011 eis
366 1956 720 2012 videntibus
748 1957 811 2012 in
839 1957 1059 2014 caelum
1092 1958 1298 2016 issent.

170 2046 327 2101 Vens.
356 2049 480 2102 3-7.
513 2077 585 2087 —
616 2046 922 2117 Compulit
974 2049 1112 2105 illos
1142 2050 1362 2119 oppido
1384 2055 1451 2106 ut
1498 2050 1752 2109 diverte-

112 2140 227 2189 rent
244 2135 324 2191 ad
341 2140 569 2199 eum,et
585 2135 817 2208 reliqua
842 2153 1035 2210 usque
1060 2140 1480 2196 :vallaverunt
1507 2142 1748 2198 domum

109 2238 141 2279 α
164 2239 339 2293 puero
368 2239 560 2297 usque
583 2225 667 2281 ad
679 2240 899 2282 senem.
932 2226 1077 2283 Hinc
1117 2228 1628 2286 considerandum
1660 2235 1750 2287 est

107 2317 316 2384 quanta
337 2314 411 2369 sit
430 2314 624 2370 virtus
670 2315 1113 2387 hospitalitatis.
1176 2316 1314 2373 Ideo
1344 2318 1541 2387 angeli
1570 2320 1749 2392 quasi

106 2401 350 2474 hospites
380 2404 573 2459 coacti
606 2403 860 2460 domum
894 2407 996 2461 Lot
1026 2405 1306 2462 introisse
1348 2408 1651 2473 dicuntur,
1683 2413 1750 2465 ut

106 2496 308 2548 tentata
334 2497 491 2549 esset
510 2492 774 2550 charitas
804 2496 929 2565 Lot,
962 2494 1217 2567 probata
1248 2500 1305 2552 et
1339 2503 1744 2565 remunerate,

107 2584 161 2636 ut
181 2582 589 2638 ostenderetur
638 2586 937 2656 quantum
977 2589 1136 2641 esset
1169 2585 1590 2659 hospitalitatis
1639 2587 1745 2644 bo-

106 2691 252 2733 num.
270 2678 645 2752 Hospitalem
672 2696 817 2737 vero
841 2678 1096 2738 domum
1112 2682 1311 2753 angeli
1335 2683 1586 2755 ingressi
1607 2690 1748 2741 sunt

105 2766 171 2822 ad
195 2766 576 2826 liberandum
595 2769 897 2843 hospitem
927 2788 1129 2828 suum.
1157 2772 1403 2829 Clausas
1432 2774 1613 2831 etiam
1645 2774 1747 2831 do-

106 2872 222 2912 mus
239 2858 585 2932 hospitibus
628 2859 784 2932 ignis
812 2860 1119 2932 ingressus
1149 2866 1241 2920 est
1274 2862 1355 2919 ad
1398 2864 1743 2937 perdendos

103 2952 423 3018 peccatores
450 2948 518 3005 in
562 2949 669 3005 eis.
721 2948 949 3007 Idcirco
994 2951 1260 3025 hospites
1290 2967 1415 3009 non
1454 2958 1594 3010 sunt
1621 2954 1742 3009 evi—

104 3036 268 3105 tendi,
290 3037 395 3094 sed
424 3038 587 3095 ultro
633 3038 951 3096 invitandi.
980 3040 1139 3097 Bene
1183 3042 1345 3098 enim
1398 3058 1572 3099 senes
1600 3060 1741 3099 cum

102 3126 282 3198 pueris
312 3132 711 3185 cucurrerunt
750 3128 831 3185 ad
855 3128 1072 3200 scelus,
1105 3131 1250 3204 quia
1280 3133 1569 3205 scriptum
1598 3148 1741 3206 pro-
1769 3168 1812 3227 ο

101 3216 353 3273 verbium
381 3221 511 3287 est;
549 3218 913 3277 Adolescens
932 3222 1123 3290 juxta
1181 3222 1310 3278 vias
1365 3238 1527 3289 suas,
1561 3225 1739 3281 etiam

106 3320 223 3362 cum
252 3310 543 3380 senuerit,
574 3324 696 3365 non
727 3309 957 3367 recedet
988 3310 1064 3367 ab
1090 3311 1171 3368 eis
1197 3311 1398 3383 (Prov.
1426 3328 1567 3381 χχιι,
1592 3315 1666 3385 6).

159 3395 327 3453 Vnus.
359 3400 563 3455 8-9.—
591 3398 801 3456 Habeo
831 3398 984 3457 duas
1010 3401 1176 3473 ﬁlias
1205 3416 1338 3474 qua:
1364 3402 1617 3459 necdum
1650 3418 1741 3459 co-

98 3495 411 3554 gnoverunt
440 3489 691 3561 virum;
717 3488 967 3547 educam
996 3504 1096 3547 eas
1124 3491 1208 3548 ad
1226 3506 1349 3562 vos,
1381 3497 1437 3548 et
1462 3492 1743 3549 abutuni—

100 3574 155 3627 ni
174 3577 266 3643 eis,
284 3579 341 3633 et
363 3581 606 3634 caetera.
636 3577 954 3644 Quomodo
1009 3581 1112 3636 Lot
1163 3579 1363 3651 justus
1392 3580 1649 3652 dicatur,
1690 3581 1740 3638 si

99 3660 234 3718 ﬁlias
263 3681 401 3722 suas
429 3666 515 3723 ad
546 3669 672 3723 tam
696 3666 869 3724 nefas
899 3667 1094 3724 scelus
1123 3668 1359 3725 tradere
1380 3668 1588 3741 voluit,
1624 3670 1740 3727 nisi

98 3751 225 3824 quia
246 3754 555 3812 scelestius
578 3754 657 3813 ad
679 3757 1197 3830 comparationem
1213 3757 1509 3830 judicavit
1526 3775 1737 3832 pecca-

101 3842 209 3896 tum
238 3843 398 3916 quod
427 3844 636 3915 agitur
665 3850 875 3902 contra
902 3851 1185 3903 naturam
1211 3863 1400 3920 quam
1440 3848 1606 3921 quod
1633 3849 1738 3905 ad-

100 3931 324 3988 mittitur
345 3933 702 3991 naturaliter
728 3934 760 3991 ?
1684 3958 1693 3963 ·

160 4019 318 4079 Vsus.
355 4023 542 4081 10-48.
578 4055 649 4065 —
708 4024 1197 4098 Clauseruntque
1222 4027 1438 4083 ostium
1494 4028 1634 4096 viri,
1682 4032 1739 4084 et

100 4121 177 4162 eos
196 4112 296 4182 qui
309 4118 488 4169 erant
514 4112 674 4183 foris
698 4120 1129 4184 percusserunt
1159 4116 1446 4184 cmcitate,
1480 4119 1590 4172 etc.

160 4199 328 4256 Grzeci
352 4201 606 4273 habent,
625 4205 862 4259 aorosia
884 4203 1185 4276 [aorasia],
1214 4202 1382 4276 quod
1406 4205 1602 4274 magis
1618 4203 1737 4261 dici

100 4291 289 4359 potest,
319 4292 654 4364 avidentia,
686 4307 824 4365 qute
844 4291 1023 4349 faciat
1044 4309 1167 4349 non
1183 4292 1410 4363 videre,
1448 4309 1573 4349 non
1604 4309 1738 4350 om-

98 4374 200 4443 nia,
227 4378 323 4435 sed
363 4379 537 4453 quod
567 4396 724 4455 opus
749 4398 873 4437 non
904 4386 1012 4438 est.
1036 4382 1161 4438 Hac
1191 4382 1353 4438 enim
1410 4382 1649 4439 aorosia
1679 4387 1739 4440 et

98 4462 162 4519 illi
187 4470 442 4538 percussi
470 4470 755 4543 sunt,qui
787 4471 1145 4544 quaerebant
1202 4471 1482 4527 Eliseum.
1510 4471 1737 4529 Morali-

99 4553 168 4608 ter
194 4573 344 4628 vero,
370 4559 519 4633 quid
549 4564 640 4615 est
665 4560 854 4633 quod,
879 4560 1056 4617 malis
1077 4560 1732 4628 adversantibus,intra

95 4640 320 4704 domum
352 4651 457 4705 Lot
484 4649 794 4705 reducitur
814 4654 871 4706 et
899 4650 1320 4717 munitur,nisi
1335 4650 1500 4725 quod
1525 4652 1726 4723 justus

94 4733 346 4807 quisque,
405 4737 558 4793 dum
613 4754 944 4811 pravorum
1008 4738 1257 4796 insidias
1314 4741 1584 4807 sustinet,
1646 4740 1727 4795 ad

94 4828 327 4881 mentem
359 4826 678 4883 revertitur
706 4830 765 4883 et
788 4826 1222 4901 imperterritus
1252 4827 1504 4885 manet?
1542 4828 1727 4885 Sodo-

96 4909 229 4965 mitte
250 4918 447 4970 autem
468 4915 582 4971 viri
614 4914 677 4970 in
707 4915 895 4971 domo
928 4918 1029 4972 Lot
1060 4915 1328 4973 invenire
1358 4917 1578 4974 ostium
1619 4933 1725 4974 ne-

95 5008 314 5068 queunt,
358 5003 508 5076 quia
555 5009 937 5076 corruptores
967 5004 1262 5061 mentium
1302 5010 1510 5063 contra
1538 5006 1721 5063 vitam

92 5083 211 5151 justi
236 5091 467 5149 nullum
509 5094 917 5150 accusationis
969 5095 1203 5151 aditum
1241 5094 1723 5168 deprehendunt.

97 5174 327 5236 Percussi
352 5182 517 5238 enim
542 5183 806 5239 caecitate
827 5183 1005 5257 quasi
1033 5184 1285 5240 domum
1329 5185 1722 5253 circumeunt,

97 5264 181 5332 qui
229 5267 564 5327 invidentes
603 5272 759 5328 facta
787 5272 1069 5346 dictaque
1098 5277 1573 5346 perscrutantur.
1610 5275 1723 5330 Sed

97 5353 211 5422 Quia
222 5357 300 5414 eis
313 5359 387 5417 de
414 5362 537 5417 vita
544 5361 691 5433 justi
711 5361 878 5417 fortis
904 5362 1169 5435 undique
1193 5378 1262 5419 ac
1283 5362 1605 5418 laudabilis
1630 5379 1723 5419 ac-

96 5438 158 5493 tio
168 5444 652 5518 obviat,errantes
664 5450 747 5505 nil
760 5450 922 5507 aliud
935 5467 1123 5524 quam
1137 5450 1430 5525 parietem
1447 5451 1718 5524 palpant.

154 5530 306 5593 Vens.
339 5537 517 5595 19-25.
556 5541 930 5612 —Di.ritque
955 5544 1061 5597 Lot
1082 5542 1164 5598 ad
1192 5556 1287 5596 eos
1312 5542 1469 5597 :Nec
1482 5557 1721 5611 possum

97 5620 145 5673 in
169 5634 345 5685 monte
368 5630 627 5699 salvari,
641 5644 718 5685 ne
736 5631 902 5700 forte
921 5630 1337 5700 apprehendat
1369 5645 1460 5686 me
1490 5632 1715 5687 malum

99 5712 141 5760 9t
164 5716 384 5772 moriar.
413 5718 521 5772 Est
551 5719 763 5774 civitas
792 5719 933 5781 haec,
959 5718 1041 5774 ad
1055 5735 1235 5790 quam
1257 5734 1493 5788 possum
1506 5720 1721 5789 fugere

91 5811 275 5867 parva,
294 5811 345 5861 et
364 5807 729 5867 salvaborin
756 5822 846 5875 ea,
871 5813 927 5864 et
952 5808 1182 5881 reliqua
1208 5810 1716 5881 usquequo,pluit

1858 1879 2211 1951 parentibus
2235 1882 2483 1938 cremati
2507 1882 2691 1939 sunt?
2718 1886 2787 1940 Ut
2809 1884 2987 1940 nimis
3012 1886 3268 1959 impium
3286 1887 3521 1944 facinus

1862 1969 2308 2027 Sodomitarum
2329 1972 2518 2044 possit
2538 1973 2785 2030 adverti.
2803 1977 3116 2032 Peccatum
3129 1976 3290 2032 enim
3308 1994 3520 2034 eorum

1857 2058 2102 2116 advenit
2151 2077 2340 2135 usque
2371 2062 2449 2119 ad
2480 2079 2689 2120 necem
2744 2063 3029 2137 ﬁliorum,
3077 2082 3153 2123 ne
3181 2067 3257 2123 de
3287 2067 3518 2139 origine

1855 2147 2097 2205 illorum
2129 2150 2367 2219 signum
2402 2151 2649 2225 aliquod
2670 2160 3027 2211 remaneret.
3057 2158 3263 2212 Nonne
3318 2157 3517 2229 provi-

1857 2253 1993 2292 sum
2018 2242 2105 2294 est
2132 2239 2266 2307 illis,
2290 2256 2365 2296 ne
2392 2240 2497 2297 diu
2518 2240 2787 2298 viventes
2817 2243 3098 2306 exempla
3122 2249 3520 2318 sequerentur

1855 2329 2120 2398 patrum,
2149 2331 2203 2384 ct
2223 2328 2414 2385 levius
2441 2329 2502 2385 in
2524 2328 2726 2386 futuro
2754 2332 3182 2403 cruciarentur,
3205 2332 3301 2388 vel
3324 2333 3520 2390 omni-

1853 2430 1935 2471 no
1956 2431 2101 2483 non,
2129 2417 2189 2471 in
2216 2417 2414 2475 aliena
2438 2435 2623 2475 causa
2646 2420 2868 2476 occisi?
2895 2424 3171 2477 Parentes
3205 2423 3367 2478 enim
3390 2428 3515 2480 tam

1854 2519 1966 2577 pro
1998 2519 2060 2560 se
2089 2520 2279 2577 quam
2309 2523 2421 2579 pro
2448 2508 2531 2563 eis
2560 2508 2645 2563 rei
2671 2513 2827 2565 sunt.
2862 2512 3014 2579 Ergo
3046 2527 3210 2567 mors
3250 2510 3515 2567 ﬁliorum

1854 2593 2079 2650 crimen
2103 2598 2193 2651 est
2215 2600 2557 2668 parentum,
2589 2602 2646 2654 et
2666 2597 2803 2654 ideo
2824 2598 3002 2654 futuri
3038 2604 3178 2656 sunt
3202 2604 3516 2656 accusato-

1853 2698 1946 2738 res
1973 2688 2316 2756 parentum.
2337 2688 2437 2742 Est
2464 2686 2886 2761 qualecunque
2907 2687 3292 2761 beneﬁcium,
3342 2705 3516 2745 reum

1850 2786 1975 2828 non
2006 2773 2279 2846 esse,qui
2310 2773 2609 2844 gloriosus
2647 2791 2771 2832 non
2830 2780 2944 2833 est.
3001 2777 3254 2835 Prodest
3285 2793 3514 2851 paupe-

1851 2875 1980 2916 rem
2002 2876 2126 2917 non
2150 2877 2299 2929 esse,
2330 2862 2433 2937 qui
2463 2878 2568 2920 rex
2597 2879 2730 2920 esse
2762 2880 2887 2920 non
2915 2870 3134 2939 potest.

1924 2950 2214 3007 Moraliter
2244 2950 2558 3009 ardentem
2590 2952 2919 3010 Sodomam
2951 2954 3157 3026 fugere
3187 2959 3276 3013 est
3313 2955 3516 3014 illicita

1852 3039 2048 3095 carnis
2076 3039 2359 3097 incendia
2386 3040 2709 3099 declinare.
2744 3042 3014 3099 Altitudo
3039 3060 3183 3100 vero
3214 3045 3513 3101 montium

1848 3132 1936 3185 est
1965 3128 2265 3186 munditia
2292 3130 2749 3187 continentium.
2770 3131 2869 3187 Vel
2891 3135 3046 3188 certe
3066 3132 3321 3212 quasi-in
3344 3149 3515 3190 mon-

1847 3222 1903 3274 te
1929 3222 2086 3285 sunt,
2118 3218 2222 3293 qui
2278 3219 2461 3276 etiam
2519 3219 2745 3276 carnali
2787 3220 3021 3294 copulae
3053 3220 3367 3290 inhaerent,
3404 3221 3513 3277 sed

1848 3310 2053 3363 tamen
2073 3312 2240 3365 extra
2256 3308 2657 3381 suscipiendae
2685 3308 2871 3381 prolis
2895 3308 3322 3366 admistionem
3339 3310 3510 3366 debi-

1848 3398 1979 3451 tam
2006 3394 2172 3453 nulla
2201 3396 2400 3453 carnis
2448 3396 2758 3471 voluptate
2806 3397 3141 3455 solvuntur.
3195 3402 3260 3455 In
3305 3404 3508 3456 monte

1848 3487 2074 3560 quippe
2097 3491 2254 3544 stare
2275 3493 2364 3545 est
2391 3487 2653 3545 fructum
2679 3489 3032 3562 propaginis
3060 3491 3122 3546 in
3151 3505 3333 3546 carne
3384 3506 3510 3546 non

1846 3590 2116 3648 quaerere
2142 3594 2156 3645 ;
2188 3576 2251 3633 in
2280 3582 2486 3635 monte
2518 3582 2675 3635 stare
2696 3582 2789 3634 est
2813 3577 3129 3635 carnaliter
3152 3594 3276 3635 non
3310 3579 3513 3635 adhae-

1847 3680 1997 3721 rere.
2029 3665 2143 3722 Sed
2169 3666 2315 3739 quia
2344 3666 2517 3723 multi
2540 3670 2680 3723 sunt
2706 3667 2812 3740 qui
2843 3666 3070 3724 scelera
3096 3667 3345 3741 quidem
3376 3684 3509 3725 car-

1847 3754 1940 3811 nis
1966 3755 2268 3825 deserunt,
2302 3771 2414 3812 nec
2442 3761 2647 3814 tamen
2685 3756 2747 3812 in
2804 3756 3090 3828 conjugio
3147 3757 3326 3830 positi
3358 3773 3510 3813 usus

1848 3845 2234 3902 solummodo
2275 3845 2458 3902 debiti
2488 3846 2629 3917 jura
2666 3849 3040 3914 conservent,
3077 3845 3218 3902 exiit
3255 3845 3505 3919 quidem

1848 3938 1951 3991 Lot
1974 3935 2259 4004 Sodoma,
2282 3935 2389 3992 sed
2409 3941 2609 3991 tamen
2630 3952 2774 3991 mox
2799 3935 2879 3991 ad
2898 3938 3193 3991 montana
3214 3950 3340 3991 non
3370 3951 3507 4008 per-

1841 4025 2023 4091 venit,
2045 4025 2191 4098 quia
2204 4026 2335 4096 jam
2350 4024 2719 4081 damnabilis
2739 4024 2863 4080 vita
2882 4024 3258 4097 relinquitur,
3274 4023 3381 4080 sed
3405 4024 3509 4081 ad-

1839 4114 1961 4169 huc
1981 4113 2271 4170 celsitudo
2287 4113 2623 4185 conjugalis
2654 4114 3034 4169 continentiae
3053 4112 3346 4169 subtiliter
3380 4129 3505 4169 non

1842 4206 2095 4258 tenetur.
2122 4205 2217 4258 Est
2252 4218 2393 4258 vero
2419 4202 2482 4258 in
2516 4201 2718 4258 medio
2756 4205 2943 4272 Segor
2982 4202 3211 4270 civitas,
3246 4218 3383 4275 quae
3411 4202 3505 4259 fu-

1843 4291 2104 4361 gientem
2118 4290 2307 4348 salvet
2324 4295 2382 4347 et
2400 4291 2710 4347 inﬁrmum
2733 4308 2747 4361 ;
2775 4291 2921 4364 quia
2940 4290 3215 4348 videlicet
3227 4308 3367 4348 cum
3390 4292 3503 4348 sibi

1843 4396 1951 4454 per
1969 4379 2466 4436 incontinentiam
2493 4380 2822 4436 miscentur
2858 4381 3169 4451 conjuges,
3217 4381 3502 4455 etlapsus

1845 4469 2139 4525 scelerum
2156 4469 2413 4541 fugiunt,
2438 4474 2495 4526 et
2518 4474 2721 4526 tamen
2750 4469 2930 4527 venia
2955 4470 3289 4527 salvantur.
3324 4474 3504 4537 Quasi

1841 4574 2096 4630 parvam
2118 4558 2346 4631 quippe
2358 4558 2659 4615 civitatem
2681 4558 3014 4625 inveniunt,
3034 4560 3094 4615 in
3111 4576 3237 4633 qua
3258 4560 3338 4615 ab
3354 4561 3504 4630 igni-

1838 4646 1954 4702 bus
1966 4647 2399 4716 defendantur;
2417 4647 2562 4720 quia
2590 4648 2932 4718 conjugalis
2949 4648 3077 4703 haec
3094 4649 3213 4703 vita
3229 4663 3350 4703 non
3370 4648 3501 4718 qui-

1838 4735 1980 4793 dem
2000 4738 2061 4792 in
2083 4736 2401 4793 virtutibus
2427 4736 2581 4794 mira
2613 4740 2721 4807 est,
2745 4737 2851 4792 sed
2878 4740 3081 4793 tamen
3116 4753 3154 4793 a
3189 4735 3501 4808 suppliciis

1837 4841 2067 4883 secura.
2097 4825 2261 4883 Unde
2290 4825 2454 4881 idem
2476 4828 2580 4882 Lot
2611 4824 2688 4882 ad
2733 4823 3019 4894 angelum
3050 4824 3194 4879 dicit
3222 4840 3235 4879 :
3264 4825 3375 4879 Est
3413 4825 3498 4879 ci-

1837 4916 1990 4971 vitas
2009 4915 2330 4986 hazcjuxta
2354 4914 2438 4971 ad
2450 4929 2632 4985 quam
2663 4928 2905 4983 possum
2923 4912 3158 4983 fugere,
3180 4926 3402 4982 parva,
3441 4918 3499 4969 et

1832 5005 2119 5061 salvabor
2138 5006 2198 5061 in
2220 5003 2614 5076 ea.Nunquid
2642 5017 2762 5058 non
2785 5001 3020 5057 modica
3046 5006 3149 5063 est,
3172 5007 3227 5058 et
3250 5003 3407 5058 vivet
3433 5005 3497 5060 in

1832 5108 1901 5149 ea
1930 5094 2135 5149 anima
2160 5108 2291 5149 mea
2314 5092 2534 5148 ?Juxta
2564 5090 2745 5161 igitur
2774 5088 3013 5154 dicitur.
3073 5094 3131 5146 et
3187 5094 3393 5147 tamen
3420 5093 3497 5149 ad

1834 5180 2089 5236 salutem
2122 5186 2246 5237 tuta
2268 5180 2617 5254 perhibetur
2643 5196 2657 5247 ;
2686 5178 2833 5252 quia
2862 5179 3204 5252 conjugalis
3235 5181 3354 5237 vita
3381 5197 3494 5237 nec

1834 5286 1871 5325 a
1902 5270 2134 5325 mundo
2154 5270 2333 5340 longe
2362 5269 2555 5325 divisa
2582 5273 2692 5333 est,
2718 5285 2828 5325 nec
2853 5272 3057 5325 tamen
3087 5286 3123 5326 a
3155 5269 3380 5339 gaudio
3404 5286 3499 5326 sa-

1834 5358 1971 5414 lutis
1998 5358 2215 5414 aliena.
2254 5357 2368 5414 Sed
2400 5363 2539 5414 tunc
2570 5356 2632 5413 in
2658 5358 2891 5414 actione
2932 5358 3047 5414 hac
3074 5358 3260 5413 vitam
3320 5373 3496 5415 suam

1833 5449 2122 5519 conjuges
2147 5449 2326 5520 quasi
2348 5448 2408 5504 in
2437 5463 2629 5521 parva
2650 5447 2885 5502 civitate
2914 5446 3280 5512 custodiunt,
3302 5461 3498 5519 quan-

1827 5537 1909 5594 do
1937 5554 2048 5611 pro
2097 5553 2160 5593 se
2208 5536 2465 5593 assiduis
2521 5534 3047 5609 deprecationibus
3098 5535 3492 5594 intercedunt.

1829 5627 1995 5683 Unde
2022 5632 2078 5682 et
2101 5630 2259 5682 recte
2289 5642 2397 5699 per
2426 5625 2711 5697 angelum
2774 5624 2849 5679 ad
2902 5624 3186 5681 eumdem
3219 5628 3324 5681 Lot
3353 5626 3497 5682 dici-

1827 5724 1961 5774 tur:
1992 5719 2148 5774 Ecce
2176 5719 2354 5774 etiam
2398 5718 2461 5773 in
2502 5717 2614 5773 hoc
2670 5716 2908 5783 suscepi
2962 5730 3165 5784 preces
3214 5720 3369 5779 tuas,
3428 5722 3494 5770 ut

1829 5824 1947 5864 non
1978 5809 2319 5864 subvertam
2352 5808 2556 5864 urbem
2586 5821 2699 5875 pro
2727 5820 2847 5876 qua
2874 5807 3105 5863 locutus
3127 5821 3204 5862 es.
3237 5805 3387 5870 Quia
3411 5805 3496 5858 vi-
