3936 6352
216 403 354 461 ὺΞΙ

1425 405 1933 467 EXPLANATIO
1977 406 2058 466 IN
2104 410 2481 473 PSALMOS.

3550 422 3666 480 522

305 533 453 588 Dico
485 534 627 605 quia
654 535 798 589 estis
829 536 1081 607 populus
1113 541 1170 591 et
1195 555 1351 603 oves,
1382 537 1492 591 hac
1541 536 1899 603 conditione,
1931 538 1983 603 Α
2009 555 2247 612 novum,
2276 564 2302 591 ››
2338 543 2393 598 id
2429 549 2535 612 est,
2562 544 2796 602 laudato
2827 563 2961 603 eum
2993 565 3190 605 amore
3223 549 3668 620 justitiaa,scili-

217 642 249 670 ‹‹
291 620 352 677 si
383 620 690 678 audieritis
717 639 916 678 vocem
952 624 1113 695 ejus»
1131 626 1226 697 qui
1262 625 1426 697 prius
1455 624 1687 681 locutus
1718 626 1898 696 patri-

210 708 349 763 bus
383 709 442 764 in
475 710 797 782 prophetis,
831 734 857 760 ‹‹
894 712 1089 779 hodie,
1128 737 1155 762 ››
1188 713 1246 767 id
1279 716 1367 768 est
1398 713 1454 767 in
1487 714 1595 768 hoc
1639 718 1898 784 tempore

208 798 705 871 gratim,quando
735 800 904 855 nobis
926 800 1186 872 loquitur
1210 820 1312 874 per
1336 803 1634 873 proprium
1660 803 1892 857 Filium.

206 884 399 942 Unde
427 887 745 959 Apostolus
781 905 793 944 :
828 912 857 938 ‹‹
894 889 1162 955 Quandiu
1187 890 1360 946 hodie
1384 891 1897 947 nominaturinter

204 977 374 1031 vos?
410 999 436 1025 ››
468 977 607 1032 Dico
639 982 697 1031 et
725 995 925 1033 vocem
952 979 1081 1049 ejus
1114 980 1441 1043 audieritis.
1483 985 1624 1035 tunc
1672 979 1895 1035 scilicet

210 1088 241 1113 ‹‹
284 1064 477 1121 nolite
507 1066 799 1122 obdurare
830 1068 1005 1121 corda
1036 1072 1245 1122 vestra.
1282 1092 1307 1118 η
1334 1068 1432 1122 Vel
1468 1069 1548 1122 ita
1581 1086 1593 1123 :
1629 1070 1895 1134 Quando-

212 1154 479 1227 quidem
511 1172 613 1209 vos
645 1155 788 1210 estis
819 1154 1072 1228 populus
1103 1173 1332 1227 pascua)
1385 1160 1442 1211 et
1491 1174 1627 1212 oves
1678 1154 1891 1211 manus

202 1245 527 1316 ejus,ergo
559 1268 586 1291 ‹‹
624 1244 673 1298 si
706 1262 904 1300 vocem
939 1246 1069 1316 ejus
1100 1244 1603 1314 audieritis,hodie
1640 1270 1667 1294 »ι
1696 1251 1759 1301 ut
1791 1264 1888 1302 su-

206 1349 355 1405 pra,
382 1356 409 1381 «
448 1331 628 1386 nolite
658 1333 946 1387 obdurare
977 1334 1153 1388 corda
1181 1338 1393 1388 vestra.
1429 1356 1457 1381 ι)

287 1422 443 1476 Pars
472 1422 784 1477 secunda.“
805 1421 991 1477 Nolite
1022 1424 1368 1490 obdurare,»
1384 1423 1538 1477 sicut
1568 1424 1885 1477 obduravc-

202 1513 384 1579 runt,
418 1514 611 1582 patres
636 1510 838 1579 vestri,
870 1514 929 1566 et
959 1510 1067 1565 hoc
1098 1516 1253 1579 est,«
1290 1510 1441 1566 sicut
1473 1511 1530 1565 in
1565 1510 1887 1566 irritatione

195 1600 552 1655 secundum
586 1598 740 1654 diem
774 1598 1118 1656 temtationis
1150 1622 1177 1649 ››
1213 1602 1374 1655 facta:
1396 1600 1498 1654 «in
1530 1599 1883 1666 deserto,»id

195 1692 299 1745 est
320 1686 513 1743 nolite
532 1687 696 1760 sequi
716 1685 873 1742 diem
890 1688 1327 1755 tentationis,ut
1349 1688 1533 1743 Deum
1554 1688 1612 1742 in
1632 1689 1885 1758 deserto,

195 1804 225 1829 ει
268 1777 386 1834 ubi
419 1779 794 1834 tentavcrunt
823 1793 917 1833 me
948 1782 1143 1850 patres
1172 1777 1688 1843 vestri,»cordibus
1711 1778 1881 1833 dubi-

2008 631 2097 681 cet
2126 629 2267 700 quia
2297 647 2398 701 per
2429 631 2638 689 Filium
2672 651 2847 690 suum
2872 637 3041 691 nobis
3062 637 3359 709 justitiam
3391 637 3665 711 contulit,

2007 733 2112 770 nec
2144 718 2271 772 dico
2304 718 2444 774 solis
2474 721 2713 789 Judzeis,
2750 723 2850 778 sed
2888 745 2915 773 ‹‹
2947 728 3198 792 cantate,
3223 724 3416 784 omnis
3447 729 3662 795 terra,»
3714 758 3717 761 λ

2006 807 2126 859 tam
2158 807 2405 878 gentiles
2437 825 2614 881 quam
2645 811 2854 878 Judazi,
2891 816 3121 869 cantate
3151 836 3179 863 ‹‹
3214 812 3481 870 Domino.
3519 835 3547 863 ι)

2075 894 2267 950 Tertio
2300 912 2521 967 ponens
2544 923 2571 948 ‹‹
2606 902 2837 954 cantate
2866 899 3113 956 Domino
3138 923 3166 950 ››
3190 901 3538 958 Trinitatem
3572 901 3653 958 in-

2004 981 2177 1036 dicat.
2215 1006 2243 1032 ‹‹
2276 985 2343 1039 Et
2375 985 2697 1041 benedicite
2746 988 2970 1044 nomini
3020 990 3168 1059 ejus.
3206 1012 3234 1039 »
3264 991 3466 1046 Solum
3497 991 3656 1047 enim

2004 1086 2215 1125 nomen
2250 1072 2348 1127 Dei
2382 1073 2964 1145 habemus,nondum
2996 1078 3171 1133 etiam
3195 1094 3351 1134 rem:
3380 1079 3534 1151 quod
3558 1096 3655 1135 no-

2003 1175 2135 1213 men
2189 1162 2443 1217 multum
2475 1163 2646 1235 valet,
2679 1182 2793 1220 non
2825 1165 2965 1237 quia
3000 1165 3314 1238 prolatum,
3361 1168 3462 1222 sed
3513 1167 3655 1239 quia

2000 1248 2417 1305 creditum.llle
2450 1251 2742 1308 benedicit
2774 1270 2987 1308 nomen
3020 1254 3274 1325 Domini,
3290 1254 3389 1327 qui
3412 1255 3558 1311 bene
3580 1254 3658 1311 vi-

1997 1338 2182 1391 vendo
2213 1338 2312 1392 dat
2343 1338 2473 1393 aliis
2504 1341 2833 1413 exemplum
2860 1342 3004 1396 bene
3024 1342 3440 1410 vivendi,sicut
3461 1360 3490 1397 e
3513 1360 3660 1398 con-

1999 1427 2178 1481 trario
2210 1427 2305 1482 ille
2335 1428 2550 1484 dicitur
2575 1429 2920 1485 maledicere
2942 1447 3155 1486 nomen
3188 1431 3516 1499 Domini,ex
3540 1449 3655 1504 quo

1998 1514 2095 1569 alii
2127 1516 2368 1571 trahunt
2389 1518 2500 1573 sibi
2525 1519 2857 1591 exemplum
2881 1519 3034 1575 male
3054 1519 3506 1589 vivendi.Dico,«
3524 1537 3657 1577 can-

1996 1608 2195 1671 tatc,et
2226 1605 2570 1677 benedicite,
2596 1630 2625 1656 ››
2660 1612 2717 1662 et
2739 1629 2767 1661 α
2796 1608 3144 1663 annuntiate
3174 1606 3432 1664 salutare
3462 1610 3651 1681 ejus,»

1993 1691 2189 1763 ipsum
2224 1694 2435 1748 Filium
2460 1694 2693 1766 Dei,per
2714 1713 2889 1768 quem
2912 1713 3100 1769 genus
3121 1696 3447 1757 humanum
3471 1697 3655 1755 salva-

1990 1786 2107 1847 tur,
2139 1786 2196 1837 et
2228 1782 2287 1836 in
2318 1782 2561 1838 domum
2591 1783 2691 1839 Dei
2725 1785 3131 1854 remdiﬁcatur,
3163 1788 3222 1840 et
3251 1784 3363 1841 hoc
3392 1808 3420 1835 ‹‹
3452 1786 3524 1841 de
3553 1785 3647 1841 die

192 1871 419 1925 tantes
440 1865 511 1922 de
531 1865 794 1939 potentia
826 1871 1041 1934 mea,et
1063 1871 1202 1922 tunc
1225 1867 1618 1938 probaverunt
1640 1884 1733 1921 me
1752 1883 1880 1924 esse
1908 1904 1960 1970 B
1991 1870 2049 1925 in
2082 1871 2359 1937 diem,»id
2392 1876 2501 1940 est,
2526 1871 2876 1939 assidue,vel
2907 1873 2978 1928 de
3009 1873 3124 1941 die,
3158 1872 3216 1929 id
3244 1874 3431 1942 est,do
3450 1873 3644 1933 Veteri

196 1958 430 2026 Deum,
466 1960 524 2013 et
553 1955 694 2028 quia
726 1978 754 2007 ‹‹
787 1956 1182 2029 probaverunt
1209 1960 1268 2010 et
1297 1957 1589 2020 viderunt,
1626 1979 1652 2004 ››
1680 1956 1881 2011 audie-

197 2050 353 2102 runt
390 2069 413 2095 α
449 2061 627 2117 opera
658 2061 810 2113 mea,
840 2068 859 2095 ιο
899 2044 955 2099 id
988 2050 1097 2114 est,
1133 2062 1349 2100 manna
1382 2043 1501 2117 plui
1535 2044 1736 2114 illis,et
1767 2044 1880 2100 alia

198 2133 410 2190 multa
440 2133 612 2206 signa
633 2133 738 2189 feci
772 2132 876 2189 eis.

276 2224 381 2281 Et
409 2220 550 2294 quia
580 2222 665 2277 sic
695 2238 790 2277 me
820 2225 1210 2288 tentaverunt,
1253 2238 1390 2295 ergo
1421 2247 1446 2270 ‹‹
1486 2222 1567 2277 fui
1618 2222 1877 2276 offensus

196 2311 583 2388 generationi
614 2310 697 2366 illi
731 2311 1121 2383 quadraginta
1150 2310 1321 2366 annis
1355 2315 1495 2366 :ntot
1524 2311 1680 2366 enim
1705 2311 1877 2366 annis

195 2400 429 2457 morati
464 2403 603 2456 sunt
633 2400 692 2455 in
725 2400 983 2467 deserto;
1019 2424 1045 2449 ‹‹
1077 2404 1134 2454 et
1164 2400 1279 2454 dixi
1319 2422 1344 2448 ››
1376 2400 1461 2455 eis
1492 2417 1593 2472 per
1641 2400 1876 2473 Moysen

196 2495 259 2547 et
289 2490 449 2546 alios
480 2488 694 2545 electos
726 2506 887 2545 meos
922 2506 934 2544 :
961 2513 987 2539 ‹‹
1021 2490 1264 2561 Semper
1295 2488 1390 2543 isti
1420 2488 1758 2545 nhominesu
1787 2508 1875 2545 er-

198 2585 347 2636 rant
386 2602 416 2629 »
451 2582 509 2633 et
540 2595 655 2634 non
687 2578 880 2648 inscii,
914 2577 1015 2633 sed
1053 2600 1080 2627 ‹‹
1110 2578 1301 2644 corde,
1342 2601 1368 2624 η
1402 2580 1539 2649 quia
1592 2579 1649 2632 in
1700 2596 1871 2633 cons-

196 2667 450 2725 cientiis
483 2668 609 2723 suis
640 2684 867 2723 errasse
898 2684 959 2722 se
991 2666 1345 2738 intelligunt,

275 2760 355 2815 Et
388 2757 529 2813 licet
557 2756 839 2812 dixissem
872 2755 956 2810 eis
987 2754 1092 2824 ita,
1123 2777 1152 2805 ‹‹
1184 2754 1281 2810 isti
1313 2778 1339 2803 ‹‹
1374 2760 1603 2810 tamenu
1640 2773 1756 2810 non
1787 2773 1877 2811 co-

198 2849 551 2923 gnoverunt
574 2844 703 2901 vias
733 2859 916 2912 meas,
944 2864 972 2893 »
1006 2842 1064 2897 id
1096 2847 1204 2911 est,
1251 2860 1368 2898 non
1409 2844 1877 2915 approbaverunt

202 2938 515 3011 prmeepta
545 2949 701 3001 mea;
734 2935 792 2988 et
820 2931 950 2987 ideo
979 2954 1009 2981 ‹‹
1045 2932 1093 2987 si
1127 2931 1455 2987 introibunt
1499 2930 1560 2986 in
1610 2931 1873 3003 requiem

198 3040 435 3091 meam,
471 3043 500 3071 »ι
527 3021 587 3077 id
617 3024 707 3076 est
731 3024 1009 3076 aeternam
1041 3019 1289 3091 patriam
1336 3019 1726 3091 signiﬁcatam
1772 3037 1876 3092 per

194 3120 435 3171 terram
466 3107 898 3183 promissionis,
940 3125 1057 3163 non
1105 3107 1216 3163 erit
1262 3108 1341 3162 ibi
1393 3107 1607 3179 aliquis
1658 3108 1869 3179 bonus,

196 3228 225 3254 α
265 3205 336 3258 ut
369 3224 393 3251 ι
434 3216 540 3273 ego
572 3222 599 3248 ‹‹
627 3198 823 3270 juravi
854 3196 912 3253 in
946 3197 1033 3253 ira
1064 3190 1214 3266 mea,
1255 3220 1274 3246 ι
1312 3195 1554 3267 scilicet,
1601 3214 1702 3252 eos
1752 3214 1866 3252 non

1988 1958 2449 2029 Testamento,in
2474 1976 2589 2031 quo
2611 1959 2808 2032 aliqua
2835 1960 2944 2016 fuit
2973 1959 3550 2030 illuminatio,eundo
3582 1963 3642 2018 in

1988 2047 2165 2115 diem,
2196 2047 2254 2102 id
2285 2052 2374 2103 est
2406 2048 2464 2102 in
2495 2049 2719 2103 Novum
2770 2050 3247 2119 Testamentum;
3296 2051 3645 2109 annuntiate

1988 2135 2244 2192 salutare
2275 2137 2424 2208 ejus,
2458 2137 2681 2193 scilicet
2708 2138 3083 2210 comprobata
3113 2137 3411 2195 Christum
3445 2156 3641 2213 regem

1986 2243 2113 2281 esse
2144 2230 2201 2280 et
2232 2226 2582 2281 salvatorem
2613 2226 2904 2298 omnium,
2936 2244 3038 2299 per
3082 2228 3493 2284 auctoritatem
3523 2228 3639 2284 Ve-

1986 2316 2126 2369 teris
2157 2320 2213 2370 et
2244 2314 2383 2369 Novi
2416 2314 2799 2371 Testamenti.

2057 2403 2324 2458 Ostendit
2353 2404 2492 2476 quid
2526 2404 2776 2459 debeant
2808 2405 2878 2459 do
2910 2404 3009 2459 illo
3041 2404 3287 2461 salutari
3324 2406 3639 2464 annuntia-

1987 2510 2069 2562 re,
2102 2498 2158 2548 et
2190 2493 2342 2547 inter
2368 2510 2535 2564 quos,
2569 2509 2704 2548 cum
2737 2492 2881 2548 dicit
2913 2510 2969 2547 τι(
2994 2495 3357 2551 Annuntiate
3387 2494 3636 2569 gloriam

1985 2585 2114 2655 ejus
2145 2605 2171 2631 ››
2188 2581 2486 2649 salutaris,
2523 2582 2579 2636 id
2611 2586 2722 2653 est,
2753 2581 2950 2653 ipsum
2982 2583 3280 2639 Christum
3313 2583 3638 2657 gloriosum

1984 2670 2314 2742 praedicatc,
2345 2671 2484 2742 quia
2515 2670 2613 2725 Dei
2649 2669 2830 2726 Filius
2864 2670 2993 2737 fuit,
3022 2675 3080 2726 et
3107 2671 3217 2728 hoc
3247 2695 3275 2722 «
3311 2673 3465 2728 inter
3492 2690 3638 2745 gen-

1985 2765 2093 2827 tes,
2134 2782 2160 2805 »ι
2217 2776 2322 2815 nec
2372 2759 2501 2814 dico
2551 2776 2768 2829 paucas
2814 2763 3037 2830 gentes,
3071 2760 3172 2816 sed
3206 2780 3241 2809 «τ
3266 2759 3326 2816 in
3358 2762 3638 2818 omnibus

1982 2846 2217 2919 populis
2248 2846 2543 2902 mirabilia
2574 2848 2722 2919 ejus,
2753 2869 2779 2895 ››
2800 2850 3035 2920 partum
3061 2847 3342 2921 Virginis,
3363 2849 3463 2921 qui
3486 2866 3638 2909 mor-

1982 2939 2133 2989 tuos‘
2148 2934 2473 2990 suscitavit.

2053 3025 2123 3079 Et
2153 3023 2299 3079 bene
2330 3021 2554 3078 debetis
2584 3022 2636 3078 ei
2664 3026 2902 3080 cautam
2935 3044 2963 3073 «
2993 3023 3275 3094 quoniam
3304 3047 3333 3077 ››
3367 3024 3495 3098 ipse
3541 3031 3635 3087 est

1983 3136 2010 3163 ι(
2041 3129 2290 3185 magnus
2326 3135 2354 3161 ››
2386 3112 2711 3167 secundum
2763 3110 3104 3184 potentiam,
3144 3131 3166 3160 ι
3193 3116 3251 3169 et
3280 3113 3568 3171 Dominus
3602 3138 3631 3165 υ

1981 3200 2369 3267 omnium,«ct
2399 3197 2767 3267 laudabilis,»
2780 3198 3105 3255 secundum
3131 3199 3637 3261 misericordiam:

196 3290 560 3347 iutroituros
580 3287 639 3342 in
671 3286 932 3358 requiem
962 3303 1176 3341 meam.
1221 3286 1433 3358 Figura
1482 3286 1863 3358 aposiopesis,
1898 3268 1941 3334 (ἶ
1980 3293 2036 3343 et
2062 3288 2594 3360 hocunimis,nquia
2610 3287 2813 3343 nullus
2830 3291 3021 3360 potest
3041 3289 3397 3359 perscrutari
3417 3294 3642 3363 quanta

197 3381 255 3436 id
291 3382 413 3449 est,
444 3375 692 3432 defectio
723 3375 1027 3431 orationis.

702 3465 775 3521 IN
816 3464 1167 3521 PSALMUM
1211 3463 1373 3519 XCV.

194 3559 468 3614 Trruws
504 3571 517 3612 :
550 3554 804 3611 Psalmu:
830 3553 1001 3609 David
1028 3552 1242 3626 quando
1271 3552 1460 3609 domus
1490 3553 1869 3625 aediﬁcabatur

760 3649 883 3714 post
909 3643 1296 3714 captivitatem.

271 3758 305 3786 ‹‹
336 3734 587 3791 Cantate
616 3730 882 3788 Domino.
920 3752 947 3781 ››
981 3729 1251 3786 Psalmus
1296 3730 1406 3786 iste
1456 3730 1725 3787 convenit
1754 3730 1865 3787 Da-

201 3824 299 3880 vid
363 3820 666 3897 propheta:
716 3818 817 3892 qui
860 3819 957 3876 hic
1005 3817 1291 3891 loquitur,
1341 3817 1672 3891 respicienti
1730 3837 1864 3876 eum

199 3916 456 3980 statum,
490 3909 717 3966 scilicet
765 3909 838 3964 ad
891 3913 1126 3981 tempus
1157 3908 1388 3980 gratim;
1417 3908 1652 3980 quando
1684 3909 1863 3964 aedifi-

200 4006 335 4057 cata
368 4000 722 4067 estdomus,
756 3998 813 4054 id
845 4002 936 4053 est
964 3996 1244 4065 Ecclesia,
1288 4001 1421 4069 post
1468 3996 1864 4069 captivitatem

200 4089 463 4158 diaboli,
486 4105 520 4143 a
550 4104 665 4161 quo
698 4090 935 4163 propter
962 4090 1265 4158 peccatum
1297 4085 1591 4157 captivum
1624 4085 1867 4141 teneba—

203 4182 301 4233 tur
348 4194 544 4251 gcnus
592 4175 945 4232 humanum.
996 4175 1211 4247 Tangit
1258 4174 1564 4230 historiam
1606 4175 1863 4246 quando,

202 4270 339 4338 post
367 4264 770 4338 captivitatem
810 4263 1161 4337 Babylonia},
1194 4262 1482 4335 templum
1536 4262 1866 4319 Salomonis

203 4354 630 4411 retediﬁcatum
661 4356 770 4422 est,
804 4370 921 4410 non
951 4356 1183 4410 tantum
1234 4352 1303 4407 de
1351 4350 1616 4420 historia,
1653 4352 1753 4407 sed
1795 4352 1866 4407 de

199 4442 538 4517 significato
588 4441 975 4515 intelligimus
1022 4440 1371 4512 Prophetam
1420 4441 1628 4513 egisse.
1662 4440 1724 4495 ln
1756 4440 1866 4496 hoc

202 4531 554 4606 psalmo,est
584 4531 831 4587 materia
860 4530 1089 4603 primus
1119 4534 1176 4584 et
1204 4529 1498 4585 secundus
1530 4528 1742 4585 Christi
1770 4530 1868 4585 ad-

1977 3379 2053 3435 sit
2083 3377 2342 3450 petentia
2368 3377 2457 3433 vel
2488 3376 2895 3434 misericordia
2924 3377 3112 3449 ejus.«
3146 3377 3453 3435 Terribilis
3483 3376 3629 3437 est»

1976 3468 2153 3524 etiam
2186 3466 2394 3523 timore
2438 3465 2621 3522 futuri
2660 3464 2871 3538 judicii
2906 3486 2934 3517 «
2978 3482 3157 3538 super
3193 3483 3398 3525 omnes
3430 3468 3568 3526 deos
3605 3491 3629 3519 ι

1976 3574 2124 3631 quos
2156 3560 2358 3629 gentes
2388 3558 2681 3627 putant,ct
2702 3553 2876 3611 etiam
2899 3571 3079 3628 super
3097 3572 3303 3615 omnes
3328 3561 3626 3619 creaturas

1975 3646 2270 3721 angelicas
2292 3643 2613 3701 deiﬁcatas.

2046 3734 2192 3792 Vere
2239 3733 2365 3807 ipse
2411 3736 2501 3789 est
2549 3732 2704 3789 Deus
2748 3731 3027 3790 terribilis
3068 3750 3247 3806 super
3292 3733 3430 3790 deos
3486 3750 3628 3809 gsn-

1975 3820 2145 3893 tium,
2181 3847 2207 3873 «
2243 3822 2521 3895 quoniam
2561 3838 2766 3878 omnes
2815 3820 2896 3877 dii
2947 3821 3213 3893 gentium
3262 3821 3550 3880 daemonia
3595 3847 3624 3881 υ

1976 3918 2143 3971 sunt:
2179 3911 2289 3967 iste
2320 3936 2348 3960 ‹‹
2396 3913 2595 3966 autem
2644 3908 2930 3965 Dominus
2983 3931 3011 3957 ››
3059 3908 3130 3964 de
3179 3925 3294 3980 quo
3342 3907 3626 3981 loquitur,

1975 4001 2151 4060 cmlos
2184 4000 2319 4057 fecit
2345 4022 2364 4048 ι»
2392 3994 2745 4063 materiales,
2776 3995 2862 4053 vel
2893 4012 3277 4068 quoscunque
3305 3988 3628 4056 altissimos

1972 4091 2149 4147 viros.
2660 4094 2669 4099 “

2047 4179 2192 4235 Item
2227 4180 2463 4249 propter
2492 4173 2599 4230 hoc
2631 4173 2856 4231 debetis
2904 4178 3140 4231 cantare
3170 4174 3245 4247 ei,
3290 4175 3429 4248 quia
3476 4172 3625 4245 hanc

1975 4266 2290 4323 utilitatem
2320 4264 2457 4319 inde
2483 4261 2737 4330 habetis,
2756 4262 3182 4321 confessionem
3211 4268 3269 4321 et
3295 4262 3625 4337 pulchritu-

1975 4357 2196 4423 dinem,
2229 4357 2286 4409 et
2314 4352 2550 4408 tandem
2581 4351 3106 4424 magnificentiam.
3144 4352 3258 4409 [Ioc
3289 4353 3431 4409 dicit
3459 4369 3473 4410 :
3498 4375 3526 4403 ‹‹
3552 4353 3625 4419 In

1975 4447 2292 4516 conspectu
2340 4442 2488 4514 ejus,
2527 4460 2549 4490 ι
2582 4438 2640 4495 id
2669 4443 2759 4497 est
2788 4455 2924 4497 cum
2974 4439 3100 4511 ipse
3149 4440 3407 4512 aliquem
3456 4432 3626 4498 oculo

1976 4530 2391 4590 misericordia:
2424 4527 2679 4600 respicit.
2716 4527 2855 4583 Inde
2894 4528 3157 4599 procedit
3188 4551 3216 4578 «
3250 4528 3560 4598 confessio,
3595 4552 3625 4580 ››

200 4623 438 4677 ventus.
474 4620 682 4676 Modus
711 4619 808 4674 :in
840 4619 1031 4691 prima
1054 4623 1215 4690 parte
1247 4622 1447 4673 monet
1475 4635 1857 4690 quascunque
1888 4639 1936 4702 Β
1968 4624 2109 4697 quia
2154 4620 2467 4677 confitetur
2512 4617 2609 4673 ille
2655 4620 2913 4689 peccata,
2959 4619 3016 4671 et
3061 4616 3273 4672 deinde
3304 4640 3332 4667 ‹‹
3366 4616 3625 4690 pulchri-

203 4714 434 4782 gentes,
465 4727 580 4766 non
620 4712 851 4765 tantum
899 4708 1156 4772 Judazos,
1203 4706 1355 4762 sicut
1401 4707 1459 4761 in
1512 4707 1859 4778 prmcedenti

204 4797 437 4870 psalmo
470 4797 605 4853 fecit
637 4814 650 4852 :
686 4821 712 4846 ‹‹
746 4798 987 4853 Cantatc
1019 4795 1156 4852 huic
1189 4795 1570 4867 Domino,qui
1602 4797 1759 4851 venit
1790 4797 1862 4852 ad

207 4904 314 4943 nos
345 4909 375 4937 υ
410 4886 679 4959 respectu
713 4885 885 4959 primi
919 4885 1226 4941 adventus.
1274 4886 1336 4940 In
1388 4885 1647 4940 secunda
1677 4890 1861 4956 parte,

206 4990 335 5047 qua:
367 4976 575 5050 incipit
607 4993 621 5031 :
661 4998 689 5028 «
717 4976 929 5031 All'erte
960 4974 1229 5039 Domino,
1265 4973 1465 5044 patria:
1496 4974 1796 5044 gentium;
1828 4993 1855 5026 »ι

207 5068 408 5119 monet
437 5082 554 5121 non
586 5068 819 5121 tantum
851 5067 1108 5132 cantare,
1160 5063 1259 5117 sed
1309 5062 1487 5117 etiam
1538 5063 1763 5129 ail‘errc,
1807 5068 1865 5117 et

208 5149 356 5207 bene
386 5153 612 5224 operari
644 5154 715 5208 ad
748 5152 995 5226 gloriam
1027 5151 1206 5223 hujus
1238 5150 1494 5217 Domini,
1529 5154 1587 5206 et
1616 5150 1725 5205 hoc
1782 5168 1862 5206 rc-

209 5243 414 5310 spectu
464 5240 708 5297 secundi
755 5241 1057 5297 adventus.
1095 5240 1344 5296 Intentio
1376 5244 1465 5295 est
1494 5239 1554 5293 in
1594 5239 1726 5295 istis
1756 5241 1862 5294 ad-

210 5326 656 5398 monitionibus,
688 5328 910 5385 scilicet
953 5334 1019 5383 ut
1067 5332 1374 5383 cantemus
1404 5332 1460 5382 et
1485 5328 1630 5381 bene
1662 5344 1859 5400 Opere-

210 5429 343 5469 mur
372 5417 447 5471 ad
478 5418 725 5490 gloriam
756 5416 930 5474 istius
953 5417 1208 5474 Domini.

275 5502 355 5557 Ac
376 5503 426 5557 si
447 5504 530 5561 ita
550 5506 769 5561 diceret
798 5506 1112 5579 Propheta:
1131 5504 1320 5564 Nolite
1351 5509 1583 5560 cantare
1614 5504 1861 5561 Domino

209 5591 505 5648 canticum
535 5595 1066 5664 vetus,utlaudetis
1082 5612 1344 5667 eum-pro
1368 5593 1510 5650 solis
1530 5594 1699 5649 bonis
1723 5598 1865 5650 tem-

210 5679 533 5752 poralibus,
567 5684 670 5742 sed
700 5683 897 5758 potius
927 5707 955 5735 ‹‹
992 5687 1220 5742 cantato
1268 5683 1514 5740 Domino
1565 5682 1859 5740 canticum

529 5800 798 5863 ΡΑτιιοι.
844 5798 1045 5862 CXVI.

1969 4713 2133 4779 tudo,
2164 4733 2188 4756 ιι
2222 4709 2280 4763 id
2312 4712 2423 4779 est,
2455 4710 2697 4763 ornatus
2718 4705 2778 4761 in
2805 4704 3008 4760 multis
3037 4703 3373 4775 virtutibus,
3406 4709 3466 4762 et
3495 4711 3625 4764 tan-

1973 4803 2107 4857 dem
2147 4819 2169 4848 ι
2206 4798 2263 4852 in
2299 4794 2757 4851 sanctiﬁcatione
2787 4794 2971 4865 ejus,»
3008 4793 3062 4848 id
3092 4797 3182 4849 est
3211 4794 3272 4849 in
3305 4798 3508 4850 sancta
3529 4794 3629 4853 ha-

1973 4888 2281 4952 bitatione,
2313 4883 2535 4941 scilicet
2563 4882 2818 4938 cmlestis
2859 4882 3243 4937 Ilierusalem.
3307 4878 3470 4938 Unde
3512 4880 3627 4940 alia

1974 4975 2278 5033 translatio
2311 4973 2451 5029 dicit
2483 4989 2535 5027 :«
2568 4972 2625 5025 in
2654 4971 2989 5027 sanctuario
3021 4971 3623 5042 ejus,sanctimonia,»

1974 5066 2031 5121 id
2063 5069 2171 5133 est,
2204 5062 2396 5117 omnis
2432 5064 2678 5133 paritas.
2712 5060 2877 5115 Tunc
2907 5059 3061 5114 enim
3093 5075 3283 5131 neque
3313 5060 3420 5131 ira,
3435 5075 3625 5133 neque

1974 5154 2109 5209 talis
2138 5152 2319 5208 motio
2350 5149 2545 5221 aliqua
2576 5147 2686 5203 erit
2716 5148 2776 5203 in
2809 5147 3027 5204 sanctis
3060 5147 3291 5219 Dei,sed
3322 5148 3549 5220 puritas
3569 5152 3627 5207 et

1970 5260 2107 5298 vera
2136 5241 2391 5297 cliaritas
2423 5236 2717 5310 regnabit;
2764 5240 2822 5292 et
2870 5237 2929 5292 in
2981 5236 3625 5310 sanctiﬁcationeejus

1971 5332 2082 5385 erit
2115 5353 2141 5380 ‹‹
2180 5326 2668 5401 magnificentia,»
2698 5326 2836 5398 quia
2868 5329 3006 5381 tunc
3036 5330 3210 5381 erunt
3237 5324 3622 5395 immortales,

1969 5423 2029 5475 et
2062 5415 2481 5489 impassibilcs,
2510 5418 2568 5469 et
2595 5411 2737 5469 socii
2760 5413 3123 5485 angelorum.

2045 5528 2073 5556 ‹‹
2102 5506 2334 5561 Alferte.
2369 5526 2396 5554 ››
2435 5503 2572 5558 Pars
2604 5501 2882 5558 secunda.
2917 5503 3401 5576 Quandoquidem
3460 5500 3627 5567 tanta

1971 5599 2060 5651 est
2086 5593 2331 5662 utilitas,
2366 5591 2424 5647 in
2459 5594 2776 5663 conspectu
2823 5591 2975 5662 ejus,
3031 5606 3167 5663 ergo
3215 5604 3317 5650 vos
3352 5614 3380 5645 α
3420 5592 3624 5667 patrias

1971 5683 2257 5759 gentium,
2292 5705 2319 5732 »
2353 5681 2411 5738 id
2442 5684 2531 5739 est
2561 5696 2662 5737 vos
2692 5683 2896 5752 gentes
2916 5680 2987 5739 de
3007 5696 3382 5757 quacumque
3411 5680 3622 5759 patria;

3228 5799 3304 5863 Π
