3936 6372
117 487 230 547 525

1310 487 1809 549 ISXPLANA'I‘IO
1852 487 1932 546 IN
1977 487 2361 550 PSALMOS.
3412 496 3528 555 526

111 625 266 674 terra
293 644 322 674 ››
353 619 526 674 ﬂuxit
557 643 585 674 α
613 636 645 673 a
685 619 832 674 facie
882 619 1003 687 Dei,
1040 651 1064 674 ι)
1118 619 1174 674 id
1227 624 1336 688 est,
1373 620 1444 674 de
1495 620 1766 675 universa
1793 620 1850 686 Α
1878 619 1965 674 eis
1995 625 2130 692 agat
2163 624 2393 676 tantum
2418 639 2522 695 per
2551 626 2738 678 totum
2773 628 3132 692 contextum,
3165 629 3358 681 tamen
3386 627 3538 698 psal-

113 713 265 764 terra
293 707 586 762 homines.

181 795 528 852 Alluxerunt
573 797 876 864 miracula,
913 801 968 852 et
1015 827 1038 852 ει
1071 797 1220 864 CCL-li,
1255 825 1280 854 υ
1331 798 1387 852 id
1439 803 1528 851 est
1575 797 1761 852 sancti

111 885 352 956 apostoli
381 889 440 940 et
469 886 880 957 praedicatores
903 886 1438 941 «annuntiaverunt
1459 887 1759 957 justitiam

111 975 256 1044 ejus,
289 996 317 1026 n
351 975 645 1046 quomodo
679 974 802 1046 ipse
826 975 1115 1046 justiticat
1161 975 1459 1028 hominem
1487 993 1501 1041 ;
1534 981 1590 1029 et
1623 979 1759 1030 tunc

109 1083 136 1112 «
170 1079 374 1117 omnes
407 1062 631 1134 populi,
665 1087 688 1110 »
722 1063 780 1117 id
813 1067 904 1118 est
935 1063 1114 1134 aliqui
1147 1064 1216 1118 de
1243 1063 1519 1117 omnibus
1569 1081 1757 1134 popu—

107 1149 198 1217 lis,
235 1169 257 1191 ι(
291 1151 564 1206 viderunt
593 1151 840 1223 gloriam
873 1152 1022 1222 ejus,
1061 1170 1082 1193 υ
1119 1151 1174 1205 id
1223 1157 1313 1206 est
1360 1156 1757 1223 cognoverunt

104 1256 234 1294 eum
263 1239 584 1312 gloriosum
619 1257 769 1296 esse.

172 1328 242 1382 Et
271 1326 754 1400 quandoquidem
789 1327 912 1400 ipse
959 1327 1094 1383 talis
1141 1332 1249 1394 est,
1284 1345 1420 1399 ergo
1455 1345 1478 1370 ιι
1511 1329 1752 1384 confun-

102 1416 335 1483 dantur,
369 1436 392 1466 ι
447 1415 504 1470 id
550 1420 640 1470 est
689 1417 851 1488 digni
905 1421 1045 1472 sunt
1090 1417 1455 1482 confusione,
1493 1435 1516 1458 ιι
1549 1433 1752 1472 omnes

101 1504 196 1575 qui
229 1505 476 1560 adorant
505 1504 861 1576 sculptilia,»
897 1506 952 1560 id
985 1511 1074 1561 est
1105 1505 1392 1578 imagines
1425 1506 1753 1578 pictas,«et

99 1591 195 1664 qui
225 1592 556 1666 gloriantur
583 1592 642 1648 in
675 1593 1008 1649 simulacris
1033 1594 1178 1650 suis.

165 1681 310 1737 Vere
339 1681 564 1737 debetis
594 1681 695 1737 illa
725 1681 882 1737 idola
912 1682 1206 1738 dimittere
1238 1686 1295 1737 et
1321 1683 1516 1754 ipsum
1549 1683 1749 1736 Chris-

96 1775 220 1825 tum
251 1771 518 1837 adorare,
551 1771 691 1842 quia
721 1775 779 1826 et
809 1771 920 1842 ipsi
963 1771 1154 1842 angeli
1208 1771 1456 1826 adorant
1501 1789 1658 1838 eum,
1691 1775 1750 1825 et

92 1859 199 1915 hoc
229 1859 373 1915 dicit
403 1860 513 1915 sub
546 1860 797 1932 quadam
832 1860 1233 1915 admonitione
1269 1876 1281 1912 :
1318 1883 1344 1908 ‹‹
1379 1859 1596 1914 Omnes
1640 1877 1746 1913 an-

91 1948 202 2019 geli
225 1949 508 2016 caalestes,
543 1948 781 2004 adorato
811 1964 968 2003 eum.
1009 1971 1030 1997 ι

161 2038 301 2094 Pars
332 2037 611 2094 secunda.
649 2038 766 2108 Ego
795 2037 880 2092 sic
913 2037 1200 2091 admoneo
1233 2037 1496 2106 adorare,
1517 2041 1573 2092 et
1595 2037 1745 2091 hanc

89 2127 551 2182 admonitionem
589 2150 610 2176 σι
649 2125 872 2181 audivit
903 2126 1061 2194 Sion,
1101 2149 1128 2174 ››
1163 2127 1218 2180 id
1253 2131 1360 2193 est,
1388 2125 1642 2182 Ecclesia
1673 2126 1744 2180 de

87 2215 302 2272 Judzeis
334 2239 362 2266 «
399 2219 456 2271 et
485 2214 679 2270 laetata
699 2219 806 2270 cst.
845 2239 872 2264 »

155 2329 182 2355 ‹‹
217 2306 285 2360 Et
312 2327 342 2355 »
374 2305 553 2361 etiam
585 2328 612 2354 «
647 2305 778 2359 filiae
809 2306 1035 2372 Judae,»
1066 2305 1121 2359 id
1155 2310 1266 2372 est,
1300 2305 1570 2376 gentiles,
1605 2305 1738 2360 facti

85 2395 186 2451 ﬁlii
218 2395 456 2464 Christi,
493 2395 592 2468 qui
625 2397 698 2450 de
728 2395 887 2450 tribu
918 2395 1073 2450 Juda
1105 2395 1232 2462 fuit,
1265 2393 1376 2461 vel,
1402 2393 1529 2448 tiliae
1551 2394 1736 2462 Judaz,

84 2481 137 2538 id
170 2484 686 2553 est,confessionis
719 2483 852 2538 filiae
887 2507 914 2533 ‹‹
947 2484 1388 2540 exsultaverunt
1421 2507 1449 2533 ››
1481 2485 1549 2538 de
1581 2500 1741 2555 repa-

85 2574 304 2630 ratione
335 2591 466 2643 sua,
501 2590 680 2646 quam
729 2572 1142 2628 intellexerunt
1188 2589 1318 2628 esse
1371 2573 1584 2626 factam
1637 2589 1741 2643 per

83 2661 380 2719 Christum
407 2680 420 2730 ;
455 2687 482 2712 «
515 2661 972 2732 exsultaverunt,
1009 2684 1036 2710 ››
1069 2661 1220 2726 dico,
1253 2685 1279 2710 ‹‹
1317 2665 1554 2732 propter
1575 2660 1736 2730 judi-

81 2749 167 2804 cia
215 2755 340 2822 tua,
394 2751 660 2818 Domine,
706 2773 734 2800 ››
785 2749 1010 2806 scilicet
1059 2749 1286 2804 cmcitas
1336 2767 1406 2804 ex
1461 2753 1624 2820 parte
1675 2748 1734 2802 in

82 2837 252 2895 Israel
303 2839 572 2912 contigit,
607 2847 674 2896 ut
721 2837 1026 2911 plenitudo
1077 2839 1340 2911 gentium
1385 2838 1648 2902 intraret,
1680 2841 1737 2892 et

78 2927 188 2983 alia
219 2945 589 3002 quaecunque
619 2928 719 2982 Dei
745 2927 991 3000 judicia.
1706 2975 1724 2990 .

147 3017 281 3074 Ideo
307 3015 769 3083 exsultaverunt,
804 3015 1140 3087 «quoniam
1191 3019 1256 3070 tu
1306 3013 1593 3070 Dominus
1643 3014 1732 3069 al-

79 3103 346 3161 tissimus
378 3119 558 3176 super
589 3119 823 3158 omnem
855 3107 1144 3171 terram,»
1177 3103 1236 3158 id
1267 3107 1376 3168 est,
1397 3103 1730 3158 habitantes

77 3209 247 3264 super
266 3209 505 3250 omnem
537 3195 774 3259 terram,
791 3196 847 3248 et
877 3215 905 3242 «
935 3191 1222 3248 exaltatus
1243 3209 1305 3247 es
1327 3209 1504 3264 super
1524 3209 1730 3247 omnes

76 3281 210 3338 deos
243 3305 271 3332 ››
321 3279 612 3356 gentium,
660 3279 746 3336 vel
796 3279 1092 3353 angelicas
1142 3285 1462 3348 creaturas,
1513 3284 1571 3334 et
1620 3279 1730 3335 hoc

77 3392 101 3418 α
137 3370 312 3428 nimis
347 3394 374 3421 ››
407 3369 890 3428 inscrutabiliter.

143 3461 213 3516 Et
241 3462 386 3534 quia
411 3460 536 3534 ipse
567 3459 701 3515 talis
723 3464 832 3526 est,
865 3460 994 3516 ideo
1020 3477 1122 3515 vos
1155 3483 1181 3510 «
1220 3459 1319 3531 qui
1353 3458 1596 3531 diligitis
1622 3459 1726 3514 Do-

79 3549 321 3618 minum,
347 3549 504 3606 edite
535 3548 782 3620 malum,
819 3571 846 3597 »
880 3547 940 3604 id
971 3552 1079 3616 est,
1115 3547 1514 3604 adversarium
1551 3547 1726 3602 istius

75 3635 324 3709 Domini,
359 3638 470 3694 etsi
502 3638 627 3712 ipse
666 3636 1010 3709 corporibus
1065 3637 1251 3708 possit
1296 3636 1508 3692 inferre
1547 3635 1722 3704 mala,

73 3725 262 3782 tamen
295 3749 324 3777 «
362 3726 650 3782 Dominus
698 3725 1014 3781 custodit»
1064 3729 1266 3781 contra
1314 3723 1724 3780 tribulationes

75 3831 101 3858 «
130 3811 361 3870 animas
392 3817 734 3869 sanctorum
766 3829 1012 3868 suorum
1059 3835 1087 3862 ››
1113 3829 1185 3868 ne
1215 3813 1662 3885 incorporentur
1691 3830 1724 3868 a

73 3897 318 3970 diabolo,
353 3905 414 3958 et
444 3903 683 3958 tandem
721 3923 748 3952 «
783 3899 1054 3957 liberabit
1081 3918 1180 3957 eos
1211 3902 1281 3957 de
1313 3918 1490 3956 manu
1521 3918 1721 3972 pecca-

67 3987 227 4060 toris,
263 4012 290 4039 »
323 3990 387 4046 id
419 3994 528 4060 est,
561 3991 632 4046 de
662 3993 950 4062 potestate
981 3989 1220 4046 diaboli.

137 4081 206 4132 Et
230 4080 461 4135 debetis
491 4077 732 4152 diligere
765 4077 1102 4150 Dominum,
1123 4079 1261 4150 quia
1290 4078 1349 4132 in
1382 4079 1508 4151 ipso
1531 4079 1721 4134 Domi-

69 4180 158 4233 ne,
191 4167 249 4222 id
281 4173 392 4236 est,
423 4169 484 4223 in
517 4167 748 4224 Christo
783 4168 1000 4240 «justo
1033 4172 1126 4224 est
1159 4171 1286 4223 orta
1315 4167 1435 4234 lux,
1456 4189 1484 4217 ››
1518 4167 1572 4222 id
1607 4173 1719 4236 est,

67 4253 318 4324 cognitio
348 4254 689 4311 Divinitatis
715 4271 820 4327 per
848 4256 1025 4310 ﬁdem
1055 4277 1082 4304 ‹‹
1103 4259 1161 4311 et
1191 4256 1364 4311 rectis
1395 4257 1565 4311 corde
1595 4260 1722 4310 orta

65 4346 151 4396 est
177 4343 381 4400 laetitia
411 4365 442 4396 ››
476 4344 548 4400 de
579 4343 836 4416 puritate
867 4361 987 4400 suae
1021 4343 1415 4400 conscientiae.

135 4432 202 4487 Et
229 4433 371 4505 quia
400 4432 502 4489 lux
531 4437 658 4489 orta
693 4437 783 4488 est
804 4434 996 4504 justo,
1027 4449 1165 4506 ergo
1212 4450 1335 4502 vos,
1371 4457 1399 4481 ‹‹
1425 4432 1597 4504 justi,
1631 4432 1722 4487 lae-

66 4521 314 4576 tamini»
349 4540 466 4579 non
495 4521 556 4578 in
588 4522 1047 4590 mundanis,sed
1081 4544 1110 4572 «
1144 4521 1203 4576 in
1238 4521 1721 4590 Domino,etcon-

67 4607 309 4666 ﬁtemini
367 4611 666 4667 memoria:
717 4610 1204 4668 sanctiﬁcationis
1253 4611 1404 4682 ejus,
1441 4634 1468 4660 ››
1517 4611 1574 4666 id
1607 4615 1714 4677 est,

1777 1997 1824 2062 Β

1875 724 2010 764 mus
2041 708 2150 764 iste
2183 710 2254 764 ab
2288 709 2400 764 alio
2437 733 2464 760 ‹‹
2499 713 2739 766 Cantatc
2774 735 2800 760 υ
2833 712 3060 768 divisus
3092 718 3180 767 est
3216 730 3229 767 :

1943 799 2118 862 Quasi
2153 798 2230 852 ita
2259 799 2477 854 diceret
2511 799 2832 872 Propheta:
2879 801 3067 856 Nolite
3100 801 3346 858 Domino
3401 809 3531 859 tan-

1871 890 1994 939 tum
2029 891 2264 941 cantare
2295 891 2532 958 propter
2552 887 2795 960 antiqua
2825 890 3125 957 beneﬁcia,
3143 890 3366 946 scilicet
3385 893 3527 964 quia

1867 991 1968 1028 vos
2001 975 2071 1028 de
2103 977 2342 1048 [‘Egypto
2373 977 2592 1043 eduxit,
2609 981 2664 1031 et
2686 976 2800 1033 alia
2818 978 2982 1034 vobis
3005 978 3298 1034 mirabilia
3332 987 3526 1037 osten-

1867 1062 1973 1130 dit,
1991 1065 2090 1118 sed
2119 1087 2144 1113 ‹‹
2171 1069 2400 1119 cantate
2422 1065 2670 1119 Domino
2691 1067 2988 1122 canticum
3011 1085 3248 1136 novum,
3273 1090 3300 1117 ι)
3330 1070 3384 1124 id
3409 1074 3516 1138 est,

1845 1149 2101 1205 laudate
2122 1169 2255 1206 eum
2279 1154 2348 1209 de
2376 1153 2740 1224 reparatione
2756 1155 2908 1208 facta
2924 1169 3026 1226 per
3043 1156 3279 1224 Filium,
3294 1162 3350 1212 et
3373 1159 3518 1212 bene

1866 1239 2145 1306 debetis,«
2163 1241 2303 1311 quia
2322 1263 2347 1288 ››
2368 1241 2490 1311 ipse
2511 1263 2537 1294 ιι
2553 1242 2720 1296 iecit»
2739 1243 2909 1298 nobis
2923 1243 3148 1298 multa«
3166 1246 3517 1302 mirabilia.»

1937 1329 2094 1382 Inter
2123 1335 2330 1384 czetera
2361 1329 2656 1384 mirabilia
2687 1330 2810 1394 Dei,
2845 1349 3030 1387 unum
3079 1333 3245 1404 ponit
3287 1333 3516 1408 insigne

1863 1415 2066 1471 dicens
2103 1439 2129 1470 α
2151 1417 2393 1472 salvavit
2423 1418 2534 1472 sibi
2569 1419 2872 1487 dextera,»
2901 1419 3054 1474 sicut
3077 1420 3191 1476 alia
3211 1423 3515 1478 translalio

1861 1504 2003 1559 dicit
2036 1527 2064 1553 ‹‹
2097 1503 2340 1560 salvavit
2369 1523 2504 1560 cum
2537 1507 2774 1560 dextera
2804 1509 3028 1577 ejus,et
3049 1508 3356 1564 brachium
3380 1529 3513 1566 san-

1860 1597 2021 1648 ctum
2050 1595 2198 1664 ejus.
2233 1616 2261 1644 »
2299 1594 2404 1648 Per
2432 1595 2731 1650 dexteram
2783 1600 2842 1650 et
2890 1596 3198 1652 brachium
3249 1599 3378 1669 ejus
3425 1599 3516 1671 ip-

1860 1698 1987 1736 sam
2021 1681 2410 1749 divinitatem,
2445 1681 2668 1737 scilicet
2698 1683 2954 1738 Verbum
3009 1685 3132 1752 Dei,
3165 1687 3510 1759 accipimus,

1859 1770 2013 1840 quod
2042 1776 2280 1825 vocatur
2309 1772 2542 1826 dextera
2573 1774 2899 1828 secundum
2931 1775 3350 1844 operationem,
3375 1778 3512 1832 bra-

1857 1857 2076 1926 chium,
2113 1864 2349 1931 propter
2379 1860 2805 1927 fortitudinem,
2839 1861 3063 1918 scilicet
3093 1864 3234 1934 quia
3275 1865 3334 1920 in
3383 1865 3511 1938 ipsa

1857 1945 2224 2002 humanitate
2276 1948 2546 2004 Christus
2600 1967 2730 2021 quae
2779 1951 2938 2020 fecit,
2987 1969 3102 2006 non
3151 1952 3360 2020 aliena,
3405 1956 3506 2010 sed

1854 2036 2088 2106 propria
2119 2054 2227 2091 sua
2247 2037 2459 2092 virtute
2480 2038 2906 2094 fecit.Verbum
2931 2045 3125 2095 autem
3150 2040 3292 2097 illud
3317 2042 3509 2098 Chris-

1853 2128 1981 2180 tum
2014 2124 2276 2194 salvavit,
2313 2127 2451 2198 quia
2481 2132 2539 2183 et
2569 2128 2894 2183 immunem
2925 2145 2958 2184 a
2988 2135 3225 2201 peccato
3255 2133 3508 2188 custodi-

1850 2212 1950 2282 vit,
1985 2219 2043 2269 et
2074 2219 2373 2270 mortuum
2406 2232 2540 2270 eum
2573 2216 2690 2270 vita
2719 2221 2935 2272 interna
2965 2218 3288 2275 suscitavit.

1922 2303 1992 2356 Et
2021 2303 2214 2374 ipsum
2251 2303 2820 2372 brachium,scilicet
2859 2325 2878 2352 α
2899 2306 3154 2362 salutare
3183 2325 3424 2378 suum,»
3447 2310 3503 2366 id

1849 2392 2197 2456 est,Jesum,
2220 2410 2322 2464 per
2341 2411 2512 2464 quem
2539 2393 2985 2465 salvavitgenus
2997 2395 3348 2465 humanum,
3363 2422 3390 2448 «
3408 2416 3506 2454 no-

1852 2483 1978 2534 tum
2011 2481 2145 2535 fecit
2166 2481 2450 2536 Dominus
2472 2505 2499 2530 ››
2533 2484 2718 2550 Pater,
2736 2483 2874 2538 utin
2907 2484 3125 2540 Christi
3158 2485 3506 2544 humantate

1849 2574 2224 2638 cognosceret
2255 2570 2638 2638 divinitatem,
2655 2575 2712 2624 et
2733 2571 2889 2626 idem
2909 2571 3164 2629 salutare
3185 2596 3212 2625 «
3231 2575 3505 2632 revelavit

1838 2657 2132 2727 justitiam
2169 2675 2408 2726 suam,»
2438 2659 2495 2713 id
2527 2664 2766 2723 est,non
2800 2677 2903 2731 per
2935 2663 3290 2733 tiguras,sed
3315 2666 3501 2720 mani-

1847 2747 1989 2800 feste
2021 2747 2460 2815 demonstravit,
2477 2751 2534 2801 et
2564 2747 2672 2800 hoc
2693 2771 2716 2795 α
2736 2747 2794 2801 in
2827 2754 3143 2820 conspectu
3167 2753 3502 2822 gentium,»

1845 2833 2069 2888 scilicet
2127 2838 2190 2888 ut
2238 2852 2372 2888 cum
2427 2840 2632 2906 gentes
2681 2852 2784 2906 per
2839 2837 3014 2892 ﬁdem
3060 2847 3498 2910 cognoscerent.

1845 2921 2002 2976 Idem
2057 2921 2159 2993 qui
2208 2927 2448 2976 vocatur
2495 2921 2752 2977 salutare
2781 2924 2923 2994 quia
2951 2923 3136 2980 salvat
3171 2943 3359 2998 genus
3389 2929 3500 2984 hu-

1843 3025 2108 3076 manum,
2141 3014 2382 3064 vocatur
2405 3009 2663 3081 justitia,
2697 3011 2836 3080 quia
2883 3011 3154 3068 homines
3183 3013 3494 3085 justiﬁcat.

1913 3097 1982 3152 Et
2012 3113 2116 3169 per
2146 3097 2254 3152 hoc
2285 3098 2442 3169 quod
2475 3101 2680 3152 notum
2713 3099 2850 3154 fecit
2878 3097 3271 3170 salutare,ille
3293 3103 3394 3173 qui
3416 3104 3496 3160 vi~

1840 3186 2089 3242 debatur
2117 3185 2355 3254 oblitus,
2377 3185 2698 3242 differendo
2731 3185 3495 3258 misericordiam,recorda-

1838 3278 1936 3328 tus
1964 3279 2053 3329 est
2083 3273 2497 3329 misericordia:
2529 3290 2648 3328 suae
2679 3277 2737 3328 et
2765 3273 3026 3330 veritatis
3048 3292 3232 3348 sum,«
3251 3281 3309 3333 et
3328 3277 3440 3334 hoc
3463 3302 3491 3329 ››

1755 3361 1798 3426 C
1839 3387 1865 3414 ‹‹
1900 3363 2102 3418 domui
2136 3362 2336 3432 Israel,
2365 3385 2394 3413 n
2430 3362 2490 3418 id
2521 3367 2629 3431 est,
2663 3363 2734 3418 ad
2769 3380 2918 3436 opus
2947 3363 3309 3422 Judzeorum.
3332 3367 3491 3424 Idem

1839 3451 2191 3508 beneficium
2221 3452 2344 3520 Dei,
2378 3451 2535 3524 quod
2566 3456 2734 3506 vocat
2765 3451 3404 3528 misericordiam,quia
3422 3474 3492 3512 ex

1835 3540 1961 3596 sola
2007 3541 2107 3596 Dei
2157 3540 2522 3614 benignitate
2553 3545 2642 3596 est
2689 3541 3110 3609 datum,vocat
3158 3545 3486 3614 veritatem,

1835 3628 1976 3701 quia
1998 3629 2059 3685 in
2092 3629 2218 3702 ipso
2253 3628 2555 3702 completa:
2586 3633 2726 3685 sunt
2755 3631 3176 3702 promissiones
3207 3633 3330 3690 Dei.

1906 3719 1975 3774 Et
2005 3736 2120 3775 non
2151 3723 2382 3774 tantum
2413 3717 2614 3774 domui
2647 3718 2844 3787 Israel,
2879 3720 2980 3776 sed
3011 3721 3187 3778 etiam
3217 3721 3494 3780 omnibus

1833 3807 2150 3879 gentibus;
2189 3807 2346 3863 unde
2377 3807 2537 3875 dicit,
2565 3829 2592 3857 ‹‹
2627 3807 2864 3862 termini
2901 3813 3084 3877 terrze,
3116 3831 3144 3858 ››
3168 3809 3225 3866 id
3261 3815 3370 3876 est,
3393 3811 3494 3866 ho-

1833 3897 2024 3952 mines
2054 3896 2230 3968 positi
2262 3897 2322 3950 in
2355 3895 2768 3952 remotissimis
2817 3894 3036 3951 ﬁnibus
3067 3901 3253 3964 terra},
3288 3903 3345 3953 et
3377 3899 3486 3954 hoc

1833 4003 1947 4040 non
1979 3984 2039 4040 in
2072 3985 2196 4040 loco
2247 4001 2386 4052 uno,
2420 3984 2516 4040 sed
2573 4006 2600 4033 ‹‹
2633 4000 2838 4039 omnes
2885 3983 3180 4052 viderunt,
3219 4007 3240 4034 ιι
3280 3985 3337 4041 id
3375 3991 3484 4054 est,

1830 4078 2226 4146 cognoverunt
2277 4093 2304 4125 (ι
2335 4072 2591 4128 salutare
2641 4071 2764 4139 Dei,
2798 4092 2826 4122 ››
2871 4071 3004 4127 facti
3039 4095 3066 4121 ‹‹
3101 4073 3286 4128 nostri
3321 4097 3350 4123 ››
3383 4091 3488 4146 per

1830 4165 2198 4233 assumptam
2230 4161 2684 4216 humanitatem.

1902 4274 1929 4302 ‹‹
1962 4250 2238 4306 Jubilate.
2274 4273 2301 4301 »
2337 4251 2475 4306 Pars
2507 4249 2786 4304 secunda.
2809 4251 2880 4304 Et
2909 4249 3189 4322 quoniam
3222 4253 3488 4308 recorda-

1829 4345 1927 4396 tus
1957 4344 2046 4396 est
2076 4339 2490 4396 misericordiae
2510 4343 2564 4396 ct
2590 4337 2705 4395 alia
2736 4339 2890 4406 fecit,
2907 4356 3044 4412 ergo
3063 4363 3089 4389 α
3115 4341 3310 4397 omnis
3331 4346 3488 4398 terra

1821 4429 2072 4501 jubilatc
2101 4449 2129 4482 ι»
2164 4429 2301 4484 huic
2335 4452 2362 4478 ‹‹
2394 4428 2664 4496 Domino,
2699 4449 2726 4478 ››
2762 4428 2818 4483 id
2853 4433 2963 4498 est,
2997 4428 3354 4487 ineII'abilem
3379 4431 3484 4502 ju-

1828 4517 2190 4574 cunditatem
2222 4518 2292 4574 de
2325 4517 2450 4589 ipso
2483 4521 2678 4574 mento
2708 4517 3030 4591 concipite;
3058 4537 3080 4567 ι
3111 4523 3343 4576 cantate
3377 4542 3403 4568 »
3433 4519 3485 4576 ei

1827 4608 2006 4664 etiam
2051 4612 2246 4663 mente
2296 4612 2356 4664 et
2405 4623 2566 4680 voce,
2591 4611 2649 4662 et
2691 4606 2998 4676 exsultate,
3033 4628 3057 4652 ι)
3091 4607 3150 4662 id
3199 4612 3307 4677 est,
3341 4625 3484 4681 gau-
3567 4611 3584 4627 ⁸

66 4695 296 4756 laudate
325 4716 485 4770 eum,
507 4700 646 4773 quia
678 4716 905 4756 memor
935 4698 1046 4754 fuit
1076 4703 1141 4754 ut
1169 4717 1271 4754 vos
1303 4700 1714 4754 sanctiﬁcaret.
1751 4730 1796 4794 Β
1829 4697 1991 4752 dium
2023 4698 2240 4754 mentis
2271 4697 2330 4751 in
2363 4696 2492 4769 ipso
2525 4713 2764 4770 corpore
2785 4696 3111 4765 ostendite;
3148 4720 3176 4748 «
3207 4701 3265 4752 et
3295 4697 3488 4770 psalli-

540 4826 612 4881 IN
655 4808 1002 4880 PSALMUM
1043 4824 1253 4880 xcvn.

482 4943 738 4998 Trruws
772 4958 784 4996 :
821 4941 1074 4996 Psalmus
1102 4939 1294 4995 David.

133 5077 160 5102 ‹‹
189 5057 430 5112 Cantate
460 5057 730 5113 Domino.
752 5080 779 5106 ››
805 5055 1074 5111 Psalmus
1111 5055 1216 5110 iste
1249 5055 1516 5110 convenit
1539 5055 1716 5110 David

65 5144 378 5216 prophetis,
395 5145 496 5218 qui
515 5145 609 5202 hic
636 5145 918 5218 loquitur.
939 5144 1242 5200 Materiam
1260 5143 1436 5200 habet
1458 5145 1715 5216 primum

65 5236 120 5285 et
147 5235 473 5290 secundum
499 5234 719 5290 Christi
750 5235 1090 5290 adventum.
1127 5234 1336 5288 Modus
1370 5251 1383 5288 :
1419 5233 1478 5288 in
1525 5234 1716 5307 prima

65 5325 224 5388 parte
253 5327 454 5379 monet
479 5323 750 5380 homines
782 5326 1018 5379 cantare
1036 5322 1306 5394 Domino,
1324 5326 1586 5394 respectu
1607 5323 1720 5393 pri-

67 5409 143 5462 mi
176 5411 484 5484 adventus,
498 5419 556 5470 et
584 5413 867 5486 supponit
895 5411 1208 5468 causas.In
1242 5412 1502 5467 secunda
1532 5414 1718 5482 parte,

67 5511 190 5568 qure
225 5499 432 5574 incipit
462 5519 474 5557 :
509 5526 537 5553 ‹‹
570 5501 829 5558 Jubilate
860 5502 1004 5570 Deo,
1036 5499 1230 5556 omnis
1262 5503 1436 5566 terra,
1460 5522 1487 5546 »
1521 5502 1719 5553 monet

69 5583 332 5645 homines
355 5591 614 5662 jubilare
645 5592 782 5660 Deo,
801 5596 858 5647 et
887 5591 1113 5646 actione
1140 5593 1198 5644 et
1227 5585 1718 5662 contemplatione

68 5691 252 5746 agere,
287 5685 556 5752 respectu
589 5679 831 5736 secundi
876 5680 1186 5736 adventus.
1224 5677 1472 5733 Intentio
1519 5679 1609 5732 est
1655 5676 1716 5730 in

67 5763 209 5836 ipsis
239 5769 748 5829 admonitionibus
778 5773 842 5826 ut
871 5769 988 5826 Deo
1033 5772 1360 5837 cantemus,
1393 5771 1450 5824 et
1482 5765 1616 5823 licet
1646 5765 1719 5824 de

1832 4791 1908 4854 te,
1941 4807 1970 4836 n
2005 4787 2062 4841 id
2093 4791 2184 4841 est
2212 4786 2358 4841 bene
2387 4784 2711 4856 operamini
2741 4785 3077 4858 operatione
3107 4786 3378 4858 spiritali.

1903 4899 1930 4926 ‹‹
1967 4874 2204 4930 Psallite
2235 4896 2262 4925 »
2297 4875 2427 4930 dico
2453 4898 2480 4922 «ι
2515 4874 2574 4928 in
2607 4873 2852 4942 cithara,
2889 4897 2916 4922 ››
2949 4875 3004 4929 id
3037 4879 3145 4943 est,
3179 4879 3246 4930 ut
3267 4861 3490 4949 aspiri-

1828 4963 1930 5018 tali
1979 4963 2314 5035 operatione
2363 4963 2435 5017 ad
2487 4963 2732 5018 activam
2788 4963 3180 5030 descendatis,
3211 4963 3394 5024 veluti
3436 4967 3499 5023 si.

1829 5053 2158 5125 proximum
2192 5053 2286 5122 pio
2319 5068 2385 5106 ac
2415 5051 2571 5106 fideli
2603 5068 2801 5106 amore
2827 5051 3300 5121 diligatis,etiam
3319 5054 3391 5108 de
3405 5071 3488 5110 re-

1828 5143 1938 5198 bus
1973 5141 2220 5214 propriis
2255 5139 2734 5208 serviatis,etiam
2767 5143 3070 5194 cantantes
3104 5157 3130 5186 α
3162 5139 3224 5194 in
3257 5141 3485 5198 cithara

1825 5237 1882 5286 et
1910 5249 2050 5286 voco
2081 5230 2316 5303 psalmi,
2341 5253 2366 5278 ››
2402 5229 2456 5282 id
2490 5234 2598 5296 est,
2623 5233 2685 5283 ut
2715 5229 2787 5283 ab
2811 5227 3025 5284 actuali
3057 5227 3392 5298 operatione
3409 5231 3483 5284 ad

1827 5320 2148 5392 spiritalem
2172 5324 2228 5374 et
2256 5317 2767 5388 contemplativam
2800 5317 3155 5372 ascendatis.
3193 5316 3357 5372 Sicut
3381 5333 3486 5388 per

1829 5409 2116 5465 citharam
2137 5407 2383 5464 activam
2403 5407 2822 5478 Operationem,
2841 5405 2920 5461 ita
2941 5423 3044 5478 per
3063 5403 3405 5477 psalterium
3425 5410 3484 5460 et

1828 5515 2024 5554 vocem
2040 5495 2249 5568 psalmi
2267 5494 2591 5566 spiritalem
2607 5495 2952 5568 accipimus.
2976 5495 3293 5550 Cantantes
3305 5493 3481 5549 etiam

1829 5613 1856 5638 ‹‹
1871 5586 2104 5642 intubis
2117 5583 2438 5638 ductilibus
2454 5605 2481 5632 ››
2500 5601 2512 5638 :
2540 5601 2642 5654 per
2663 5584 2837 5639 tubas
2859 5584 3076 5654 quibus
3095 5583 3268 5638 fiebat
3283 5580 3485 5638 exhor-

1828 5677 1971 5733 tatio
2003 5674 2074 5730 ad
2107 5671 2352 5740 bellum,
2377 5671 2465 5726 vel
2500 5671 2745 5727 monitio
2775 5673 2848 5726 ad
2882 5671 3184 5737 solemnia,
3213 5669 3486 5743 intelligi-

1827 5781 1961 5823 mus
1991 5760 2452 5821 exhortationem
2483 5759 2956 5838 praedicationis;
2989 5759 3240 5819 ductiles
3290 5764 3480 5838 erant,
