3936 6380
409 451 528 512 521

820 455 1241 516 HAYMONIS
1265 453 1805 531 HALBERSTAT.
1841 452 2082 513 EPISC.
2116 452 2288 511 OPP.
2323 454 2549 515 PARS.
2583 456 2629 516 l.
2666 489 2742 500 -—
2772 457 3176 520 COMMENT.
3212 458 3412 520 BIBL.

3706 461 3823 523 528

409 585 550 659 quia
592 586 665 641 de
715 603 860 658 puro
912 591 1153 658 argento
1204 592 1390 655 erant,
1425 588 1579 660 quod
1614 604 1730 642 non
1781 586 2059 658 crepabat
2089 585 2139 650 Α
2171 585 2361 641 tendit
2391 603 2497 643 nos
2529 604 2563 645 a
2594 589 2840 661 perfidia
2872 606 3138 646 revocare
3169 596 3226 646 et
3258 592 3329 646 ad
3362 590 3661 649 Christum
3695 594 3824 649 adc-

407 675 549 729 dum
572 674 783 730 malleo
814 676 1145 743 cuderetur,
1180 677 1278 730 sed
1314 677 1462 732 bene
1511 678 1855 741 ducebatur,
1890 680 1947 730 et
1977 674 2061 731 di-

403 762 711 819 latandum
742 768 852 820 est.
884 765 962 819 Ac
995 765 1043 819 si
1076 765 1328 820 breviter
1357 765 1577 820 diceret
1610 784 1622 820 :
1658 765 1971 820 Praedicate
2000 769 2059 820 et

403 850 793 908 exhortamini
828 851 974 908 alios
1005 853 1077 908 ad
1110 852 1427 921 bellum,et
1456 857 1522 909 ut
1549 857 1726 927 agant
1748 854 2056 921 solemnia,

405 962 434 990 «
468 943 525 995 et
567 962 596 989 »
644 940 1120 1013 praedicationem
1168 947 1422 998 vestram
1466 944 1705 999 dilatate
1753 947 2060 999 cantantes

405 1028 583 1085 etiam
617 1029 677 1085 in
708 1052 738 1080 «
771 1047 909 1087 voce
955 1032 1109 1087 tubze
1159 1048 1405 1100 corneaz,
1440 1054 1469 1081 »
1518 1032 1578 1088 id
1626 1037 1717 1088 est
1766 1036 1831 1088 ut
1876 1050 2060 1087 cornu

408 1118 836 1192 comparabiles
864 1119 997 1175 sitis
1029 1120 1302 1192 duri,nec
1336 1124 1572 1193 propter
1591 1120 1849 1194 aliquam
1882 1122 2065 1176 tribu-

407 1206 689 1269 lationem
720 1225 756 1265 a
782 1208 1195 1282 praedicatione
1223 1210 1486 1266 veritatis
1517 1213 1836 1267 cessantes.
1869 1210 2063 1266 Cornu

412 1296 652 1369 quidem
684 1314 754 1353 ex
782 1314 956 1354 carne
988 1299 1271 1353 excrescit
1299 1299 1358 1353 in
1392 1299 1711 1370 quamdam
1762 1299 2063 1370 duritiem,

412 1385 509 1441 cui
538 1387 687 1442 bene
717 1389 1138 1458 comparantur
1167 1386 1248 1442 illi
1284 1387 1407 1459 qui,
1441 1386 1577 1443 licet
1623 1387 1683 1443 in
1735 1404 1907 1444 carne
1958 1389 2067 1444 fra-

415 1474 518 1546 gili
546 1475 762 1543 vivant,
794 1478 995 1530 tamen
1027 1474 1158 1530 duri
1184 1492 1251 1530 ac
1285 1475 1571 1548 patientes
1594 1476 1745 1531 ﬁunt
1772 1476 2063 1533 laborum.

416 1562 922 1640 Unde'Apostolus
954 1580 968 1618 :
1004 1586 1033 1614 «
1070 1564 1130 1619 In
1164 1581 1358 1632 carne,
1394 1565 1766 1623 ambulantes
1809 1584 1926 1623 non
1972 1585 2067 1624 se-

414 1651 699 1721 cundum,
732 1668 969 1708 carnem
1001 1652 1347 1709 militamus.
1380 1673 1407 1707 ι

485 1740 645 1796 Dixit
675 1740 1000 1813 «juhilate,
1035 1764 1063 1793 »
1098 1744 1273 1798 modo
1314 1743 1457 1798 dicit
1505 1761 1686 1815 quare
1734 1744 2067 1801 faciendum

414 1829 512 1898 sit,
544 1828 768 1885 scilicet
796 1830 937 1902 quia
965 1830 1322 1905 conspicitis,
1357 1832 1525 1904 quasi
1547 1834 1675 1905 jam
1723 1839 2071 1906 praesentem

2169 674 2426 730 randum
2456 677 2768 734 concitare.

2240 763 2415 827 Quasi
2446 764 2664 820 diceret
2700 783 2712 821 :
2752 788 2779 815 «
2811 765 3001 822 Nolite
3036 791 3063 815 ››
3099 768 3402 823 Christum
3433 775 3820 835 contemnere,

2169 850 2308 921 quia
2337 851 2461 923 ipse
2493 876 2520 901 ‹‹
2556 853 2841 909 Dominus
2873 855 3159 926 regnavit,
3190 877 3217 909 η
3252 856 3310 912 id
3344 858 3688 927 est,devicto
3709 859 3824 913 dia-

2170 939 2322 1007 bolo,
2360 958 2608 1013 regnum
2641 942 2751 998 sibi
2787 944 2847 998 in
2878 944 3100 1000 Judreis
3131 950 3188 1001 et
3215 946 3492 1018 gentibus
3525 947 3819 1003 obtinuit:

2170 1028 2344 1083 modo
2378 1029 2650 1086 deridens
2684 1031 2959 1088 inimicos
2989 1031 3229 1101 Christi,
3265 1034 3364 1105 qui
3398 1033 3711 1106 aliquando
3742 1050 3826 1092 so~

2172 1114 2372 1171 lebant
2391 1115 2565 1172 irasci
2587 1116 2659 1187 ei,
2680 1140 2706 1168 «
2732 1118 3064 1175 irascantur
3082 1121 3288 1193 poputi
3304 1144 3331 1171 ››
3354 1122 3522 1195 quasi
3542 1121 3751 1180 stultos
3767 1138 3826 1177 se

2173 1207 2423 1275 possunt
2462 1210 2753 1277 reputare,
2788 1207 2886 1279 qui
2937 1207 3256 1280 aliquando
3307 1209 3713 1267 irascebantur
3751 1210 3824 1277 ei,

2175 1315 2203 1340 ‹‹
2238 1292 2527 1350 Dominus
2555 1317 2581 1343 ‹‹
2616 1294 2744 1350 dico
2773 1314 2801 1347 υ
2830 1296 3112 1369 regnavit,
3136 1298 3236 1369 qui
3265 1297 3594 1365 «Dominus
3614 1322 3642 1350 ‹‹
3662 1299 3828 1355 sedes

2175 1398 2353 1454 super
2379 1382 2661 1439 cherubin
2700 1408 2727 1434 ››
2758 1385 2815 1440 id
2848 1389 2956 1455 est,
2983 1387 3239 1458 quiescis
3270 1405 3449 1461 super
3477 1389 3709 1447 ordines
3735 1405 3834 1444 an-

2175 1471 2464 1543 gelorum,
2484 1476 2550 1527 ut
2582 1472 2871 1529 Dominus
2899 1491 3125 1531 eorum.
3144 1476 3292 1532 Item
3324 1478 3623 1533 derridens
3643 1476 3835 1533 inimi-

2177 1576 2277 1616 cos
2307 1561 2437 1632 ejus
2469 1561 2614 1616 dicit
2647 1578 2661 1615 :
2697 1585 2724 1612 ‹‹
2760 1562 3061 1619 Moventur
3114 1568 3290 1633 terra,
3326 1588 3356 1615 ››
3389 1567 3556 1638 quasi
3605 1566 3836 1623 stultis-

2179 1649 2315 1705 simi
2349 1649 2494 1716 sint,
2507 1649 2610 1723 qui
2641 1649 2960 1724 aliquando
2993 1654 3135 1709 moti
3168 1658 3310 1709 sunt
3328 1660 3532 1712 contra
3560 1671 3698 1712 eum
3720 1671 3839 1710 om-

2182 1755 2285 1795 nes
2310 1738 2546 1795 ordincs
2577 1739 2940 1814 angelorum.

2251 1826 2390 1883 Dico
2421 1850 2447 1879 ‹‹
2482 1827 2769 1885 Dominus
2803 1829 3084 1904 regnavit,
3109 1853 3136 1880 ››
3170 1831 3271 1904 qui
3305 1855 3331 1882 ι(
3363 1831 3649 1889 Dominus
3683 1854 3714 1881 ››
3748 1832 3839 1888 ha-

411 1918 647 1989 videtis,
678 1918 877 1992 ipsum
912 1919 1129 1993 Regem
1159 1919 1220 1976 in
1251 1921 1545 1993 judicium
1576 1923 1927 1992 venientem,
1960 1924 2071 1980 hoc
2106 1955 2152 2019 Β
2182 1916 2389 1972 bitavit
2417 1940 2445 1966 »
2477 1917 2536 1971 in
2571 1918 2708 1973 Sion
2737 1918 3137 1992 corporaliter,
3167 1921 3271 1993 qui
3309 1920 3599 1979 Dominus
3651 1943 3682 1972 ι(
3713 1937 3836 1976 ma-

416 2005 563 2064 dicit
596 2025 610 2064 :
648 2031 679 2061 ‹‹
708 2008 966 2067 Jubilate
1005 2011 1065 2066 in
1098 2016 1414 2083 conspectu
1464 2013 1618 2085 regis
1667 2013 1920 2082 Domini,
1958 2038 1987 2064 ››
2019 2019 2077 2070 et

417 2095 559 2172 quia
579 2098 708 2168 jam
741 2099 912 2172 quasi
939 2101 1179 2156 veniens
1204 2101 1586 2173 conspicitur,
1618 2101 1749 2158 ideo
1781 2126 1808 2152 ‹‹
1837 2119 2019 2172 mare,
2048 2125 2075 2153 ››

419 2185 479 2240 id
512 2189 603 2241 est
632 2203 840 2244 omnes
871 2189 1284 2259 amaricantes,
1319 2213 1346 2241 ‹‹
1383 2194 1684 2247 moveatur
1718 2214 1746 2241 »
1777 2193 1849 2247 ad
1892 2193 2075 2264 pumi-

419 2272 688 2344 tentiam,
716 2299 746 2327 ‹‹
780 2281 839 2332 et
870 2277 1174 2350 plenitudo
1203 2279 1353 2350 ejus,
1391 2301 1419 2328 ››
1452 2279 1510 2334 id
1541 2284 1631 2335 est
1659 2279 1964 2351 plenitudo
1993 2281 2077 2336 vi-

418 2362 639 2419 tiorum
670 2364 746 2421 sit
775 2365 862 2422 eis
891 2382 1073 2422 causa
1101 2384 1282 2439 quare
1307 2368 1506 2440 potius
1555 2374 1920 2424 moveantur.
1957 2371 2079 2426 Mo-

419 2455 627 2511 veatur
649 2456 706 2509 et
737 2455 1157 2510 contremiscat
1186 2479 1211 2504 ‹‹
1247 2456 1406 2511 orbis
1455 2460 1745 2512 terrarum
1781 2476 1794 2515 :
1828 2478 1855 2510 »
1887 2459 1958 2514 ad
1991 2458 2083 2514 lit-

429 2543 642 2613 teram,
673 2541 776 2615 qui
823 2544 1000 2599 etiam
1053 2543 1111 2598 in
1163 2545 1414 2600 adventu
1461 2545 1650 2617 ipsius
1689 2547 1910 2618 judicis
1957 2565 2080 2604 cre-

431 2629 710 2699 mabitur,
760 2653 789 2681 «
841 2636 901 2687 et
946 2648 1151 2687 omnes
1205 2633 1303 2704 qui
1353 2632 1624 2689 habitant
1672 2634 1730 2689 in
1776 2652 1843 2691 eo
1891 2652 2081 2693 «.mo-

423 2722 710 2789 ~gelantur;
742 2720 855 2777 hoc
882 2724 972 2776 est
999 2722 1155 2792 quod
1187 2722 1411 2778 dixerat
1440 2747 1467 2773 ‹‹
1502 2741 1664 2780 mare
1693 2730 1750 2780 et
1779 2724 2083 2797 plenitudo

428 2807 582 2878 ejus.
619 2831 648 2858 ››

498 2897 640 2954 Dico
674 2917 699 2943 (ι
729 2914 892 2956 mare
942 2904 1263 2970 moveatur,
1300 2902 1546 2958 flumina
1578 2925 1606 2952 »
1637 2907 1856 2972 autem,
1881 2904 1939 2960 id
1971 2909 2082 2975 est,

431 2985 728 3059 sapientes
750 2987 880 3055 viri,
915 2989 1016 3061 qui
1048 2989 1194 3044 alios
1226 2994 1434 3062 potant
1462 2991 1753 3064 spirituali
1795 2994 2083 3064 doctrina,

428 3099 459 3125 ‹‹
490 3075 776 3149 plaudent
805 3095 1008 3147 manu,
1049 3101 1070 3127 ιο
1107 3080 1165 3134 id
1199 3083 1306 3147 est,
1341 3098 1476 3136 cum
1522 3080 1908 3139 exsultatione
1939 3084 2087 3140 bene

426 3164 828 3239 operabuntur
858 3188 888 3217 «
921 3167 1125 3236 simul,
1160 3191 1187 3218 ››
1221 3169 1277 3223 id
1308 3174 1400 3225 est
1428 3171 1734 3227 tendentes
1782 3170 1842 3227 in
1875 3190 2084 3240 unum,

424 3253 653 3311 scilicet
691 3255 764 3311 ad
817 3256 1013 3328 ipsum
1062 3258 1285 3327 Deum;
1336 3263 1603 3316 tenentes
1651 3278 1830 3317 unam
1880 3262 2081 3330 fidem,

2186 2022 2339 2079 gnus
2370 2027 2399 2055 ››
2434 2006 2545 2061 fuit
2576 2010 2633 2062 et
2665 2007 2824 2062 mira:
2858 2009 3127 2079 potentia:
3163 2026 3175 2062 :
3214 2026 3319 2080 per
3365 2009 3475 2064 hoc
3523 2008 3698 2081 plane
3747 2010 3839 2066 de-

2185 2094 2523 2150 terminavit
2552 2112 2613 2151 se
2643 2096 2714 2149 de
2771 2095 3003 2151 Christo
3035 2097 3247 2165 dicere,
3282 2096 3422 2168 quia
3452 2098 3577 2168 ipse
3614 2098 3675 2152 in
3709 2098 3841 2154 Sion

2186 2183 2471 2238 habitavlt
2500 2182 2810 2255 praesentia
2839 2184 3120 2255 corporis,
3154 2208 3181 2232 ‹‹
3215 2189 3271 2238 et
3316 2207 3344 2234 »
3394 2184 3505 2241 iste
3559 2185 3842 2242 Dominus

2188 2275 2278 2327 est
2308 2295 2334 2321 ‹‹
2370 2270 2634 2326 excelsus
2665 2288 2843 2343 super
2869 2288 3073 2328 omnes
3104 2272 3379 2345 populos,
3415 2296 3443 2322 ››
3478 2273 3617 2346 quia
3646 2275 3843 2331 nullus

2188 2358 2344 2415 altus
2374 2359 2486 2414 nisi
2518 2375 2622 2431 per
2649 2375 2806 2415 eum.

2259 2449 2331 2504 Et
2360 2448 2640 2520 quoniam
2673 2448 2798 2521 ipse
2840 2448 2976 2506 talis
3025 2454 3133 2519 est,
3172 2473 3201 2501 (ι
3231 2451 3621 2508 confiteantur
3648 2476 3681 2502 ››
3711 2469 3842 2526 ergo

2189 2554 2394 2593 omnes
2425 2541 2627 2609 gentes
2659 2560 2687 2587 «
2724 2537 2948 2593 nomini
2978 2542 3098 2607 tuo,
3137 2561 3165 2589 ››
3199 2538 3258 2595 id
3288 2544 3378 2596 est
3408 2538 3645 2597 laudent
3675 2546 3737 2596 et
3767 2542 3842 2597 di-

2192 2626 2374 2682 latent
2402 2643 2617 2682 nomen
2646 2631 2816 2682 tuum
2849 2632 2905 2683 et
2949 2628 3169 2684 famam
3220 2633 3407 2697 tuam,
3443 2629 3665 2685 nomini
3715 2630 3842 2686 dico

2196 2738 2223 2768 ι(
2255 2732 2491 2789 magno,
2514 2739 2539 2765 ››
2557 2714 2782 2771 scilicet
2798 2717 2954 2788 quod
2974 2716 3383 2790 ampliandum
3406 2724 3463 2775 et
3484 2718 3844 2776 laudandum

2193 2811 2301 2876 est,
2336 2829 2363 2856 ‹‹
2400 2806 2679 2877 quoniam
2714 2827 2741 2855 »
2773 2822 3056 2878 magnum
3098 2811 3188 2864 est
3234 2812 3291 2864 et
3340 2807 3594 2865 multum
3642 2809 3842 2867 valens

2194 2898 2341 2952 bene
2355 2896 2753 2965 credentibus,
2770 2896 2861 2952 cui
2876 2897 3277 2954 conﬁtendum
3299 2903 3389 2955 est
3407 2898 3684 2972 quoniam
3702 2898 3847 2957 illud

2195 2972 2408 3043 nomen
2441 3010 2468 3037 «
2504 2989 2592 3041 est
2617 2985 2875 3041 terribile
2900 3008 2928 3035 ››
2952 2985 3150 3058 impiis
3181 2987 3391 3044 timore
3420 2987 3845 3058 futurijudicii,

2195 3100 2223 3127 ‹‹
2257 3081 2315 3131 et
2334 3079 2605 3132 sanctum
2639 3079 2727 3131 est
2756 3074 2948 3143 bonis,
2984 3075 3123 3148 quia
3153 3093 3254 3148 per
3284 3076 3480 3149 ipsum
3515 3080 3653 3133 sunt
3683 3093 3849 3134 sanc-

2195 3164 2399 3220 tiﬁcati
2433 3181 2444 3220 :
2499 3166 2557 3220 et
2586 3163 2712 3236 ipse
2760 3163 3046 3219 Dominus
3081 3188 3108 3215 α
3143 3164 3337 3239 diligit
3376 3165 3694 3237 judicium,
3732 3188 3761 3215 »
3791 3164 3850 3222 id

2195 3258 2286 3310 est
2316 3258 2382 3309 ut
2411 3251 2682 3309 homines
2702 3253 2866 3325 juste
2888 3252 3181 3323 judicent,
3211 3252 3320 3319 vel,
3355 3276 3382 3304 «
3408 3254 3773 3326 judicium,»
3795 3255 3853 3311 id

426 3366 453 3395 ‹‹
489 3348 720 3401 montes
749 3365 778 3396 ι)
812 3344 1000 3400 sancti
1033 3346 1091 3400 in
1122 3346 1441 3403 virtutibus
1471 3349 1816 3417 eminentes,
1850 3355 1907 3407 et
1936 3352 2083 3409 bene
2113 3323 2158 3391 (ἶ
2196 3347 2285 3398 est
2313 3357 2667 3414 quacunque
2714 3341 2922 3397 animm
2969 3340 3410 3414 discretionem,
3459 3342 3614 3414 quod
3662 3343 3856 3405 facere

425 3430 665 3488 stabiles
697 3453 725 3483 ‹‹
755 3432 1136 3491 exsultabunt
1165 3452 1198 3490 a
1226 3441 1541 3509 conspectu
1574 3438 1875 3510 Domini,»
1907 3441 1963 3495 id
1995 3447 2085 3499 est

425 3519 567 3592 quia
597 3521 973 3594 conspiciunt
1001 3523 1319 3580 Dominum
1350 3531 1849 3585 remuneratorem
1871 3547 2078 3587 suum:

423 3607 572 3664 bene
619 3608 771 3677 dico,
807 3632 834 3660 «
869 3626 903 3665 a
953 3616 1271 3684 conspectu
1325 3613 1557 3670 Domini
1589 3617 1861 3687 qaoniam
1894 3639 1922 3669 »
1954 3618 2084 3691 ipse

423 3697 709 3756 Dominus
749 3698 877 3772 jam
927 3700 1149 3757 «venit
1192 3702 1461 3773 judicare
1513 3708 1752 3775 terram,
1783 3729 1811 3757 »
1864 3707 1921 3763 id
1967 3713 2076 3778 est,

421 3802 629 3842 omnes
659 3788 730 3844 de
761 3804 1114 3860 quacunque
1128 3795 1291 3861 parte
1327 3795 1692 3866 terrm,quasi
1726 3794 1786 3850 in
1806 3797 2079 3868 praesenti

421 3877 515 3928 est
544 3875 702 3946 quod
723 3875 1042 3946 judicabit,

488 3963 559 4019 Et
587 3963 715 4035 ipse
748 3988 775 4013 «
801 3966 1098 4036 judicabit
1127 3968 1328 4023 orbem
1362 3974 1549 4039 terrae,
1588 3994 1615 4021 ››
1648 3973 1707 4027 id
1754 3978 1844 4029 est
1872 3990 2078 4031 omnes

417 4050 626 4121 malos,
661 4054 733 4109 de
762 4070 968 4110 omnes
1007 4056 1256 4112 circuitu
1309 4062 1476 4114 terra:
1521 4068 1922 4134 congregatos,
1957 4087 1983 4113 α
2016 4064 2077 4120 in

406 4140 647 4213 justitia
679 4165 706 4192 ››
739 4143 1061 4216 unicuique
1087 4147 1337 4203 reddens
1368 4164 1472 4219 pro
1524 4150 1768 4218 meritis,
1805 4176 1831 4201 ‹‹
1867 4157 1925 4207 et
1972 4170 2074 4225 po-

413 4229 587 4303 pulos
620 4254 648 4281 ››
679 4232 753 4287 ad
785 4233 932 4289 bene
959 4233 1274 4291 vivendum
1309 4237 1603 4301 collectos,
1637 4239 1859 4295 scilicet
1888 4240 2075 4297 bonos

401 4318 697 4391 judicabit
719 4343 745 4369 ‹‹
779 4320 839 4377 in
871 4321 1169 4393 aequitate,
1192 4347 1217 4371 ι»
1251 4324 1393 4380 item
1426 4326 1544 4383 illis
1576 4328 1794 4385 faciens
1822 4347 1927 4402 pro
1958 4347 2077 4386 me-

411 4408 565 4466 ritis.

857 4499 929 4556 IN
978 4500 1327 4559 PSALMUM
1372 4503 1614 4561 XCVIII.

835 4590 1091 4646 TrrULUS
1125 4608 1137 4648 :
1171 4593 1425 4648 Psal-mus
1457 4593 1653 4650 David.

2192 3436 2251 3488 et
2281 3454 2307 3482 ‹‹
2342 3431 2530 3487 honor
2558 3430 2713 3502 regis
2746 3452 2774 3479 »
2801 3433 2910 3499 est,
2944 3435 3012 3486 ut
3058 3447 3159 3487 rex
3196 3430 3488 3502 judicium
3535 3431 3764 3505 diligat,
3796 3436 3853 3488 et

2192 3522 2315 3577 hmo
2345 3536 2578 3594 quoque
2609 3524 2698 3577 est
2727 3536 2845 3576 una
2875 3520 3306 3577 commendatio
3338 3520 3574 3578 Christi.

2266 3634 2295 3662 α
2327 3612 2417 3668 Tu
2455 3609 2698 3683 parasti.
2736 3630 2764 3659 »
2797 3608 2938 3666 Pars
2988 3609 3269 3666 secunda.
3322 3609 3697 3667 Continuatio
3732 3628 3746 3668 :
3779 3611 3850 3668 Et

2194 3724 2223 3752 «
2251 3706 2313 3757 tu
2349 3723 2379 3751 ››
2411 3700 2651 3773 quidem
2681 3699 2785 3771 qui
2816 3697 2951 3755 talis
2982 3715 3066 3765 es,
3104 3721 3129 3747 ιι
3161 3698 3380 3773 parasti
3414 3698 3788 3770 directiones,
3817 3722 3847 3750 η

2188 3790 2248 3846 id
2278 3794 2392 3859 est,
2425 3788 2697 3845 homines
2728 3786 2889 3843 intus
2919 3804 3023 3861 per
3052 3787 3300 3862 gratiam
3333 3792 3507 3844 tuam.
3526 3786 3843 3860 aspirando

2189 3879 2528 3951 praeparasti
2562 3880 2626 3932 ut
2657 3875 2991 3950 dirigantur
3020 3877 3092 3933 ad
3122 3876 3389 3945 virtutes,
3422 3880 3480 3933 et
3529 3877 3708 3934 etiam
3765 3878 3839 3933 fe-

2189 3967 2320 4024 cisti
2365 3967 2737 4034 directiones,
2792 3982 2909 4021 non
2958 3964 3151 4021 solum
3199 3966 3440 4038 parasti,
3486 3967 3587 4022 sed
3625 3966 3833 4039 «judi-

2186 4057 2369 4126 cium,
2408 4079 2429 4107 ι
2465 4056 2523 4110 id
2573 4060 2683 4125 est,
2712 4059 2780 4111 ut
2823 4053 2938 4127 ipsi
2976 4055 3140 4127 juste
3189 4055 3527 4112 discernant
3574 4054 3719 4126 quid
3760 4056 3835 4112 sit

2187 4148 2409 4203 bonum
2435 4149 2491 4202 et
2529 4144 2669 4218 quid
2700 4144 2776 4200 sit
2805 4143 3068 4213 malum;
3104 4167 3131 4196 ‹‹
3168 4148 3225 4201 et
3254 4166 3283 4195 ι)
3318 4143 3469 4200 hanc
3518 4142 3695 4200 aliam
3730 4144 3839 4201 dis-

2187 4236 2527 4304 cretionem,
2564 4233 2788 4290 scilicet
2818 4256 2845 4283 ‹‹
2872 4233 3169 4305 justitiam
3204 4262 3227 4286 η
3264 4234 3322 4290 id
3361 4239 3470 4303 est,
3505 4236 3570 4290 ut
3616 4233 3834 4291 bonum

2186 4325 2487 4399 cognitum
2538 4323 2776 4392 faciant,
2810 4327 2867 4379 et
2895 4322 3119 4379 malum
3150 4323 3470 4391 dimittant,
3501 4344 3522 4372 ι
3559 4322 3772 4393 fecisti,
3806 4347 3832 4373 η

2185 4414 2335 4485 dico,
2371 4442 2394 4467 «
2427 4413 2487 4469 in
2516 4413 2719 4482 Jacob,
2752 4444 2776 4470 υ
2810 4412 2868 4468 id
2897 4416 2989 4470 est
3013 4413 3074 4468 in
3104 4411 3263 4468 fideli
3293 4411 3644 4486 populo,qui
3669 4412 3830 4469 bene-

2184 4502 2501 4560 dictionem
2532 4500 2685 4557 sicut
2713 4494 2893 4559 Jacob
2924 4501 3165 4576 accepit.

2253 4594 2323 4648 Et
2353 4592 2493 4665 quia
2513 4590 2782 4647 Christus
2814 4590 3048 4647 exhibet
3079 4590 3200 4647 haec
3239 4607 3485 4648 munera
3522 4590 3668 4659 suis,
3700 4591 3823 4647 ideo

484 4697 513 4728 ιι
543 4675 831 4735 Dominus
861 4680 1143 4752 regnavit,
1161 4680 1493 4737 irascantur
1509 4682 1732 4755 populi.
1752 4708 1778 4733 ››
1798 4683 2068 4742 Psalmus
2097 4697 2146 4763 Ι)
2177 4701 2279 4740 vos
2311 4702 2337 4733 α
2368 4679 2614 4737 exaltate
2643 4710 2669 4736 υ
2693 4680 2891 4753 ipsum
2919 4679 3217 4737 Christum
3244 4678 3820 4735 factumaDominum

407 4764 520 4821 iste
548 4767 818 4823 convenit
848 4766 1027 4822 David
1056 4769 1373 4840 propheta),
1395 4771 1493 4842 qui
1527 4771 1624 4827 hic
1649 4771 1930 4845 loquitur.
1949 4774 2065 4830 Ma-

406 4852 555 4911 teria
599 4859 689 4911 est
737 4855 1028 4923 Christus,
1064 4862 1270 4929 potens
1321 4860 1458 4915 Rex.
1494 4861 1704 4916 Modus
1738 4878 1750 4916 :
1781 4861 1840 4917 in
1872 4862 2064 4934 prima

404 4945 589 5014 parte,
604 4944 1003 5000 ostenditcum
1026 4946 1328 5018 Regem,et
1344 4949 1789 5005 demonstrateu
1801 4968 1855 5005 m
1871 4951 2061 5007 modis

403 5029 674 5102 pluribus
704 5034 1072 5089 veneratione
1094 5035 1436 5108 dignum,et
1467 5039 1744 5095 admonet
1770 5039 2058 5109 infideles,

401 5122 460 5174 et
489 5120 742 5177 maxime
761 5122 1017 5191 Judmos,
1035 5128 1098 5178 ut
1124 5141 1260 5179 eum
1278 5131 1645 5181 venerentur.
1666 5150 1690 5176 ››
1713 5127 1775 5182 In
1803 5130 2062 5185 secunda

402 5213 731 5282 parte,quae
763 5210 999 5283 incipit:
1032 5234 1060 5262 (ι
1082 5214 1167 5268 Tu
1193 5215 1409 5285 parasti
1436 5215 1806 5284 directiones,
1826 5222 2062 5273 nosten-

399 5296 486 5352 dit
516 5313 644 5368 qua:
677 5315 924 5355 munera
952 5301 1212 5357 conferat
1234 5304 1381 5373 suis,
1406 5308 1462 5358 et
1484 5305 1764 5376 supponit
1785 5306 2056 5363 admoni-

399 5382 641 5456 tionem,
688 5390 753 5442 ut
798 5388 955 5444 hunc
999 5391 1332 5447 adoremus.
1372 5392 1432 5447 In
1488 5392 1659 5448 tertia
1707 5400 1891 5466 parte,
1926 5412 2054 5467 qua:

2175 4773 2359 4829 Deum
2394 4774 2705 4824 nostrum»
2738 4785 2842 4841 per
2872 4771 3240 4841 assumptam
3272 4767 3823 4837 humanitatem,aet

2174 4863 2411 4917 adorato
2462 4857 2807 4926 scabellum,
2843 4877 2866 4900 ι»
2900 4857 2958 4913 id
3008 4864 3116 4926 est,
3157 4857 3585 4914 humanitatem
3638 4857 3818 4928 ipsius

2173 4967 2302 5022 quae
2324 4947 2435 5004 fuit
2456 4946 2801 5013 scabellum,
2817 4946 2875 5001 id
2899 4951 3009 5016 est,
3030 4945 3261 5018 requies
3279 4950 3337 5002 et
3358 4947 3526 5002 sedes
3551 4971 3575 4996 ‹‹
3604 4947 3812 5018 pedum

2173 5040 2323 5111 ejus,
2357 5063 2385 5092 ι)
2417 5038 2474 5092 id
2524 5040 2634 5108 est,
2686 5035 2978 5092 stabilitas
3023 5036 3365 5105 divinitatis,
3417 5064 3440 5088 ‹‹
3482 5035 3755 5108 quoniam
3787 5056 3807 5082 ι

2170 5128 2319 5184 illud
2350 5125 2673 5183 scabellum
2702 5128 3023 5182 «sanctum
3055 5129 3163 5195 est,
3198 5146 3221 5169 υ
3256 5126 3314 5179 id
3344 5129 3451 5191 est,
3483 5124 3694 5180 Christi
3717 5123 3814 5179 hu-

2171 5216 2468 5286 manitas;
2501 5214 2589 5271 vel
2622 5215 2706 5270 sic
2750 5214 3074 5282 transitive,
3108 5244 3132 5269 «ι
3166 5213 3488 5270 scabellum
3517 5213 3749 5286 pedum,
3784 5234 3808 5259 »

2167 5310 2235 5363 ut
2262 5323 2367 5379 per
2397 5305 2575 5379 pedes
2606 5304 2967 5377 accipiamus
3012 5304 3205 5378 ipsam
3236 5302 3690 5372 humanitatem,
3716 5317 3810 5374 per

2167 5412 2344 5467 quam
2374 5393 2531 5451 venit
2560 5393 2632 5449 ad
2665 5411 2771 5449 nos
2804 5392 3063 5451 calceata
3090 5392 3368 5450 divinitas
3399 5408 3525 5463 qua:
3559 5392 3669 5446 fuit
3695 5405 3812 5447 sca-

398 5469 605 5544 incipit
635 5491 647 5530 :
683 5498 711 5524 ‹‹
739 5475 967 5549 Moyses
999 5482 1056 5532 et
1084 5481 1343 5549 Aaron,»
1376 5482 1633 5538 ostendit
1654 5484 1807 5555 quod
1828 5484 2052 5556 priores
2162 5483 2405 5550 bellum,
2438 5483 2494 5538 id
2527 5486 2635 5551 est,
2670 5499 2913 5555 prorsus
2941 5482 3180 5539 subdita
3208 5481 3427 5537 deitati.

395 5563 592 5627 patres
619 5560 759 5617 huic
779 5564 921 5635 Regi
943 5566 1289 5637 servierunt,
1305 5573 1360 5623 et
1382 5568 1599 5625 multas
1612 5569 1896 5626 utilitates
1914 5571 2049 5628 inde

2232 5595 2259 5626 α
2290 5573 2538 5646 Moyses.
2572 5598 2598 5622 ν»
2633 5572 2772 5627 Pars
2802 5570 2994 5628 tertia.
3017 5573 3086 5628 Et
3106 5572 3253 5629 bene
3276 5569 3499 5628 debetis
3520 5584 3652 5624 eum
3671 5567 3801 5623 ado-

394 5641 749 5735 habuerunt,
786 5654 845 5703 et
874 5651 1085 5708 deinde
1136 5656 1417 5726 supponit
1465 5657 1949 5727 admonitionem,
1981 5663 2048 5716 ut
2156 5678 2304 5731 rare,
2338 5641 2478 5735 quia
2507 5661 2632 5733 ipse
2663 5677 2779 5716 non
2811 5664 2901 5717 est
2931 5677 3135 5718 recens
3174 5660 3348 5728 Deus,
3382 5657 3537 5714 sicut
3566 5656 3798 5729 quidem

395 5725 553 5819 hunc
573 5734 907 5801 adoremus,
942 5755 1058 5793 non
1090 5725 1303 5797 novum
1337 5760 1532 5814 regem
1565 5747 1913 5804 sentiamus.
1950 5748 2043 5804 In-

2155 5750 2376 5820 dicunt,
2412 5751 2513 5806 sed
2543 5748 2667 5823 ipse
2698 5753 2786 5805 est
2817 5749 2909 5804 cui
2944 5772 2965 5793 α
2993 5750 3220 5823 Moyses
3238 5754 3297 5804 et
3323 5749 3514 5804 Aaron
3538 5745 3595 5801 in
3621 5760 3798 5801 sacer-
