3936 6432
142 503 257 563 529

1319 496 1821 560 EXPLANATIO
1867 495 1943 556 IN
1994 470 2376 558 PSALMOS.

3434 494 3555 558 530

141 634 374 692 dotibus
426 634 574 707 ejus.
603 656 628 684 ››
654 634 813 690 Licet
859 634 1015 691 enim
1070 635 1299 706 Moyses
1347 631 1620 688 sacerdos
1668 646 1784 684 non
1815 626 1864 697 Α
1901 646 2028 702 qua:
2059 646 2166 685 nos
2196 628 2625 702 prmcipitarent
2670 628 2730 685 in
2784 628 3273 701 desperationem,
3299 630 3401 685 sed
3450 629 3555 687 Dei

141 725 365 793 fuisset,
390 729 589 780 tamen
632 724 807 780 etiam
867 725 1233 780 sacerdotem
1281 738 1417 777 eum
1471 719 1631 788 dicit,
1656 718 1796 791 quia

135 818 197 870 et
226 829 328 885 pro
387 813 603 887 populo
657 813 965 869 invocabat
1011 812 1165 869 sicut
1192 817 1251 868 et
1289 810 1387 867 alii
1438 810 1790 876 sacerdotes,

138 908 196 959 et
227 904 388 975 ipsos
419 904 751 959 sacerdotes
782 902 1181 958 constituebat
1210 906 1268 957 et
1297 900 1575 969 ungebat.
1605 921 1631 948 ‹‹
1666 899 1736 953 Et
1764 919 1791 946 »

138 992 265 1063 ipse
293 1014 321 1041 «
356 991 614 1061 Samuel,
652 1013 679 1040 ››
713 991 847 1047 licet
884 1008 1000 1046 non
1051 990 1260 1046 fuisset
1306 989 1379 1044 de
1429 987 1586 1043 tribu
1636 984 1790 1053 Levi,

138 1081 294 1136 unde
341 1080 440 1135 alii
500 1081 856 1149 sacerdotes,
887 1085 1085 1136 tamen
1144 1080 1256 1134 fuit
1286 1102 1311 1128 ‹‹
1346 1078 1499 1132 inter
1543 1092 1643 1131 eos
1690 1074 1791 1146 qui

136 1169 409 1223 invocant
438 1185 652 1224 nomen
683 1170 832 1240 ejus,
859 1191 886 1217 ››
918 1168 1057 1241 quia
1085 1167 1359 1223 sacerdos
1391 1166 1501 1220 fuit
1527 1163 1734 1236 ipsius.

207 1256 308 1311 Isti
340 1256 667 1312 servierunt
696 1256 963 1324 Domino,
997 1261 1053 1312 et
1091 1256 1201 1311 hoc
1237 1255 1373 1311 inde
1413 1252 1790 1308 commodum

134 1344 503 1412 habuerunt,
527 1346 682 1417 quod
732 1346 845 1419 ipsi
877 1368 904 1395 ‹‹
955 1346 1305 1401 invocabant
1347 1343 1685 1408 Dominum,
1735 1342 1793 1394 et

135 1434 262 1507 ipse
294 1433 570 1489 audiebat
606 1451 707 1490 eos
739 1452 752 1490 :
788 1435 848 1489 in
894 1434 1172 1490 columna
1218 1432 1394 1488 nubis
1441 1430 1792 1502 loquebatur

136 1524 212 1579 ab
245 1539 364 1578 eos.
393 1546 419 1571 ι)
446 1523 579 1578 Ideo
608 1522 668 1577 in
708 1524 864 1579 nube
901 1522 1267 1595 loquebatur,
1303 1520 1441 1593 quia
1470 1520 1788 1574 obscurum

134 1616 261 1668 erat
286 1612 442 1684 quod
474 1611 706 1667 dicebat
746 1611 860 1681 eis;
894 1611 1034 1684 quia
1080 1612 1339 1667 futuram
1389 1612 1533 1676 erat,
1567 1605 1790 1663 scilicet

134 1703 419 1758 adventus
456 1700 699 1757 Chrtsti.
725 1703 860 1768 Quae
912 1702 1099 1757 nubes
1145 1700 1444 1757 Christum
1493 1697 1784 1770 signabat,

130 1791 233 1863 qui
265 1795 354 1846 est
381 1789 551 1846 nobis
573 1790 867 1845 umbratio
888 1793 945 1845 et
966 1788 1330 1862 refrigerium
1351 1791 1555 1843 contra
1579 1789 1787 1841 castum

129 1879 565 1948 haereticorum,
588 1884 645 1935 et
675 1880 799 1952 ipse
830 1880 1005 1934 etiam
1044 1894 1148 1952 per
1186 1878 1523 1933 columnam
1562 1875 1786 1947 signiﬁ-

126 1972 318 2037 catur,
344 1984 481 2024 nam
512 1968 639 2040 ipse
670 1972 759 2023 est
801 1966 1095 2033 columna,
1122 1984 1250 2039 quae
1290 1965 1622 2022 universam
1656 1981 1786 2020 sus-
1815 1999 1863 2065 Β

123 2058 280 2114 tinet
307 2056 650 2136 Ecclesiam.

197 2148 331 2219 Ipse
361 2146 713 2218 loquebatur
742 2146 815 2201 ad
850 2161 968 2214 eos,
995 2148 1051 2200 et
1080 2144 1193 2216 ipsi
1216 2168 1242 2193 ‹‹
1270 2142 1680 2199 custodiebant
1708 2146 1785 2196 te-

123 2235 411 2293 stimonia
442 2235 590 2305 ejus,
622 2256 649 2283 ››
675 2235 731 2289 id
775 2238 884 2303 est,
918 2232 1257 2289 communia
1300 2236 1587 2304 praecepta
1613 2230 1782 2303 legis,

120 2326 183 2380 in
212 2324 437 2397 quibus
459 2324 788 2378 testabatur
809 2323 893 2378 eis
914 2324 1069 2395 quod
1093 2325 1246 2378 esset
1266 2312 1598 2377 faciendum
1622 2343 1649 2368 ‹‹
1676 2324 1734 2374 et
1758 2340 1785 2366 ››

123 2414 272 2486 quid
307 2429 443 2480 non,
468 2416 525 2468 et
557 2411 858 2484 singulare
882 2434 908 2461 «
935 2415 1288 2489 praeceptum
1316 2433 1343 2458 ››
1365 2411 1436 2465 de
1466 2408 1658 2465 efficio
1688 2425 1786 2463 sa-

124 2500 412 2559 cerdotali
437 2522 465 2552 «
497 2501 653 2573 quod
684 2500 847 2556 dedit
883 2499 1022 2565 illis,
1049 2522 1077 2549 »
1098 2499 1200 2554 Vel
1232 2515 1334 2570 per
1381 2496 1787 2553 testimonium

124 2607 453 2665 possumus
483 2589 744 2661 accipere
769 2587 1148 2644 caeremonias
1170 2604 1319 2660 quas
1343 2586 1787 2657 faciebant,qua3

124 2684 300 2737 erant
327 2680 499 2752 signa
518 2682 576 2734 et
606 2677 1010 2733 testimonium
1042 2676 1403 2732 mirabilium
1428 2692 1554 2748 quae
1578 2675 1791 2730 fecerat

126 2769 217 2825 eis
247 2767 537 2824 Dominus
564 2782 578 2820 :
612 2766 790 2822 veluti
821 2782 957 2821 cum
988 2764 1099 2836 ipsi
1132 2765 1517 2820 comedebant
1545 2780 1787 2837 agnum,

126 2857 520 2915 comedebant
568 2869 804 2928 azymos
853 2871 1054 2925 panes,
1080 2854 1361 2908 tenebant
1407 2853 1466 2907 in
1515 2851 1791 2907 manibus

125 2944 398 3013 buculos,
424 2944 660 3017 signum
707 2946 831 2997 erat
859 2947 916 2997 et
945 2941 1349 2997 testimonium
1383 2942 1442 2996 in
1474 2943 1790 3012 conspectu

126 3035 394 3090 ﬁliorum
427 3030 621 3098 Israel,
646 3029 745 3101 qui
776 3029 899 3085 haec
930 3046 1045 3084 non
1067 3029 1334 3084 viderant
1361 3027 1689 3083 cductionis
1720 3028 1792 3083 de

121 3125 397 3197 Egypto-
1326 3191 1337 3204 ,

195 3209 324 3285 Ipsi
385 3206 794 3264 custodiebant
848 3205 1208 3277 testimonia,
1233 3210 1290 3261 et
1329 3228 1356 3255 «
1399 3209 1494 3272 tu,
1545 3203 1791 3260 Domine

122 3301 288 3356 Deus
321 3300 522 3352 noster
550 3317 576 3343 ››
601 3294 810 3362 factus,
834 3293 973 3366 quia
1000 3293 1360 3361 incarnatus,
1387 3315 1415 3343 ‹‹
1441 3293 1792 3348 exaudiebas

122 3404 227 3444 eos
258 3408 287 3434 »
324 3384 386 3440 in
436 3382 888 3438 necessitatibus
936 3399 1160 3451 eorum,
1187 3404 1215 3431 «
1243 3382 1418 3449 Deus,
1460 3385 1524 3435 tu
1552 3403 1579 3430 »
1610 3381 1788 3436 etiam
1818 3364 1864 3430 (ἶ

119 3472 423 3548 propitius
454 3470 618 3526 fuisti
649 3469 753 3538 eis,
781 3492 808 3517 ››
840 3469 1180 3526 condenans
1211 3473 1471 3540 peccata,
1496 3492 1522 3518 «
1560 3473 1617 3524 et
1646 3468 1789 3524 ulci-

122 3578 305 3619 scens
364 3560 543 3616 etiam
599 3558 916 3631 aliquando
970 3558 1030 3613 in
1090 3574 1296 3613 omnes
1352 3558 1793 3613 adinventiones

122 3666 363 3716 eorum,
391 3669 420 3698 ››
445 3647 504 3703 id
526 3652 636 3716 est,
660 3651 899 3719 peccata
920 3664 1047 3718 quae
1070 3647 1224 3702 Deus
1257 3646 1316 3700 in
1337 3645 1454 3701 illis
1486 3664 1601 3701 non
1634 3644 1793 3715 fecit,

124 3745 188 3798 et
214 3737 338 3812 ipsi
371 3738 816 3802 adinvenerunt,
838 3741 905 3792 ut
924 3753 1028 3809 per
1048 3735 1179 3793 illas
1202 3735 1455 3791 ultiones
1476 3734 1795 3808 corrigeres

127 3846 235 3886 eos
259 3831 324 3884 et
353 3826 652 3898 probares.

204 3915 501 3983 Quoniam
536 3915 764 3987 Moyses
814 3918 873 3969 et
916 3916 1108 3970 Aaron
1157 3914 1482 3970 servierunt
1510 3914 1561 3969 ei
1605 3918 1663 3970 et
1691 3913 1798 3969 has

128 4005 426 4064 utilitates
454 4003 592 4060 inde
622 4003 974 4071 habuerunt,
1000 4021 1136 4077 ergo
1164 4021 1266 4059 vos
1298 4003 1395 4058 alii
1417 4026 1445 4053 ‹‹
1478 4003 1749 4070 exaltate,
1769 4025 1799 4053 ››

128 4095 192 4153 id
224 4097 343 4165 est,
375 4091 584 4154 altum.
608 4091 1070 4164 omnipotentem
1103 4094 1249 4149 bene
1277 4092 1580 4148 serviendo
1611 4096 1799 4147 osten-

129 4182 258 4241 dite
285 4175 313 4233 c'
337 4181 653 4238 Dominum
676 4181 862 4236 Deum
881 4185 1242 4248 nostrum,et
1263 4182 1498 4236 adorate
1518 4179 1579 4236 in
1602 4184 1802 4236 monte

125 4275 345 4331 sancto
375 4271 526 4342 ejus,
551 4291 579 4319 »
605 4269 663 4325 id
694 4274 803 4339 est,
829 4269 889 4325 in
934 4268 1212 4339 Ecclesia,
1254 4275 1417 4325 extra
1455 4287 1633 4342 quam
1685 4287 1801 4325 non

127 4365 225 4419 est
268 4360 441 4417 locus
482 4358 787 4427 orationis,
814 4381 841 4407 «
866 4358 1146 4429 quoniam
1197 4361 1438 4415 sanctus
1464 4381 1491 4407 ››
1514 4363 1651 4414 est«
1685 4359 1802 4414 Do-

131 4451 346 4508 minus
378 4449 534 4505 Deus
565 4451 782 4504 noster.
795 4471 821 4496 ››

634 4625 709 4681 ΙΝ
751 4624 1099 4681 PSALMUM
1138 4625 1322 4681 XCIX.

369 4732 646 4788 TI’I'ULUS.
674 4732 927 4787 Psalmus
955 4732 1127 4787 David
1149 4736 1210 4788 in
1237 4735 1590 4804 confessione.

212 4891 533 4952 «Jubilate
588 4892 726 4949 Deo.
756 4893 1075 4949 »Psalmus
1122 4895 1231 4950 iste
1281 4895 1498 4951 dicitur
1546 4895 1814 4968 psalmus

133 4986 199 5041 in
234 4981 634 5051 confessione,
662 4983 802 5054 quia
833 4983 1122 5054 Propheta
1146 4985 1246 5056 qui
1270 4984 1366 5040 hic
1387 4984 1667 5056 loquitur,
1698 5002 1816 5041 ma-

135 5074 366 5131 teriam
405 5070 584 5127 habet
627 5077 937 5143 utramque
985 5073 1433 5129 confessionem.
1468 5074 1676 5129 Modus
1708 5091 1722 5129 :
1755 5075 1812 5129 in

138 5163 351 5237 prima
396 5165 581 5233 parte,
612 5166 812 5217 monet
840 5180 947 5219 nos
996 5163 1069 5218 ad
1120 5164 1546 5220 confessionem
1599 5163 1813 5231 laudis,

137 5251 383 5310 scilicet
411 5254 476 5305 ut
504 5250 690 5306 Deum
739 5251 1071 5321 laudemus,
1096 5257 1152 5307 et
1184 5253 1347 5325 ponit
1396 5269 1605 5308 causas
1637 5268 1817 5324 quare

136 5345 257 5400 hoc
324 5340 517 5395 facere
576 5340 916 5397 debeamus.
953 5343 1017 5396 in
1066 5343 1347 5410 secunda,
1387 5360 1515 5413 quae
1563 5342 1815 5412 incipit:

142 5428 403 5489 Intreite
433 5433 631 5502 portas
664 5431 812 5502 ejus,
850 5454 877 5481 ››
911 5436 1111 5488 monet
1152 5448 1258 5487 nos
1289 5433 1359 5487 ad
1393 5432 1822 5487 confessionem

142 5517 411 5595 peccati,
446 5518 670 5576 scilicet
707 5524 773 5575 ut
822 5537 928 5576 nos
960 5521 1031 5577 de
1062 5520 1319 5593 peccatis
1365 5536 1736 5590 accusemus,
1771 5524 1828 5577 et

148 5627 299 5667 eum
333 5605 534 5664 solum
566 5609 861 5666 medicum
902 5611 1297 5666 attendamus.
1332 5610 1578 5666 Intentio
1606 5614 1695 5667 est
1725 5627 1827 5665 no-

151 5701 251 5757 bis
286 5698 613 5770 quamdam
665 5717 942 5772 generare
993 5700 1463 5769 temperantiam,
1497 5699 1719 5755 scilicet
1761 5718 1832 5756 ne

154 5791 363 5847 solam
398 5794 659 5846 nostram
684 5790 1059 5862 fragilitatem
1081 5793 1135 5844 et
1168 5794 1405 5862 peccata
1436 5791 1830 5860 attendamus,

1903 718 2185 775 beneficia
2214 723 2273 774 et
2302 719 2597 791 pietatem,
2623 724 2688 775 ut
2717 736 2820 791 per
2838 736 2906 774 ea
2934 718 3174 774 tollatur
3202 720 3552 791 desperatio.

1904 809 2048 864 Item
2082 825 2189 863 nec
2219 807 2405 863 solam
2438 809 2814 863 attendamus
2852 808 2953 862 Dei
2999 806 3464 863 misericordiam
3496 813 3556 866 et

1902 899 2338 970 pietatem,qua3
2369 898 2427 952 in
2461 898 2630 952 nobis
2655 897 2868 952 faceret
2899 895 3320 969 negligentiam
3352 899 3410 951 et
3439 897 3555 953 ela-

1903 987 2143 1053 tionem,
2179 987 2278 1041 sed
2330 991 2533 1042 contra
2571 992 2802 1042 nostras
2850 985 3237 1056 respiciamus
3285 982 3554 1042 miserias

1901 1081 1960 1133 et
2015 1076 2384 1149 fragilitates,
2418 1081 2485 1131 ut
2533 1081 2767 1148 propter
2822 1075 2930 1130 hoc
2978 1090 3290 1146 operemur
3329 1077 3389 1129 et
3434 1068 3552 1130 Deo
3598 1115 3607 1124 .

1902 1165 2129 1238 placere
2159 1166 2525 1222 studeamus.

1972 1257 2041 1310 Et
2058 1256 2127 1310 ad
2162 1254 2589 1310 confessionem
2620 1254 2811 1309 laudis
2840 1254 2922 1309 sic
2954 1253 3227 1309 admonet
3259 1269 3271 1308 :
3304 1253 3349 1309 Ο
3371 1274 3399 1303 ‹‹
3433 1268 3550 1307 em-

1856 1366 1859 1373 ·
1901 1344 1993 1400 nis
2048 1348 2221 1413 terra,
2249 1343 2498 1416 jubilate
2556 1345 2691 1412 Dee,
2723 1366 2748 1391 η
2780 1343 2837 1398 id
2889 1348 2995 1411 est,
3047 1340 3399 1397 ineffabilem
3450 1342 3550 1413 ju-

1900 1433 2259 1489 cunditatem
2308 1435 2378 1489 de
2426 1433 2552 1506 ipso
2584 1437 2779 1488 mente
2826 1432 3141 1504 cencipite;
3193 1434 3251 1487 et
3284 1453 3311 1481 «
3343 1430 3552 1485 servits

1900 1514 2146 1579 Domino
2179 1547 2207 1573 ››
2240 1522 2399 1594 huic,
2445 1524 2516 1579 ad
2577 1522 2812 1578 laudem
2874 1522 3061 1593 ipsius
3108 1521 3254 1575 bene
3300 1535 3550 1591 operan-

1900 1617 1988 1668 tes
2021 1629 2032 1669 :
2067 1616 2126 1668 et
2166 1613 2275 1668 hoc
2333 1630 2449 1667 non
2506 1611 2711 1679 coacti,
2745 1610 2833 1666 vel
2866 1627 3002 1665 cum
3035 1608 3233 1681 aliqua
3290 1607 3548 1676 tristitia,

1899 1702 2001 1757 sed
2040 1723 2068 1750 «
2118 1701 2179 1757 in
2235 1700 2455 1769 laetitia,
2496 1699 2765 1757 hilarem
2825 1699 2981 1755 enim
3043 1698 3304 1754 datorem
3358 1697 3554 1770 diligit

1898 1790 2073 1846 Deus.
2110 1813 2138 1839 η

1974 1903 1994 1929 ι
2033 1879 2293 1935 Introite.
2322 1902 2349 1928 ››
2374 1878 2542 1935 Ponit
2571 1895 2808 1934 causam
2843 1882 2898 1931 et
2931 1893 3205 1949 magnam
3237 1876 3547 1932 utilitatem

1898 1986 2122 2037 eorum,
2156 1984 2338 2040 quare
2374 1969 2552 2024 Deum
2586 1966 2825 2022 laudare
2855 1967 3122 2022 debeant.
3153 1967 3546 2022 Centinuatio.

1896 2060 2047 2115 Bene
2080 2059 2306 2114 debetis
2334 2057 2386 2112 ei
2417 2056 2633 2113 servire
2665 2056 2723 2110 in
2755 2055 2978 2124 laetitia,
3009 2055 3150 2128 quia
3187 2072 3289 2128 per
3316 2056 3427 2112 hoc
3458 2055 3547 2110 in-

1893 2148 2128 2203 trabitis
2161 2148 2219 2202 in
2252 2150 2632 2218 conspectum
2681 2146 2830 2218 ejus.
2866 2147 2982 2201 Hoc
3024 2144 3207 2201 dicit:
3243 2145 3483 2200 Intreite
3518 2166 3545 2193 υ

1895 2238 1966 2293 ad
1998 2235 2194 2309 ipsum
2224 2235 2431 2301 Deum,
2456 2258 2482 2284 «
2512 2234 2570 2289 in
2599 2239 2912 2307 conspectu
2941 2236 3069 2305 ejus
3096 2257 3124 2283 ››
3148 2234 3413 2290 mansuri
3434 2257 3462 2283 «
3488 2234 3547 2288 in

1895 2326 2359 2392 exsultatione,»
2391 2324 2451 2379 in
2502 2325 2672 2395 cujus
2721 2328 3038 2395 conspectu
3086 2330 3300 2380 aeterna
3348 2324 3551 2380 laetitia

1895 2414 2191 2483 fruemini,
2219 2418 2278 2470 et
2306 2414 2446 2486 quia
2498 2412 2573 2468 ibi
2609 2412 2869 2468 laetitiam
2920 2413 3236 2482 habebitis,
3267 2413 3362 2469 hic
3412 2430 3548 2470 cum

1895 2503 2099 2561 laetitia
2127 2503 2341 2558 servire
2372 2502 2620 2558 debetis.
3026 2516 3031 2521 λ

1969 2615 1996 2643 ‹‹
2028 2592 2263 2659 Scitote,
2294 2614 2320 2641 ››
2350 2591 2488 2647 item
2550 2596 2785 2664 propter
2842 2592 2951 2647 hoc
3006 2592 3245 2664 vigilare
3301 2594 3547 2662 debetis,

1897 2705 1923 2731 ‹‹
1963 2680 2241 2753 quoniam
2273 2681 2397 2752 ipse
2427 2685 2517 2735 est
2545 2681 2830 2737 Dominus
2858 2682 3035 2748 Deus,
3059 2704 3083 2729 ››
3107 2681 3162 2736 id
3185 2685 3295 2750 est,
3316 2682 3553 2739 Greater

1897 2768 2185 2835 omnium,
2220 2768 2545 2823 secundum
2596 2770 2850 2840 primum
2893 2769 3269 2825 creationem.
3295 2794 3323 2820 ‹‹
3358 2762 3490 2842 Ipse
3521 2794 3551 2820 ιι

1897 2859 2075 2914 etiam
2107 2882 2133 2907 ‹‹
2171 2856 2307 2912 fecit
2364 2873 2471 2912 nos
2505 2878 2530 2905 ››
2561 2856 2621 2911 in
2681 2856 2993 2925 creatione,
3038 2874 3166 2929 quae
3216 2857 3414 2930 potius
3452 2852 3550 2913 va-

1898 2948 1978 3004 let
2008 2947 2067 3002 in
2098 2945 2267 3001 nobis
2313 2962 2494 3017 quam
2545 2946 2721 3001 etiam
2773 2944 2964 3017 prima
3011 2947 3256 3014 creatio;
3282 2969 3310 2996 «
3343 2950 3403 3002 et
3433 2942 3549 3003 non

1895 3036 2009 3108 ipsi
2044 3058 2071 3085 ››
2104 3034 2352 3091 fecimus
2384 3058 2410 3083 ‹‹
2438 3050 2565 3103 nos,
2592 3055 2621 3083 »
2653 3034 2793 3105 quia
2819 3033 2967 3089 nihil
2997 3034 3133 3090 boni
3164 3034 3452 3091 habemus
3482 3048 3552 3092 ex

1899 3125 2090 3181 nobis.

1971 3237 1999 3264 «
2032 3214 2149 3269 Nos
2181 3235 2209 3262 »
2240 3212 2419 3268 etiam
2469 3229 2678 3268 sumus
2709 3236 2735 3261 «
2784 3210 3038 3284 populus
3085 3213 3236 3284 ejus,
3272 3234 3299 3261 »
3328 3213 3388 3267 id
3437 3218 3548 3283 est,

1900 3302 2205 3377 praeceptis
2234 3303 2363 3373 ejus
2390 3301 2684 3369 instructi,
2708 3302 2778 3357 ad
2795 3302 2931 3372 jure
2952 3301 3262 3357 vivendum
3292 3301 3550 3371 collecti;

1901 3417 1928 3443 ‹‹
1962 3397 2019 3447 et
2055 3409 2212 3457 oves,
2247 3413 2274 3439 »
2306 3390 2363 3444 id
2412 3394 2518 3457 est,
2552 3389 2850 3461 simplices
2897 3394 2954 3445 et
3000 3389 3360 3458 innocentes,
3395 3392 3551 3461 quod

1901 3482 2025 3553 ipse
2048 3481 2108 3534 in
2130 3479 2292 3535 vobis
2311 3483 2585 3552 operatus
2606 3482 2727 3534 est:
2753 3496 2887 3534 oves
2909 3479 3038 3534 dico
3060 3502 3088 3528 «
3115 3496 3343 3550 pascuae
3364 3480 3552 3551 ejus,»

1899 3569 1960 3625 id
1990 3574 2099 3637 est,
2133 3587 2283 3642 quas
2312 3568 2438 3641 ipse
2469 3568 2655 3624 reﬁcit
2685 3567 3091 3639 spiritualibus
3116 3568 3309 3635 benis,
3339 3572 3399 3624 et
3424 3567 3554 3624 cibo

1902 3659 2183 3731 corporis,
2218 3662 2276 3714 et
2313 3657 2622 3731 sanguinis
2669 3657 2782 3724 sui,
2816 3660 2873 3711 et
2919 3661 3091 3729 pastu
3139 3657 3350 3714 divinaa
3398 3648 3553 3715 Scri-

1902 3752 2107 3821 pturm.

1977 3860 2005 3887 ‹‹
2042 3834 2301 3890 Introite.
2332 3858 2359 3884 ι)
2392 3835 2532 3890 Pars
2561 3834 2838 3889 secunda.
2870 3832 2941 3889 Et
2976 3834 3118 3905 quia
3145 3836 3398 3907 populus
3427 3837 3556 3908 ejus

1907 3931 1965 3982 et
1995 3941 2128 3981 oves
2155 3923 2319 3990 estis,
2342 3922 2470 3978 ideo
2502 3945 2529 3971 ‹‹
2565 3922 2801 3977 introite
2850 3926 3047 3993 portas
3083 3924 3211 3992 ejus
3244 3923 3304 3978 in
3330 3924 3557 3979 confes-

1908 4016 2091 4081 sione,
2115 4036 2142 4062 ‹‹
2173 4012 2231 4067 id
2280 4016 2388 4074 est,
2421 4010 2781 4066 conﬁtemini
2832 4013 3071 4082 peccata
3095 4014 3290 4066 vestra
3322 4028 3335 4065 :
3370 4008 3427 4067 et
3455 4020 3560 4083 per

1908 4104 2018 4159 hoc
2051 4126 2079 4151 ‹‹
2110 4100 2346 4156 introite
2376 4103 2596 4172 portas,
2622 4120 2650 4147 »
2673 4098 2730 4153 id
2761 4102 2868 4166 est,
2891 4097 3062 4153 initia
3089 4099 3462 4170 perveniendi
3483 4101 3557 4156 ad

1908 4207 2105 4247 veram
2137 4188 2345 4256 vitam;
2379 4186 2600 4244 scilicet
2618 4185 3051 4242 misericordias
3072 4187 3201 4258 ejus
3224 4186 3482 4258 introite,
3504 4192 3566 4251 et

1912 4279 2242 4336 confitendo
2276 4280 2511 4348 peccata
2537 4279 2751 4343 vestra,
2783 4275 2996 4332 intrate
3026 4276 3086 4330 in
3119 4299 3148 4326 ‹‹
3181 4276 3331 4332 atria
3358 4278 3510 4350 ejus,
3537 4302 3568 4329 »

1911 4369 1970 4424 id
1992 4372 2099 4436 est,
2117 4367 2175 4421 in
2198 4365 2441 4437 collegia
2461 4368 2800 4420 sanctorum
2823 4365 3219 4437 apostolorum
3240 4369 3300 4422 et
3319 4366 3569 4423 alierum

1914 4461 2274 4523 sanctorum,
2308 4452 2531 4510 scilicet
2553 4454 2973 4509 ceniormande
3003 4468 3106 4511 vos
3137 4455 3358 4511 sanctis
3388 4454 3447 4510 in
3478 4456 3574 4528 ple

1916 4544 2185 4602 nitudine
2234 4542 2501 4615 justitiaa,
2535 4546 2594 4598 et
2636 4545 2778 4597 tunc
2809 4564 2837 4590 «
2873 4542 3233 4597 conﬁtemini
3269 4565 3296 4592 η
3328 4543 3576 4599 Domino

1918 4659 1944 4684 ‹‹
1978 4634 2039 4689 in
2071 4632 2328 4706 hymnis,
2354 4654 2380 4679 »
2405 4630 2463 4685 id
2495 4634 2604 4697 est,
2629 4629 2690 4684 in
2722 4629 3021 4686 laudibus.
3054 4631 3221 4686 Tunc
3252 4630 3412 4687 enim
3443 4647 3577 4704 pes-

1839 4732 1886 4796 D
1920 4740 2129 4781 sumus
2161 4722 2476 4777 Dominum
2499 4719 2741 4775 laudare
2771 4718 3224 4790 acceptabiliter,
3254 4736 3392 4776 cum
3415 4719 3581 4794 prius

1926 4814 2163 4886 peccata
2192 4809 2444 4866 confessi
2473 4825 2703 4864 sumus.

1995 4901 2133 4956 Dico
2166 4923 2192 4948 ‹‹
2229 4894 2611 4968 confitemini,
2640 4920 2666 4945 »
2698 4913 2803 4953 nec
2843 4896 2998 4968 apud
3044 4913 3148 4953 vos
3194 4900 3448 4966 tantum,
3483 4899 3584 4955 sed

1924 5013 1953 5039 «
1987 4987 2221 5045 laudate
2257 5010 2283 5035 »
2315 4987 2468 5058 apud
2530 4985 2677 5041 alios
2720 5007 2749 5037 «
2798 5002 3013 5041 nomen
3075 4986 3225 5057 ejus,
3264 5008 3292 5035 »
3323 4985 3604 5061 dicentes,

1929 5102 1956 5129 ‹‹
1990 5077 2268 5150 quoniam
2315 5075 2600 5131 Dominus
2638 5100 2658 5123 »
2696 5075 2805 5130 istc
2841 5094 2865 5116 ι’
2899 5075 3095 5129 suavis
3126 5078 3217 5130 est
3256 5096 3282 5123 ››
3314 5078 3372 5130 et
3398 5074 3589 5131 dulcis

1925 5166 2324 5241 gustantibus,
2358 5169 2415 5220 et
2468 5164 2873 5219 misericordia
2913 5165 3043 5235 ejus
3078 5187 3104 5211 ››
3135 5168 3224 5218 est
3255 5185 3284 5213 «
3314 5164 3373 5218 in
3424 5168 3587 5219 teter-

1926 5274 2092 5323 num,
2132 5279 2157 5303 »
2192 5255 2249 5309 id
2292 5258 2404 5321 est,
2437 5271 2505 5308 ea
2553 5270 2681 5325 qua:
2742 5253 2850 5307 istc
2908 5252 3194 5307 Dominus
3252 5268 3355 5324 per
3412 5252 3587 5307 mise-

1932 5344 2246 5400 ricordiam
2305 5359 2475 5397 suam
2549 5341 2816 5413 largitur,
2888 5343 3115 5395 ducunt
3182 5339 3453 5396 homines
3518 5340 3591 5396 ad

1937 5432 2342 5489 aeternitatem.
2375 5453 2402 5481 «
2447 5432 2518 5486 Et
2568 5430 2784 5485 veritas
2842 5431 2990 5501 ejus,
3027 5452 3057 5478 ››
3106 5428 3163 5483 id
3214 5433 3306 5485 est
3352 5445 3421 5485 ea
3466 5445 3597 5501 quae

1940 5520 2239 5593 complent
2287 5520 2711 5591 promissiones
2752 5519 2878 5587 Dei,
2909 5536 3013 5590 per
3041 5536 3169 5590 quea
3198 5534 3371 5573 verax
3420 5534 3600 5590 appa-

1940 5617 2027 5668 ret
2055 5612 2231 5675 Deus,
2268 5614 2410 5664 sunt
2442 5634 2467 5657 ‹‹
2502 5610 2559 5662 in
2591 5608 2969 5681 generatione
2999 5612 3056 5663 et
3085 5608 3542 5681 generationem,
3578 5629 3606 5656 »

1943 5701 2000 5755 id
2032 5704 2139 5767 est,
2168 5702 2389 5753 aeterna
2436 5702 2621 5753 sunt:
2662 5698 2814 5752 idem
2859 5697 3183 5769 accipimus
3233 5714 3337 5768 per
3382 5695 3613 5754 miseri-

1953 5790 2213 5846 cordiam
2249 5792 2307 5843 et
2336 5787 2658 5850 veritatem,
2694 5787 2792 5842 sed
2828 5786 3071 5843 diversis
3106 5786 3315 5842 modis.
