3936 6422
408 460 519 521 531

954 596 1026 650 ΙΝ
1068 595 1416 652 PSALMUM
1457 594 1517 649 C.

775 688 1049 741 Trruws.
1084 688 1337 741 Psalmus
1369 688 1479 757 ipsi
1506 686 1697 741 David.

485 800 511 827 ‹‹
543 778 1025 833 Misericordiam.
1056 799 1082 824 »
1115 776 1383 832 Psalmus
1414 777 1520 832 istc
1567 780 1656 831 est
1703 778 1881 832 David
1932 796 2064 849 pro-

408 868 615 938 phetae,
649 866 748 938 qui
780 866 1059 938 loquitur,
1081 866 1167 922 vel
1190 866 1767 938 cujuscunquejusti
1801 867 2060 939 perfecti.

408 957 711 1012 Materiam
730 957 907 1012 habet
926 957 1239 1029 perfectam
1261 957 1784 1024 conversationem,
1801 974 1979 1028 quam
2004 958 2061 1012 in

404 1045 598 1118 seipso
630 1046 903 1102 ostendit.
938 1047 1148 1101 Modus
1173 1064 1185 1103 :
1208 1046 1268 1102 in
1302 1047 1491 1118 prima
1522 1051 1684 1118 parte
1716 1049 1973 1103 ostendit
2001 1066 2062 1104 sc

393 1140 557 1211 juste
586 1140 796 1206 vivere,
830 1144 888 1194 et
936 1138 1226 1194 malorum
1277 1139 1639 1193 consortium
1688 1140 1961 1194 devitarc.
1997 1141 2057 1195 In

402 1228 517 1285 alia
545 1232 729 1301 parte,
761 1246 890 1301 quae
942 1229 1148 1300 incipit
1182 1244 1193 1283 :
1226 1252 1244 1277 α
1272 1229 1434 1283 Oculi
1469 1230 1604 1293 mei,
1634 1252 1660 1277 »
1691 1230 1951 1285 ostendit
2000 1248 2061 1286 se

402 1320 689 1375 bonorum
722 1319 1016 1375 consortio
1048 1319 1362 1374 adhaerere.
1398 1318 1651 1374 Intendit
1683 1337 1789 1375 nos
1820 1338 1923 1391 per
1952 1321 2061 1377 hoc

402 1410 473 1464 ad
498 1410 767 1464 habitum
791 1410 1054 1481 perfecta:
1078 1410 1536 1464 conversationis
1559 1410 1800 1465 invitare
1826 1428 1838 1464 :
1863 1415 1937 1478 et,
1965 1430 2062 1467 an-

400 1502 640 1570 tequam
659 1500 729 1554 dc
745 1499 856 1555 hac
873 1499 1308 1554 conversatione
1326 1504 1481 1570 agat,
1498 1499 1801 1571 prazmittit
1818 1517 2055 1556 causam

401 1604 582 1661 quare
640 1588 814 1643 talem
871 1589 1050 1660 eligat
1092 1589 1615 1657 conversationem,
1650 1588 1874 1644 scilicet
1920 1591 2059 1660 quia

400 1679 586 1734 Deum
611 1677 861 1733 attendit
882 1696 998 1733 non
1022 1682 1253 1734 tantum
1272 1679 1461 1750 pium,
1480 1679 1578 1734 sed
1606 1679 1782 1734 etiam
1800 1679 2053 1750 justum.

400 1768 458 1823 Si
492 1768 650 1823 enim
682 1769 1090 1824 tantummodo
1122 1768 1285 1840 pium
1336 1770 1681 1837 attenderet,
1717 1787 1820 1841 pro
1872 1769 2056 1825 nihilo

396 1856 710 1925 laboraret,
742 1874 877 1912 cum
909 1858 1092 1914 Deum
1128 1859 1327 1914 omnia
1370 1876 1437 1914 ex
1479 1859 1692 1930 pietate
1726 1859 2056 1913 condonare

396 1949 631 2017 putaret
662 1963 675 2000 :
709 1946 811 2001 sed
843 1946 983 2017 quia
1004 1947 1235 2017 justum
1269 1946 1587 2018 cognoscit,
1614 1949 1670 2000 et
1698 1947 1768 2001 de
1800 1946 2055 2016 peccatis
2087 1968 2132 2031 Β

393 2034 826 2090 vindicaturum
852 2034 1148 2108 intelligit,
1169 2035 1499 2091 timendum
1523 2040 1775 2107 reputat,
1798 2039 1853 2089 ct
1869 2033 2053 2089 omni-

395 2122 508 2177 bus
534 2121 724 2177 modis
748 2120 1134 2193 placandum;
1160 2127 1217 2178 et
1236 2123 1371 2177 inde
1397 2123 1574 2178 dicit:
1600 2140 1633 2178 o
1656 2122 1918 2189 Domine,
1945 2139 2050 2193 ego

392 2211 641 2267 cantabo
675 2210 779 2265 tibi
814 2210 1275 2267 miscricordiam
1308 2215 1365 2267 et
1385 2210 1699 2281 judicium,
1724 2210 1782 2264 id
1814 2213 1903 2264 est
1932 2210 2051 2264 lau-

391 2299 543 2354 dabo
577 2302 633 2355 te
663 2300 733 2355 de
763 2299 873 2354 hoc
895 2301 1049 2372 quod
1072 2303 1134 2355 tu
1160 2300 1341 2355 habes
1373 2300 1559 2355 facere
1587 2296 2044 2354 misericordiam

391 2388 548 2456 aliis,
571 2390 627 2443 ct
648 2388 964 2459 judicium,
990 2389 1130 2462 quia
1160 2389 1335 2461 punis
1366 2405 1468 2460 pro
1501 2388 1774 2459 peccatis.

466 2477 771 2533 Praemissa
801 2496 999 2547 causa,
1026 2477 1228 2549 incipit
1247 2478 1373 2549 jam
1396 2477 1699 2532 ostendere
1727 2494 1893 2531 suam
1921 2477 2047 2547 jus-

388 2567 613 2634 titiam;
651 2584 717 2622 ac
749 2568 800 2622 si
834 2568 1088 2623 (liceret:
1124 2567 1271 2632 Quia
1301 2582 1416 2620 non
1450 2569 1681 2620 tantum
1716 2565 2043 2621 misericor-

388 2658 547 2722 dem,
575 2654 676 2711 sed
709 2655 887 2711 etiam
929 2655 1296 2727 judicantem
1346 2652 1630 2725 intelligo,
1666 2653 1793 2709 ideo
1823 2677 1851 2703 «
1888 2654 2042 2727 psal-

386 2746 567 2814 lam,»
589 2744 649 2801 id
669 2750 775 2814 est,
800 2746 948 2801 bene
968 2744 1268 2817 operabor,
1287 2747 1343 2799 et
1362 2760 1465 2816 per
1483 2743 1594 2799 hoc
1616 2744 1812 2799 venies
1834 2746 1905 2800 ad
1927 2761 2040 2815 me,

387 2839 457 2894 ut
485 2835 546 2891 in
578 2850 672 2891 me
700 2832 950 2890 habites.
978 2833 1049 2889 Et
1071 2856 1098 2881 ‹‹
1128 2832 1362 2904 quando
1389 2856 1416 2882 »
1440 2836 1499 2888 tu
1525 2856 1552 2882 ‹‹
1577 2833 1773 2888 venies
1796 2834 1868 2889 ad
1891 2851 2042 2906 me,»

386 2926 447 2982 id
480 2929 587 2994 est,
621 2927 677 2979 te
706 2939 834 2979 esse
866 2922 977 2977 mei
1009 2938 1408 2992 possessorem
1459 2926 1516 2977 et
1564 2922 2039 2993 inhabitatorem,

386 3015 447 3071 in
480 3031 596 3086 quo
643 3012 752 3069 hoc
776 3034 804 3062 «
857 3009 1220 3083 intelligam?
1260 3012 1321 3067 In
1353 3012 1446 3067 via
1494 3011 1895 3082 immaculata,
1923 3036 1950 3063 »
1982 3013 2043 3069 id

385 3108 493 3172 est,
516 3103 655 3176 quia
677 3100 882 3156 incedo
905 3099 1302 3169 immaculata,
1328 3100 1550 3157 scilicet
1572 3119 1674 3173 per
1694 3102 1855 3159 bona’
1867 3120 2043 3175 opera

386 3193 613 3261 incedo,
637 3195 695 3247 et
724 3187 984 3261 intelligo
1008 3191 1161 3261 quod
1193 3195 1255 3245 tu
1288 3190 1360 3245 ad
1392 3208 1598 3247 omnes
1623 3190 1786 3247 venis
1818 3191 2041 3248 inhabi-

383 3283 618 3349 tandos,
643 3278 745 3352 qui
777 3293 880 3349 per
901 3301 927 3328 (ι
953 3277 1384 3335 immaculata»
1408 3297 1583 3352 opera
1613 3281 1910 3336 incedunt.

453 3370 581 3426 Dixi
617 3392 644 3419 ‹‹
680 3366 950 3440 psallam,
980 3390 1005 3415 »
1029 3372 1087 3422 et
1124 3369 1252 3439 jam
1302 3385 1437 3423 sum
1485 3373 1779 3440 operatus.
1813 3371 1882 3425 Et
1929 3370 2038 3425 hoc

382 3458 525 3513 dicit
545 3480 572 3505 ‹‹
599 3455 1104 3527 perambulabam,
1128 3478 1154 3505 »
1176 3456 1232 3511 id
1257 3459 1347 3511 est
1369 3457 1714 3528 pertransivi
1741 3457 2039 3513 voluntate

380 3544 504 3599 haec
533 3544 992 3615 mundana,quze
1026 3545 1082 3599 in
1115 3549 1330 3600 natura
1350 3545 1441 3600 sui
1466 3562 1698 3617 semper
1721 3551 1862 3602 sunt
1884 3551 2041 3602 tran-

380 3631 729 3697 sitoria,hoc
750 3635 839 3686 est
862 3648 874 3685 :
901 3650 1016 3687 non
1040 3634 1300 3704 reputavi
1325 3651 1417 3689 me
1440 3634 1535 3689 hic
1557 3634 1771 3689 habere
1794 3654 2034 3692 manen-

380 3725 496 3776 tem
523 3720 840 3791 civitatem,
866 3722 967 3777 sed
1001 3739 1232 3794 semper
1261 3727 1471 3795 appeto
1499 3722 1812 3790 cmlestem,
1838 3729 1895 3779 et
1927 3726 2036 3781 hoc

377 3834 405 3859 ‹‹
441 3811 501 3865 in
532 3809 868 3866 innocentia
897 3811 1091 3867 cordis
1132 3812 1267 3866 mei.
1294 3833 1321 3861 η
1357 3813 1465 3867 Sed
1511 3829 1627 3867 non
1669 3816 1899 3879 tantum
1933 3816 2033 3870 ab-

377 3898 555 3954 stinui
592 3916 805 3954 manus
837 3916 908 3955 ne
940 3904 1217 3955 nocerent
1259 3900 1544 3971 proximo,
1579 3902 1677 3955 sed
1730 3902 1906 3957 etiam
1936 3921 2033 3958 vo-

376 3987 704 4042 luntatem:
738 3992 795 4043 et
826 3987 937 4043 hoc
969 4012 993 4037 ‹‹
1024 3988 1081 4042 in
1114 3988 1306 4044 medio
1339 3990 1550 4044 domus
1582 4007 1746 4057 mem,
1770 4014 1798 4040 »
1833 3991 1889 4046 id
1924 3996 2033 4060 est,

376 4075 850 4148 congregationis
899 4076 1184 4145 fidelium,
1220 4078 1373 4132 inter
1420 4096 1567 4150 quos
1597 4079 1773 4146 ;unus
1822 4098 1980 4137 eram
2016 4100 2029 4138 :

376 4180 511 4237 opm
564 4164 705 4220 dicit
737 4188 763 4213 ‹‹
798 4165 858 4219 in
910 4166 1123 4234 medio,
1161 4189 1187 4215 »
1222 4170 1386 4221 notat
1424 4168 1579 4239 quod
1637 4169 1914 4226 omnibus
1972 4171 2032 4226 in

376 4252 694 4324 semetipso
726 4255 1087 4325 proponebat
1114 4255 1447 4327 exemplum
1482 4257 1627 4313 bene
1657 4260 1958 4330 operandi.

448 4342 659 4397 Praeter
687 4342 798 4397 hoc
829 4343 1006 4398 etiam
1032 4367 1057 4392 ‹‹
1089 4361 1205 4399 non
1238 4347 1632 4416 proponebam
1666 4352 1803 4403 ante
1833 4350 2031 4404 oculos

375 4447 537 4486 meos
590 4453 618 4479 »
652 4431 977 4497 interiores,
1028 4431 1287 4504 aliquam
1321 4457 1348 4484 ‹‹
1399 4452 1521 4489 rem
1570 4435 1916 4507 injustam»
1972 4442 2034 4493 ut

374 4518 519 4573 mihi
553 4517 808 4590 placeret
837 4517 1035 4590 aliqua
1065 4519 1377 4589 injustitia,
1404 4522 1503 4576 sed
1540 4522 1735 4591 potius
1757 4546 1785 4572 ‹‹
1814 4525 2029 4579 facien-

371 4609 459 4661 tes
489 4629 516 4654 »
543 4605 852 4661 actualitcr
874 4630 901 4656 «
940 4608 1463 4678 praevaricationes,
1494 4632 1520 4657 »
1556 4610 1611 4664 id
1663 4615 1752 4665 est
1802 4611 2030 4684 aliquas

372 4694 724 4749 offensiones
756 4699 958 4751 contra
989 4702 1344 4767 praeceptum
1379 4697 1524 4768 legis
1556 4722 1583 4747 ‹‹
1621 4699 1793 4753 odivi.
1825 4722 1851 4748 »

443 4783 513 4836 Et
540 4784 716 4837 etiam
741 4808 769 4833 «
793 4801 893 4838 cor
923 4802 1190 4855 pravum,
1219 4808 1244 4833 »
1270 4786 1325 4839 id
1361 4790 1451 4840 est
1489 4785 1664 4841 homo
1711 4790 1869 4859 pravi
1904 4808 2029 4845 cor-

370 4870 482 4937 dis,
509 4870 730 4926 scilicet
761 4872 1082 4927 malevolus
1112 4873 1348 4945 aliquis,
1375 4899 1399 4923 u
1437 4875 1569 4930 licet
1602 4894 1714 4931 non
1744 4883 1877 4933 actu
1912 4896 2026 4934 ma-

370 4958 558 5014 litiam
587 4982 613 5007 »
648 4979 817 5015 suam
868 4967 1242 5032 exsequatur,
1270 4986 1295 5011 ‹‹
1334 4982 1449 5018 non
1501 4965 1750 5020 adhaesit
1794 4967 1960 5034 mihi,
2000 4992 2026 5018 »

368 5047 422 5102 id
459 5051 569 5118 est,
603 5066 718 5102 non
752 5049 972 5120 placuit
1004 5050 1169 5118 mihi,
1204 5069 1309 5107 nec
1350 5053 1458 5107 fuit
1489 5053 1633 5108 mihi
1667 5055 1975 5112 familiaris
2010 5075 2021 5111 :

369 5160 396 5185 ε(
430 5136 823 5191 declinantem
850 5161 875 5187 ››
900 5157 1032 5194 vero
1056 5164 1079 5187 ‹‹
1116 5158 1148 5195 a
1178 5158 1290 5207 me,
1322 5163 1349 5189 »
1373 5142 1429 5195 id
1462 5146 1549 5197 est
1581 5143 1845 5199 moribus
1880 5145 2026 5202 meis

369 5225 655 5280 assentire
684 5226 989 5293 vitantem,
1022 5228 1215 5299 ipsum
1249 5229 1378 5284 dico
1422 5235 1656 5301 propter
1698 5232 1806 5287 hoc
1837 5257 1861 5281 ‹‹
1903 5252 2023 5289 [ua-

368 5309 627 5383 lignum;
657 5336 683 5361 »
717 5314 767 5368 si
799 5316 953 5385 apud
1008 5317 1239 5389 aliquos
1297 5320 1691 5389 praetendebat
1729 5321 2024 5391 justitiam

366 5414 559 5471 suam,
585 5424 611 5450 «
656 5401 814 5456 hunc
870 5421 987 5458 non
1048 5407 1472 5477 cognoscebam
1516 5430 1543 5456 »
1579 5409 1812 5478 justum
1873 5428 2021 5479 esse,

367 5486 521 5541 sicut
552 5488 647 5542 alii
681 5494 912 5560 putant,
939 5510 1043 5547 nee.
1074 5494 1252 5549 vitam
1288 5495 1478 5566 ipsius
1509 5499 1929 5568 approbabam.

440 5596 464 5619 ‹‹
504 5575 914 5633 Detrahentem
950 5586 1169 5637 secreto
1202 5584 1465 5653 proximo
1499 5604 1604 5640 suo
1637 5586 1793 5642 hunc
1825 5607 2022 5659 perse-

368 5662 589 5725 quebar
622 5686 648 5709 »
682 5663 943 5733 diligenti
996 5671 1415 5739 exhortatione,
1453 5679 1517 5727 ut
1568 5676 1639 5729 al»
1692 5696 1883 5734 errore
1916 5697 2023 5733 suo

369 5747 723 5801 retraherent)
734 5787 745 5798 .

828 462 1239 522 llAYMONIS
1272 461 1816 521 llALBERSTAT.
1853 460 2094 522 EPISC.
2131 462 2303 522 OPP.
2340 463 2540 525 PAltS
2572 465 2618 525 Ι.
2656 498 2728 509 --
2761 465 3165 527 COMMENT.
3198 469 3399 528 BlBL.

3704 472 3827 531 532

2095 593 2150 661 Α
2251 596 2434 652 Homo
2488 615 2621 654 vero
2680 598 2781 671 qui
2810 622 2839 649 ‹‹
2890 600 3144 673 superbo
3201 600 3367 658 oculo
3419 625 3447 652 »
3489 606 3827 677 apparebat,

2176 706 2203 732 ‹‹
2234 688 2289 739 et
2320 685 2641 742 insatiabili
2664 690 2893 760 corde,»
2918 690 2973 744 id
3008 695 3097 746 est
3125 708 3317 759 avaro,
3342 715 3369 741 ‹‹
3406 710 3540 749 cum
3572 693 3681 750 hoc
3712 714 3826 751 non

2173 774 2418 830 edebam
2462 799 2487 823 »
2520 776 2716 832 cibum
2769 780 3151 851 corporalem,
3181 782 3268 836 vel
3322 784 3516 855 potius
3565 785 3834 857 spiritua-

2173 860 2310 930 lem,
2344 863 2568 919 scilicet
2614 866 2901 923 Dominici
2937 869 3198 941 corporis
3251 873 3645 929 refectionem.
3678 876 3829 931 Sunt

2171 951 2328 1006 enim
2353 954 2662 1010 manifeste
2688 955 2783 1011 isti
2808 956 2947 1013 mali
2971 976 3004 1012 a
3025 958 3153 1015 cibo
3176 960 3461 1017 bonorum
3486 966 3822 1036 separandi;

2173 1040 2329 1095 unde
2359 1041 2514 1097 enim
2546 1044 2860 1115 Apostolus
2886 1063 2931 1102 ;‹‹
2960 1047 3103 1103 Cum
3134 1048 3475 1122 hujusmodi
3505 1070 3607 1108 nec
3628 1054 3821 1110 cibum

2172 1145 2424 1185 SlllIlCI‘C.
2454 1154 2479 1178 ι)

2245 1218 2383 1273 Pars
2417 1224 2693 1278 secunda.
2720 1247 2745 1271 ‹‹
2782 1224 3005 1280 Oculi.»
3033 1227 3129 1282 Isti
3164 1246 3277 1283 non
3313 1230 3626 1301 placebunt
3653 1234 3819 1301 mihi,

2172 1308 2272 1360 sed
2299 1333 2323 1355 ‹‹
2352 1310 2501 1364 oculi
2529 1312 2661 1378 mei,
2694 1337 2718 1359 η
2744 1312 2799 1368 id
2831 1319 2938 1381 est,
2961 1316 3299 1373 affectiones
3321 1338 3481 1387 mea),
3510 1326 3672 1378 erant
3696 1346 3722 1371 α
3747 1325 3819 1377 ad

2172 1396 2394 1467 fideles,
2422 1423 2447 1447 »
2472 1417 2586 1455 non
2638 1402 2814 1459 unius
2872 1403 3002 1471 loci,
3037 1407 3139 1460 sed
3181 1430 3209 1455 ‹‹
3255 1411 3439 1476 terrae,
3475 1415 3540 1465 ut
3583 1412 3824 1466 sedeant

2171 1501 2424 1553 mecum,
2454 1512 2479 1535 »
2515 1489 2568 1543 id
2601 1494 2689 1544 est
2719 1495 2783 1545 ut
2813 1492 3036 1549 similes
3069 1495 3214 1550 mihi
3258 1498 3404 1553 fiant
3433 1502 3491 1553 et
3520 1499 3825 1571 quiescant

2170 1572 2226 1626 in
2278 1574 2663 1631 delectatione
2712 1580 2981 1651 justitire,
3025 1584 3178 1638 sicut
3225 1601 3403 1655 cgo.«
3438 1588 3758 1645 Ambulans
3794 1614 3821 1637 »ι

2168 1664 2360 1716 autem
2386 1687 2412 1712 ‹‹
2442 1664 2499 1719 in
2530 1665 2622 1721 via
2652 1666 3050 1736 immaculata,
3086 1670 3180 1726 hic
3212 1673 3355 1727 mihi
3389 1675 3821 1735 ministrabat.»

2167 1750 2317 1805 Sunt
2347 1753 2502 1807 enim
2536 1754 2783 1827 eligendi
2833 1759 3037 1813 mundi
3080 1765 3138 1815 et
3178 1761 3407 1819 honesti
3438 1764 3545 1819 viri
3581 1767 3683 1838 qui
3714 1769 3822 1823 mi-

2165 1838 2417 1896 nistrent
2448 1841 2505 1896 in
2536 1844 2710 1898 domo
2743 1845 2995 1903 Domini.
3382 1874 3385 1877 λ

2236 1951 2263 1977 ‹‹
2299 1930 2405 1995 Qui
2438 1931 2575 1986 facit
2605 1934 3011 2006 superbiam.»
3039 1939 3163 1994 Non
3187 1940 3317 1997 dico
3349 1941 3409 1997 in
3433 1943 3630 2017 aliqua
3660 1953 3820 2019 parte

2161 2016 2373 2073 domus
2406 2019 2528 2089 Dei,
2554 2022 2693 2093 quia
2733 2023 2872 2079 mali
2920 2032 3343 2098 supportantur
3391 2032 3448 2086 in
3501 2016 3758 2091 Ecclesia
3787 2056 3821 2093 a

2160 2104 2434 2175 praelatis,
2452 2114 2515 2162 ut
2537 2110 2907 2183 corrigantur
2926 2119 2983 2169 ct
3007 2116 3315 2186 desistant,
3333 2122 3433 2176 sed
3459 2145 3485 2171 ‹‹
3512 2140 3630 2179 non
3660 2124 3820 2181 babi-

2158 2194 2305 2248 tabit
2334 2195 2389 2249 in
2426 2199 2618 2253 medio
2652 2201 2864 2258 domus
2895 2221 3059 2271 mea),
3090 2228 3116 2253 »
3141 2205 3198 2261 id
3232 2212 3322 2264 est
3348 2215 3816 2285 congregationis

2160 2281 2443 2373 fidelium.
2462 2286 2606 2342 Cum
2631 2288 2791 2357 dicit,
2819 2315 2845 2341 ‹‹
2873 2290 2932 2346 in
2965 2294 3217 2360 medio,»
3241 2296 3341 2351 dat
3372 2281 3812 2373 intelligendum

2158 2371 2311 2441 quod
2338 2373 2510 2428 talem
2537 2393 2651 2432 non
2676 2377 2971 2435 facietsibi
2992 2382 3486 2451 familiarem,nec
3508 2371 3813 2460 praelatum

2158 2457 2216 2512 in
2247 2460 2420 2517 domo
2451 2463 2551 2519 Dei
2583 2467 2917 2536 constituet,
2946 2487 2979 2524 a
3001 2486 3115 2541 quo
3148 2471 3243 2527 alii
3266 2472 3351 2529 vel
3382 2457 3813 2535 malumexem-

2156 2548 2340 2619 plum,
2365 2551 2452 2605 vel
2487 2553 2703 2610 malam
2735 2557 3025 2628 accipiant
3050 2560 3377 2618 doctrinam
3402 2580 3415 2619 :
3442 2582 3555 2621 non
3580 2570 3809 2624 tantum

2156 2659 2181 2685 α
2209 2638 2306 2710 qui
2335 2640 2469 2695 facit
2492 2644 2888 2715 superbiam,»
2913 2650 3012 2702 sed
3037 2649 3214 2706 etiam
3237 2674 3263 2699 ‹‹
3292 2651 3392 2724 qui
3416 2652 3674 2726 loquitur
3697 2657 3808 2713 ini-

2155 2744 2290 2798 qua,
2319 2751 2346 2777 ››
2371 2730 2593 2787 scilicet
2622 2733 2723 2805 qui
2774 2738 3109 2793 consuescit
3139 2739 3197 2794 in
3250 2740 3624 2815 maliloquio;
3675 2745 3812 2802 licet

2153 2816 2247 2873 bis
2274 2822 2331 2874 et
2361 2819 2471 2875 sibi
2500 2820 2797 2879 similibus
2819 2825 3077 2882 directus
3099 2836 3397 2902 appareat,
3420 2836 3615 2889 tamen
3640 2858 3667 2884 «
3691 2852 3808 2892 non

2154 2908 2365 2964 direxit
2394 2909 2452 2964 in
2499 2911 2813 2984 conspectu
2861 2915 3165 2973 oculorum
3214 2936 3555 2988 meorum,»
3587 2924 3812 2982 scilicet

2153 3001 2220 3052 ut
2246 2998 2390 3053 mihi
2426 2999 2699 3072 placeret.

2226 3110 2253 3136 ‹‹
2286 3088 2348 3142 In
2400 3090 2773 3146 matutino.»
2820 3093 2987 3149 Ponit
3045 3113 3285 3152 causam
3334 3116 3511 3170 quare
3560 3101 3810 3160 istorum

2152 3175 2339 3249 fugiat
2368 3178 2729 3248 societatem,
2757 3181 2895 3253 quia
2924 3186 3278 3258 quandoque
3307 3187 3460 3244 videt
3504 3206 3600 3246 eos
3645 3196 3810 3248 teter-

2152 3265 2366 3321 nalitcr
2395 3268 2688 3325 consortio
2730 3271 3017 3328 bonorum
3063 3277 3448 3346 separandos;
3481 3295 3547 3333 ac
3578 3279 3626 3335 si
3658 3281 3811 3338 dice-

2073 3336 2115 3402 C
2148 3358 2272 3409 ret:
2304 3355 2435 3411 Ideo
2488 3359 2835 3429 separabam
2870 3378 2964 3415 me
3012 3379 3046 3416 a
3093 3336 3330 3431 talibus,
3366 3336 3503 3437 quia
3524 3390 3551 3416 «
3583 3336 3806 3426 interfi-

2147 3442 2398 3513 cicbam,
2420 3467 2448 3493 »
2478 3446 2535 3501 id
2568 3451 2657 3501 est
2686 3447 3087 3507 interficiendo
3118 3452 3513 3526 intelligebam
3538 3480 3565 3506 «
3599 3474 3807 3514 omnes

2147 3538 2482 3603 peccatores
2515 3539 2679 3590 terra:
2728 3537 2785 3592 in
2820 3540 3130 3611 matutino,
3163 3563 3189 3589 »
3222 3541 3280 3597 id
3332 3547 3437 3611 est,
3472 3544 3530 3600 in
3554 3546 3805 3619 judicio,

2147 3624 2382 3693 quando
2412 3641 2547 3679 vera
2594 3624 2692 3680 lux
2733 3626 2976 3699 incipiet
3004 3629 3139 3684 oriri
3190 3630 3382 3699 bonis,
3414 3649 3530 3687 non
3578 3633 3799 3690 interfi-

2145 3711 2405 3776 ciendos,
2439 3713 2537 3784 qui
2588 3714 2905 3787 aliquando
2936 3718 3007 3772 ad
3050 3717 3511 3776 misericordiam
3564 3730 3806 3794 possent

2145 3801 2425 3870 revenire,
2458 3804 2555 3857 sed
2592 3828 2617 3852 ‹‹
2654 3809 2721 3859 ut
2750 3804 3172 3877 disperderem,
3201 3830 3229 3857 »
3253 3807 3310 3864 id
3339 3814 3429 3865 est
3457 3809 3801 3883 disperden-

2144 3891 2250 3945 dos
2283 3908 2692 3963 cognoscerem
2717 3917 2745 3944 «
2771 3896 2841 3950 de
2892 3896 3123 3952 civitate
3155 3897 3408 3967 Domini,
3438 3921 3465 3948 »
3489 3899 3545 3955 id
3595 3908 3684 3957 est
3731 3903 3803 3958 dc

2143 3997 2399 4052 superna
2432 3981 2820 4048 Hierusalem,
2848 4006 2875 4034 ‹‹
2907 4002 3113 4041 omnes
3162 3992 3469 4057 operantes
3517 3988 3801 4063 iniquita—

2144 4073 2282 4124 tem.
2314 4094 2338 4117 »
2363 4071 2487 4125 Non
2522 4071 2663 4127 dicit
2693 4072 2792 4143 qui
2844 4075 3065 4145 operati
3108 4080 3264 4143 sunt,
3300 4078 3397 4132 sed
3434 4079 3533 4150 qui
3583 4080 3643 4135 in
3692 4081 3800 4137 hoc

2144 4159 2468 4230 persistunt
2501 4178 2513 4214 :
2548 4160 2633 4216 vel
2667 4178 2983 4233 possumus
3016 4169 3346 4235 peccatores
3393 4166 3489 4221 hic
3541 4169 3799 4241 accipere

2143 4248 2435 4304 daemones
2462 4250 2618 4321 ipsos
2642 4255 2698 4304 et
2722 4253 3129 4323 suggestiones
3152 4254 3451 4311 immissas
3475 4273 3507 4311 a
3526 4257 3793 4314 diabolo:

2141 4341 2198 4393 et
2228 4342 2369 4392 tunc
2419 4338 2500 4392 ita
2531 4339 2989 4395 continuabitur.
3024 4342 3086 4397 In
3148 4342 3280 4399 aliis
3330 4361 3444 4399 non
3493 4344 3801 4417 placebant

2142 4425 2286 4481 mibi
2322 4427 2495 4489 mala,
2523 4428 2620 4482 sed
2658 4428 2853 4499 potius
2885 4430 2942 4484 in
2967 4448 3060 4486 me
3089 4431 3214 4503 ipso
3238 4431 3654 4489 interficiebam
3678 4452 3797 4490 om-

2143 4532 2245 4569 nes
2285 4519 2619 4587 peccatores
2672 4522 2858 4583 terrze,
2894 4519 2951 4573 id
3002 4524 3090 4574 est
3138 4536 3342 4576 omnes
3391 4522 3796 4594 suggestioncs

2141 4604 2285 4659 mihi
2311 4604 2611 4660 immissas
2633 4623 2667 4661 a
2689 4606 2920 4663 diabolo
2945 4625 2957 4661 :
2981 4608 3165 4664 ethoc
3186 4609 3245 4663 in
3270 4610 3575 4678 matutino,
3604 4612 3659 4667 id
3684 4617 3791 4680 est,

2061 4709 2107 4773 ι)
2140 4694 2198 4749 in
2219 4694 2345 4765 ipso
2365 4693 2706 4761 initio,dum
2736 4695 2872 4767 ipsa:
2897 4696 3304 4770 suggestioncs
3325 4699 3612 4770 incipiunt
3632 4701 3791 4769 oriri,

2140 4777 2380 4849 scilicet,
2408 4801 2519 4837 non
2547 4785 2937 4854 perducebam
2963 4788 3030 4841 ad
3053 4791 3249 4842 actum
3273 4789 3328 4843 id
3353 4789 3503 4860 quod
3531 4794 3797 4862 suppete-

2138 4873 2279 4927 bant
2312 4872 2735 4943 suggestione-.3.
2762 4875 2843 4928 Ad
2878 4874 2987 4931 hoc
3015 4876 3435 4933 intcrﬁeiebam
3473 4882 3535 4932 ut
3565 4877 3795 4950 disper-

2137 4963 2356 5027 dereni,
2379 4980 2447 5014 ne
2466 4961 2741 5034 deinceps
2765 4963 3090 5019 radicarent
3112 4966 3182 5019 de.
3207 4966 3435 5021 civitate
3460 4966 3711 5035 Domini,
3737 4970 3793 5023 id

2138 5055 2227 5105 est
2257 5051 2327 5105 de
2358 5049 2557 5105 anima
2606 5069 2756 5117 mea,
2784 5070 2909 5123 qua:
2941 5058 3031 5108 est
3065 5054 3297 5109 munita
3346 5054 3443 5110 Dei
3487 5054 3793 5125 habitatio,

2136 5157 2338 5194 omnes
2369 5145 2679 5211 operantes
2710 5141 3104 5213 iniquitatem,
3142 5144 3197 5197 id
3230 5147 3338 5211 est,
3373 5144 3688 5212 daemones,
3723 5162 3792 5199 ne

2136 5228 2347 5283 dehinc
2379 5230 2781 5285 habitaculum
2829 5232 2884 5285 in
2919 5249 3012 5287 mc
3044 5232 3347 5299 baberent,
3381 5233 3478 5304 qui
3513 5233 3792 5289 dicuntur

2137 5323 2468 5390 peccatores
2508 5324 2566 5374 et
2614 5320 2860 5392 operarii
2895 5320 3245 5394 iniquitatis,
3279 5322 3379 5394 qui
3430 5340 3609 5377 causa
3652 5327 3789 5378 sunt

2136 5409 2315 5463 totius
2350 5408 2590 5480 peccati.

2661 5517 2732 5572 IN
2783 5518 3131 5573 PSALMUM
3172 5518 3259 5573 Cl.

2235 5606 2511 5660 'l‘rru1.us.
2548 5607 2731 5662 Oratio
2758 5610 3038 5677 pauperis,
3075 5625 3197 5663 cum
3224 5609 3486 5663 αηςτίαιηδ
3524 5609 3696 5677 fuerit

2348 5686 2397 5732 ct
2420 5695 2601 5733 eorum
2628 5680 2854 5734 Domino
2882 5697 3093 5751 prerem
3117 5697 3275 5733 suam
3302 5680 3571 5750 e/I'mtcrit.

2208 5791 2231 5811 ‹‹
2275 5767 2533 5832 Domine,
2581 5767 2785 5823 exaudi
2837 5769 3157 5824 orationem
3209 5785 3420 5824 meam.
3460 5792 3486 5815 »
3521 5768 3788 5825 Psalmus
