3936 6368
129 458 243 523 533

1260 405 1261 408 Ν
1304 452 1808 515 EXPLANATlO
1851 451 1927 512 1N
1972 405 2355 513 PSALMOS.

3423 453 3539 516 534

129 590 237 647 iste
256 588 471 646 dicitur
494 586 854 660 oratio,quia
885 586 941 643 in
976 587 1167 660 prima
1188 590 1351 660 parte
1373 586 1630 643 continet
1654 604 1774 643 ora—
1803 586 1859 653 Α
1889 586 2116 658 perdita
2144 585 2502 658 pinguedine
2550 586 2786 659 propria
2833 591 2889 643 et
2937 586 3369 644 illuminatione
3415 586 3564 659 Dei,

125 680 363 745 tionem,
382 683 439 734 et
468 677 586 734 alia
609 695 736 750 quae
759 682 1201 750 postponuntur
1230 695 1418 732 causze
1443 681 1582 733 sunt
1599 694 1780 748 quare

124 769 199 826 sit
220 769 527 826 orandum.
543 766 938 823 Nominantur
959 770 1155 822 autem
1173 765 1340 821 multi
1360 765 1493 821 libri
1515 769 1774 839 respectu

126 859 444 932 primarum
464 857 742 929 partium,
766 855 943 910 veluti
978 857 1220 927 quidam
1248 855 1393 910 liber
1416 857 1597 928 Moysi
1619 873 1782 911 voea-

127 951 222 1003 tur
257 945 518 1014 Genesis,
554 944 692 1017 quia
722 944 779 998 in
811 945 1100 1017 principio
1130 945 1439 1016 exponitur
1482 948 1778 1017 generatio

127 1035 248 1093 εαξιί
276 1040 332 1090 et
378 1038 577 1101 terrae;
611 1038 668 1089 et
716 1034 838 1089 haec
886 1038 976 1090 est
1023 1035 1207 1089 oratio
1256 1033 1432 1089 David
1485 1035 1776 1105 prOphetze

127 1124 521 1199 pauperis,vel
553 1122 807 1195 alicujus
837 1123 955 1178 veri
987 1108 1355 1195 pauperis,in
1390 1123 1498 1177 hac
1520 1126 1780 1185 conside-

128 1216 349 1269 ratione
367 1213 775 1279 habitus,cum
808 1230 1038 1285 precem
1074 1230 1242 1266 suam
1264 1215 1398 1267 ante
1420 1213 1601 1267 Deum
1635 1214 1776 1269 effu~

128 1303 293 1359 derit.
323 1303 526 1358 Preces
558 1302 667 1355 illa:
701 1302 980 1357 dicuntur
1009 1302 1226 1357 effundi
1261 1319 1454 1357 coram
1488 1304 1623 1369 Deo,
1650 1320 1777 1373 quce

125 1391 306 1447 nullis
334 1390 789 1463 cogitationibus
839 1391 1293 1461 prazveniuntur,
1328 1391 1507 1446 nullis
1538 1392 1778 1446 omnino

126 1480 445 1536 obstaculis
475 1479 691 1534 diaboli
726 1480 1148 1550 impediuntur,
1175 1480 1275 1534 sed
1307 1497 1455 1551 pura
1477 1479 1778 1534 devotione

125 1570 196 1625 ad
224 1569 421 1641 ipsum
461 1569 646 1623 Deum
695 1568 1052 1640 diriguntur.
1087 1568 1373 1640 Loquitur
1420 1569 1511 1622 hic
1560 1586 1781 1640 pauper

124 1656 425 1725 David,vel
458 1656 708 1729 quilibet
736 1656 1044 1724 alius,non
1076 1674 1179 1729 pro
1224 1675 1341 1712 una
1371 1674 1641 1729 persona,
1677 1659 1778 1713 sed

123 1763 225 1818 pro
255 1737 510 1818 singulis
536 1764 548 1801 :
574 1762 795 1818 pauper
820 1745 997 1802 etiam
1031 1746 1155 1818 ipse
1184 1746 1393 1801 anxius
1424 1746 1660 1819 propria
1688 1748 1781 1803 de-

121 1834 260 1890 licta
289 1838 349 1890 et
379 1834 557 1890 totius
588 1834 833 1890 humani
866 1834 1098 1907 generis
1130 1834 1418 1902 miserias,
1434 1838 1491 1890 et
1521 1835 1637 1890 Deo
1658 1852 1782 1907 pre-

123 1942 216 1981 ces
237 1942 380 1980 suas
395 1923 698 1979 humiliter
719 1924 1005 1980 deferens.
1025 1925 1232 1979 Modus
1258 1941 1271 1979 :
1300 1924 1357 1978 in
1382 1924 1573 1995 prima
1594 1928 1779 1995 parte,
1808 1958 1858 2024 B

122 2015 292 2087 quasi
314 2013 725 2086 deprecatione
753 2018 1077 2082 utens,non
1108 2017 1347 2068 excusat
1380 2014 1579 2081 se,sed
1613 2014 1779 2085 quasi

122 2121 255 2160 reus
288 2102 431 2159 facit
454 2102 797 2170 orationem,
831 2107 888 2159 et
916 2102 1083 2174 quasi
1119 2102 1402 2157 miserum
1435 2118 1496 2157 se
1536 2102 1781 2157 conﬁtc-

120 2196 236 2261 tur,
269 2197 337 2249 ut
367 2209 471 2264 per
500 2192 622 2247 haec
652 2191 1111 2247 misericordiam
1146 2195 1372 2246 moveat
1403 2191 1460 2245 in
1478 2191 1699 2260 judice.
1719 2191 1781 2245 In

123 2283 383 2339 secunda
413 2285 595 2355 parte,
620 2298 748 2354 quze
780 2280 1021 2353 incipit:
1047 2304 1075 2330 «
1101 2282 1419 2336 Percussus
1449 2297 1580 2335 sum
1612 2284 1679 2335 ut
1709 2280 1783 2335 fe-

123 2388 288 2440 num,
315 2395 343 2423 »
379 2375 689 2427 enumerat
718 2370 990 2426 miserias
1023 2387 1172 2442 quas
1203 2370 1427 2442 patitur
1448 2386 1634 2441 genus
1665 2369 1779 2424 hu-

118 2476 392 2517 manum.
422 2460 485 2515 ln
514 2459 686 2515 tertia
715 2464 899 2531 parte,
933 2476 1061 2531 qua:
1090 2457 1299 2530 incipit
1329 2474 1342 2513 :
1380 2481 1407 2508 «
1431 2459 1517 2514 Tu
1558 2462 1776 2525 autem,

119 2549 390 2617 Domine,
425 2572 453 2599 »
487 2549 743 2605 ostendit
773 2548 1188 2604 conﬁdentiam
1222 2564 1397 2620 quam
1429 2546 1623 2614 habet,
1645 2546 1784 2618 quia

122 2636 383 2694 miseriis
415 2637 544 2692 istis
575 2637 877 2708 eripiatur.
912 2637 980 2691 Et
1009 2653 1112 2708 per
1161 2636 1375 2707 quem?
1407 2634 1630 2692 scilicet
1683 2652 1785 2707 per

118 2724 444 2782 Christum.
478 2727 547 2781 Et
574 2724 678 2780 ﬁlii
712 2740 1010 2780 servorum
1041 2725 1142 2780 Dei
1193 2742 1327 2779 cum
1379 2725 1506 2796 ipso
1550 2725 1781 2779 habita-

122 2814 296 2882 bunt,
315 2819 374 2870 et
400 2830 600 2870 semen
632 2830 834 2869 eorum
864 2814 923 2867 in
956 2812 1233 2868 saeculum
1267 2813 1572 2885 dirigetur.
1597 2815 1786 2869 Inten—

120 2902 205 2958 tio
237 2906 333 2959 est
364 2919 472 2958 nos
493 2901 741 2956 invitare
772 2906 837 2956 ut
866 2902 951 2956 sic
998 2902 1407 2972 pceniteamus,
1442 2907 1509 2957 ut
1548 2905 1786 2974 peccata

126 2995 333 3047 nostra
364 2994 422 3045 et
449 2989 564 3044 alia
587 2990 980 3060 deploremus.

190 3078 282 3132 Ab
312 3074 577 3131 oratione
618 3075 702 3130 sic
733 3074 940 3147 incipit
975 3092 986 3129 :
1024 3099 1051 3125 α
1086 3076 1352 3145 Domine,
1404 3078 1611 3132 exaudi
1656 3094 1784 3133 ora-

118 3163 343 3220 tionem
379 3178 590 3230 meam,
626 3166 683 3216 et
733 3162 954 3217 clamor
1002 3179 1189 3230 meus,
1227 3186 1254 3211 ››
1287 3162 1344 3218 id
1397 3168 1504 3230 est,
1545 3164 1788 3220 interior

119 3252 396 3318 intentio,
431 3251 550 3306 sive
577 3268 709 3305 cum
744 3268 881 3307 voce
915 3253 1033 3318 fiat,
1068 3250 1186 3306 sive
1218 3268 1356 3319 non,
1390 3276 1416 3300 ‹‹
1454 3253 1525 3307 ad
1572 3257 1625 3308 te
1655 3270 1782 3324 per-

1890 674 2177 747 implicita
2200 675 2406 731 multis
2438 677 2711 749 peccatis,
2728 677 2907 749 digna
2926 676 3214 734 ethabilis
3243 682 3545 750 repetetur

1891 764 2159 821 cremari.

1962 877 1989 903 «
2014 853 2331 909 Percussus
2348 872 2501 910 sum.
2530 878 2556 903 ››
2577 856 2714 910 Pars
2735 856 3181 911 secunda.Bene
3213 856 3343 912 dico
3383 857 3540 928 quod

1891 943 2016 998 dies
2047 943 2402 1011 defecerunt,
2420 944 2558 1016 quia
2588 944 2822 1015 ego,qui
2849 960 3007 999 eram
3030 945 3354 1000 secundum
3377 951 3543 1002 natu-

1891 1049 2014 1086 ram
2049 1036 2106 1085 et
2138 1032 2388 1103 primam
2423 1033 2797 1098 creationem,
2832 1057 2859 1081 ‹‹
2896 1038 2959 1087 ut
2989 1034 3186 1088 fenum
3222 1057 3249 1083 ››
3278 1033 3460 1090 viride
3485 1039 3544 1090 et

1890 1121 2186 1188 floridum,
2209 1138 2571 1192 «percussus
2602 1140 2734 1177 sum
2763 1145 2788 1171 ››
2820 1122 3306 1195 adiabolo,quasi
3330 1142 3363 1180 a
3387 1124 3541 1180 malo

1890 1209 2188 1276 falcatore,
2223 1210 2361 1265 dum
2394 1228 2485 1266 me
2517 1217 2571 1266 et
2614 1216 2884 1283 parentes
2936 1230 3096 1268 meos
3125 1214 3195 1268 ad
3236 1218 3541 1286 peccatum

1890 1297 2147 1369 impulit,
2184 1315 2286 1368 pcr
2315 1316 2443 1369 quae
2476 1300 2699 1370 perdidi
2750 1300 2998 1354 virorem
3050 1318 3246 1357 meum
3281 1306 3338 1357 ct
3372 1304 3542 1359 ﬂores

1882 1386 2163 1458 justitiae;
2197 1391 2253 1441 et
2283 1391 2423 1441 tunc
2455 1412 2483 1437 «
2516 1388 2672 1443 aruit
2694 1406 2792 1444 cor
2817 1405 3034 1455 meum,
3056 1412 3081 1438 ››
3105 1392 3545 1447 carensillumi-

1890 1476 2151 1544 natione,
2180 1476 2372 1547 gratia
2402 1476 2681 1532 interiora
2710 1480 2961 1546 foventc;
2987 1480 3115 1535 ideo
3158 1480 3331 1549 aruit,
3355 1506 3381 1529 ‹‹
3407 1483 3546 1553 quia

1890 1563 2108 1619 oblitus
2161 1582 2293 1618 sum
2327 1566 2631 1621 comedere
2663 1584 2872 1638 panem
2922 1585 3142 1636 meum,
3181 1592 3206 1617 ››
3241 1569 3295 1623 id
3338 1574 3447 1638 est,
3485 1574 3548 1626 ut

1890 1653 2383 1725 contemplatione
2440 1655 2721 1727 Dei,quze
2790 1661 2945 1712 esset
3002 1659 3258 1728 perfecta
3286 1659 3543 1726 refectio,

1892 1743 2136 1797 fruerer.

1962 1832 2106 1886 Ecce
2138 1830 2340 1902 incipit
2363 1834 2669 1888 ostendere
2700 1835 2987 1904 pcenitens
3040 1835 3149 1891 iste
3199 1834 3544 1891 satisfactio-

1892 1937 2027 1975 nem
2074 1937 2176 1991 pro
2229 1919 2476 1989 delictis,
2512 1920 2713 1977 dicens
2745 1945 2773 1971 ‹‹
2808 1938 2843 1978 a
2872 1939 3029 1990 voce,
3070 1943 3092 1970 α
3122 1924 3291 1995 quasi
3340 1924 3499 1978 dicat
3530 1940 3543 1980 :

1893 2011 2010 2081 Ego
2035 2025 2350 2080 percussus
2374 2025 2507 2063 sum
2530 2026 2564 2065 a
2580 2009 3066 2079 diabolo,oblitus
3086 2029 3219 2066 sum
3242 2012 3546 2068 comedere

1894 2114 2105 2171 panem
2140 2103 2428 2165 meum,et
2456 2099 2584 2153 ideo
2616 2103 2770 2155 certe
2799 2099 3017 2171 gemui,
3037 2100 3358 2156 et“intcrim
3389 2102 3545 2172 quod

1892 2186 2147 2258 gemitus
2170 2186 2228 2240 in
2251 2203 2449 2242 vocem
2474 2189 2760 2260 prorupit,
2777 2194 2833 2243 et
2865 2188 3072 2245 deinde
3094 2207 3306 2261 corpus
3325 2188 3408 2245 ita
3430 2207 3548 2246 ma-

1893 2275 2079 2330 ceravi
2115 2276 2271 2346 quod
2305 2292 2441 2330 ossa
2485 2276 2591 2331 feci
2638 2277 2933 2332 adhaerere
2963 2278 3102 2333 cuti.
3138 2279 3255 2333 Hoc
3287 2279 3431 2334 dicit
3452 2302 3481 2329 ‹‹
3515 2297 3551 2335 a

1890 2381 2029 2419 voce
2060 2363 2315 2436 gemitus
2347 2364 2520 2432 mei,»
2544 2365 2599 2419 id
2626 2370 2714 2420 est
2735 2370 2971 2439 propter
2992 2366 3239 2423 nimium
3262 2369 3549 2441 gemitum

1894 2476 1922 2501 ‹‹
1958 2451 2205 2507 adhaesit
2225 2470 2290 2508 os
2323 2471 2521 2508 meum
2554 2453 2714 2510 carni
2739 2471 2901 2521 mete,
2940 2478 2966 2503 ››
2999 2456 3055 2511 id
3090 2461 3198 2524 est,
3233 2458 3351 2513 cuti
3385 2475 3548 2528 meae,

1891 2540 1978 2596 vel
2002 2540 2238 2595 interim
2261 2541 2460 2614 gemui
2482 2560 2584 2614 pro
2601 2543 2857 2614 peccatis
2872 2545 3019 2599 meis
3033 2548 3090 2599 et
3124 2546 3544 2616 proximorum,

1895 2630 2051 2701 quod
2083 2646 2168 2696 os,
2196 2630 2249 2684 id
2283 2635 2392 2697 est,
2418 2631 2623 2685 fortior
2665 2649 2801 2703 pars
2849 2633 3108 2705 corporis
3138 2634 3272 2702 mei,
3325 2634 3549 2691 scilicet

1893 2717 2187 2783 Ecclesiae,
2209 2718 2476 2786 adhaesit,
2510 2719 2567 2773 id
2598 2724 2707 2788 est,
2744 2721 3158 2776 condescendit
3187 2723 3548 2780 condolendo

1895 2810 1951 2860 et
1971 2805 2440 2861 eommiserando
2471 2808 2631 2861 carni
2662 2824 2823 2875 meae,
2858 2808 2916 2863 id
2951 2814 3061 2879 est,
3094 2809 3460 2867 mollioribus
3490 2817 3549 2867 et

1898 2894 2150 2949 infirmis
2174 2894 2244 2948 de
2276 2894 2551 2952 Ecclesia.
2568 2896 2721 2950 sicut
2749 2896 3064 2967 Apostolus
3080 2897 3221 2952 dicit
3253 2915 3266 2952 :
3301 2899 3443 2964 Quis
3464 2899 3550 2954 in-

1897 2984 2187 3049 firmatur,
2221 2987 2279 3037 et
2309 2999 2414 3054 ego
2447 2999 2564 3037 non
2595 2983 2903 3038 inﬁrmor?
2935 2986 3006 3040 Et
3037 3007 3064 3034 ‹‹
3099 2984 3313 3042 similis
3358 2986 3548 3044 factus

1899 3089 2030 3127 sum
2066 3070 2329 3142 pelicano
2377 3070 2713 3128 solitudinis
2738 3094 2766 3121 η
2795 3072 2936 3144 quia
2961 3090 3149 3146 genus
3178 3078 3267 3130 est
3298 3075 3547 3147 pelicani

1899 3161 2054 3233 quod
2088 3159 2314 3215 habitat
2342 3160 2403 3214 in
2437 3161 2683 3233 stagnis,
2708 3162 2777 3215 ad
2820 3162 2992 3233 cujus
3031 3162 3419 3220 differentiam
3452 3165 3549 3221 hic

1899 3250 2044 3305 dicit
2077 3272 2104 3299 ‹‹
2137 3248 2493 3304 solitudinis.
2530 3272 2557 3297 ››
2589 3250 2764 3305 Istius
2795 3250 2931 3306 talis
2977 3257 3067 3307 est
3115 3256 3326 3308 natura
3367 3256 3546 3326 quod,

117 3341 342 3407 veniat,
378 3362 407 3390 ››
435 3340 490 3394 id
524 3344 631 3405 est,
657 3339 836 3395 nullis
885 3338 1204 3395 obstaculis
1253 3340 1610 3412 impediatur
1640 3323 1781 3413 quin
1815 3323 1858 3389 C
1899 3338 2129 3409 fugiens
2146 3337 2395 3392 atiarum
2411 3337 2607 3393 avium
2634 3338 3068 3409 «societatem,»
3091 3323 3414 3398 solitariam
3436 3343 3548 3399 sibi

120 3430 193 3486 ad
226 3434 398 3485 tuam
429 3429 802 3500 przesentiam
836 3429 1210 3483 conscendat.

192 3517 361 3587 Dico,
399 3539 425 3566 ι(
466 3517 688 3572 clamor
735 3517 1052 3589 perveniat,
1092 3540 1117 3564 ››
1150 3521 1207 3571 et
1256 3534 1391 3572 cum
1432 3520 1783 3589 pervenerit,

121 3623 236 3662 non
274 3609 581 3662 remaneat
612 3605 1140 3661 inexauditus.Hoc
1172 3604 1332 3675 dicit,
1360 3629 1387 3655 ‹‹
1415 3624 1528 3662 non
1562 3612 1788 3663 avertas

119 3696 331 3752 faciem
362 3701 600 3761 tuam,»
636 3696 693 3750 id
735 3699 842 3766 est,
867 3695 1239 3768 przesentiam
1275 3700 1388 3751 tuae
1437 3696 1788 3768 cognitionis

122 3806 149 3833 ‹‹
186 3801 361 3855 ame,
402 3808 428 3833 ››
459 3786 559 3840 sed
620 3802 812 3840 meam
859 3784 1254 3840 humilitatem
1305 3788 1362 3839 et
1410 3786 1787 3857 fragilitatem

121 3874 368 3946 respice,
405 3881 463 3929 et
513 3873 792 3929 «inclina
832 3874 905 3928 ad
956 3890 1049 3928 me
1084 3896 1112 3922 n
1157 3874 1462 3929 inﬁrmum
1508 3898 1534 3923 «
1587 3892 1788 3930 aurem

120 3964 309 4030 tuam,
348 3985 377 4011 ››
410 3962 470 4017 id
503 3966 611 4032 est,
647 3962 1045 4017 condescende
1095 3978 1235 4016 mete
1287 3962 1615 4017 inﬁrmitati
1666 3986 1693 4011 ‹‹
1728 3963 1789 4018 in

125 4065 484 4122 quacunque
515 4050 608 4105 die
640 4049 907 4117 tribulor,
945 4072 971 4097 ››
1004 4054 1062 4104 et
1092 4049 1186 4104 hic
1217 4054 1381 4104 notat
1409 4067 1471 4104 se
1503 4068 1652 4121 saepe
1683 4050 1790 4105 tri—

125 4137 341 4193 bulari.
369 4138 481 4193 Vix
512 4139 669 4193 enim
702 4142 937 4193 cessant
959 4138 1125 4208 justo
1159 4137 1572 4194 tribulationes
1595 4144 1651 4195 et
1671 4143 1793 4194 ten-

126 4227 384 4283 tationes
417 4226 653 4282 diaboli.

199 4315 380 4381 Quasi
417 4304 635 4370 diceret
670 4332 681 4368 :
717 4316 879 4387 Saepe
907 4314 1180 4383 tribulor,
1212 4320 1272 4369 ot
1302 4316 1359 4369 in
1391 4316 1791 4372 tribulationi-

128 4402 242 4459 bus
272 4403 504 4469 invoco,
529 4407 587 4458 et
634 4426 661 4453 «ι
697 4403 755 4458 in
797 4420 1147 4476 quacunque
1195 4403 1287 4459 die
1335 4404 1673 4460 invocavero
1713 4409 1788 4474 te,

125 4491 409 4548 velociter
440 4491 649 4546 exaudi
682 4509 797 4547 mc.
833 4515 860 4543 ))

199 4580 272 4636 Et
292 4596 446 4652 opus
463 4584 553 4635 est
591 4584 655 4636 ut
681 4581 979 4649 exaudias,
1002 4581 1140 4652 quia
1156 4604 1182 4630 «
1208 4581 1385 4636 dies'»
1407 4582 1678 4637 humana:
1710 4583 1791 4638 vi-

1896 3427 2074 3500 eligat
2104 3427 2375 3493 vitam,et
2405 3444 2638 3499 semper
2666 3445 2863 3484 macer
2883 3430 3112 3485 existat.
3138 3430 3285 3486 Huic
3315 3447 3549 3505 compa-

1896 3522 1988 3572 rat
2014 3534 2078 3571 se
2109 3516 2418 3587 pcnnitens,
2453 3518 2553 3589 qui
2604 3518 2858 3573 locuitur
2908 3521 3232 3576 secundum
3283 3522 3550 3594 quaedam

1899 3606 2165 3661 membra
2209 3623 2336 3675 sua,
2372 3605 2593 3662 scilicet
2626 3607 2920 3675 eremitas,
2958 3610 3054 3681 qui
3089 3613 3144 3665 et
3171 3609 3551 3667 solitudinem

1899 3694 2143 3766 eligunt,
2179 3698 2237 3748 et
2267 3694 2346 3749 ibi
2381 3695 2569 3750 multa
2611 3714 2673 3750 se
2725 3696 2911 3752 macie
2961 3698 3253 3770 affligunt.
3288 3723 3314 3749 «
3342 3700 3554 3756 Factus

1900 3801 2091 3853 sum,»
2116 3784 2440 3838 secundum
2475 3783 2587 3838 alia
2616 3785 2901 3851 membra,
2923 3808 2949 3833 ‹‹
2975 3787 3131 3841 sicut
3159 3788 3491 3859 nycticorax
3518 3808 3545 3839 ιι

1900 3889 2027 3943 quae
2053 3870 2281 3926 habitat
2305 3896 2325 3923 ι
2354 3870 2411 3925 ἱη
2437 3872 2794 3938 domicilio,»
2817 3873 3041 3927 scilicet
3072 3891 3176 3929 nec
3209 3891 3451 3946 prorsus
3471 3893 3555 3932 re-

1900 3964 2060 4016 mota
2089 3960 2553 4032 est.Nycticorax
2585 3962 2853 4032 quzedam
2887 3961 3008 4017 avis
3040 3965 3148 4029 est,
3182 3961 3240 4016 id
3272 3967 3381 4031 est,
3436 3981 3556 4020 eor-

1899 4066 2007 4103 vus
2036 4047 2385 4115 nocticorax,
2412 4052 2477 4102 ut
2507 4048 2603 4103 alii
2639 4050 2862 4117 dicunt,
2883 4054 3115 4118 noctua,
3135 4068 3262 4122 qua:
3285 4052 3408 4108 avis
3439 4053 3550 4109 sibi

1900 4154 2093 4192 escam
2129 4136 2188 4190 in
2220 4140 2387 4191 nocte
2419 4136 2689 4208 acquirit,
2708 4142 2763 4192 et
2793 4143 2882 4192 est
2917 4138 3084 4194 valde
3129 4139 3333 4195 odiosa
3363 4140 3553 4196 homi-

1903 4225 2099 4293 nibus,
2135 4223 2273 4296 quia
2303 4225 2444 4279 dum
2478 4216 2694 4292 cantat,
2733 4229 2978 4281 mortem
3012 4226 3225 4282 minari
3277 4227 3554 4301 intelligi-

1903 4319 2030 4383 tur;
2065 4331 2168 4368 nec
2201 4330 2442 4385 prorsus
2473 4318 2698 4369 remota
2727 4319 2817 4370 est
2865 4332 2900 4370 a
2947 4316 3325 4372 conversione
3366 4316 3554 4373 homi-

1903 4420 2070 4474 num,
2086 4420 2191 4458 nec
2216 4420 2284 4457 ex
2313 4407 2432 4458 toto
2457 4419 2591 4458 cum
2623 4403 2709 4458 eis
2738 4403 2988 4459 habitat.
3026 4405 3169 4460 lluic
3197 4406 3557 4477 comparabi-

1901 4496 2001 4546 tur
2030 4493 2140 4546 iste
2170 4490 2460 4562 generalis
2490 4508 2732 4562 pauper,
2758 4492 2857 4563 qui
2890 4491 3153 4563 loquitur
3173 4493 3244 4548 de
3266 4509 3327 4548 se
3349 4510 3556 4549 secun-

1905 4582 2046 4635 dum
2079 4580 2346 4635 membra
2366 4579 2465 4635 illa
2495 4598 2623 4651 qum
2647 4597 2751 4635 nec
2781 4598 2848 4635 ex
2898 4585 3019 4635 toto
3058 4581 3557 4638 conversationem

127 4670 198 4721 tae
223 4691 252 4717 ‹‹
278 4668 395 4723 mei
422 4690 450 4716 ››
485 4670 596 4723 acti
629 4670 689 4724 in
722 4670 975 4740 peccatis
1006 4673 1064 4724 et
1093 4669 1478 4742 miseriis,qui
1510 4675 1649 4727 sunt
1669 4696 1695 4721 ‹‹
1723 4673 1796 4728 si-
1825 4692 1871 4755 Β
1904 4669 2410 4741 reliquerunt,ncc
2431 4670 2669 4725 omnino
2691 4686 2825 4724 cum
2848 4671 2932 4724 eis
2955 4670 3199 4737 habitat,
3219 4670 3398 4726 veluti
3421 4672 3559 4727 boni

129 4759 229 4809 cut
261 4756 495 4810 fumus:
534 4778 561 4805 »
594 4757 748 4813 sicut
778 4757 936 4812 enim
969 4757 1169 4812 fumus
1199 4774 1268 4811 ex
1298 4758 1452 4828 igne,
1485 4764 1543 4813 et
1573 4766 1793 4830 quanto

129 4844 323 4917 magis
383 4845 672 4911 accendit,
717 4850 878 4901 tanto
929 4844 1118 4903 magis
1167 4847 1478 4915 evanescit,
1526 4847 1605 4903 ita
1658 4850 1796 4903 mali

130 4936 301 4988 actus
336 4933 610 4987 humanae
644 4935 771 4989 vitae
821 4954 889 4989 ex
932 4936 1138 4989 ardore
1187 4936 1794 5007 concupiscentiarum

131 5021 486 5092 procedunt,
514 5026 569 5076 et
618 5024 821 5079 oculos
875 5023 1067 5078 cordis
1127 5028 1445 5089 excaecant;
1480 5029 1536 5079 et
1576 5033 1797 5097 quanto

133 5109 327 5182 magis
348 5111 701 5178 ascendunt,
716 5115 879 5167 tanto
912 5112 1103 5184 magis
1121 5131 1155 5166 a
1173 5111 1461 5184 dignitate
1481 5114 1597 5168 veri
1622 5114 1796 5170 lumi-

132 5198 229 5254 nis
260 5197 565 5254 deficiunt.
606 5198 761 5268 Dies,
793 5200 944 5267 dico,
981 5222 1009 5250 ‹‹
1041 5200 1376 5255 defecerunt
1409 5224 1435 5248 ››
1466 5202 1606 5274 quia
1654 5204 1798 5259 nihil

131 5303 279 5343 verae
311 5286 586 5359 utilitatis
619 5289 961 5357 attulerunt,
998 5312 1025 5338 ‹‹
1060 5294 1117 5344 et
1151 5311 1177 5337 η
1210 5289 1349 5344 item
1403 5295 1639 5363 prepter
1686 5293 1796 5348 hoc

132 5392 282 5447 opus
304 5378 396 5431 est
416 5376 788 5432 exauditione
806 5382 927 5445 tua,
944 5376 1084 5449 quia
1102 5398 1130 5427 «
1152 5394 1288 5432 ossa
1306 5394 1436 5433 mea
1456 5385 1792 5451 aruerunt,»

131 5462 342 5519 animm
366 5462 592 5519 scilicet
612 5465 841 5534 robora,
858 5465 916 5519 id
941 5470 1049 5531 est,
1065 5465 1195 5536 ipsa
1230 5465 1377 5520 ratio
1401 5467 1576 5534 aruit,
1597 5468 1652 5523 id
1685 5474 1792 5538 est,

129 5552 510 5608 consentiens
540 5552 825 5626 voluptati
855 5553 1069 5621 carnis,
1103 5554 1300 5608 deficit
1328 5571 1363 5608 a
1412 5555 1616 5611 robore
1665 5576 1793 5627 suo,

127 5640 353 5697 scilicet
382 5658 419 5694 a
449 5642 812 5696 eontuitione
834 5642 949 5696 veri
985 5642 1143 5696 boni.
1170 5666 1195 5689 ‹‹
1226 5641 1389 5697 Sient
1422 5645 1726 5701 crcmium.
1769 5671 1795 5697 ››

127 5728 189 5784 In
222 5729 334 5785 hoc
365 5729 628 5784 maxima
677 5724 910 5785 notatur
946 5729 1209 5799 ariditas,
1226 5731 1380 5801 quod
1424 5733 1551 5804 ipsa
1578 5733 1794 5799 anima,

1904 4758 2135 4829 viri,qui
2162 4758 2219 4811 in
2243 4758 2453 4813 smculo
2478 4758 2828 4826 habitantes,
2847 4758 3110 4814 saeculari
3133 4761 3557 4815 conversationi

1908 4865 2023 4903 non
2063 4846 2468 4915 consentiunt;
2501 4851 2558 4901 et
2586 4846 2644 4901 hi
2678 4852 2819 4901 sunt
2867 4848 3035 4919 quasi
3084 4852 3373 4903 nocturna
3412 4848 3559 4916 avis,

1908 4936 2045 5007 quia
2078 4936 2135 4989 in
2171 4939 2336 4989 nocte
2365 4935 2609 5007 vigilant
2652 4940 2710 4990 et
2738 4941 2926 5002 erant,
2962 4935 3119 4990 velut
3164 4937 3320 5007 quod
3375 4937 3434 4991 in
3468 4938 3560 4992 (lic

1910 5025 2151 5090 faciunt,
2187 5024 2269 5077 ita
2298 5028 2387 5078 est
2417 5024 2586 5094 quasi
2636 5024 2695 5077 in
2729 5028 2895 5079 nocte
2947 5025 3126 5092 fieret,
3154 5025 3293 5095 quia
3325 5025 3561 5097 fugiunt

1908 5116 2284 5184 conspectum
2307 5111 2615 5166 hominum
2635 5112 2769 5166 etin
2798 5112 3142 5169 abscondito
3167 5112 3390 5167 faciunt
3408 5112 3562 5168 bona

1908 5219 2084 5273 opera
2110 5218 2221 5255 sua
2253 5218 2265 5255 :
2300 5204 2440 5255 sunt
2471 5200 2649 5255 etiam
2685 5200 2875 5255 infesti
2913 5200 3431 5273 hominibus,quia
3456 5201 3563 5256 mi-

1908 5294 2126 5345 nantur
2144 5290 2229 5346 eis
2251 5293 2522 5358 mortem,
2536 5306 2669 5343 cum
2704 5289 2911 5344 nolunt
2944 5290 2999 5344 in
3033 5289 3117 5345 eis
3141 5306 3347 5362 capere
3367 5307 3558 5347 exem-

1907 5379 2071 5452 plum
2105 5380 2251 5434 bene
2283 5378 2530 5433 vivendi.

1978 5466 2201 5523 Similis
2250 5467 2439 5520 factus
2487 5483 2619 5521 sum
2664 5465 2815 5532 istis,
2849 5470 2906 5520 et
2956 5466 3335 5538 propterihoc
3384 5466 3561 5524 etiam

1908 5581 1935 5607 ‹‹
1956 5554 2243 5629 vigilavi,»
2267 5553 2323 5609 id
2346 5553 2747 5622 est,sollicitus
2769 5559 2827 5611 et
2846 5555 3114 5611 curiosus
3138 5556 3218 5610 fui
3243 5556 3314 5611 de
3346 5572 3565 5612 correc-
3638 5608 3656 5623 ,

1909 5646 2065 5701 tione
2086 5660 2216 5697 mea
2239 5646 2295 5697 et
2316 5643 2735 5714 proximorum,
2753 5661 3039 5699 meorum.
3068 5666 3093 5697 ι
3116 5645 3185 5699 Et
3206 5644 3395 5699 factus
3428 5661 3564 5700 sum

1910 5734 2061 5790 sicut
2082 5749 2284 5804 passer
2314 5732 2630 5801 solitarius,
2662 5756 2685 5780 ››
2705 5732 2823 5804 qui,
2843 5732 3100 5805 fugitans
3122 5732 3386 5806 laqueos,
3412 5734 3563 5790 nidi-
