3936 6356
342 436 461 495 535

765 436 1178 497 HAYMONIS
1210 434 1755 495 HALBERSTA’I‘.
1792 432 2034 493 EPISC.
2066 433 2240 493 OPP.
2272 432 2473 492 PAllS
2507 431 2553 490 Ῑ.
2589 465 2665 474 -
2694 430 3100 491 COMMENT.
3133 432 3333 491 BIBL.

3549 399 3761 492 .536

345 566 485 625 ﬁcat
509 567 569 624 ln
600 572 725 624 tuto
754 568 901 635 loco,
924 568 1147 624 scilicet
1176 592 1204 619 ‹‹
1238 568 1297 623 in
1329 570 1501 624 tecto.
1540 591 1568 617 »
1602 569 1766 635 Item,
1791 584 1997 623 secun-
2034 567 2085 634 Α
2185 567 2255 621 Et
2292 588 2317 619 α
2350 569 2413 621 tu
2447 589 2470 617 ι
2508 565 2608 637 qui
2654 569 2907 620 aeternus
2938 580 3021 632 es,
3045 562 3145 636 qui
3193 561 3409 620 videris
3450 564 3758 637 dormisse,

346 657 489 715 dum
518 658 804 729 quosdam
838 658 910 713 de
930 673 1170 728 corpore
1200 674 1307 713 suo
1339 660 1642 729 comparat
1684 673 1747 713 se
1778 673 2001 728 pauper

345 745 457 801 iste
506 744 795 817 poenitens
834 744 1078 817 passeri,
1112 746 1172 800 in
1222 750 1376 802 tecto
1426 745 1758 802 habitanti:
1795 746 1998 818 quales

344 837 485 889 sunt
514 832 786 889 monachi
818 836 875 889 et
923 834 1060 889 boni
1107 834 1395 900 canonici,
1429 835 1528 907 qui
1579 838 1999 907 comparantur

341 921 586 993 passeri,
605 922 747 994 quia
773 921 947 979 calidi
978 927 1118 980 sunt
1138 923 1197 979 in
1219 924 1474 980 vitandis
1495 924 1724 995 laqueis
1745 924 1993 992 diaboli;

337 1012 394 1065 et
423 1013 563 1067 sunt
588 1010 855 1079 solitarii,
890 1012 1030 1084 quia
1055 1011 1319 1068 dimissis
1347 1012 1785 1068 diversitatibus
1815 1012 1997 1083 hujus

338 1098 556 1167 seaculi,
593 1098 779 1158 solam
834 1101 1114 1158 unionem
1163 1100 1433 1157 Ecclesia:
1483 1106 1858 1173 sequuntur:
1893 1103 1991 1173 qui

336 1188 609 1245 habitant
663 1189 724 1245 in
784 1194 959 1258 tecto,
1011 1190 1068 1245 id
1129 1194 1237 1256 est,
1289 1190 1347 1244 in
1403 1194 1530 1245 tuto
1584 1190 1730 1258 loco,
1774 1190 1997 1246 scilicet

336 1277 400 1333 in
456 1278 752 1334 consortio
820 1278 1132 1345 bonorum,
1185 1295 1288 1349 per
1344 1294 1593 1349 quorum
1659 1277 1993 1349 exemplum

335 1369 396 1422 et
441 1365 875 1423 admonitiones
927 1367 1038 1422 tuti
1088 1371 1229 1423 sunt
1267 1367 1339 1422 ab
1389 1367 1819 1439 expugnatione
1874 1367 1993 1421 ini-

337 1471 498 1510 mlOl.

409 1566 439 1593 ‹‹
473 1544 621 1599 Tota
649 1543 762 1599 die.
800 1567 827 1592 »
857 1544 1063 1601 Adhuc
1084 1549 1392 1601 enumerat
1421 1545 1689 1601 miserias
1720 1564 1871 1618 quas
1892 1547 1995 1603 hu-

338 1648 584 1689 manum
614 1648 805 1703 genus
834 1632 1085 1704 patitur;
1119 1634 1291 1706 quasi
1320 1634 1539 1690 diceret
1571 1652 1584 1689 :
1620 1636 1739 1707 Ego
1785 1635 1992 1707 vigila-

337 1721 473 1777 bam
495 1724 553 1775 et
574 1719 751 1776 talem
770 1737 863 1776 me
879 1720 1194 1790 faciebam;
1214 1725 1273 1778 et
1295 1726 1435 1778 tunc
1462 1747 1489 1772 «
1515 1724 1946 1795 exprobrabant
1966 1748 1993 1773 υ

337 1809 484 1864 mihi
505 1808 730 1867 inimici
762 1809 902 1877 mei,
928 1832 955 1859 ››
977 1810 1034 1865 id
1067 1814 1176 1878 est,
1196 1810 1510 1884 opprobria
1531 1811 1805 1867 dicebant
1825 1812 1991 1882 mihi,

335 1897 532 1999 et-hoc
561 1897 922 1999 «.totadiep
957 1897 1138 1999 idest
1169 1898 1631 1999 assidue.Etiam
1653 1899 1857 1999 amici;
1884 1901 1995 1956 hoc
2026 1935 2074 1999 Β

335 1989 426 2042 est
455 1986 609 2059 quod
643 1986 788 2043 dicit
821 2004 835 2044 :
869 2010 898 2038 «
933 1988 1035 2060 qui
1063 1987 1390 2045 laudabant
1415 2005 1529 2059 me,
1558 2012 1585 2037 »
1614 1988 1793 2044 veluti
1819 1990 1999 2045 simu-

335 2074 436 2131 lati
482 2074 679 2144 amici,
706 2098 734 2126 ‹‹
767 2076 1078 2133 adversum
1141 2093 1236 2134 me
1275 2078 1582 2148 jurabant.
1611 2097 1637 2131 υ
1670 2079 1777 2133 Per
1804 2077 1999 2134 simile

335 2163 506 2233 dicit;
539 2163 681 2237 quia
708 2165 864 2222 sicut
892 2164 1097 2238 aliqui,
1130 2183 1267 2222 cum
1298 2166 1625 2238 persistunt
1653 2170 1857 2223 contra
1885 2168 1995 2223 ali-

336 2269 534 2325 quem,
566 2256 772 2309 contra
826 2269 962 2310 eum
1013 2255 1240 2325 jurant,
1275 2255 1359 2311 ita
1408 2255 1505 2311 isti
1551 2256 1880 2328 persistunt
1934 2256 1996 2312 in

338 2339 632 2397 derisione
664 2340 976 2398 bonorum.

409 2429 543 2486 Ideo
572 2430 1024 2501 exprobrabant,
1046 2447 1162 2487 non
1184 2432 1341 2503 quod
1376 2431 1433 2487 in
1468 2449 1562 2487 me
1595 2432 1817 2488 malum
1842 2433 1996 2489 vide-

340 2520 490 2585 rent,
504 2518 606 2575 sed
633 2539 661 2567 «
682 2518 824 2590 quia
843 2518 1160 2587 cinerem,»
1184 2519 1240 2575 id
1260 2521 1779 2587 est,minutissinia
1800 2540 1995 2595 pecca-

337 2610 418 2676 ta,
434 2624 561 2680 quis
582 2610 723 2663 sunt
743 2605 1002 2680 reliquiae
1025 2608 1317 2680 majorum
1350 2614 1753 2681 peccatorum;
1780 2634 1805 2661 ‹‹
1822 2629 1992 2666 man-

338 2695 695 2764 ducabaxp,»
719 2695 778 2754 id
799 2698 1338 2763 est,consumebam
1367 2722 1387 2747 ι
1413 2702 1695 2771 tanquam
1720 2716 1991 2771 panem,»

337 2784 476 2857 quia
496 2786 725 2843 tantam
745 2784 1121 2843 refectionem
1144 2786 1278 2843 inde
1300 2786 1608 2857 habebam,
1624 2793 1905 2861 quantam
1924 2808 1993 2846 ex

336 2888 506 2946 pane.
526 2871 634 2931 Per
663 2871 916 2930 cinerem
957 2872 1087 2930 ideo
1117 2874 1440 2946 accipimus
1478 2874 1758 2948 reliquias
1787 2894 1990 2949 pecca-

332 2965 552 3030 torum,
582 2959 724 3034 quia
750 2961 978 3019 cineres
1028 2968 1170 3021 sunt
1211 2963 1469 3036 reliquiae
1511 2965 1855 3035 carbonum,
1890 2983 1994 3039 per

332 3067 482 3124 quos
512 3049 925 3124 intelliguntur
952 3056 1190 3123 peccata
1214 3069 1342 3125 quae
1374 3057 1626 3109 exurunt
1648 3055 1843 3110 corda.
1870 3080 1895 3104 «
1923 3056 1994 3111 Et

331 3138 612 3212 poculum
644 3156 844 3196 meum
874 3156 1010 3196 cum
1034 3140 1173 3197 ﬂetu
1204 3140 1580 3209 miscebam,»
1604 3144 1689 3198 Ad
1711 3142 1986 3213 litteram,

330 3228 508 3287 ﬂebat
556 3227 795 3300 quidem
837 3228 1043 3300 justus
1088 3229 1220 3298 iste,
1253 3231 1561 3287 attendens
1587 3231 1695 3287 has
1735 3233 1988 3289 necessi-

330 3321 484 3374 tates
542 3317 883 3381 comedendi
935 3321 994 3374 et
1039 3317 1276 3374 bibendi
1324 3335 1395 3374 ex
1442 3325 1679 3391 peccato
1723 3303 2059 3376 evenisseC

329 3405 498 3475 Adin;
527 3403 617 3461 vel
640 3404 917 3476 poculum
942 3405 1302 3477 accipiamus
1323 3406 1697 3463 Dcminicum
1721 3408 1984 3478 calicem,

331 3492 437 3565 qui
483 3508 620 3553 cum
676 3492 953 3566 lacrymis
1000 3497 1058 3550 et
1113 3495 1566 3567 compunctione
1609 3497 1988 3569 accipiendas

329 3583 442 3638 est.

405 3668 539 3725 Ideo
571 3667 658 3725 sic
688 3668 997 3739 faciebam,
1032 3670 1173 3743 quia
1218 3671 1386 3743 quasi
1436 3677 1782 3744 praesentem
1830 3675 1986 3731 vide-

329 3757 466 3815 bam
499 3756 647 3817 iram
678 3756 860 3815 futuri
881 3759 1131 3831 judicii;
1165 3763 1224 3816 et
1254 3760 1363 3817 hoc
1404 3765 1493 3818 est
1524 3779 1537 3817 :
1570 3784 1599 3813 ‹‹
1631 3780 1665 3818 a
1697 3763 1841 3820 facie
1890 3764 1987 3819 ira:

326 3848 501 3916 tum,»
535 3844 591 3903 id
623 3850 732 3914 est,
746 3851 982 3920 propter
1002 3849 1375 3921 praesentiam
1407 3851 1754 3919 futuraziraa,
1778 3853 1839 3908 in
1871 3871 1990 3926 qua

327 3934 644 3995 damnabis
675 3935 894 4005 malos;
926 3941 984 3992 et
1013 3938 1214 3994 afacie
1235 3962 1262 3987 ‹‹
1288 3937 1771 4013 indignationis,»
1794 3942 1852 3997 id
1875 3947 1984 4011 est,

325 4023 704 4083 correctionis
732 4028 867 4095 tuae,
893 4042 1073 4099 quam
1123 4026 1181 4082 in
1238 4027 1346 4083 hac
1393 4029 1513 4084 vita
1562 4029 1727 4097 facis,
1764 4049 1880 4087 non
1913 4032 1985 4087 ad

325 4113 753 4182 damnandum,
788 4115 889 4173 sed
922 4116 993 4171 ad
1027 4117 1403 4189 purgandum
1434 4119 1897 4191 praedestinatos.
1918 4121 1990 4176 Et

324 4201 473 4259 bene
502 4202 634 4259 dico
667 4204 822 4277 quod
858 4220 962 4277 per
989 4204 1457 4278 indignationem
1492 4208 1755 4281 corrigis,
1783 4232 1810 4259 α
1848 4209 1988 4282 quia

322 4290 560 4349 elevans
578 4314 606 4342 »
626 4308 720 4348 me
751 4292 809 4348 in
832 4293 1326 4366 prosperitatibus
1347 4295 1527 4367 hujus
1541 4297 1691 4365 vitae,
1708 4321 1735 4347 «
1752 4298 1982 4354 allisisti

324 4395 420 4440 me
452 4403 481 4430 »
515 4378 723 4437 multis
750 4381 1256 4443 tribulationibus.
1291 4384 1408 4440 Hoc
1439 4385 1581 4441 dicit
1610 4403 1849 4458 pauper,
1884 4387 1982 4459 qui

321 4468 419 4528 hic
471 4467 736 4542 loquitur
785 4487 901 4531 non
951 4472 1277 4528 secundum
1326 4475 1526 4529 omnia
1570 4476 1859 4544 membra,
1881 4477 1985 4532 sed

321 4558 655 4615 secundum
687 4560 978 4631 quaedam.

397 4646 549 4705 Bene
580 4647 712 4704 dico
764 4666 858 4705 me
901 4650 1273 4707 considerare
1322 4651 1579 4707 futuram
1630 4653 1779 4708 iram
1812 4655 1977 4725 quasi
2010 4682 2055 4747 Ι)

321 4738 692 4805 praesentem,
727 4736 868 4808 quia
898 4761 925 4789 α
961 4737 1087 4794 dies
1119 4738 1233 4794 mei
1268 4762 1294 4788 »
1327 4739 1473 4795 mihi
1520 4740 1664 4796 nihil
1710 4741 1980 4797 utilitatis

320 4822 652 4894 afferentes,
687 4825 829 4897 quia
857 4825 983 4883 dies
1013 4831 1153 4882 sunt
1182 4852 1209 4876 ‹‹
1236 4828 1390 4883 sicut
1421 4830 1650 4897 umbra,
1676 4852 1702 4878 »
1726 4830 1866 4902 quia
1884 4831 1980 4886 hic

320 4927 447 4967 non-
472 4911 723 4968 habetur
751 4931 887 4970 vera
917 4913 1299 4983 illuminatio;
1333 4916 1392 4971 in
1425 4934 1541 4987 qua
1569 4918 1976 4988 declinatione,

321 5016 454 5071 qua:
481 5016 551 5056 ex
580 5007 819 5073 peccato
867 5007 977 5071 est,
1010 5021 1298 5077 cognosco
1346 5006 1603 5062 futuram
1645 5008 1823 5076 iram;
1853 5010 1978 5065 dies

322 5110 350 5137 «
386 5088 849 5159 declinaverunt,
872 5098 929 5147 et
958 5109 1064 5164 ego
1095 5093 1251 5149 sicut
1283 5094 1481 5150 fenum
1514 5096 1663 5151 arui.
1702 5119 1722 5146 ο

393 5199 421 5226 ‹‹
456 5177 545 5232 Tu
576 5182 796 5235 autem.
816 5203 842 5229 »
877 5180 1017 5235 Pars
1050 5182 1238 5237 tertia.
1261 5183 1377 5254 Ego
1403 5184 1671 5240 miserias
1692 5186 1974 5257 sustineo,

320 5265 421 5325 sed
456 5288 482 5316 ‹‹
517 5270 603 5333 tu,
635 5266 900 5337 Domine,
928 5268 985 5324 in
1017 5273 1296 5326 aeternum
1322 5289 1650 5342 permanes,
1676 5277 1734 5329 et
1758 5292 1978 5333 memo-

322 5352 467 5409 riale
496 5357 688 5426 tuum,
718 5379 744 5403 ››
791 5356 849 5411 id
897 5357 1169 5423 est,illud
1225 5360 1453 5433 insigne
1500 5362 1979 5431 factum,scilicet

319 5441 646 5514 redemptio
667 5443 911 5500 humani
942 5447 1171 5519 generis
1194 5465 1294 5519 per
1313 5448 1523 5504 Filium
1548 5457 1781 5523 propter
1797 5472 1975 5525 quam

318 5529 385 5609 tu
446 5530 702 5587 tenebris
760 5533 817 5586 in
878 5539 1162 5591 memoria
1218 5537 1524 5593 hominum
1562 5562 1589 5589 ‹‹
1624 5541 1679 5595 in
1729 5559 1973 5612 genera-

322 5613 478 5670 tione
508 5619 778 5687 praisenti
810 5622 1114 5690 duratura,
1147 5650 1173 5673 «‹
1216 5630 1271 5679 et
1301 5628 1673 5698 generatione
1695 5651 1721 5681 υ
1769 5633 1972 5688 subse-

324 5707 557 5766 quente.

2110 656 2253 710 dum
2288 654 2566 711 distulisti
2620 654 2908 721 misereri,
2944 655 3117 709 modo
3165 674 3191 707 α
3220 668 3560 725 exsurgens,
3593 654 3763 711 mise-

2109 744 2329 799 reberis
2359 744 2565 810 Sion,»
2590 743 2648 798 id
2678 748 2786 810 est,
2821 742 3186 809 Ecclesize,et
3216 758 3420 798 secure
3448 742 3579 798 dico
3608 762 3637 794 α
3657 742 3761 798 mi-

2107 831 2415 898 sereberis,
2450 832 2591 904 quia
2618 837 2854 904 tempus
2903 832 3217 887 miserendi
3251 833 3401 904 ejus,
3426 832 3564 904 quia
3606 831 3762 888 venit

2106 926 2360 994 tempus,
2394 941 2421 973 ι
2459 922 2515 977 id
2548 925 2656 991 est,
2689 922 2956 994 aptitudo
2988 920 3290 993 temporis,
3323 921 3383 976 in
3428 938 3542 994 quo
3588 921 3759 978 debet

2107 1010 2394 1067 misereri.
2430 1011 2878 1083 Ingeminando,
2913 1010 3272 1065 desiderium
3306 1010 3461 1082 quod
3494 1009 3665 1065 habet
3690 1026 3758 1064 ex

2106 1097 2207 1154 illa
2256 1100 2632 1155 miseratione
2680 1103 2863 1154 notat.
2898 1099 3042 1154 Vere
3080 1120 3108 1152 ιι
3138 1099 3506 1155 misereberis
3545 1099 3700 1165 Sion,
3724 1118 3753 1149 ι»

2105 1187 2385 1259 quoniam
2414 1187 2597 1243 servis
2626 1187 2761 1254 tuis,
2798 1207 2823 1238 ιο
2864 1188 2921 1242 id
2953 1187 3357 1260 est,apostolis
3386 1192 3443 1243 et
3472 1187 3602 1244 aliis
3624 1205 3762 1260 prae-

2104 1275 2485 1344 dicatoribus,
2518 1294 2770 1348 quorum
2804 1280 2894 1332 est
2938 1276 3258 1332 Ecclesium
3305 1277 3403 1332 Dei
3453 1278 3757 1344 aediﬁcare,

2104 1388 2132 1415 ‹‹
2168 1364 2520 1437 placuerunt
2565 1365 2810 1437 lapides,
2844 1384 2871 1416 η
2927 1366 2983 1420 id
3032 1369 3140 1433 est,
3172 1367 3287 1421 vivi
3336 1365 3625 1433 homines,
3656 1367 3759 1438 qui

2105 1458 2247 1509 sunt
2301 1454 2473 1510 solidi
2533 1459 2593 1510 et
2649 1454 2890 1509 stabiles
2947 1458 3006 1509 et
3062 1454 3123 1509 in
3183 1456 3295 1510 fide
3359 1459 3417 1511 et
3473 1456 3534 1510 in
3593 1455 3764 1511 bonis

2103 1543 2399 1615 operibus,
2434 1547 2493 1599 et
2547 1544 2666 1616 apti
2728 1547 2792 1599 ut
2850 1546 3148 1615 ponantur
3208 1544 3266 1598 in
3334 1545 3581 1601 aediﬁcio
3633 1545 3767 1616 ejus

2105 1632 2267 1700 Sion,
2300 1631 2522 1689 scilicet
2566 1631 2857 1688 Ecclesiae.
2899 1652 2926 1685 ι
2955 1633 3025 1687 Et
3057 1653 3084 1682 »
3138 1631 3225 1687 illi
3275 1632 3425 1687 servi
3460 1655 3489 1682 ‹‹
3525 1633 3765 1688 misere-

2105 1722 2326 1777 buntur
2355 1742 2382 1774 ι
2418 1721 2776 1777 exhortando
2834 1724 2891 1776 et
2940 1720 3304 1776 condolendo
3357 1721 3429 1776 de
3481 1722 3766 1792 peccatis,

2106 1834 2132 1860 (ι
2168 1814 2390 1878 terrae,-
2418 1811 2476 1865 id
2502 1814 2591 1866 est
2616 1809 3119 1881 terrenorum,qui
3144 1810 3359 1864 debent
3387 1824 3517 1865 esse
3541 1832 3569 1859 «
3588 1810 3763 1883 ejus»

2103 1899 2267 1956 Sion.

2178 1987 2337 2042 Servi
2369 1987 2807 2042 miserebuntur
2830 2006 2856 2039 α
2877 1990 2934 2041 et
2949 2005 2975 2037 ιι
3003 2002 3107 2057 per
3125 1984 3236 2040 hoc
3258 2007 3285 2035 ‹‹
3309 1983 3603 2042 timebunt
3617 2004 3763 2060 gen—

2106 2080 2193 2131 tes
2225 2093 2437 2130 nomen
2472 2079 2661 2143 tuum,
2696 2074 2966 2140 Domine,
2992 2077 3050 2130 et
3081 2089 3287 2130 omnes
3319 2089 3484 2145 reges
3515 2078 3695 2144 terra),
3728 2097 3758 2126 ιι

2106 2164 2165 2219 id
2195 2169 2305 2232 est,
2337 2164 2674 2236 quicunque
2706 2164 2853 2220 bene
2884 2166 3095 2236 regunt
3124 2180 3294 2219 suam
3338 2164 3758 2232 terrenitatem,

2108 2278 2137 2306 ‹‹
2169 2255 2462 2310 timebunt
2489 2253 2739 2325 gloriam
2768 2258 2955 2319 tuam,
2985 2278 3006 2303 ιι
3043 2253 3102 2309 id
3133 2258 3242 2322 est,
3266 2257 3344 2322 te,
3378 2253 3519 2326 quia
3544 2252 3761 2327 glorio-

2106 2360 2240 2399 sum
2271 2346 2645 2415 cognoscent.

2178 2433 2309 2488 Ideo
2342 2432 2657 2499 timebunt,
2693 2454 2720 2483 «
2751 2431 2893 2505 quia
2924 2429 3211 2487 Dominus
3240 2429 3548 2486 mdiﬁcabit
3572 2452 3600 2481 ιι
3643 2431 3759 2487 vir-

2103 2521 2333 2576 tutibus
2373 2544 2399 2569 «
2426 2519 2633 2588 Sion,»
2666 2521 2725 2576 id
2757 2518 3226 2587 est,Ecclesiam,
3264 2541 3287 2569 ι
3311 2523 3370 2574 et
3397 2517 3690 2575 videbitur
3725 2542 3754 2569 »

2101 2611 2341 2666 tandem
2373 2627 2407 2664 a
2439 2609 2564 2665 suis
2595 2634 2621 2659 «
2656 2609 2716 2664 in
2749 2609 2937 2682 gloria
2966 2625 3141 2676 sua,»
3176 2608 3233 2663 id
3285 2611 3376 2664 est
3421 2606 3480 2663 in
3530 2608 3757 2665 aeterni-

2102 2702 2251 2768 tate;
2283 2698 2371 2755 vel
2393 2698 2453 2754 in
2485 2699 2756 2770 priesenti
2787 2697 2975 2770 gloria
3000 2696 3297 2753 videbitur
3327 2715 3362 2753 a
3390 2696 3535 2766 suis,
3555 2696 3613 2754 id
3644 2701 3759 2768 est,

2102 2791 2454 2861 agnoscatur
2486 2805 2520 2843 a
2549 2786 3027 2860 suisgloriosus.

2171 2877 2317 2933 Vere
2348 2876 2680 2944 aedificabit,
2714 2876 2857 2949 quia
2891 2897 2919 2929 ι
2948 2878 3202 2948 respexit
3232 2894 3258 2927 ι
3288 2879 3347 2932 et
3375 2874 3645 2948 respiciet
3662 2892 3763 2934 au.

2101 2966 2312 3022 diendo
2348 2987 2374 3017 «
2406 2966 2465 3021 in
2499 2966 2823 3022 orationem
2857 2964 3174 3021 humilium
3209 2986 3235 3016 υ
3267 2965 3367 3037 qui
3412 2963 3557 3020 nihil
3588 2964 3659 3020 de
3687 2982 3754 3023 se

2100 3059 2489 3128 praesumunt,
2521 3056 2673 3110 sicut
2703 3055 2958 3127 respexit
2993 3055 3317 3110 orationem
3367 3050 3662 3127 publicani
3694 3060 3755 3111 et

2099 3144 2400 3217 pharisaei;
2435 3145 2564 3200 dico
2594 3165 2623 3196 «
2656 3143 2926 3216 respexit,
2948 3166 2969 3193 ι
2996 3148 3053 3199 et
3081 3144 3257 3199 etiam
3288 3144 3496 3199 habuit
3522 3143 3753 3199 vultum

2099 3232 2553 3306 acceptabilem;
2601 3236 2659 3289 et
2704 3232 2815 3289 hoc
2862 3238 2972 3300 est,
3014 3254 3041 3286 α
3073 3249 3187 3288 non
3247 3232 3463 3304 sprevit
3516 3248 3749 3305 precem

2095 3340 2319 3380 eorum.
2355 3346 2383 3373 ››
2415 3322 2669 3379 Dicendo
2719 3322 2939 3390 minus,
2969 3322 3102 3395 plus
3148 3320 3452 3394 intelligit;
3493 3321 3601 3388 vel,
3636 3338 3752 3378 non

2097 3411 2315 3483 sprevit
2371 3412 2696 3467 orationem
2743 3428 2846 3483 pro
2896 3428 2958 3467 se
3009 3411 3244 3476 factam,
3278 3415 3338 3466 et
3367 3427 3483 3466 non
3514 3414 3751 3483 spernet

2097 3517 2330 3572 precem
2380 3501 2592 3557 factam
2622 3517 2725 3573 pro
2768 3500 2931 3568 aliis;
2961 3500 3049 3556 vel
3078 3498 3366 3573 respiciet,
3398 3502 3458 3554 et
3502 3516 3616 3555 non
3666 3500 3747 3556 ad

2097 3587 2323 3654 horam,
2349 3588 2450 3643 sed
2483 3604 2791 3660 nunquam
2814 3592 3073 3661 spernet.

2169 3675 2296 3732 Dixi
2326 3676 2466 3748 quia
2501 3677 2774 3748 respexit,
2799 3677 2972 3733 modo
3002 3676 3271 3733 dicturus
3318 3676 3607 3749 quomodo
3656 3694 3749 3734 re-

2097 3769 2308 3837 spextt,
2333 3765 2556 3821 scilicet
2603 3782 2705 3838 per
2752 3767 3069 3822 adventum
3111 3765 3260 3821 Filii.
3292 3765 3441 3832 Quia
3486 3766 3749 3822 dicturus

2097 3871 2218 3910 rem
2252 3871 2529 3928 magnam
2557 3858 2646 3910 est
2675 3857 2732 3910 et
2761 3855 2821 3910 in
2868 3854 3153 3911 memoria
3199 3855 3533 3926 tenendam,
3555 3856 3749 3912 admo‘

2098 3946 2217 4011 net,
2250 3942 2452 3999 dicens
2485 3959 2498 3998 :
2534 3966 2561 3993 ‹‹
2595 3944 2962 4011 Scribuntur,
2987 3961 3015 3995 ιι
3051 3943 3111 3998 id
3142 3947 3233 3999 est
3261 3940 3554 3999 memoriis
3577 3943 3750 3999 ﬁrmi-

2094 4035 2184 4087 ter
2212 4034 2698 4088 eommendentur
2728 4056 2755 4083 «
2790 4032 2849 4087 in
2879 4032 3253 4106 generatione
3283 4031 3483 4100 altera,
3512 4053 3540 4081 ››
3570 4030 3627 4087 id
3659 4035 3753 4088 est

2095 4120 2155 4176 in
2189 4121 2439 4193 posteris
2468 4120 2708 4187 nostris,
2741 4123 2807 4175 ut
2836 4120 2949 4192 ipsi
2973 4119 3163 4176 sciant
3195 4143 3223 4170 «
3252 4120 3374 4176 haec
3408 4143 3429 4170 ι
3466 4136 3592 4192 qua:
3632 4119 3748 4176 dic-

2094 4215 2265 4266 turus
2294 4227 2458 4278 snm;
2494 4213 2553 4266 et
2583 4226 2685 4282 pro
2715 4208 2809 4265 his
2840 4209 3108 4265 laudabit
3138 4209 3455 4266 Dominum
3495 4208 3746 4282 populus

2095 4299 2193 4372 qui
2226 4298 2540 4355 creabitur.

2166 4388 2297 4444 Haec
2327 4386 2551 4443 scilicet
2580 4387 2932 4454 scribantur,
2964 4409 2986 4437 ι
3021 4385 3161 4458 quia
3197 4410 3217 4436 ι
3253 4384 3538 4443 Dominus
3570 4407 3599 4435 «ι
3621 4400 3751 4457 pro-

2092 4478 2344 4549 spexit,»
2382 4475 2605 4531 scilicet
2633 4475 2765 4531 illos
2796 4475 2897 4547 qui
2929 4475 3131 4548 procul
3162 4478 3331 4531 erant
3360 4492 3394 4531 a
3414 4472 3744 4541 cognitione

2092 4566 2215 4634 Dei,
2239 4564 2464 4621 scilicet
2515 4564 2764 4636 gentiles
2823 4564 3282 4620 misericorditer
3330 4562 3585 4619 visitavit
3613 4585 3641 4612 «
3674 4562 3747 4618 de

2090 4653 2316 4711 excelso
2348 4656 2548 4709 sancto
2579 4671 2708 4720 suo,
2728 4676 2754 4702 »
2788 4653 2846 4709 id
2878 4659 2986 4719 est,
3003 4652 3075 4709 de
3096 4650 3464 4709 humanitate
3480 4650 3607 4707 Filii
3627 4651 3741 4717 sui,

2091 4761 2217 4816 quae
2249 4743 2359 4799 fuit
2386 4742 2632 4810 excelsa,
2649 4742 2789 4815 quia
2817 4743 2889 4798 ab
2921 4743 3081 4798 omni
3113 4746 3349 4814 peccato
3372 4739 3746 4809 immunis,et

2088 4831 2213 4904 ipse
2244 4856 2271 4881 ‹‹
2307 4831 2593 4887 Dominus
2624 4831 2682 4885 in
2707 4836 2924 4886 terram
2957 4830 3249 4902 aspexit,»
3281 4829 3339 4885 id
3371 4833 3463 4885 est
3493 4828 3620 4885 illos
3638 4828 3741 4900 qui

2089 4921 2248 4978 culta
2276 4925 2444 4977 erant
2473 4919 2819 4986 terra,sicut
2846 4920 3033 4976 Judmi
3057 4936 3206 4991 quos
3235 4918 3596 4991 propinquos
3614 4916 3747 4972 visi-

2086 5009 2256 5076 tavit;
2293 5008 2446 5063 sicut
2474 5007 2790 5079 Apostolus
2822 5007 2905 5062 ait
2925 5004 3629 5077 Veniens,evangelizavit
3650 5004 3745 5061 his

2088 5098 2187 5169 qui
2221 5114 2399 5167 prope
2430 5100 2598 5151 erant
2646 5100 2704 5151 et
2742 5095 2836 5151 his
2885 5096 2986 5167 qui
3031 5094 3205 5167 longe
3256 5094 3462 5166 (Eph..)
3497 5110 3509 5148 :
3542 5097 3601 5149 et
3634 5092 3746 5148 hoc

2089 5211 2114 5235 ‹‹
2152 5187 2222 5241 de
2254 5184 2416 5251 cmlo,
2451 5206 2478 5234 »
2510 5184 2580 5238 de
2616 5184 2744 5256 ipsa
2782 5183 3006 5239 scilicet
3028 5183 3396 5239 humanitate
3426 5180 3660 5249 Christi,
3682 5180 3741 5235 in

2089 5293 2206 5348 qua
2238 5275 2365 5346 ipsa
2394 5272 2578 5328 celata
2610 5273 2721 5329 fuit
2752 5272 3054 5329 divinitas.

2156 5365 2240 5418 Ad
2272 5362 2381 5417 hoc
2413 5362 2711 5434 prospexit
2741 5386 2765 5411 ‹‹
2804 5368 2868 5417 ut
2902 5385 2928 5410 ››
2963 5378 3065 5434 per
3112 5361 3308 5434 ipsum
3351 5360 3742 5415 mediatorum

2088 5453 2297 5509 Filium
2335 5475 2361 5499 ‹‹
2400 5449 2629 5505 audiret
2659 5451 2915 5523 gemitus
2946 5448 3506 5522 compeditorum,id
3533 5451 3743 5518 est,eo-

2085 5560 2213 5598 rum
2247 5539 2344 5612 qui
2370 5557 2485 5594 non
2523 5538 2836 5594 lasciviunt
2873 5556 2976 5611 per
3005 5539 3229 5611 plateas
3252 5538 3431 5608 hujus
3460 5535 3611 5603 vitae,
3641 5535 3740 5592 sed

2084 5634 2223 5687 sunt
2269 5627 2429 5699 ligati
2484 5628 2787 5698 praeceptis
2836 5628 2935 5682 Dei
2970 5645 2981 5682 ε
3019 5628 3089 5682 ad
3127 5628 3235 5682 hoc
3284 5624 3531 5689 audiret,
3573 5645 3599 5672 ‹‹
3626 5627 3741 5678 ut»

2084 5721 2243 5791 ipsos
2276 5740 2302 5766 α
2326 5716 2475 5772 iilios
2509 5716 3015 5787 interemptorum,
3042 5739 3067 5761 »
3099 5715 3154 5771 id
3187 5718 3294 5783 est,
3320 5716 3558 5785 patrum
3589 5729 3743 5768 mor-
