3944 6414
392 293 499 353 187

1489 293 1848 353 ANGELOMI
1888 290 2345 351 LUXOVIENSIS
2382 293 2702 353 MONACHI

3721 288 3823 348 188

386 416 602 473 delicet
629 432 769 473 cum
810 420 924 473 Deo
954 417 1294 489 deprecatio
1324 417 1611 482 funditur,
1642 430 2034 488 nequaquam
2074 417 2121 473 Α
2155 417 2339 473 modo
2365 417 2608 474 dabitur
2628 416 2792 485 vitio,
2824 413 2991 487 quod
3016 429 3141 469 non
3172 412 3418 470 iteratur
3446 412 3506 467 in
3531 410 3693 469 facto
3722 412 3752 469 ?
3774 411 3821 466 si

385 504 523 562 talis
552 505 815 575 conjugii
869 506 989 562 vita
1041 506 1383 565 damnatur.
1444 511 1519 561 De
1545 522 1667 577 qua
1697 505 2038 577 precatione

387 608 633 666 quoque
662 593 878 649 Paulus
908 593 1213 661 admouet,
1247 595 1450 650 dicens
1483 613 1495 650 :
1520 596 1720 651 Notite
1740 593 2041 664 fraudare

388 683 661 752 invicem,
688 682 808 737 nisi
830 683 992 751 forte
1021 698 1096 740 ea:
1125 700 1414 741 consensu
1444 684 1525 740 ad
1554 690 1802 752 tempus,
1846 687 1911 736 ut
1944 696 2040 736 va-

390 772 532 831 cetis
559 771 822 826 Orationi
843 772 899 843 (Ῑ
915 771 1052 829 Cor.
1085 789 1184 839 vu,
1219 778 1293 843 ὅ).
1326 773 1477 838 Quid
1524 772 1583 828 in
1614 770 1899 843 sulphure
1930 767 2042 824 nisi

388 857 537 914 fetor
565 858 782 927 carnis,
814 862 870 916 et
889 859 1037 932 quid
1060 876 1165 932 per
1189 860 1393 931 ignem
1424 861 1534 916 nisi
1558 860 1739 916 ardor
1765 856 2042 914 desiderii

389 946 643 1003 carnalis
669 948 1066 1019 exprimitur?
1098 951 1247 1005 Cum
1265 966 1408 1020 ergo
1436 948 1839 1007 habitantium
1864 946 2046 1001 Sodo-

387 1036 502 1091 mis
531 1034 621 1090 vel
651 1036 997 1093 Gomorrhee
1024 1038 1223 1094 carnis
1261 1039 1484 1094 scelera
1519 1037 1731 1109 punire
1757 1035 2044 1092 Dominus

387 1123 771 1194 decrevisset,
802 1124 866 1181 in
884 1125 1018 1198 ipsa
1057 1126 1341 1198 qualitate
1372 1127 1614 1183 ultionis
1663 1124 1891 1181 notavit
1920 1138 2044 1177 ma-

387 1212 587 1269 culam
616 1213 903 1271 criminis.
935 1214 1196 1287 Sulphur
1225 1216 1449 1288 quippe
1480 1216 1729 1271 fetorem
1762 1213 1964 1277 habet,
1990 1215 2046 1266 et

387 1301 541 1370 ignis
568 1302 868 1359 ardorem.
922 1303 1031 1369 Qui
1085 1304 1289 1376 itaque
1357 1320 1642 1376 perversa
1668 1302 1966 1359 desideria
1991 1305 2048 1354 et

389 1389 589 1446 carnis
620 1389 801 1447 fetore
833 1396 1108 1448 arserant
1152 1396 1270 1461 [Z.,
1302 1392 1470 1451 fetori
1500 1391 1923 1460 adhaeserant],
1954 1389 2043 1445 div

392 1493 583 1548 gnum
631 1478 741 1534 fuit
770 1483 833 1535 ut
880 1480 1059 1537 simul
1115 1482 1405 1554 sulphure
1437 1483 1715 1554 perirent,
1746 1484 2044 1553 quatenus

391 1582 466 1622 ex
484 1566 653 1637 justa
679 1583 862 1641 paena
890 1568 1185 1627 discerent
1214 1587 1285 1626 ex
1306 1571 1385 1642 inj
1396 1576 1527 1627 usto
1558 1569 1853 1626 desiderio
1878 1567 2043 1641 quod

394 1654 695 1711 fecissent.

2155 506 2256 561 Lot
2284 506 2456 577 quasi
2487 506 2750 561 incestus
2781 504 2840 559 in
2872 504 2987 558 hoc
3016 502 3174 558 facto
3205 498 3548 572 culpandus
3581 505 3690 565 est,
3744 516 3824 555 an

2149 609 2272 649 non
2305 594 2642 667 culpandus
2664 597 2752 649 est
2780 592 3027 665 quidem
3058 591 3120 647 in
3146 591 3259 647 hoc
3283 588 3442 645 facto
3476 592 3603 653 Lot,
3626 604 3824 661 quan-

2150 685 2279 738 tum
2311 683 2607 740 ebrietatis
2637 682 2978 751 ignorantia
3008 684 3268 736 meretur
3292 682 3319 736 ?
3378 682 3528 734 Nam
3561 683 3620 734 et
3659 678 3821 734 hanc

2150 770 2245 826 lex
2276 777 2497 828 aeterna
2534 772 2920 836 condemnat,
2953 786 3088 841 quae
3116 769 3321 823 cibum
3347 771 3407 822 et
3446 773 3661 839 potum
3694 783 3819 822 non

2152 860 2264 914 nisi
2292 861 2370 916 ad
2388 860 2640 917 salutem
2664 860 2933 931 corporis
2962 874 3201 913 sumere
3234 856 3503 913 mandat.
3531 859 3597 911 Et
3614 856 3713 911 hic
3735 856 3820 912 di-

2151 947 2429 1019 ligentius
2449 949 2887 1004 intendendum
2918 953 3006 1002 est
3052 952 3354 1018 quantum
3405 946 3483 1000 sit
3506 944 3817 1000 ebrietatis

2153 1037 2405 1106 malum,
2438 1042 2493 1092 et
2515 1037 2685 1092 valde
2708 1036 3043 1091 timendum
3066 1034 3177 1089 illis
3194 1034 3416 1107 quibus
3437 1034 3554 1088 hoc
3585 1032 3819 1087 malum

2153 1126 2213 1181 in
2246 1143 2357 1181 usu
2381 1131 2614 1181 estnon
2648 1126 2709 1181 in
2736 1125 3002 1180 crimine.
3042 1124 3306 1179 Ebrietas
3347 1122 3592 1194 decipit,
3633 1138 3820 1193 quem

2158 1214 2419 1273 Sodoma
2443 1231 2565 1271 non
2594 1214 2846 1287 decepit.
2869 1213 3063 1269 Uritur
3086 1212 3180 1268 ille
3202 1210 3468 1267 ﬂammis
3491 1209 3822 1266 mulierum

2155 1321 2335 1376 quem
2360 1304 2685 1376 sulphurea
2704 1304 2956 1359 ﬂamma
2996 1318 3118 1358 non
3162 1301 3331 1356 ussit.
3374 1304 3508 1357 Erat
3537 1315 3683 1369 ergo
3716 1301 3825 1355 Lot

2155 1398 2298 1459 arte,
2323 1408 2447 1449 non
2466 1392 2770 1448 voluntate
2792 1392 3096 1463 deceptus.
3130 1391 3266 1447 Ideo
3287 1389 3527 1445 medius
3570 1387 3823 1460 quidem

2152 1481 2305 1537 inter
2329 1487 2672 1553 peccatores
2699 1485 2756 1536 et
2776 1480 2994 1550 justos,
3046 1479 3272 1552 quippe
3321 1478 3427 1550 qui
3457 1493 3529 1535 ex
3560 1476 3825 1533 Abrahae

2154 1570 2400 1641 quidem
2431 1572 2785 1639 cognatione
2828 1568 3241 1638 descenderat,
3301 1567 3361 1624 in
3427 1565 3710 1622 Sodomis
3743 1570 3827 1621 ta-

2154 1675 2293 1717 men
2324 1658 2717 1715 habitaverat.
2751 1661 2897 1713 Nam
2932 1657 3149 1725 ethoc,
3180 1654 3349 1728 quod
3379 1654 3578 1710 evadit
3615 1670 3687 1709 ex
3720 1656 3827 1709 So-

466 1744 659 1811 Ouare
688 1744 901 1801 diebus
950 1750 1069 1804 Noe
1098 1751 1411 1819 peccatum
1436 1748 1650 1805 mundi
1680 1764 1840 1820 aqua
1870 1747 2042 1803 uicis-
2081 1769 2123 1825 Β
2153 1747 2370 1811 domis,
2405 1746 2557 1803 sicut
2585 1747 2888 1818 Scriptura
2917 1745 3158 1812 indicat,
3191 1744 3385 1814 magis
3410 1743 3488 1800 ad
3519 1744 3826 1799 honorem

394 1830 566 1895 citur.
591 1833 706 1889 hoc
731 1850 873 1891 vero
897 1835 1342 1893 Sodomitarum
1373 1836 1510 1906 igne
1545 1838 1791 1910 punitur
1815 1837 1842 1891 ?
1894 1835 2044 1901 Quia

390 1920 539 1977 illud
568 1922 839 1979 naturale
866 1922 1129 1981 libidinis
1151 1942 1291 1983 cum
1316 1925 1552 1982 feminis
1583 1924 2039 1997 fuitpeccatum,

391 2009 564 2083 quasi
592 2009 799 2069 leviori
827 2012 1121 2071 elemento
1142 2014 1466 2073 damnatur
1491 2034 1504 2082 ;
1536 2017 1650 2070 hoc
1671 2031 1813 2071 vero
1836 2019 2042 2073 contra

389 2102 671 2156 naturam
732 2116 873 2157 cum
932 2101 1068 2158 viris
1129 2102 1393 2158 libidinis
1444 2110 1759 2175 peccatum
1798 2102 2041 2159 acrioris

391 2186 667 2245 elementi
687 2188 1024 2249 vindicatur
1052 2191 1351 2258 incendio,
1381 2197 1438 2249 et
1470 2193 1583 2249 illic
1614 2198 1768 2250 terra
1793 2194 1866 2264 [Ζ
1873 2192 2041 2263 .,illic

389 2291 528 2335 vero
556 2278 688 2350 ter.]
716 2280 892 2352 aquis
924 2281 1129 2339 abluta
1156 2283 1473 2353 revirescit,
1500 2284 1596 2340 hic
1624 2282 1888 2339 ﬂammis
1913 2298 2040 2338 cre-

389 2370 574 2437 mata,
607 2372 829 2428 interna
853 2370 1150 2427 sterilitate
1180 2372 1409 2428 arescit.

464 2456 777 2526 Quaeritur,
836 2457 911 2514 de
943 2459 1095 2515 ccelo
1142 2477 1330 2532 quare
1388 2460 1647 2516 vindicta
1678 2466 1832 2517 esset
1862 2477 2041 2533 super

390 2543 756 2601 habitatores
780 2545 1001 2619 impios
1035 2549 1343 2606 civitatum
1374 2549 1613 2607 illarum
1643 2550 1670 2605 Τ
1721 2552 1871 2615 Quia
1920 2550 2038 2605 cla-

392 2647 527 2687 mor
556 2635 935 2705 peccantium
960 2636 1019 2691 in
1047 2636 1265 2693 ccelum
1296 2639 1635 2695 ascendisse
1665 2638 1899 2701 dicitur,
1952 2638 2039 2693 id-

393 2719 551 2775 circo
580 2720 654 2775 de
683 2721 834 2778 cmlo
862 2724 1146 2794 puniendi
1180 2731 1369 2782 erant.
1403 2727 1517 2781 Cur
1542 2726 1867 2792 sulphureo
1904 2728 2041 2795 igne

393 2808 802 2879 puniebantur
821 2811 848 2866 ?
874 2814 941 2871 Ut
970 2813 1383 2885 putidissimus
1438 2815 1699 2872 libidinis
1730 2814 1909 2873 ardor
1938 2834 2043 2889 pu-

396 2895 688 2955 tidissimo
716 2898 1107 2959 ﬂammarum
1138 2904 1350 2959 ardore
1390 2904 1720 2976 puniretur.

470 2988 633 3043 Vens.
667 2992 735 3044 26
748 2992 857 3045 -29.
894 3022 960 3029 —
1006 2992 1461 3065 Respiciensque
1492 3010 1647 3051 uxor
1672 2998 1800 3064 ejus
1822 3000 1953 3064 post
1984 3009 2043 3050 se

394 3091 565 3175 versa
594 3084 676 3134 est
708 3079 1053 3175 in‘statuam
1084 3083 1251 3138 satis.
1285 3086 1399 3140 Cur
1429 3087 1628 3139 autem
1669 3100 1821 3141 uxor
1853 3086 1955 3139 Lot
1982 3085 2043 3139 in
2073 3123 2114 3175 0

392 3168 649 3223 statuam
700 3166 840 3224 salis
898 3185 1069 3227 versa
1099 3172 1234 3228 est?
1285 3170 1375 3229 Ad
1420 3172 1873 3233 condimentum
1902 3174 2045 3229 tide-

388 3252 557 3324 lium,
590 3255 734 3328 quia
761 3258 991 3328 punitio
1019 3259 1189 3332 impii
1218 3261 1471 3321 eruditio
1502 3266 1589 3316 est
1610 3263 1779 3332 justi.

465 3344 634 3399 Vens.
676 3344 763 3400 30.
794 3347 1266 3420 —Ascenditque
1281 3351 1387 3405 Lot
1421 3351 1492 3406 de
1512 3351 1718 3421 Segor,
1737 3358 1791 3409 et
1823 3353 2042 3409 mansit

393 3429 459 3485 in
488 3437 706 3497 monte,
738 3434 874 3489 duae
902 3451 1130 3507 quoque
1155 3439 1299 3504 ﬁliae
1321 3454 1454 3494 cum
1475 3455 1559 3495 eo.
1592 3441 1895 3497 Timaei-at
1924 3456 2047 3497 ma-

395 3532 538 3575 nere
556 3519 618 3577 in
633 3519 835 3590 Segor,
859 3537 1176 3595 usquequo
1205 3526 1307 3595 ait,
1326 3534 1723 3596 conceperant
1744 3544 1884 3598 ergo
1910 3530 2047 3587 dure

390 3606 536 3674 ﬁlim
556 3608 663 3665 Lot
693 3608 767 3665 de
788 3614 968 3678 patre
985 3626 1108 3667 suo.
1134 3612 1263 3676 Quo
1293 3616 1455 3673 enim
1482 3616 1729 3673 consilio
1752 3616 1886 3672 ﬁlia:
1914 3621 2035 3687 Lot,

395 3692 542 3751 dum
574 3696 821 3766 [Z.,om.
845 3697 1015 3771 dum]
1068 3701 1456 3761 concubitum
1514 3704 1698 3774 patris
1728 3704 2046 3776 petierunt,

392 3782 486 3839 vel
515 3785 594 3841 ab
618 3785 850 3843 incestu
877 3789 1123 3860 purgari
1154 3794 1427 3861 pOssunt,
1455 3790 1603 3847 dum
1635 3792 1749 3847 hoc
1794 3794 2047 3849 scientes

393 3869 680 3945 fecerunt,
712 3874 806 3932 ille
841 3892 978 3935 vero
1005 3878 1181 3950 quasi
1210 3880 1482 3935 nesciens
1508 3881 1535 3935 Ἰ
1567 3880 1810 3936 Videtur
1841 3882 1932 3952 [Ζ.
1963 3883 2043 3937 di-

394 3963 558 4033 cunt]
579 3979 848 4037 namque
869 3965 1021 4022 ﬁlias
1057 3970 1159 4023 Lot
1184 3968 1464 4024 didicisse
1487 3969 1771 4040 quaedam
1792 3970 1866 4031 de
1904 3987 2045 4027 con-

394 4051 795 4108 summatione
810 4054 1042 4119 mundi,
1061 4072 1198 4128 quae
1210 4056 1548 4113 immineret
1564 4074 1670 4129 per
1690 4058 1915 4129 ignem,
1940 4060 2047 4117 sed

394 4140 687 4209 tanquam
711 4140 800 4209 [Ζ.
813 4183 826 4207 ,
847 4156 959 4197 nec
978 4144 1200 4214 tamen]
1217 4145 1430 4216 puellae
1451 4145 1774 4216 intelligere
1794 4149 2047 4220 perfecte

394 4241 531 4298 qua:
558 4225 909 4293 didicerant,
947 4231 1284 4289 nescierunt
1322 4234 1489 4306 quod
1538 4236 1859 4293 Sodomitis
1911 4238 2048 4306 igne

394 4315 640 4371 vastatis
661 4316 919 4373 multum
940 4319 1138 4376 adhuc
1160 4322 1419 4393 spatium
1447 4325 1747 4395 integrum
1768 4327 2049 4383 resideret

394 4400 457 4456 in
489 4404 739 4460 mundo.
767 4407 1089 4478 Suspicatze
1111 4415 1247 4471 sunt
1270 4411 1381 4469 tale
1403 4412 1630 4486 aliquid
1657 4414 1880 4471 factum
1905 4432 2050 4487 qua-

393 4489 447 4546 le
462 4491 524 4546 in
553 4494 925 4566 temporibus
949 4497 1263 4557 audierant
1293 4503 1433 4570 Noe,
1456 4504 1513 4559 et
1542 4502 1623 4557 ob
1644 4504 2048 4574 reparandam

394 4580 739 4639 mortalium
763 4584 1169 4656 posteritatem
1192 4587 1350 4643 solas
1392 4604 1456 4643 se
1494 4606 1623 4644 esse
1641 4607 1779 4646 cum
1804 4597 2047 4663 parente

394 4676 680 4729 servatas.
695 4674 1104 4746 Becuperandi
1126 4674 1322 4744 igitur,
1355 4677 1607 4734 humani
1627 4680 1859 4748 generis
1890 4679 2045 4736 desi-

393 4759 626 4817 derium
658 4769 923 4832 sumunt,
956 4768 1135 4837 atque
1165 4766 1539 4821 restaurandi
1572 4767 1771 4823 saeculi
1815 4784 1887 4823 ex
1918 4785 2046 4825 sese

393 4848 667 4908 dandum
696 4853 1021 4925 opinantur
1048 4852 1365 4913 exordium
1390 4872 1403 4920 ;
1434 4859 1493 4913 et
1512 4856 1793 4926 quamvis
1819 4858 2047 4926 grande

393 4936 476 4995 eis
492 4938 716 4997 crimen
743 4942 1035 5002 videretur
1064 4942 1247 5003 furari
1276 4942 1662 4999 concubitum
1685 4945 1891 5016 patris,
1915 4963 2047 5015 gra-

393 5025 523 5080 vior
546 5031 747 5084 tamen
777 5030 860 5087 eis
883 5031 1203 5091 videbatur
1232 5031 1537 5102 impietas,
1572 5031 1617 5086 si
1650 5034 1951 5099 humanm,
1983 5040 2048 5091 ut

394 5114 711 5184 putabant,
734 5120 1090 5188 posteritatis
1123 5136 1292 5192 spem
1340 5126 1575 5176 servata
1603 5122 1867 5180 castitate
1894 5124 2048 5180 dele-

393 5205 543 5257 rent.
579 5204 820 5277 Propter
849 5206 963 5261 hoc
989 5222 1131 5275 ergo
1175 5207 1490 5265 consilium
1549 5209 1773 5281 ineunt,
1808 5213 2041 5281 minori,

396 5298 458 5346 ut
489 5291 766 5358 arbitror,
823 5293 1024 5365 culpa,
1054 5296 1126 5364 [Ζ
1137 5336 1171 5361 .,
1196 5296 1367 5350 addit
1409 5305 1883 5372 argumentoque
1916 5319 2044 5359 ma-

391 5378 545 5450 jore]
576 5382 761 5451 patris
792 5381 1138 5437 mmstitiam
1164 5382 1259 5436 vel
1290 5383 1545 5453 rigorem
1576 5387 1717 5443 vino
1748 5389 2042 5453 molliunt.

397 5471 454 5522 et
488 5467 815 5539 resolvunt,
849 5468 1098 5537 singulis
1125 5469 1410 5540 ingressae
1463 5475 1759 5542 noctibus,
1796 5477 2044 5547 singulae

397 5554 730 5625 suscipiunt
784 5556 862 5612 ab
913 5556 1226 5627 ignorante
1275 5570 1663 5634 conceptum;
1714 5565 1865 5622 ultra
1923 5583 2045 5622 non

395 5648 671 5713 repetunt
701 5644 773 5714 [Ζ
780 5687 816 5712 .,
840 5662 949 5701 nec
980 5647 1132 5704 ultra
1160 5651 1308 5721 rep.]
1335 5667 1445 5707 nec
1470 5655 1797 5726 requirunt.
1829 5656 1933 5711 Ubi
1952 5657 2045 5713 hic

395 5729 660 5788 libidinis
689 5734 868 5807 culpa
892 5734 920 5795 ?
942 5735 1049 5792 Ubi
1076 5737 1283 5797 incesti
1304 5742 1531 5799 crimen
1550 5743 1864 5814 arguitur?
1896 5746 2047 5810 Quo-

2152 1836 2408 1890 Abrahaa
2430 1852 2615 1908 quam
2650 1835 2728 1891 ad
2761 1836 3039 1890 meritum
3069 1834 3321 1906 pertinet
3348 1836 3468 1888 Lot.

2223 1926 2402 1993 Fat/tl
2433 1928 2635 1996 itaque
2665 1927 2774 1981 Lot
2804 1941 2841 1981 a
2871 1926 3151 1989 Sodoma,
3177 1930 3289 1979 etc.
3312 1926 3413 1980 Lot
3432 1924 3638 1994 itaque
3666 1923 3826 1991 figu-

2150 2031 2282 2070 ram
2313 2014 2599 2070 habuisse
2628 2014 2795 2083 legis,
2828 2014 3011 2083 hujus
3035 2029 3287 2069 uxorem
3311 2012 3481 2069 illum
3512 2011 3820 2084 populum

2152 2104 2457 2175 ponimus,
2488 2103 2589 2176 qui
2618 2103 2690 2157 de
2715 2106 2967 2174 zEgypto
2997 2102 3318 2174 profectus,
3348 2106 3404 2159 et
3424 2100 3501 2157 de
3519 2099 3671 2159 mari
3704 2103 3824 2157 Ru-

2150 2192 2259 2247 bro
2286 2208 2357 2248 ac
2386 2192 2795 2264 persecutione
2827 2190 3171 2259 Pharaonis,
3200 2195 3494 2262 tanquam
3525 2189 3601 2243 de
3627 2189 3821 2245 Sodo-

2153 2281 2363 2337 miticis
2401 2280 2662 2350 ignibus,
2695 2280 3000 2348 liberatus,
3033 2295 3277 2335 rursum
3305 2294 3516 2334 carnes
3574 2283 3634 2333 et
3664 2277 3821 2333 ollas

2151 2370 2405 2441 Egypti,
2439 2376 2494 2426 et
2519 2386 2698 2441 cepas
2728 2384 3205 2440 cucumerosque
3242 2367 3599 2423 desiderans
3654 2372 3822 2423 retro

2151 2459 2428 2529 respexit,
2461 2463 2517 2514 et
2542 2458 2753 2515 cecidit
2776 2458 2837 2513 in
2869 2458 3125 2521 deserto,
3158 2456 3471 2529 factusque
3500 2460 3591 2515 est
3632 2456 3820 2515 etiam

2151 2547 2647 2619 concupiscentiae
2670 2546 2965 2602 memoria
2986 2546 3046 2602 in
3059 2562 3281 2602 eremo.
3307 2545 3394 2600 lbi
3415 2560 3559 2615 ergo
3582 2543 3679 2605 lex
3703 2545 3821 2619 pri-

2150 2653 2321 2695 mum
2351 2636 2517 2692 illum
2548 2636 2845 2711 populum
2876 2640 3170 2709 tanquam
3196 2637 3299 2691 Lot
3322 2639 3475 2691 retro
3493 2633 3820 2705 respicien-

2152 2729 2269 2781 tem
2300 2725 2576 2798 perdidit,
2606 2741 2674 2781 ac
2703 2724 2941 2797 reliquit
2970 2740 3241 2780 uxorem.
3276 2722 3413 2778 Inde
3436 2722 3691 2779 veniens
3718 2726 3822 2779 Lot

2150 2814 2382 2870 habitat
2409 2816 2471 2870 in
2496 2816 2703 2885 Segor,
2735 2813 2810 2869 de
2837 2830 2959 2885 qua
2976 2812 3117 2868 dicit
3147 2829 3159 2867 :
3186 2813 3412 2869 Civitas
3440 2812 3569 2871 haec
3592 2827 3816 2881 parva.

2153 2909 2207 2959 et
2233 2903 2475 2959 satvabo
2501 2905 2767 2959 animam
2792 2918 2982 2959 meam
3014 2903 3077 2957 in
3108 2903 3260 2972 ipsa.
3299 2904 3450 2970 Ergo
3509 2906 3819 2973 quantum

2153 2992 2232 3048 ad
2275 2992 2467 3062 legem
2505 2992 2774 3063 pertinet,
2831 2991 3035 3047 civitas
3092 2989 3311 3063 pusilla
3349 2994 3406 3045 et
3434 3005 3559 3045 non
3592 2988 3822 3063 pusilla

2154 3081 2387 3137 dicitur.
2421 3081 2635 3137 Civitas
2666 3080 2826 3136 enim
2880 3096 2917 3136 a
2970 3078 3425 3135 conversatione
3483 3078 3820 3135 multorum

2154 3174 2242 3225 est
2279 3169 2438 3225 dicta
2466 3185 2573 3241 pro
2606 3185 2676 3225 eo
2706 3169 2873 3240 quod
2910 3168 3306 3241 plurimorum
3336 3168 3399 3227 in
3433 3182 3627 3223 unum
3672 3183 3819 3223 con-

2154 3259 2338 3314 tineat
2369 3258 2536 3315 vitas.
2563 3258 2631 3314 Hi
2661 3274 2804 3328 ergo
2830 3257 2935 3330 qui
2966 3256 3304 3319 secundum
3350 3256 3612 3313 litteram
3660 3255 3814 3326 legis

2155 3348 2385 3417 vivunt,
2445 3362 2698 3419 parvam
2779 3346 3005 3403 habent
3058 3344 3600 3407 conversationem.
3666 3344 3821 3402 Nihil

2157 3434 2317 3490 enim
2358 3434 2583 3505 grande
2613 3440 2701 3489 est
2728 3433 2983 3490 sabbata
3014 3438 3067 3488 et
3098 3433 3471 3499 neomenias,
3505 3432 3822 3489 circumci-

2160 3523 2390 3579 sionem
2419 3524 2614 3583 carnis
2639 3528 2695 3579 et
2723 3522 2998 3578 ciborum
3027 3522 3441 3583 distinctiones
3488 3521 3821 3577 observare

2159 3612 2493 3677 carnaliter,
2525 3611 2861 3684 spiritaliter
2886 3626 3029 3667 vero
3067 3610 3533 3681 intelligentibus
3566 3626 3695 3667 non
3728 3616 3821 3667 est

2157 3701 2396 3773 pusilla,
2430 3701 2538 3759 sed
2571 3717 2817 3772 magna.

2228 3790 2507 3846 Ascendit
2526 3806 2669 3861 ergo
2700 3793 2800 3846 Lot
2830 3794 2964 3863 post
2994 3790 3121 3845 haec
3153 3788 3213 3851 in
3243 3794 3534 3858 montem,
3562 3795 3620 3845 et
3641 3788 3820 3846 habi-

2159 3876 2324 3933 tabat
2348 3879 2410 3933 in
2467 3880 2775 3950 spelunca,
2807 3879 2933 3951 ipse
2964 3884 3020 3933 et
3061 3878 3196 3933 duas
3246 3877 3382 3934 tilia:
3414 3879 3565 3950 ejus.
3627 3881 3694 3935 Et
3724 3878 3823 3934 lex

2159 3968 2501 4024 ascendisse
2532 3967 2802 4041 putanda
2840 3972 2946 4038 est,
2979 3966 3145 4040 quod
3177 3966 3229 4022 ei
3281 3983 3387 4039 per
3444 3966 3819 4025 Hierusalem

2162 4056 2450 4127 templum
2481 4061 2891 4115 constructum
2922 4056 3174 4112 accessit
3205 4061 3473 4123 ornatus,
3509 4072 3652 4115 cum
3693 4057 3821 4112 fac-

2160 4149 2218 4203 ta
2242 4150 2330 4200 est
2358 4144 2604 4216 quidem
2635 4145 2854 4200 domus
2891 4147 2988 4201 Dei
3035 4145 3255 4203 domus
3285 4145 3575 4201 orationis
3602 4163 3615 4213 ;
3676 4144 3821 4200 mali

2159 4239 2360 4291 autem
2386 4233 2747 4290 habitatores
2776 4233 3041 4290 fecerunt
3065 4250 3199 4289 eam
3231 4233 3586 4306 speluncam
3638 4233 3822 4290 latro-

2158 4338 2325 4377 num.
2361 4322 2518 4377 Duas
2547 4321 2699 4379 ﬁlias
2732 4325 2833 4381 Lot
2858 4322 3161 4378 evidenter
3192 4323 3487 4396 propheta
3533 4322 3825 4380 describit

2159 4410 2362 4465 dicens
2394 4410 2624 4467 Oollam
2654 4415 2711 4466 et
2764 4411 3038 4468 Oolibam
3093 4411 3246 4466 duas
3286 4427 3520 4467 sorores
3578 4428 3736 4482 esse,
3765 4418 3824 4468 et

2160 4516 2289 4554 esse
2319 4501 2564 4573 quidem
2597 4501 2805 4557 Oolam
2826 4500 3062 4565 ludam,
3097 4506 3155 4557 et
3202 4501 3476 4558 Oolibam
3535 4518 3668 4559 esse
3714 4506 3822 4560 Sa-

2159 4590 2412 4645 mariam
2448 4592 2684 4661 (Ezech.
2728 4608 2803 4655 1v,
2844 4595 2922 4659 4).
2956 4592 3086 4646 Istas
3121 4591 3421 4665 sapientes
3461 4598 3721 4664 patrem,
3766 4598 3825 4649 et

2158 4694 2446 4735 somnum
2479 4679 2531 4734 ei
2563 4679 2911 4736 inducentes
2944 4682 3062 4751 [Z.,
3089 4680 3364 4753 patrique
3383 4697 3536 4736 som.
3564 4681 3821 4751 indue],

2156 4765 2217 4820 id
2240 4771 2344 4831 est,
2388 4772 2650 4837 tegentes
2671 4773 2727 4823 et
2766 4769 3087 4824 obruentes
3140 4770 3271 4839 ejus
3328 4769 3659 4841 spiritalem
3691 4788 3824 4826 sen-

2158 4873 2316 4923 sum,
2350 4857 2542 4913 solam
2564 4855 2646 4914 'ex
2672 4874 2742 4914 eo
2767 4858 2962 4915 carnis
2988 4858 3442 4929 intelligentiam
3466 4861 3736 4931 trahunt,
3766 4867 3827 4920 et

2158 4946 2296 5000 inde
2327 4948 2689 5021 concipiunt,
2748 4948 2888 5003 inde
2939 4954 3225 5018 generant
3275 4948 3432 5004 ﬁlios
3485 4949 3634 5009 tales
3662 4968 3824 5024 quos

2158 5052 2265 5089 nec
2294 5037 2465 5091 sentit
2502 5053 2612 5092 nec
2642 5038 2917 5108 agnoscit
2938 5043 3128 5108 pater.
3160 5038 3315 5094 Talis
3344 5055 3592 5112 quoque
3625 5047 3827 5113 poste-

2157 5126 2298 5180 ritas
2324 5143 2444 5181 non
2474 5127 2649 5182 intret
2676 5129 2733 5182 in
2771 5128 3093 5184 Ecclesiam
3116 5128 3237 5183 Dei.
3283 5130 3674 5199 Ammonitor,
3729 5132 3824 5187 in-

2154 5214 2302 5285 quit,
2336 5221 2389 5270 et
2416 5216 2688 5275 Moabitae
2719 5233 2838 5272 non
2866 5218 3202 5273 introibant
3246 5220 3306 5275 in
3328 5219 3670 5277 Ecclesiam
3702 5223 3823 5277 Do-

2155 5304 2305 5358 mini
2329 5320 2510 5375 usque
2554 5307 2617 5360 in
2660 5308 2900 5363 tertiam
2930 5313 2985 5363 et
3036 5314 3319 5378 quartam
3372 5312 3729 5378 progeniem
3769 5317 3823 5366 et

2156 5407 2341 5462 usque
2362 5395 2423 5448 in
2452 5396 2737 5451 stet-utam
2776 5396 2935 5467 (Lev.
2993 5413 3159 5466 xxm,
3192 5398 3267 5467 3),
3298 5396 3630 5466 designans
3655 5400 3825 5472 quod

2157 5481 2413 5536 carnalis
2446 5485 2747 5551 generatio
2768 5484 2916 5554 legis
2966 5500 3091 5541 non
3140 5486 3314 5542 intret
3372 5486 3435 5541 in
3492 5488 3824 5546 Ecclesiam

2159 5569 2365 5625 Christi
2398 5571 2508 5628 [Z..
2550 5575 2690 5642 Dei],
2716 5589 2824 5629 nec
2849 5590 2957 5646 per
2980 5575 3211 5630 tertiam
3240 5576 3696 5644 generationem
3717 5595 3827 5651 per

2158 5658 2519 5722 Trinitatem,
2546 5676 2652 5716 nec
2683 5677 2791 5734 per
2819 5668 3100 5735 quartam
3128 5680 3234 5737 per
3266 5665 3682 5736 Evangelium,
3714 5683 3827 5724 nec

2156 5745 2219 5803 in
2249 5747 2556 5804 saeculum.
