3936 6360
192 456 305 519 537

1367 457 1864 519 EXPLANATIO
1909 458 1988 519 IN
2035 458 2419 521 PSALMOS.

3481 458 3601 523 538

189 594 424 647 tuorum
453 589 511 644 in
542 588 817 663 peccatis,
853 612 881 638 ‹‹
916 587 1161 644 solveret
1192 610 1219 638 ››
1251 607 1285 644 a
1312 589 1544 645 vinculo
1576 594 1837 662 peccato-
1866 592 1920 658 Α
1950 595 2215 647 mentum
2265 592 2613 661 mutabitur,
2657 592 2795 665 quia
2836 592 3045 649 stabile
3097 593 3213 659 ﬂet,
3244 593 3376 650 dico
3408 615 3437 645 ‹‹
3468 591 3599 650 coeli

189 695 319 735 rum
351 696 457 751 pro
486 678 704 751 quibus
732 678 1063 750 gemebant.

258 769 341 824 Ad
369 769 478 823 hoc
510 767 722 835 solum,
758 788 786 816 ε(
817 770 882 821 ut
912 790 939 814 ››
972 766 1083 838 ipsi
1128 765 1301 821 soluti
1339 789 1365 816 ‹‹
1399 767 1750 822 annuntient
1780 768 1836 822 in

190 858 347 925 Sion,
386 878 413 905 »
446 857 504 911 id
536 859 644 923 est,
668 855 727 910 in
759 855 1028 928 prmseuti
1062 855 1338 927 Ecclesia,
1366 879 1391 905 ‹‹
1417 874 1626 911 nomen
1656 857 1841 912 Domi-

191 947 273 1017 ni,
303 945 449 1002 etin
492 944 879 1013 Hierusalem,
913 965 940 994 »
977 944 1034 999 id
1083 949 1172 999 est
1214 943 1274 998 in
1323 944 1540 1011 futura,
1574 963 1701 1016 quae
1751 950 1841 1000 est

187 1035 332 1091 visio
363 1034 545 1106 pacis,
571 1056 600 1083 «
636 1033 993 1105 annuntient
1019 1032 1255 1087 laudem
1289 1034 1417 1104 ejus
1444 1056 1469 1081 ››
1492 1032 1743 1101 Domini,
1779 1034 1834 1088 id

189 1128 296 1193 est,
326 1121 683 1178 laudabilem
716 1121 1046 1177 ostendant.

259 1211 398 1267 Dico
430 1209 801 1280 annuntient,
826 1212 883 1263 et
912 1208 1021 1265 hoc
1052 1227 1167 1265 non
1199 1209 1422 1281 paucis,
1448 1212 1546 1265 sed
1574 1235 1599 1260 ‹‹
1627 1212 1685 1267 in
1708 1229 1841 1267 con-

187 1300 472 1357 veniendo
504 1298 751 1371 populos
780 1297 837 1352 in
873 1315 1079 1367 unum,
1112 1321 1140 1347 »ι
1173 1299 1231 1353 id
1270 1304 1361 1355 est
1407 1304 1835 1373 congregando,

188 1390 245 1445 id
276 1393 367 1445 est
395 1390 455 1443 in
485 1387 937 1460 congregatione
970 1388 1340 1460 populorum.
1364 1389 1464 1443 Vel
1489 1414 1514 1438 ‹‹
1551 1390 1609 1444 in
1632 1409 1837 1446 conve-

189 1478 462 1545 niendo,»
492 1476 549 1531 id
582 1480 672 1532 est
700 1476 1072 1548 alloquendo,
1106 1500 1133 1525 ‹‹
1169 1477 1415 1549 populos
1447 1478 1505 1533 in
1540 1497 1745 1551 unum,
1778 1480 1836 1536 id

186 1572 276 1624 est
303 1566 573 1622 ducendo
612 1581 712 1620 eos
759 1563 819 1619 in
871 1581 1048 1620 unam
1098 1565 1455 1622 voluntatem
1506 1572 1564 1623 et
1613 1570 1834 1624 fidem:

187 1680 216 1707 «
244 1660 303 1711 et
336 1677 364 1706 ››
396 1654 573 1710 etiam
603 1654 1001 1709 conveniendo
1033 1677 1061 1703 «
1097 1672 1283 1728 reges,
1312 1678 1338 1704 »
1360 1655 1419 1711 id
1442 1661 1532 1713 est
1562 1659 1836 1730 majores,

185 1746 256 1801 ad
287 1746 399 1800 hoc
430 1766 459 1794 ‹‹
494 1748 561 1800 ut
586 1744 842 1799 serviant
872 1742 1139 1799 Domino.
1178 1767 1205 1794 ››

255 1833 546 1891 Dominus
577 1831 803 1904 aspexit
830 1836 1069 1904 terram,
1102 1837 1161 1889 et
1189 1858 1215 1883 ‹‹
1252 1835 1381 1907 ipsa
1412 1838 1713 1908 respondit
1733 1838 1783 1892 ei
1810 1859 1839 1886 ))

182 1923 436 1991 vocanti,
468 1921 795 1978 assentiens
844 1939 963 1977 suis
1013 1923 1325 1991 vocationi,
1355 1928 1412 1979 et
1442 1925 1835 1997 subserviens,

182 2017 241 2069 et
269 2011 584 2069 ambulans
614 2032 643 2061 «
674 2010 736 2065 in
765 2010 917 2078 via,»
941 2011 997 2065 id
1020 2015 1109 2067 est
1139 2011 1198 2066 in
1229 2012 1535 2085 prmceptis
1564 2014 1664 2070 Dei
1687 2016 1841 2071 bona

183 2100 569 2174 operatione:
602 2098 696 2154 via
747 2099 876 2155 dico
927 2120 956 2149 «
1000 2099 1236 2156 virtutis
1296 2118 1439 2171 suae,
1474 2125 1500 2151 »
1533 2104 1590 2159 id
1643 2109 1733 2160 est
1780 2104 1840 2159 in

184 2206 303 2263 qua
323 2205 387 2245 se
408 2188 665 2245 ostendit
681 2188 1176 2262 virtuosam,quia
1188 2190 1350 2246 nulla
1370 2192 1745 2249 tribulatione
1768 2194 1840 2250 ab

183 2296 253 2335 ea
282 2277 545 2351 separari
576 2282 800 2350 potest;
835 2278 991 2333 unde
1038 2279 1354 2351 Apostolus
1387 2298 1399 2335 :
1435 2282 1632 2354 Neque
1660 2299 1841 2352 mors,

184 2385 376 2442 neque
403 2367 524 2423 vita
561 2369 836 2440 poterunt
883 2383 990 2421 nos
1038 2383 1312 2439 separare
1340 2386 1374 2424 a
1405 2368 1686 2426 charitate
1715 2371 1843 2440 Dei,

183 2459 387 2528 (Rom.,
419 2457 544 2525 xm)
577 2470 590 2509 :
627 2454 927 2527 respondit
975 2456 1127 2526 dico,
1161 2455 1244 2512 ita
1292 2458 1494 2514 dicens
1527 2475 1540 2514 :
1577 2461 1839 2529 Domine,

184 2570 213 2597 ‹‹
245 2545 458 2601 nuntia
504 2544 671 2613 mihi,
709 2567 736 2593 ››
769 2543 826 2598 id
858 2547 967 2614 est,
1001 2545 1089 2600 fac
1136 2562 1229 2601 me
1281 2547 1601 2621 intelligere
1632 2572 1659 2599 ‹‹
1694 2568 1840 2623 pau-

184 2636 423 2691 citatem
475 2633 703 2688 dierum
745 2648 1033 2701 meorum,
1071 2656 1098 2683 ››
1130 2633 1188 2689 id
1221 2639 1313 2691 est
1361 2636 1701 2693 brevitatem
1732 2639 1841 2694 hu-

185 2738 376 2778 manae
407 2722 572 2789 vitae;
604 2724 671 2775 ut
697 2735 765 2776 ea
795 2720 1030 2793 cognita
1060 2723 1330 2779 festinem
1364 2725 1435 2780 ad
1466 2725 1644 2782 vitam
1678 2731 1843 2783 mter-

185 2827 350 2867 nam.

255 2901 329 2956 Et
359 2914 454 2953 me
485 2901 817 2953 currentem
865 2900 936 2953 ad
979 2900 1158 2956 vitam
1209 2906 1485 2959 aeternam
1518 2928 1545 2952 ‹‹
1578 2921 1651 2959 ne
1685 2922 1843 2961 revo-

184 3006 284 3045 ces
317 3009 346 3039 »
382 3003 416 3042 a
445 3002 622 3041 cursu
652 2985 776 3056 illo,
809 2988 916 3043 hoc
944 2993 1034 3043 est
1072 3005 1143 3045 ne
1193 2991 1511 3048 subtrahas
1557 2994 1843 3066 gratiam;

181 3078 328 3150 quia
351 3078 491 3130 tunc
514 3074 898 3130 subsisterem
923 3093 1028 3149 ego
1043 3101 1069 3127 ‹‹
1087 3078 1145 3133 in
1170 3078 1415 3135 dimidio
1437 3081 1663 3137 dierum
1686 3100 1843 3139 meo-

175 3182 314 3223 rum
345 3186 374 3214 ››
398 3163 717 3230 tantum,id
752 3167 842 3220 est
871 3165 1053 3221 solam
1086 3164 1410 3223 humanam
1440 3170 1621 3225 vitam
1654 3174 1844 3226 actam

178 3256 245 3314 in
272 3251 704 3325 temporalibus
736 3253 906 3309 bonis
937 3254 1213 3310 haberem
1249 3272 1262 3310 :
1297 3273 1424 3329 quae
1466 3258 1585 3314 vita
1630 3259 1848 3315 dicitur

1948 679 2241 753 peribunt,
2280 686 2340 737 tu
2370 686 2586 749 autem,
2625 681 2888 749 Domine,
2923 682 2984 736 in
3032 686 3315 739 aeternum
3365 698 3601 755 perma-

1949 786 2114 823 nens.
2152 793 2179 818 ››
2211 771 2477 826 Ostendit
2515 772 2806 843 quomodo
2856 770 3149 843 peribunt,
3183 771 3386 826 dicens
3421 788 3433 825 :
3473 792 3501 821 ‹‹
3531 772 3604 827 Et

1948 873 2151 912 omnes
2174 859 2328 914 sicut
2347 859 2764 915 vestimentum
2790 863 3171 925 veterascent,
3190 881 3215 907 ››
3239 858 3377 931 quia
3399 876 3602 914 secun-

1947 946 2087 1001 dum
2104 949 2534 1020 corruptionem
2550 949 2855 1003 hominum
2880 948 3009 1019 ipsa
3027 947 3315 1003 elementa
3336 965 3597 1003 corrum-

1947 1039 2169 1105 puntur
2199 1053 2212 1091 :
2246 1036 2420 1091 veluti
2472 1041 2647 1106 terra,
2680 1054 2808 1109 qua:
2850 1038 2976 1108 jam
3030 1036 3228 1091 minus
3270 1036 3478 1091 fertilis
3509 1040 3600 1092 cSt

1862 1172 1865 1175 _
1948 1140 2125 1195 quam
2158 1126 2343 1197 prius,
2377 1143 2477 1181 aer
2507 1127 2706 1181 minus
2739 1124 3012 1181 salubris.

2021 1236 2047 1261 ‹‹
2078 1214 2147 1268 Et
2173 1237 2197 1261 υ
2221 1218 2283 1268 tu
2307 1237 2335 1263 «
2369 1215 2630 1269 mutabis
2660 1232 2760 1270 eos
2792 1214 2945 1270 sicut
2975 1215 3331 1287 opertorium
3358 1237 3385 1263 »
3412 1218 3602 1270 muta-

1948 1306 2307 1375 tur,quando
2340 1303 2623 1375 recipient
2654 1304 2830 1359 aliam
2863 1303 3244 1375 qualitatem:
3273 1308 3329 1359 et
3361 1301 3461 1359 illa
3488 1304 3598 1359 im-

1949 1392 2275 1447 mutatione
2306 1390 2656 1464 permane'ns
2688 1392 3022 1448 immutatio
3052 1392 3182 1457 erit,
3205 1395 3264 1447 et
3284 1392 3391 1447 hoc
3413 1392 3556 1447 dicit
3584 1409 3597 1446 :

1949 1504 1976 1529 ‹‹
2010 1482 2078 1536 Et
2106 1483 2512 1549 mutabuntur,
2552 1505 2578 1530 ιι
2610 1482 2668 1536 id
2700 1485 2790 1537 est
2811 1481 2871 1536 in
2903 1481 3002 1536 illa
3032 1480 3441 1537 immutatione
3473 1499 3601 1554 per-

1950 1570 2297 1625 manebunt:
2315 1588 2429 1625 non
2444 1569 2570 1636 erit,
2581 1569 2734 1625 sicut
2746 1570 2885 1641 quid
2895 1587 2989 1625 am
3003 1570 3257 1625 haeretici
3270 1570 3599 1638 voluerunt,

1948 1658 2102 1729 quod
2134 1657 2448 1730 aliquando
2480 1658 2737 1714 redimat
2765 1657 3057 1714 elementa
3086 1660 3158 1714 ad
3181 1658 3492 1731 pristinam
3520 1660 3602 1713 fa-

1947 1746 2183 1815 ciem,et
2203 1748 2343 1803 item
2374 1747 2645 1803 homines
2676 1748 2748 1803 ad
2780 1748 3202 1803 habitationem
3224 1752 3411 1803 terrae.
3438 1748 3603 1819 Ipsos

1949 1836 2229 1904 mutabis,
2253 1858 2282 1885 «
2318 1838 2382 1891 tu
2413 1840 2611 1891 autem
2645 1835 2803 1891 idem
2823 1852 2908 1901 es,
2936 1855 2964 1885 »
2986 1835 3044 1890 id
3066 1839 3156 1890 est
3174 1832 3598 1904 immutabilis;

1950 1948 1977 1974 ‹‹
2014 1923 2157 1996 ipse,
2196 1947 2223 1973 »
2255 1924 2311 1979 id
2346 1928 2434 1979 est
2463 1922 2836 1996 omnipotens
2870 1941 2882 1978 :
2917 1946 2947 1973 ‹‹
2980 1928 3040 1979 et
3064 1923 3201 1979 anni
3235 1922 3324 1978 tui
3349 1946 3378 1974 ››
3396 1923 3454 1978 in
3479 1923 3606 1996 qui-

1953 2011 2065 2067 bus
2094 2014 2158 2068 tu
2187 2013 2352 2082 vivis,
2387 2035 2415 2062 «
2450 2030 2564 2068 non
2616 2011 2910 2080 deficient,
2945 2034 2973 2061 »
3004 2012 3145 2085 quia
3188 2012 3386 2067 aeterni
3437 2017 3598 2068 sunt.

1948 2100 2047 2156 Vel
2065 2118 2241 2172 possu
2249 2118 2381 2158 mus
2394 2101 2494 2157 cm]
2505 2118 2601 2157 um
2614 2105 2673 2157 et
2685 2106 2896 2158 terram
2915 2101 3249 2174 intellegere
3269 2100 3601 2174 allegorice,

1954 2193 2018 2244 ut
2063 2189 2145 2245 sic
2195 2190 2465 2246 dicamus
2498 2207 2511 2245 :
2548 2191 2702 2258 Dico,
2740 2213 2768 2241 ‹‹
2801 2207 2873 2246 ne
2924 2206 3178 2257 revoces,
3210 2211 3240 2240 »
3272 2194 3329 2245 et
3359 2206 3604 2247 securus

1952 2296 2105 2346 sum,
2132 2283 2368 2351 propter
2397 2280 2551 2335 bona
2580 2279 2750 2335 initia
2778 2294 2907 2351 quae
2937 2282 2999 2334 tu
3021 2280 3146 2349 jam
3200 2278 3410 2346 fecisti,
3447 2278 3603 2350 quod

1953 2384 2068 2423 non
2101 2368 2397 2423 revocabis
2422 2384 2435 2423 :
2456 2368 2614 2441 quia,
2640 2384 2673 2423 o
2696 2366 2960 2434 Domine,
2986 2371 3049 2422 tu
3076 2366 3335 2423 fundasti
3367 2371 3605 2435 terram,

1953 2456 2011 2511 id
2043 2461 2151 2523 est,
2184 2457 2525 2527 Ecclesiam,
2569 2456 2758 2525 initio,
2794 2457 2852 2511 id
2901 2460 2991 2513 est
3040 2473 3144 2529 per
3193 2455 3429 2524 Filium,
3455 2454 3543 2511 vel
3575 2472 3612 2512 a

1953 2544 2142 2617 primo
2164 2547 2328 2617 justo
2357 2546 2533 2614 Abel;
2567 2549 2625 2602 et
2645 2546 2793 2612 cmli,
2825 2546 2881 2601 id
2905 2550 3013 2611 est,
3044 2545 3281 2601 altiores
3299 2545 3406 2600 viri
3428 2544 3488 2599 in
3511 2545 3608 2600 Ec-

1953 2632 2259 2706 clesia,qui
2291 2636 2591 2690 continent
2620 2638 2842 2691 secreta
2872 2634 3148 2700 cmlestia,
3165 2638 3305 2689 sunt
3331 2633 3607 2706 spiritua-

1954 2720 2034 2778 lia
2061 2739 2237 2793 opera
2263 2738 2548 2778 manuum
2580 2727 2812 2778 tuarum
2836 2723 2898 2778 in
2921 2722 3141 2795 quibus
3163 2721 3415 2778 maxime
3434 2739 3611 2795 appa-

1952 2815 2043 2866 ret
2075 2810 2360 2867 Dominus
2391 2810 2725 2867 laudabilis.
2761 2811 2875 2883 Ipsi
2917 2809 3045 2867 coeli
3099 2811 3378 2883 peribunt
3422 2815 3609 2867 morte

1953 2898 2283 2971 temporali,
2327 2904 2392 2954 tu
2444 2903 2662 2970 autem,
2698 2899 2873 2967 Deus,
2907 2914 3215 2971 permaues
3248 2914 3262 2953 :
3296 2902 3354 2955 et
3400 2915 3607 2955 omnes

1955 2988 2039 3043 illi
2069 2992 2452 3055 veterascent,
2469 2992 2777 3043 senescent
2795 2992 2854 3043 et
2873 2990 3323 3059 corrumpentur
3344 3002 3605 3058 corpore,

1955 3077 2261 3132 sicutvesti
2270 3080 2532 3131 mentum
2553 3077 2710 3149 quod
2732 3076 3024 3147 atteritur,
3039 3080 3232 3132 ettum
3258 3076 3608 3132 immutabis

1955 3182 2073 3233 eos,
2108 3167 2343 3237 quando
2373 3165 2581 3220 indues
2603 3182 2703 3221 eos
2724 3164 3160 3237 incorruptione
3178 3169 3241 3220 et
3259 3164 3606 3220 immortali-

1955 3258 2092 3321 tate,
2127 3254 2279 3310 sicut
2305 3254 2663 3326 opertorium
2692 3258 2857 3309 vetus
2887 3258 3228 3321 renovatur;
3263 3276 3291 3303 ‹‹
3324 3256 3383 3309 et
3413 3257 3606 3308 muta-

177 3341 449 3409 dimidia,
483 3340 541 3396 id
573 3345 663 3397 est
692 3341 1052 3414 imperfecta.
1085 3343 1187 3399 Vel
1220 3344 1346 3401 dies
1394 3363 1712 3418 possumus
1744 3349 1841 3406 hic
1870 3331 1915 3396 C
1952 3343 2192 3408 buntur,
2230 3365 2257 3391 ››
2289 3343 2345 3397 id
2378 3346 2486 3413 est,
2521 3342 2623 3397 illa
2660 3359 2809 3397 nova
2858 3341 3195 3397 immutatio
3242 3341 3612 3413 permanebit

177 3431 446 3504 accipere
474 3429 653 3485 vitam
680 3431 1008 3501 justorum,
1041 3431 1183 3505 quia
1211 3433 1272 3489 in
1304 3451 1373 3490 ea
1414 3435 1666 3492 habetur
1707 3454 1844 3493 vera

173 3519 560 3587 illuminatio,
593 3521 660 3574 ut
688 3517 772 3575 sic
799 3519 1068 3575 dicatur:
1102 3521 1184 3576 Ne
1216 3538 1445 3578 revoces
1478 3540 1570 3579 me
1601 3541 1635 3580 a
1664 3541 1842 3581 cursu

174 3613 405 3665 aeternas
424 3608 577 3676 vitae,
603 3611 669 3664 ut
692 3612 925 3664 tantum
949 3609 1063 3664 sim
1087 3609 1143 3665 in
1169 3610 1416 3667 dimidio
1438 3612 1667 3669 dierum
1691 3631 1845 3669 meo-

175 3715 331 3766 rum,
366 3696 429 3752 id
459 3700 551 3752 est
580 3698 647 3752 ut
678 3695 1049 3756 solummodo
1081 3698 1329 3754 habeam
1374 3706 1720 3772 praesentem
1753 3702 1839 3757 vi-

176 3790 298 3841 tam
322 3787 649 3857 justorum,
683 3784 825 3858 quia
853 3786 983 3858 ipsa
1012 3790 1103 3842 est
1130 3787 1396 3858 dimidia,
1421 3788 1480 3844 id
1508 3795 1597 3846 est
1624 3790 1838 3864 imper-

174 3874 327 3931 fecta
355 3876 418 3929 et
441 3872 689 3942 inutilis,
722 3874 837 3930 nisi
868 3879 1085 3932 aeterna
1108 3877 1226 3932 vita
1246 3879 1543 3934 succedat.
1568 3879 1701 3936 Dies
1723 3882 1838 3938 mei

175 3966 318 4019 sunt
366 3961 624 4028 dimidii,
658 3963 757 4018 sed
793 3986 820 4013 ‹‹
854 3963 993 4018 anni
1044 3964 1152 4033 tui,
1189 3987 1218 4014 »
1261 3966 1320 4022 id
1371 3970 1461 4022 est
1507 3968 1835 4040 aeternitas;

173 4068 353 4123 quam
386 4050 660 4124 designat
689 4051 927 4108 nomine
958 4052 1116 4121 anni,
1143 4070 1255 4109 non
1281 4058 1519 4126 propter
1537 4054 1836 4112 mutabili-

172 4142 380 4208 tatem,
408 4153 537 4211 quze
569 4138 650 4195 ibi
672 4139 835 4195 nulla
855 4142 1080 4207 est,sed
1103 4146 1341 4214 propter
1369 4141 1832 4216 longitudinem;

171 4231 314 4284 sunt
345 4249 376 4279 ‹‹
412 4226 473 4283 in
504 4229 878 4301 generatione
908 4251 936 4280 »
970 4230 1238 4303 praesenti
1273 4254 1299 4280 ‹‹
1325 4235 1381 4287 et
1404 4253 1431 4280 ››
1455 4232 1753 4288 durabunt
1774 4233 1833 4290 in

173 4339 201 4366 ‹‹
235 4315 615 4389 generatione
643 4317 1002 4384 succedenti,
1027 4340 1055 4369 »
1088 4317 1197 4374 hoc
1228 4323 1338 4385 est,
1371 4320 1568 4376 teterni
1599 4325 1760 4377 sunt.

245 4428 273 4455 «
310 4405 490 4461 Initio
520 4408 605 4474 tu,
633 4406 895 4473 Domine,
920 4410 1137 4463 terram
1170 4408 1448 4465 fundasti.
1479 4432 1507 4459 ››
1529 4410 1680 4467 Bene
1703 4411 1833 4468 dico

173 4494 335 4564 quod
363 4492 505 4549 anni
535 4493 621 4549 tui
643 4497 785 4551 sunt
804 4496 1025 4563 aeterni,
1050 4497 1190 4568 quia
1211 4500 1297 4565 tu,
1318 4496 1697 4570 Domine,nec
1722 4500 1830 4555 ini-

170 4580 321 4637 tium
350 4582 637 4650 habuisti,
660 4599 767 4638 nec
786 4583 965 4640 ﬁnem
990 4584 1235 4642 habebis
1259 4602 1270 4641 :
1294 4587 1394 4658 qui
1415 4589 1568 4660 quod
1594 4589 1830 4645 initium

1952 3431 2012 3486 in
2041 3431 2146 3499 eis,
2179 3435 2240 3486 tu
2273 3435 2470 3487 autem
2503 3432 2658 3487 idem
2690 3444 2776 3498 es,
2798 3434 2856 3487 et
2875 3431 3015 3487 anni
3045 3431 3132 3486 tui
3164 3448 3279 3487 non
3311 3432 3607 3487 deficient.

2020 3521 2172 3575 Anni
2204 3522 2288 3576 tui
2325 3525 2465 3577 sunt
2493 3521 2716 3589 aeterni,
2742 3521 2800 3574 in
2836 3537 2953 3592 qua
2983 3521 3306 3577 aeternitate
3330 3542 3358 3571 ‹‹
3379 3520 3609 3576 habita-

1951 3610 2101 3665 bunt
2130 3610 2233 3665 ﬁlii
2265 3627 2566 3666 servorum
2596 3614 2855 3682 tuorum,
2886 3632 2913 3659 »
2936 3610 2994 3666 id
3017 3614 3108 3666 est
3138 3611 3462 3666 imitatores
3482 3626 3614 3666 san-

1950 3702 2176 3753 ctorum
2224 3698 2671 3771 Apostolorum;
2705 3721 2734 3748 ‹‹
2767 3703 2826 3755 et
2855 3716 3056 3754 semen
3106 3716 3337 3767 eorum,
3371 3719 3399 3747 ››
3431 3697 3490 3753 id
3522 3702 3613 3754 est

1949 3786 2105 3842 bona
2131 3789 2391 3859 operatio
2423 3789 2710 3859 ipsorum,
2746 3808 2775 3838 «
2806 3787 3092 3859 dirigetur
3118 3808 3146 3835 ››
3167 3806 3202 3842 a
3226 3790 3283 3842 te
3302 3787 3375 3841 de
3393 3785 3610 3842 virtute

1947 3873 2008 3929 in
2041 3876 2337 3944 virtutem,
2359 3876 2418 3930 in
2439 3875 2712 3948 praesenti
2741 3879 2799 3930 et
2821 3897 2851 3923 ‹‹
2876 3876 2933 3929 in
2962 3873 3245 3931 saeculum
3277 3896 3305 3922 ‹‹
3340 3875 3605 3928 futurum

1948 3963 2233 4035 dirigetur
2257 3980 2270 4019 :
2293 3964 2434 4037 quia
2462 3968 2602 4020 tunc
2631 3981 2748 4019 non
2780 3964 3099 4018 cessabunt
3128 3979 3163 4017 a
3188 3961 3363 4017 laude
3392 3960 3515 4028 Dei,
3550 3964 3611 4017 et

1946 4051 2043 4107 hic
2092 4053 2425 4109 ostenditur
2480 4052 2652 4108 laetus
2701 4051 2839 4106 finis
2893 4050 3326 4124 paenitentiam,
3362 4049 3517 4105 sicut
3544 4048 3605 4104 in

1946 4139 2078 4196 aliis
2111 4141 2635 4214 poenitentialibus.

2461 4229 2534 4285 IN
2577 4227 2925 4284 PSALMUM
2964 4228 3083 4284 CII.

2300 4317 2593 4372 Trruws:
2626 4317 2882 4372 Psalmus
2915 4319 3024 4389 ipsi
3050 4318 3243 4373 Darid.

2016 4429 2043 4455 «
2078 4405 2348 4461 Benedic.
2383 4405 2425 4459 Ι.
2461 4428 2488 4454 ››
2522 4404 2792 4461 Psalmus
2822 4405 2933 4462 iste
2963 4406 3233 4462 convenit
3262 4405 3441 4460 David
3475 4421 3603 4476 pro-

1942 4495 2152 4566 phetae,
2184 4494 2285 4566 qui
2317 4494 2411 4548 hic
2442 4493 2721 4566 loquitur.
2738 4495 3040 4549 Materiam
3062 4494 3239 4550 habet
3259 4493 3598 4550 laudesDei.

1944 4584 2152 4639 Modus
2184 4601 2198 4639 :
2232 4584 2291 4638 in
2323 4583 2516 4655 prima
2547 4586 2732 4655 parte,
2765 4581 3105 4637 exhortatur
3133 4584 3204 4639 ad
3238 4581 3599 4638 laudandum

172 4687 290 4725 non
316 4670 647 4739 habuisset,
680 4671 956 4740 ostendit,
981 4689 1117 4728 cum
1150 4673 1292 4730 dicit
1311 4691 1447 4730 eum
1471 4679 1685 4733 terram
1710 4678 1837 4734 fun-
1862 4694 1911 4758 D
1942 4672 2149 4739 Deum,
2179 4675 2416 4744 propter
2444 4671 2655 4727 collata
2702 4671 3006 4727 beneficia-
3042 4672 3105 4726 Ιῐι
3160 4671 3439 4739 secunda,
3471 4686 3599 4741 quae

170 4758 387 4816 dasse:
421 4776 491 4816 ex
521 4776 638 4832 quo
666 4765 900 4817 constat
928 4762 1084 4833 quod
1116 4762 1243 4834 ipse
1273 4767 1407 4819 ante
1436 4768 1655 4821 terram
1697 4766 1827 4836 fuit,

170 4851 230 4902 et
260 4848 402 4903 inde
434 4848 576 4904 dicit
606 4864 620 4903 :
656 4872 687 4899 ‹‹
718 4849 986 4919 Domine,
1016 4854 1079 4906 tu
1129 4856 1347 4908 terram
1397 4853 1681 4919 fundasti,
1718 4878 1745 4904 ››
1778 4859 1836 4910 et

169 4935 281 4992 hoc
311 4960 342 4986 ‹‹
376 4936 568 5009 initio,
605 4960 632 4987 ››
664 4938 721 4994 id
754 4943 862 5007 est,
898 4940 955 4994 in
988 4940 1181 5012 prima
1212 4941 1502 4999 creatione
1522 4966 1549 4992 ‹‹
1574 4947 1630 4998 et
1655 4943 1781 5000 coeli
1801 4967 1829 4996 ››

169 5024 508 5082 materiales
531 5050 559 5076 «
586 5031 725 5083 sunt
754 5046 930 5100 opera
956 5046 1240 5084 manuum
1269 5034 1527 5100 tuarum,
1558 5054 1585 5080 ››
1608 5032 1748 5103 quia
1768 5038 1831 5089 tu

167 5129 268 5170 eos
298 5113 491 5170 fecisti
518 5131 531 5169 :
566 5116 669 5172 sed
698 5116 827 5172 ideo
858 5117 940 5173 ita
969 5134 1240 5191 expresse
1270 5118 1411 5175 dicit
1442 5143 1467 5168 ‹‹
1503 5137 1678 5193 opera
1706 5139 1829 5177 ma-

168 5219 357 5258 nuum
389 5206 650 5274 tuarum,
679 5227 708 5254 »ι
734 5206 873 5278 quia
901 5208 1057 5278 quod
1091 5208 1329 5281 dignius
1351 5226 1499 5280 opus
1522 5215 1628 5278 est,
1656 5211 1829 5267 ascri-

167 5290 335 5347 bitur
359 5309 625 5364 persona:
660 5295 925 5351 artificis.

240 5379 515 5436 Ostendit
551 5384 733 5438 Deum
767 5384 895 5439 sine
924 5384 1040 5441 ﬁne
1078 5402 1226 5453 esse,
1264 5387 1402 5457 quia
1452 5392 1583 5459 post
1630 5389 1832 5443 omnia

166 5466 297 5536 erit,
322 5482 463 5525 cum
484 5471 628 5527 dicit
651 5488 664 5527 :
690 5495 719 5521 ‹‹
745 5472 861 5544 lpsi
891 5495 916 5520 η
940 5473 1067 5528 cceli
1091 5492 1124 5523 «
1144 5474 1455 5546 peribunt:
1484 5498 1512 5524 »
1532 5493 1648 5531 non
1672 5479 1825 5549 quod

165 5557 506 5614 substantia
535 5564 753 5631 pereat,
786 5562 889 5617 sed
923 5561 1235 5633 qualitates
1268 5564 1674 5619 mutabuntur.
1699 5565 1830 5621 Haec

167 5646 408 5717 quidem
429 5644 863 5721 inferiora,quze
877 5668 945 5704 ex
968 5654 1168 5706 nostra
1190 5652 1551 5709 habitatione
1574 5672 1831 5709 corrum-

164 5738 409 5806 puntur,
426 5738 735 5809 perignem
762 5738 1202 5810 purgahuntur:
1224 5739 1418 5812 ipsum
1440 5740 1613 5797 etiam
1639 5743 1830 5798 firma-

1941 4760 2151 4833 incipit
2182 4777 2196 4816 :
2229 4783 2256 4810 «
2290 4760 2472 4816 Notas
2502 4761 2640 4815 fecit
2667 4760 2793 4816 vias
2832 4777 2993 4827 suas,
3031 4782 3059 4810 »
3091 4760 3350 4816 ostendit
3394 4759 3600 4815 laudes

1944 4849 2044 4905 Dei
2077 4849 2137 4903 in
2168 4847 2469 4905 beneficiis
2501 4846 2796 4920 prioribus
2826 4848 3056 4905 collatis
3085 4848 3458 4920 patribus.ln
3479 4851 3596 4902 ter-

1942 4938 2046 5004 tia,
2078 4954 2207 5009 qum
2237 4936 2487 5009 incipit:
2525 4957 2553 4987 «
2587 4936 2918 4992 Benedicite
2951 4937 3220 5008 Domino,
3253 4953 3458 4992 omnes
3489 4952 3599 4990 an-

1941 5026 2055 5099 geli
2084 5026 2234 5096 ejus,
2270 5047 2297 5074 »
2329 5026 2585 5081 ostendit
2614 5026 2800 5081 Deum
2833 5025 3060 5081 laudari
3093 5026 3164 5080 ab
3197 5024 3422 5097 angelis
3441 5029 3499 5080 et
3523 5025 3596 5080 ab

1941 5115 2218 5172 omnibus
2248 5114 2554 5170 creaturis.
2591 5115 2696 5169 Per
2723 5115 2845 5170 haec
2878 5108 3355 5171 omnia'intendit
3386 5130 3493 5169 nos
3514 5114 3598 5168 in-

1938 5204 2120 5259 vitare
2150 5204 2224 5259 ad
2255 5202 2489 5257 laudem
2521 5202 2636 5257 Dei.

2008 5294 2089 5348 Ac
2119 5292 2169 5348 si
2201 5293 2418 5347 diceret
2439 5309 2453 5345 :
2478 5292 2522 5347 Ο
2546 5315 2574 5341 ‹‹
2608 5293 2807 5347 anima
2838 5309 2968 5348 mea
2991 5315 3017 5341 ››
3042 5309 3167 5364 qum
3201 5291 3404 5347 multis
3436 5291 3595 5346 curis

1940 5381 2225 5453 implicita
2254 5398 2337 5447 es,
2370 5385 2428 5435 et
2458 5379 2589 5436 aliis
2619 5379 3057 5453 impedimentis
3087 5380 3306 5448 smculi,
3331 5378 3595 5435 dimissis

1939 5470 2217 5526 omnibus
2246 5467 2429 5533 istis,«
2457 5468 2699 5523 benedic
2733 5467 3040 5534 Domino,»
3073 5468 3130 5522 id
3161 5471 3253 5523 est
3284 5465 3461 5521 lauda
3492 5467 3596 5521 Do-

1939 5559 2190 5624 minum,
2224 5561 2281 5611 et
2310 5555 2607 5628 ampliﬁce
2638 5556 2842 5613 laudes
2873 5558 3026 5628 ejus,
3050 5560 3109 5612 et
3123 5555 3450 5612 secundum
3474 5572 3595 5611 om-

1938 5666 2042 5703 nes
2087 5646 2275 5712 vires;
2308 5648 2364 5700 et
2393 5644 2501 5701 hoc
2549 5644 2708 5712 dicit,
2744 5670 2771 5695 ‹‹
2805 5650 2863 5701 et
2890 5645 3089 5701 omnia
3135 5662 3264 5716 quae
3313 5645 3468 5700 intra
3497 5660 3594 5701 me

1938 5741 2077 5797 sunt
2105 5760 2131 5785 ››
2162 5734 2509 5792 benedicant
2541 5757 2567 5783 ‹‹
2602 5734 2825 5791 nomini
2861 5739 3064 5791 sancto
3095 5735 3244 5807 ejus.
3282 5757 3309 5783 ››
