3936 6424
345 458 464 522 539

765 463 1174 526 HAYMONIS
1206 463 1739 528 HALBERSTAT.
1773 461 2015 524 EPISC.
2050 461 2222 524 OPP.
2254 462 2482 524 PARS.
2518 463 2565 523 Ῑ.
2599 497 2678 508 -
2707 461 3112 528 COMMENT.
3147 465 3345 527 BlBL.

3643 466 3758 528 διο

415 595 488 652 Et
517 595 625 652 hoc
655 595 793 668 quia
833 595 991 650 videt
1019 594 1272 650 maxime
1323 595 1676 663 faciendum,
1709 600 1766 651 et
1796 595 1854 650 in
1887 595 1996 650 hoc
2025 595 2072 662 A
2177 596 2247 651 Et
2275 595 2401 668 ipse
2433 626 2453 650 ι·
2488 596 2775 654 Dominus
2797 625 2826 656 ι)
2858 602 2948 654 est
2980 628 3006 654 «ι
3035 598 3364 668 miserator,
3399 630 3422 654 υ
3460 601 3516 656 id
3549 603 3641 658 est
3669 617 3756 658 ex-

255 737 265 746 _
345 685 852 758 perseverandum,
888 683 1212 756 ingeminat
1241 684 1443 740 dicens
1476 701 1489 739 :
1529 705 1555 735 ι(
1588 684 1994 750 Bcnedic,ani-

344 791 441 829 ma
472 791 619 844 mea,
645 771 889 826 Domino
911 790 924 838 ;
949 795 976 821 ››
1001 777 1058 826 ct
1079 773 1358 844 supponit
1379 774 1819 840 causas,dicens
1844 791 1856 828 :
1885 775 1997 828 «Et

343 863 460 918 noli
491 861 751 917 oblivisci
783 879 988 916 omnes
1023 862 1436 918 retributiones
1467 865 1616 934 ejus,
1634 886 1661 915 »
1689 864 1745 919 id
1776 869 1866 920 est
1897 865 1994 919 be-

342 951 548 1006 neficia
573 967 699 1022 quae
730 949 857 1022 ipse
890 950 1079 1005 reddit
1111 955 1314 1006 contra
1346 951 1654 1008 malefacta
1681 971 1806 1026 qua:
1849 953 1994 1009 faci-

337 1057 472 1094 mus
501 1040 572 1094 ei.

408 1129 760 1200 Exsequitur
783 1128 1198 1186 retributiones
1220 1130 1521 1201 illas,cum
1547 1133 1728 1187 dicitu
1745 1133 1844 1204 qui
1869 1151 1993 1205 pro-

333 1219 580 1290 pitiatur
610 1219 887 1274 omnibus
919 1219 1334 1290 iniquitatibus
1366 1221 1504 1288 tuis,
1539 1243 1564 1270 ››
1595 1221 1815 1277 scilicet
1853 1240 1989 1277 con-

329 1309 511 1363 donat
545 1309 646 1363 tibi
669 1313 940 1381 peccata;
967 1313 1023 1364 et
1045 1309 1158 1363 alia
1183 1309 1650 1377 retributio,cum
1675 1311 1816 1365 dicit
1841 1311 1989 1382 «qui

329 1402 505 1452 sanat
535 1415 741 1453 omnes
775 1397 1147 1453 infirmitates
1179 1401 1368 1464 tuas,»
1404 1398 1512 1452 hoc
1544 1402 1651 1464 est,
1687 1399 1766 1454 ita
1806 1400 1988 1454 stabi-

325 1484 446 1540 lem
479 1489 532 1540 tc
556 1486 712 1552 facit,
739 1487 946 1558 utjam
971 1485 1396 1541 tentationibus
1419 1487 1771 1554 diaboli,ncc
1794 1487 1989 1560 aliquo

324 1574 488 1646 gravi
523 1580 760 1646 peccato
791 1575 1081 1647 permittit
1113 1580 1164 1630 te
1201 1574 1491 1646 impediri.
1512 1575 1634 1642 Vel,
1664 1599 1690 1626 (ι
1714 1581 1885 1631 sanat
1908 1577 1990 1632 in-

322 1663 639 1720 ﬁrmitates
670 1667 824 1732 tuas,
860 1686 886 1713 ››
922 1663 1062 1735 quia
1092 1665 1329 1720 tandem
1362 1663 1636 1720 liberabit
1666 1669 1720 1722 te
1743 1684 1989 1722 acerru-

320 1752 662 1826 ptibilitate.

396 1841 569 1898 Aliud
600 1841 742 1898 item
775 1843 1124 1898 beneficium
1150 1842 1306 1914 quod
1339 1843 1482 1898 dicit
1519 1863 1540 1892 α
1565 1845 1664 1917 qui
1698 1845 1983 1901 redimit»

321 1948 431 2004 per
461 1933 712 2002 pretium
764 1931 1074 2005 sanguinis
1105 1933 1194 1988 sui
1232 1955 1259 1982 «
1290 1933 1468 1988 vitam
1502 1936 1688 2000 tuam,
1723 1956 1750 1984 »
1787 1935 1843 1990 id
1874 1940 1983 2004 est,
2018 1969 2066 2036 Β

320 2021 515 2094 ipsam
566 2021 825 2077 animam
860 2045 886 2070 ‹‹
920 2023 992 2076 de
1028 2021 1292 2087 interitu,
1326 2043 1354 2071 »
1388 2020 1446 2076 id
1496 2027 1586 2078 est
1631 2041 1702 2079 ne
1750 2025 1986 2080 tandem

319 2110 676 2168 auternaliter
705 2115 940 2182 pereat:
977 2133 1005 2160 (‹
1041 2111 1141 2182 qui
1178 2133 1204 2158 ››
1239 2111 1416 2165 etiam
1452 2134 1478 2162 ‹‹
1511 2117 1752 2168 coronat
1780 2117 1834 2169 te
1868 2137 1894 2163 ››
1928 2115 1985 2168 in

319 2199 594 2272 przcscnti
631 2220 658 2247 ι(
692 2198 748 2252 in
783 2197 1185 2254 misericordia
1215 2203 1273 2253 et
1324 2199 1826 2269 miserationibus,
1862 2225 1891 2253 »
1926 2202 1984 2257 id

320 2291 415 2343 est
436 2285 640 2341 multis
661 2286 962 2342 beneficiis
991 2303 1093 2358 per
1115 2285 1576 2342 misericordiam
1601 2289 1988 2346 collatis.Pos-

321 2377 467 2431 sunt
493 2374 616 2428 haec
640 2373 753 2428 dici
787 2373 855 2429 de
888 2375 1090 2429 futura
1117 2373 1348 2440 vita,sic
1371 2391 1384 2430 :
1409 2375 1518 2441 Qui
1552 2377 1871 2445 redimit,id
1897 2383 1987 2436 est

322 2461 427 2536 qui
449 2462 660 2518 liberat
687 2462 757 2517 de
790 2461 1026 2518 interitu
1071 2463 1252 2518 vitam
1285 2467 1472 2530 tuam,
1507 2482 1578 2519 ne
1609 2466 1815 2522 audias
1845 2486 1984 2524 sen-

320 2550 570 2606 tentiam
601 2566 734 2605 cum
761 2549 931 2605 malis
956 2567 968 2604 :
994 2574 1020 2599 ‹‹
1049 2551 1149 2618 lto,
1177 2549 1496 2619 maledicti,
1520 2552 1579 2606 in
1600 2551 1793 2626 ignem
1819 2560 1980 2610 mter-

322 2655 467 2694 num
501 2637 704 2711 (Matth.
738 2637 888 2709 xxv.)
926 2660 952 2686 »
985 2639 1090 2703 Qui
1124 2643 1363 2694 coronat
1388 2643 1462 2707 te,
1489 2641 1629 2711 quia
1653 2641 1730 2697 ibi
1753 2643 1984 2699 ornabit

321 2733 381 2784 te
411 2727 814 2784 misericordia
844 2731 900 2782 et
922 2725 1423 2797 miserationibus,
1447 2728 1504 2783 id
1527 2734 1616 2785 est
1636 2747 1740 2803 per
1761 2731 1983 2788 miseri-

323 2817 584 2873 cordiam
613 2815 913 2872 beneficiis
945 2813 1119 2870 datis.

396 2907 542 2962 Item
574 2904 689 2962 alia
720 2904 1050 2973 retributio,
1082 2921 1218 2960 cum
1268 2905 1411 2962 dicit
1441 2930 1468 2957 ‹‹
1497 2907 1600 2979 qui
1651 2909 1833 2981 replet
1863 2933 1890 2959 ››
1919 2910 1978 2966 in

319 2998 431 3054 hac
461 2995 579 3052 vita
607 3017 634 3046 ‹‹
660 2994 1019 3051 desiderium
1041 2999 1216 3049 tuum
1245 2994 1304 3049 in
1336 2995 1527 3064 nobis,
1555 3020 1582 3045 »
1615 2997 1756 3070 quia
1784 2998 1980 3054 multi«

320 3085 498 3159 plicat
511 3085 780 3157 justitias
809 3089 942 3140 tuas
973 3101 1076 3156 pro
1106 3087 1237 3140 voto
1269 3088 1392 3155 t'uo,
1412 3085 1498 3140 vel
1523 3086 1594 3141 de
1623 3085 1739 3142 alia
1764 3087 1875 3144 vita
1896 3089 1979 3143 di-

321 3175 614 3241 catur,ubi
648 3173 1003 3230 desiderium
1027 3172 1180 3244 justi
1213 3171 1273 3227 in
1305 3173 1465 3228 nullo
1499 3174 1735 3246 falliiur,
1762 3199 1790 3227 ‹‹
1817 3194 1978 3232 reno-

317 3263 783 3320 vabiturnetiam
806 3262 866 3318 in
891 3262 998 3318 hac
1019 3263 1156 3329 vita,
1173 3286 1200 3312 (ι
1217 3266 1283 3317 ut
1301 3262 1498 3334 aquila
1509 3263 1792 3335 juventus
1814 3269 1969 3321 tua.»

2107 682 2317 739 bibens
2350 683 2569 741 multos
2599 686 2841 742 effectus
2867 687 3302 756 misericordia),
3334 689 3392 745 id
3427 695 3538 758 est,
3573 689 3759 746 multa

2108 771 2390 828 beneficia
2439 791 2566 846 qua:
2620 773 2845 830 confert
2887 775 3056 832 nobis
3105 776 3232 832 sine
3279 777 3490 834 merito
3538 783 3755 846 nostro,

2113 880 2134 910 ι
2161 865 2217 916 et
2245 891 2266 913 η
2301 861 2455 917 idem
2489 861 2775 918 Dominus
2804 867 2894 919 est
2943 884 2965 908 α
3000 865 3334 922 misericors
3363 887 3387 913 υ
3439 867 3498 922 in
3553 872 3760 923 natura

2105 967 2242 1018 sua;
2279 981 2302 1004 «ι
2351 950 2729 1022 longaminis,
2780 973 2802 997 ιι
2853 952 2994 1023 quia
3037 957 3332 1025 exspectat
3381 971 3487 1010 nos
3533 956 3636 1011 diu
3687 959 3754 1011 ad

2105 1039 2508 1112 pmnitentiain
2536 1058 2548 1107 ;
2584 1067 2611 1096 α
2641 1044 2697 1094 et
2723 1072 2747 1097 ι»
2782 1040 2936 1096 idem
2969 1042 3094 1114 ipse
3141 1047 3232 1098 est
3259 1043 3412 1098 Deus
3445 1067 3468 1090 κ
3503 1045 3754 1100 multum

2104 1127 2460 1195 misericors,
2516 1155 2539 1178 η
2597 1129 2735 1200 quia
2793 1130 3135 1200 quotidiana
3187 1137 3245 1186 et
3301 1133 3757 1189 innumerabilia

2103 1222 2341 1290 peccata
2370 1218 2663 1271 condonat
2692 1217 2882 1273 nobis.

2173 1307 2243 1360 Et
2272 1323 2406 1361 cum
2439 1306 2724 1361 Dominus
2742 1306 2862 1362 hzec
2896 1307 3172 1364 beneficia
3192 1308 3364 1365 faciat
3394 1310 3584 1378 nobis,
3605 1329 3753 1368 anne

2105 1415 2132 1442 ‹‹
2166 1392 2223 1447 in
2252 1398 2598 1466 perpetuum
2633 1395 2918 1450 irascetur
2938 1395 3358 1456 nobis?Non:a
3384 1399 3523 1471 quia
3545 1399 3752 1456 licetin

2102 1482 2372 1552 prmsenti
2404 1483 2668 1538 videatur
2699 1483 2903 1552 iratus,
2930 1485 3071 1540 dum
3105 1486 3392 1558 permittit
3420 1505 3528 1544 nos
3558 1489 3752 1546 tribu—

2099 1571 2230 1636 lari,
2265 1575 2459 1626 tamen
2497 1571 2581 1626 ira
2611 1571 2712 1627 illa
2743 1590 2856 1628 non
2889 1573 3000 1628 erit
3031 1578 3332 1646 perpetua,
3367 1577 3466 1632 sed
3512 1579 3748 1634 tandem

2098 1659 2305 1732 eripiet
2335 1678 2442 1716 nos
2472 1661 2544 1715 ab
2576 1660 2735 1715 omni
2768 1678 2974 1733 pruna:
3007 1667 3067 1717 et
3097 1679 3210 1718 non
3243 1668 3473 1720 tantum
3505 1683 3623 1722 non
3642 1667 3748 1722 ira-

2099 1753 2313 1816 scctur,
2347 1749 2470 1816 sed,
2503 1749 2659 1821 quod
2692 1750 2893 1805 minus
2923 1754 3031 1816 est,
3061 1773 3089 1804 ε(
3118 1768 3307 1823 neque
3357 1752 3417 1808 in
3465 1758 3746 1812 aeternum

2097 1837 2576 1893 comminabitur.
2613 1862 2633 1888 ι
2670 1838 2779 1905 Qui
2829 1837 2986 1894 enim
3027 1840 3200 1895 modo
3252 1840 3511 1897 minatur
3557 1843 3747 1912 nobis,

2098 1924 2298 1979 dicens
2332 1940 2345 1978 :
2381 1924 2506 1979 Nisi
2555 1924 2816 1980 conversi
2869 1925 3120 1994 fueritis,
3155 1932 3342 1984 morte
3390 1930 3743 2001 moriemini,

2101 2014 2454 2086 quandoque
2485 2012 2740 2070 blandus
2769 2017 2826 2068 et
2856 2013 3018 2070 mitis
3047 2015 3352 2088 apparebit
3380 2018 3568 2074 nobis.

2172 2103 2324 2158 Bene
2355 2101 2483 2157 dico
2516 2101 2670 2174 quod
2704 2103 2991 2158 Dominus
3022 2102 3380 2176 longanimis
3409 2107 3487 2162 sit
3532 2111 3590 2162 et
3637 2107 3742 2163 mi-

2096 2191 2364 2258 sericors,
2400 2193 2540 2263 quia
2573 2215 2596 2237 ‹‹
2631 2207 2747 2246 non
2779 2191 2916 2246 fecit
2945 2191 3114 2248 nobis
3151 2195 3478 2250 secundum
3509 2202 3746 2268 peccata

2095 2285 2317 2348 nostra,
2351 2306 2376 2336 η
2410 2279 2634 2335 scilicet
2663 2279 2990 2353 originalia,
3020 2286 3086 2336 ut
3114 2299 3220 2337 nos
3253 2283 3746 2353 damnaret,sicut

2095 2373 2333 2440 peccata
2365 2368 2697 2441 exigerent;
2735 2389 2760 2412 α
2793 2385 2980 2441 neque
3006 2395 3030 2420 ιι
3065 2370 3240 2426 etiam
3273 2399 3300 2430 α
3332 2371 3597 2428 retribuit
3636 2393 3736 2430 no-

2093 2457 2186 2511 bis
2217 2457 2545 2512 sccundum
2585 2455 2930 2530 iniquitates
2962 2462 3194 2515 nostras
3226 2480 3248 2503 υ
3301 2461 3580 2531 actuales,
3613 2480 3739 2536 qua:

2091 2546 2388 2618 exigerent
2414 2550 2478 2601 ut
2510 2563 2616 2602 nos
2649 2563 2881 2620 semper
2908 2545 2968 2603 in
3001 2548 3256 2620 majores
3305 2548 3575 2606 vitiorum
3620 2569 3751 2624 pro-

2091 2635 2445 2690 funditatem
2479 2636 2774 2708 dejiccrct.

2163 2724 2315 2778 Bene
2345 2723 2473 2779 dico
2524 2750 2547 2774 (ι
2599 2742 2715 2781 non
2767 2725 3039 2782 retribuit
3087 2729 3414 2784 secundum
3461 2729 3740 2800 iniquita-

2089 2814 2198 2878 tes,
2235 2843 2260 2867 ι»
2295 2841 2318 2865 α
2352 2813 2632 2885 quoniam
2664 2813 2860 2886 potius
2891 2815 3251 2871 contrarium
3283 2817 3454 2886 fecit;
3491 2848 3514 2872 (ι
3547 2835 3740 2875 corro-

2088 2901 2334 2970 boravit,
2354 2931 2368 2954 ι
2399 2902 2456 2957 id
2477 2905 2566 2958 est
2587 2901 3036 2960 immutabiliter
3055 2905 3216 2960 dedit
3237 2906 3736 2964 «misericordiam

2089 3007 2280 3059 suam,
2304 3011 2326 3034 »
2345 2991 2752 3048 remissionem
2765 2997 3159 3064 peccatorum,
3173 2997 3230 3049 et
3250 2993 3738 3069 aliaquzecunque

2087 3079 2389 3148 beneficia,
2424 3105 2446 3128 «
2481 3097 2660 3152 super
2688 3079 2964 3138 timentes
2996 3098 3121 3151 se,»
3153 3082 3211 3138 id
3243 3087 3334 3139 est
3361 3084 3432 3140 de
3462 3086 3734 3157 supernis

2084 3167 2243 3224 venit
2262 3167 2363 3224 illa
2384 3169 2807 3226 misericordia.
2822 3169 2925 3226 Vel
2947 3187 3082 3227 cum
3109 3171 3250 3227 dicit
3281 3189 3305 3215 α
3328 3189 3522 3246 super,
3539 3194 3568 3225 ι
3599 3191 3734 3246 pos-

2087 3275 2296 3313 sumus
2329 3257 2650 3330 intelligere
2662 3260 2818 3331 quod
2838 3259 3088 3331 amplior
3117 3261 3196 3316 sit
3218 3259 3315 3316 illa
3338 3262 3740 3320 misericordia

319 3353 542 3408 Natura
573 3351 780 3423 aquilae
812 3355 902 3406 est
933 3355 997 3406 ut
1027 3351 1085 3405 in
1119 3349 1280 3406 senio
1311 3355 1541 3408 tantum
1583 3354 1633 3408 ei
1681 3361 1977 3411 excrescat
2006 3339 2048 3406 C
2087 3363 2264 3418 quam
2299 3346 2557 3418 dignitas
2573 3347 3094 3419 accipientium.Et
3113 3349 3265 3406 hanc
3285 3350 3742 3408 scilicetmiseri-

319 3445 575 3496 rostrum
607 3445 665 3496 et
693 3457 923 3512 ungues
945 3440 1098 3511 quod
1123 3457 1238 3495 non
1263 3441 1450 3512 possit
1471 3459 1532 3496 se
1555 3442 1684 3498 cibo
1707 3444 1974 3512 reficere;

320 3529 588 3584 ascendit
618 3531 814 3584 autem
846 3531 903 3582 et
935 3531 1074 3584 tunc
1104 3529 1384 3585 adversus
1411 3529 1814 3600 solem,donec
1838 3551 1976 3604 pen-

319 3636 407 3674 na:
442 3635 559 3672 suae
582 3617 772 3672 calore
794 3621 1132 3684 exurantur,
1150 3623 1206 3673 et
1227 3619 1436 3674 deinde
1456 3619 1689 3676 decidat
1709 3620 1764 3675 in
1787 3621 1976 3678 vivam

318 3723 558 3779 aquam,
592 3707 747 3760 unde
777 3707 996 3773 exiens,
1030 3707 1187 3762 acuit
1237 3707 1308 3762 ad
1361 3713 1584 3780 petram
1633 3713 1888 3765 rostrum
1920 3715 1978 3766 et

319 3813 567 3868 ungues,
597 3799 655 3850 et
703 3801 906 3867 postea
956 3795 1153 3850 cibum
1204 3795 1464 3868 capiens,
1509 3798 1860 3868 juvenescit.
1894 3799 1979 3855 Ita

318 3901 425 3940 nos
445 3882 712 3956 occupati
737 3883 942 3939 multis
965 3885 1240 3956 peccatis,
1257 3903 1391 3940 cum
1414 3889 1685 3942 tenemur
1706 3886 1765 3942 in
1779 3891 1974 3944 vetus-

315 3976 432 4028 tate
454 3973 610 4030 Adae.
635 3972 969 4028 accedimus
1000 3974 1072 4029 ad
1100 3974 1419 4044 Christum,
1436 3975 1536 4046 qui
1561 3981 1651 4031 est
1672 3994 1844 4032 verus
1867 3977 1976 4046 sol,

315 4061 487 4132 cujus
517 4061 706 4117 calore
729 4066 786 4116 et
812 4061 1105 4118 infusione
1127 4063 1326 4134 gratiae
1349 4067 1590 4135 peccata
1611 4070 1812 4120 nostra
1831 4083 1975 4121 exu-

315 4153 561 4218 runtur;
594 4153 650 4205 et
683 4149 818 4205 inde
850 4149 1022 4222 aquis
1062 4149 1341 4222 baptismi
1392 4149 1678 4218 lavamur,
1708 4151 1846 4208 inde
1879 4170 1975 4208 ro-

315 4243 501 4293 strum
537 4239 869 4307 incurvum,
899 4239 954 4293 id
987 4244 1076 4294 est
1110 4239 1325 4294 malam
1357 4240 1846 4296 consuetudinem
1880 4260 1976 4298 no-

313 4333 496 4384 stram
513 4327 801 4383 illidimus
818 4331 875 4382 et
891 4328 1176 4400 confringi
1189 4345 1320 4383 mus
1338 4329 1596 4400 petrre,id
1619 4334 1708 4385 est
1721 4330 1971 4399 Christo,

311 4417 404 4472 cui
439 4435 543 4488 nos
575 4417 1032 4484 conformantes,
1056 4421 1408 4472 vetustatem
1441 4417 1790 4488 deponimus
1810 4419 1975 4490 etju-

310 4507 679 4562 vcuescimus
712 4525 726 4562 :
760 4505 846 4562 vel
882 4523 1203 4578 possumus
1241 4506 1432 4562 dicere
1462 4507 1534 4562 de
1569 4505 1668 4562 tali
1699 4507 1836 4575 vita,
1872 4507 1970 4563 ubi

303 4595 584 4664 juventus
606 4599 808 4652 nostra
838 4596 1231 4664 renovabitur,
1249 4596 1484 4668 quando
1499 4594 1972 4669 impassibilitate

311 4687 368 4736 et
399 4682 842 4740 immortalitate
871 4683 1208 4740 induemur.

383 4772 534 4828 Bene
565 4773 714 4840 dico,
746 4773 930 4845 replet
959 4773 1337 4838 desiderium,
1373 4773 1513 4844 quia
1540 4773 1666 4845 ipse
1698 4776 1788 4829 est
1809 4796 1835 4823 ‹(
1860 4773 2000 4836 Βο-,

312 4861 511 4916 minus
571 4863 792 4916 faciens
854 4861 1467 4928 miscricordias;ct»
1511 4862 1690 4917 etiam
1751 4863 1970 4919 faciens

313 4971 340 4995 α
366 4949 682 5019 judicium,
719 4975 745 4998 ››
778 4951 834 5006 id
867 4956 956 5005 est
986 4951 1302 5006 vindictam
1331 4951 1657 5006 «omnibus
1693 4951 1969 5022 injuriam

313 5037 693 5107 patientibus.
731 5063 757 5090 n
794 5039 956 5094 Unde
988 5040 1338 5111 Apostolus:
1375 5065 1400 5088 ‹‹
1440 5040 1578 5094 Mihi
1627 5040 1967 5108 vindictam,

313 5129 368 5179 et
397 5144 502 5196 ego
555 5127 901 5198 retribuam,
936 5127 1078 5182 dicit
1110 5127 1393 5183 Dominus
1424 5131 1598 5198 (Rom.
1631 5145 1742 5196 xu;
1775 5129 1968 5184 Bacch.

315 5229 404 5280 1x;
442 5215 595 5270 Deut.
627 5217 826 5287 xxxu.)
865 5238 889 5262 η

385 5323 409 5347 (ι
450 5301 650 5356 Notas.
690 5327 716 5350 ››
750 5303 888 5357 Pars
919 5305 1194 5359 secunda.
1225 5304 1363 5358 Dico
1398 5303 1576 5376 replet
1615 5303 1969 5359 desiderium

314 5388 505 5454 tuul'u,
541 5395 598 5444 et
639 5391 762 5462 ipse
821 5391 1106 5447 Dominus
1139 5417 1162 5441 ‹‹
1202 5394 1335 5449 fecit
1392 5393 1572 5466 Moysi
1629 5397 1796 5448 notas
1848 5393 1972 5449 vias

315 5490 474 5542 suas,
515 5500 541 5524 ››
570 5478 625 5531 id
659 5483 766 5545 est,
797 5486 1086 5551 prmcepta
1115 5499 1243 5548 sua,
1278 5486 1336 5536 et
1364 5499 1467 5554 per
1495 5481 1691 5554 ipsum
1733 5483 1970 5555 Moysen

317 5567 484 5618 notas
519 5565 654 5620 fecit
679 5589 706 5613 ‹‹
743 5567 880 5621 filiis
924 5568 1120 5635 Israel,
1159 5592 1184 5616 ››
1216 5569 1272 5624 id
1307 5575 1396 5625 est
1443 5569 1656 5642 populo
1703 5570 1972 5644 Judaico,

319 5669 345 5694 ‹‹
380 5648 709 5706 voluntates
737 5671 895 5723 suas,
936 5677 961 5701 η
991 5655 1044 5710 id
1079 5662 1166 5711 est.
1197 5657 1335 5729 quid
1371 5659 1524 5714 Deus
1568 5657 1739 5714 vellet
1787 5661 1974 5716 facere

319 5735 601 5802 populum
637 5738 821 5795 illum.

2087 3435 2348 3490 cordiam
2381 3435 2542 3491 dedit
2563 3461 2585 3484 «
2619 3437 2946 3492 secundum
2980 3437 3353 3495 altitudinem
3386 3439 3511 3496 cmli
3543 3457 3578 3496 a
3619 3445 3742 3496 ter-

2089 3541 2174 3589 ra,
2207 3541 2234 3570 »
2266 3524 2407 3596 quia
2435 3524 2591 3580 sicut
2622 3524 2835 3580 cerium
2866 3525 3045 3583 altius
3076 3531 3133 3582 et
3163 3527 3399 3600 dignius
3430 3533 3521 3584 est
3561 3547 3743 3601 quam

2087 3617 2262 3684 terra,
2297 3617 2354 3667 et
2384 3613 2637 3685 irrigans
2671 3614 2808 3669 facit
2837 3632 2966 3670 eam
3001 3617 3379 3688 fructiferam,
3409 3617 3490 3674 ita
3520 3618 3741 3674 miseri-

2087 3703 2284 3757 cordia
2315 3701 2414 3757 Dei
2450 3701 2684 3774 dignior
2713 3720 2893 3775 quam
2927 3704 3048 3759 sint
3077 3704 3161 3760 illi
3206 3706 3306 3778 qui
3340 3707 3652 3779 recipiunt,
3683 3713 3742 3764 et

2086 3791 2296 3864 pluens
2329 3790 2618 3863 spirituali
2643 3809 2790 3860 rore,
2807 3793 2982 3849 corda
2997 3811 3198 3850 eorum
3219 3795 3566 3852 fructificare
3577 3797 3738 3852 facit.

2160 3881 2311 3935 Bene
2358 3880 2490 3935 dico
2539 3882 2696 3952 quod
2729 3881 2885 3938 Deus
2917 3903 2940 3928 (ι
2973 3883 3367 3940 corroboravit
3407 3884 3736 3941 misericor-

2086 3967 2266 4036 diam,
2299 3984 2326 4015 ο
2359 3968 2583 4025 scilicet
2613 3969 2752 4042 quia
2783 3993 2807 4018 ι(
2840 3970 3010 4044 longe
3035 3972 3172 4028 fecit
3203 3990 3237 4028 a
3267 3973 3436 4028 nobis
3457 3973 3735 4046 iniquita-

2083 4061 2172 4112 tes
2200 4061 2448 4126 nostras,
2479 4074 2504 4104 υ
2535 4058 2592 4112 in
2627 4063 2854 4114 tantum
2894 4086 2916 4110 «ι
2948 4066 3234 4132 quantum
3267 4065 3432 4118 ortus
3462 4062 3641 4118 distat
3660 4064 3736 4118 ab

2084 4145 2404 4203 occidente.
2443 4173 2464 4196 »
2497 4148 2650 4204 Bene
2683 4149 2922 4220 quidem
2958 4167 3062 4206 nos
3093 4155 3396 4224 comparat
3425 4151 3733 4222 occidenti,

2087 4236 2230 4308 quia
2261 4237 2402 4292 dum
2438 4237 2494 4292 in
2529 4239 2786 4309 peccatis
2818 4237 3060 4307 fuimus,
3094 4240 3264 4312 quasi
3308 4240 3578 4296 occidens
3607 4258 3732 4296 cra-

2084 4343 2219 4382 mus
2253 4343 2265 4380 :
2301 4325 2440 4398 quia
2469 4326 2802 4400 cognitione
2833 4331 2892 4383 et
2921 4327 3230 4400 splendore
3258 4329 3374 4384 veri
3427 4328 3600 4397 Solis,
3633 4331 3730 4402 qui

2082 4418 2172 4470 est
2202 4415 2378 4486 Deus,
2411 4432 2527 4470 non
2555 4415 3002 4485 illuminamur;
3032 4417 3268 4474 remotis
3300 4435 3432 4474 vero
3462 4417 3735 4490 iniquita-

2082 4504 2268 4572 tibus,
2301 4505 2470 4576 quasi
2503 4504 2700 4560 oriens
2750 4506 2889 4562 facti
2921 4522 3155 4576 sumus,
3185 4506 3325 4579 quia
3360 4507 3488 4578 jam
3537 4507 3734 4580 splen-

2082 4595 2222 4649 dore
2253 4592 2406 4649 Solis
2429 4593 2681 4665 justitia:
2707 4593 3083 4650 irradiamur.

2154 4681 2292 4738 Dico
2329 4707 2352 4729 «
2385 4681 2560 4754 longe
2592 4681 2938 4755 iniquitates
2968 4685 3126 4752 fecit,
3147 4703 3171 4728 τι
3210 4688 3267 4740 et
3313 4685 3487 4740 etiam
3531 4689 3734 4758 postea

2085 4789 2218 4826 cum
2251 4771 2630 4844 deliquimus,
2667 4792 2690 4817 τί
2724 4773 3004 4829 misertus
3035 4777 3123 4828 est
3153 4773 3436 4829 Dominus
3473 4773 3736 4828 timenti-

2078 4859 2236 4915 tibus
2267 4877 2348 4926 se,
2382 4861 2676 4932 quomodo
2707 4861 3018 4916 miseretur
3047 4865 3211 4932 pater
3243 4860 3518 4916 filiorum.
3539 4859 3734 4916 »Sicut

2079 4949 2236 5004 enim
2277 4954 2442 5020 pater
2471 4949 2788 5021 aliquando
2822 4950 3032 5006 blande
3065 4949 3402 5006 consolatur
3429 4949 3601 5014 ﬁlios,
3633 4949 3734 5005 ali-

2079 5039 2316 5110 quando
2350 5037 2442 5110 pie
2469 5042 2602 5094 voto
2635 5039 3056 5094 recordationis
3089 5040 3355 5112 castigat,
3377 5039 3457 5094 ita
3485 5040 3639 5095 Deus
3668 5057 3732 5096 se

2078 5127 2352 5182 timentes
2408 5126 2536 5182 ideo
2591 5127 2831 5198 quidem
2877 5127 3188 5184 miseretur
3235 5153 3261 5182 (ι
3290 5126 3567 5199 quoniam
3599 5126 3728 5198 ipse

2080 5215 2350 5287 cognovit
2381 5216 2725 5287 figmentum
2760 5221 3048 5286 nostrum,
3081 5233 3109 5262 »δ
3160 5215 3219 5270 id
3267 5220 3377 5282 est,
3415 5215 3486 5270 dc
3533 5215 3726 5288 fragili

2081 5302 2328 5359 materia
2359 5321 2465 5358 nos
2495 5305 2765 5376 cognovit
2790 5322 2938 5373 esse,
2975 5305 3112 5378 quia
3141 5322 3247 5361 nec
3279 5321 3382 5378 per
3406 5321 3512 5360 nos
3542 5308 3729 5360 tenta-

2081 5392 2342 5448 tionibus
2371 5409 2692 5464 possumus
2724 5392 3016 5450 resistere.

2155 5481 2305 5536 Bene
2337 5481 2465 5537 dico
2497 5482 2766 5554 cognovit
2791 5499 2898 5537 nos
2929 5483 3303 5554 figmentum,
3335 5481 3475 5554 quia
3504 5481 3730 5537 confor-

2083 5571 2261 5624 tando
2293 5588 2418 5637 nos,
2439 5593 2462 5616 «
2493 5571 2831 5626 recordatus
2865 5575 2952 5626 est
2977 5598 2999 5620 ιι
3035 5571 3136 5642 qui
3165 5571 3472 5627 videbatur
3489 5569 3732 5636 oblitus,

2085 5659 2227 5714 dum
2265 5676 2370 5714 nos
2403 5658 2670 5730 permisit
2698 5659 2754 5713 in
2791 5659 3044 5730 peccatis
3093 5659 3362 5730 detineri,
3399 5679 3420 5702 α
3455 5657 3734 5730 quoniam

2089 5749 2412 5803 secundum
2447 5765 2552 5803 nos
2587 5762 2612 5792 α
2644 5746 2835 5818 pulvis
2867 5765 3094 5816 sumus,
3132 5769 3153 5791 η
3187 5747 3410 5804 scilicet
3441 5763 3546 5804 nos
3571 5744 3734 5802 colli-
