3942 6428
215 515 330 572 511)

1405 511 1895 573 EXPIANATIO
1937 508 2019 573 ΙΝ
2065 514 2443 577 PSAI.MUS.

3513 526 3631 584 550

209 649 456 700 mortem
489 644 796 709 dederunt,
833 648 888 695 et
930 645 985 697 in
1035 644 1161 714 ipsa
1210 650 1374 699 nocte
1426 645 1864 715 pertransibunt
1891 641 1949 711 Α
1980 651 2166 714 gente,
2202 652 2579 717 praztereunt;
2608 673 2632 695 ‹‹
2669 654 2725 702 01
2765 649 2881 702 11100
2914 651 3110 705 omnia
3147 675 3169 698 ››
3204 654 3425 708 scilicet
3456 656 3630 710 draco

206 750 410 789 omnes
442 732 641 786 bestiae
665 731 844 795 silvae,
872 731 925 785 id
951 737 1039 786 est
1060 734 1353 787 daemones
1375 733 1489 787 late
1513 734 1861 797 discurrent,

206 825 502 894 putantes,
543 825 773 875 mortuo
820 820 1068 887 Christo,
1094 840 1267 892 quem
1311 822 1584 876 videbant
1624 840 1862 874 causam

207 908 674 979 totiusjustitia‘,
695 927 811 962 sure
837 909 1103 979 potentiae
1129 929 1297 963 0111110
1322 911 1648 964 humanum
1679 928 1864 979 genus

204 998 552 1052 derelictum
590 997 789 1051 fuisse.
826 997 1183 1051 llelm'minat.
1217 1016 1316 1069 per
1347 1000 1632 1069 quasdam
1670 1004 1863 1067 partes

203 1105 351 1158 quas
385 1086 475 1140 hic
501 1086 749 1156 accipiat.
773 1086 1158 1153 bestias,cum
1187 1088 1331 1140 dixit
1356 1104 1367 1140 :
1393 1087 1576 1139 11011111
1605 1088 1859 1150 lmnnm,

207 1177 262 1228 id
294 1181 402 1242 est,
438 1175 692 1227 i‘ninores
733 1175 1058 1240 dmmones,
1083 1181 1138 1229 et
1170 1175 1305 1228 mali
1339 1193 1540 1229 corum
1587 1175 1859 1239 ministri,

204 1264 305 1335 qui
355 1263 796 1334 pertransibunt
829 1263 1146 1333 rugientes,
1185 1264 1239 1318 id
1273 1269 1380 1328 est,
1418 1265 1749 1318 frendentes
1789 1264 1859 1317 ad

205 1351 435 1423 aliquos
469 1351 866 1405 devorandum
904 1368 916 1404 :
952 1353 1023 1406 ad
1056 1351 1163 1406 hoc
1196 1352 1657 1423 pertransibunt,
1685 1357 1748 1406 nt
1780 1370 1866 1406 ra-

206 1441 370 1512 piant
401 1445 456 1494 et
488 1444 750 1511 quierant
782 1458 815 1494 a
847 1441 960 1494 Deo
991 1459 1184 1495 escam
1220 1441 1351 1506 sibi,
1384 1441 1603 1495 scilicet
1634 1441 1862 1511 aliquos

205 1547 353 1599 quos
397 1528 624 1599 possint
676 1527 789 1582 sibi
843 1528 1230 1599 incorporare,
1266 1534 1321 1583 et
1369 1530 1477 1584 hoc
1511 1552 1536 1579 ‹‹
1571 1548 1602 1583 a
1633 1531 1747 1584 Deo
1781 1545 1793 1582 :
1835 1553 1860 1576 ››

206 1617 435 1671 nullum
459 1617 614 1672 enim
641 1616 752 1670 nisi
773 1617 870 1670 Dei
900 1617 1284 1688 permissione
1306 1623 1550 1688 possunt
1567 1619 1859 1672 devorare.

207 1705 477 1760 Permisit
509 1710 701 1760 autem
738 1706 890 1760 Deus
927 1707 1092 1775 justo
1129 1707 1353 1778 judicio
1386 1708 1596 1762 Judam
1631 1707 1863 1762 diabolo

204 1794 584 1865 incorporari,
612 1799 667 1848 et
698 1793 842 1849 alios
890 1795 1182 1849 similiter.
1209 1797 1288 1850 Ex
1319 1801 1504 1851 morte
1536 1797 1748 1851 Christi
1784 1795 1866 1850 ita

204 1883 338 1950 fuit,
370 1884 469 1937 sed
503 1888 813 1954 postquam
847 1888 1011 1938 ortus
1057 1890 1146 1937 est
1180 1883 1285 1954 sol,
1322 1885 1377 1938 id
1421 1889 1509 1938 est
1550 1884 1866 1939 resurrexit

203 1973 496 2037 Christus,
521 1971 618 2043 qui
647 1972 812 2043 quasi
841 1971 925 2026 sol
950 1971 1144 2026 oriens
1171 1973 1458 2027 mundum
1490 1972 1860 2038 illuminavit,
1894 2011 1942 2076 B

205 2067 346 2115 tunc
379 2061 711 2132 congregati
745 2066 884 2115 sunt
916 2062 1209 2115 (1100101108
1239 2078 1250 2113 :
1279 2078 1392 2115 non
1417 2063 1570 2132 quod
1605 2061 1866 2116 localiter

204 2149 634 2218 convenissent,
663 2151 760 2204 sed
795 2167 898 2222 per
921 2149 1113 2204 simile
1141 2150 1280 2204 dicit
1306 2167 1317 2203 :
1345 2151 1481 2221 quia
1503 2152 1654 2206 sicut
1686 2151 1864 2222 aliqui

203 2239 496 2310 fugientes
528 2239 895 2309 prmscntiam
930 2239 1186 2309 alicujus
1222 2240 1476 2309 potentis
1499 2239 1758 2307 victoris,
1785 2240 1867 2293 ita

203 2327 523 2394 daemones,
549 2327 647 2398 qui
674 2327 890 2382 Christi
925 2345 1053 2382 esse
1079 2327 1349 2381 volebant
1379 2327 1662 2395 dimissis,
1689 2345 1869 2382 reces-

205 2420 414 2471 serunt
443 2416 515 2470 ad
549 2434 718 2485 suos;
757 2421 813 2471 et
843 2422 982 2472 tunc
1018 2416 1076 2470 in
1111 2417 1335 2471 malitia
1375 2407 1719 2488 pertinaces,
1744 2442 1768 2465 ‹‹
1808 2418 1864 2471 111

203 2504 501 2559 cubilibus
562 2493 686 2560 suis
737 2506 1202 2576 collocabantur,
1244 2530 1270 2556 ››
1311 2507 1365 2560 id
1417 2512 1523 2573 est,
1567 2510 1867 2577 quiescent

205 2595 263 2647 in
302 2593 417 2648 iliis
448 2594 544 2665 qui
581 2598 721 2648 sunt
768 2594 998 2666 proprie
1033 2595 1250 2649 cubilia
1295 2613 1517 2662 eorum,
1554 2595 1774 2649 scilicet
1806 2596 1864 2650 in

204 2682 323 2736 illis
346 2683 444 2752 qui
469 2682 740 2736 obdurati
767 2687 821 2736 et
850 2688 1283 2753 perseverantes
1318 2684 1373 2736 in
1408 2685 1679 2754 peccatis,
1706 2684 1866 2738 nullo

204 2772 378 2824 modo
411 2772 482 2826 ad
517 2773 689 2825 tidem
721 2771 925 2825 volunt
974 2773 1245 2826 accedere
1272 2790 1284 2826 :
1315 2772 1394 2826 illi
1427 2773 1870 2827 collocalmntnr

202 2861 263 2914 in
299 2861 593 2914 cubilibus
626 2859 781 2925 suis;
817 2860 989 2914 homo
1020 2867 1214 2914 autem
1252 2861 1551 2916 rationalis
1583 2864 1762 2916 exibit
1795 2865 1865 2917 ad

199 2966 372 3020 Opus,
395 2949 449 3002 id
477 2954 583 3017 est,
606 2948 914 3002 manifeste
938 2950 1308 3018 operabitur:
1340 2967 1486 3020 opus
1510 2952 1638 3004 dico
1667 2969 1863 3018 suum,

202 3038 316 3091 hoc
345 3041 453 3106 est,
487 3034 754 3089 rationali
789 3036 908 3090 viro
955 3053 1302 3107 congruum,
1336 3038 1603 3093 videlicet
1645 3040 1864 3094 bomun

199 3140 374 3195 opus,
397 3127 452 3177 et
474 3123 543 3177 ad
567 3123 963 3190 operationem
992 3142 1160 3179 suam
1185 3125 1646 3182 continuandam
1681 3147 1866 3200 usque

201 3215 276 3270 ad
311 3228 638 3283 vesperam.

277 3301 783 3373 Quandoquidem,
811 3320 843 3356 o
876 3303 1050 3370 Deus,
1087 3303 1209 3358 haec
1257 3304 1457 3360 omnia
1502 3308 1754 3377 perfecta
1787 3308 1862 3361 fe-

1980 737 2036 786 et
2070 734 2345 789 animalia
2379 761 2401 780 ‹‹
2439 742 2775 807 exspectant
2806 756 2839 790 a
2873 742 2926 791 te.
2961 743 3023 791 ut
3060 739 3155 792 'les
3196 740 3310 793 illis
3342 760 3532 796 escam
3573 745 3626 798 in

1977 826 2252 892 tempore.
2285 850 2306 870 υ
2331 825 2426 876 Vel
2466 843 2778 894 possumus
2808 826 2890 880 sic
2923 827 3263 881 continuare
3291 847 3302 882 :
3333 831 3416 882 'l‘u
3457 832 3626 896 Deus,

1975 909 2070 979 qui
2109 911 2290 964 fecisti
2324 919 2537 965 .‘rlrl'lm
2575 913 2629 966 in
2665 913 2969 984 sapientia,
2997 915 3184 967 fecisti
3213 917 3486 971 manibus
3514 920 3630 973 tuis

1973 998 2081 1051 1100
2116 1018 2293 1053 mare.
2318 1001 2655 1070 Allcgm'ice,
2685 1020 2786 1073 per
2818 1020 2976 1056 mare
3015 1003 3119 1055 hoc
3167 1004 3442 1058 szr-culum
3478 1009 3626 1061 acci-

1975 1088 2350 1158 pimus,qnml
2373 1096 2455 1142 est
2483 1109 2756 1157 magnum
2783 1096 2835 1142 et.
2861 1093 3182 1160 spatiosum
3209 1094 3482 1146 manibus
3502 1113 3630 1165 ope-

1977 1177 2250 1242 rantium,
2278 1177 2416 1247 quia
2457 1197 2687 1249 semper
2727 1184 2883 1250 patet
2928 1180 3367 1236 laborantibus:
3401 1181 3538 1246 illic,
3571 1183 3625 1236 id

1972 1271 2082 1331 est,
2106 1266 2162 1318 111
2198 1265 2305 1319 hoc
2351 1266 2518 1333 mari,
2546 1272 2684 1320 sunt
2735 1267 2982 1337 reptilia,
3023 1269 3074 1321 id
3111 1275 3216 1335 est,
3253 1271 3544 1324 dmmoncs
3575 1276 3631 1324 et

1973 1370 2175 1407 eormn
2208 1354 2484 1420 ministri,
2510 1373 2756 1425 quorum
2785 1374 2894 1408 non
2930 1361 3017 1409 est
3049 1375 3349 1423 numerus,
3377 1357 3626 1429 reptilia,

1973 1441 2193 1495 scilicet
2223 1442 2501 1498 animalia
2541 1444 2756 1515 pusilla
2788 1448 2844 1498 et
2890 1462 3122 1515 magna,
3159 1449 3296 1499 sunt
3325 1446 3480 1500 enim
3516 1448 3628 1500 (lar-

1975 1548 2177 1584 mones
2211 1532 2305 1584 alii
2341 1534 2592 1602 majores
2626 1533 2776 1602 aliis,
2813 1552 2925 1587 11011
2959 1535 3312 1596 substantia,
3339 1536 3434 1588 sed
3473 1540 3630 1604 pote-

1973 1623 2142 1673 state.
2182 1619 2320 1688 Illic,
2360 1621 2414 1673 id
2458 1627 2545 1673 est
2596 1622 2652 1674 in
2712 1621 2818 1675 hoc
2874 1623 3043 1686 mari,
3078 1622 3297 1677 scilicet
3348 1623 3405 1676 in
3460 1642 3629 1678 1111111-

1974 1709 2066 1773 110,
2094 1710 2535 1779 perlransilmnt
2570 1729 2765 1776 naves,
2796 1711 2847 1765 id
2892 1717 2979 1764 est
3021 1711 3310 1776 Ecclesim,
3337 1730 3463 1784 qua:
3495 1731 3631 1766 con-

1977 1797 2296 1850 tundentur
2325 1797 2504 1866 hujus
2539 1800 2743 1852 mundi
2781 1800 3081 1865 fluetibus,
3114 1805 3307 1854 tamen
3339 1818 3451 1854 non
3486 1803 3631 1855 sub-

1975 1889 2340 1955 merguntur.
2367 1887 2434 1938 Et
2467 1885 2630 1952 alibi,
2655 1886 2709 1939 id
2735 1892 2842 1952 est,
2871 1887 2926 1939 in
2962 1887 3067 1939 1100
3102 1889 3342 1956 mundo,
3368 1893 3425 1942 et
3456 1889 3630 1943 draco

1977 1974 2102 2042 iste,
2127 1974 2311 2037 idest,
2338 1973 2992 2045 principalisdiabolus,
3018 1975 3260 2041 scilicet,
3285 1976 3627 2042 Beelzebub,

1977 2062 2072 2132 qui
2110 2079 2210 2132 per
2242 2061 2554 2116 Leviathan
2608 2062 2996 2133 significatur,
3029 2080 3201 2133 quem
3256 2063 3446 2134 prima
3476 2081 3630 2118 crea-

1979 2151 2131 2204 tione
2163 2152 2369 2204 crcasti
2414 2151 2653 2215 bonum,
2680 2155 2810 2221 post
2841 2167 3043 2204 casum
3076 2168 3208 2205 vero
3260 2152 3522 2207 formasti
3557 2153 3627 2206 ad

1978 2239 2367 2304 illudendum,
2391 2239 2446 2291 id
2476 2243 2582 2305 est,
2610 2238 2947 2292 illusibilem
2975 2239 3157 2294 fecisti
3185 2257 3197 2294 :
3225 2239 3366 2293 illud
3391 2241 3546 2294 enim
3579 2240 3631 2295 ei

1975 2327 2148 2381 etiam
2185 2327 2517 2382 meretrices
2550 2327 2784 2394 facient,
2822 2346 2967 2398 quas
3010 2328 3067 2381 in
3113 2327 3278 2382 fccdis
3311 2328 3467 2383 vitiis
3504 2329 3630 2383 illa-

1976 2422 2220 2487 queatas
2245 2434 2376 2470 cum
2413 2416 2618 2469 fortius
2643 2421 2835 2470 tenere
2866 2422 3050 2488 putat,
3081 2417 3216 2488 ipsa:
3242 2418 3312 2471 ab
3337 2417 3494 2471 illius
3519 2435 3634 2473 ma-

1979 2505 2151 2559 nibus
2182 2504 2514 2571 elabuntur,
2541 2510 2597 2559 et
2632 2523 2732 2576 per
2766 2505 3165 2577 pumilcntiarn
3192 2505 3249 2559 in
3276 2505 3488 2561 Christi
3514 2524 3632 2561 cor-

1977 2612 2088 2664 pus
2121 2595 2530 2659 traducuntur,
2560 2600 2616 2648 et
2667 2596 2786 2649 lure
2819 2595 3040 2664 omnia,
3075 2595 3298 2649 scilicet
3349 2596 3544 2661 draco,
3579 2600 3635 2649 et

1977 2681 2090 2734 alia
2121 2688 2458 2752 exsl‘iectant
2498 2701 2530 2737 a
2571 2689 2624 2736 te
2661 2689 2719 2737 ut
2753 2685 2855 2736 des
2891 2684 3006 2737 illis
3039 2702 3233 2738 escam
3269 2684 3325 2737 in
3377 2690 3634 2756 tempore

1977 2776 2322 2841 opportuno.
2350 2774 2753 2841 (‘lpportunum
2793 2773 2948 2825 enim
2985 2777 3215 2842 tempus
3248 2773 3471 2838 habuit,
3498 2790 3632 2827 cum

1981 2859 2258 2912 Dominus
2304 2860 2519 2912 Judam
2566 2860 2622 2912 in
2678 2861 2950 2913 manibus
3003 2861 3160 2913 illius
3210 2861 3469 2914 tradidit.
3506 2861 3633 2914 Haec

1977 2947 2172 3002 omnia
2205 2965 2237 3000 a
2272 2953 2321 3000 te
2353 2953 2690 3018 exspectant
2723 2966 2936 3014 escam,
2962 2953 3017 3002 et
3049 2971 3075 2996 ‹‹
3121 2949 3294 3002 dante
3347 2953 3399 3002 te
3451 2947 3568 3003 illis
3605 2972 3631 2996 ››

1977 3053 2194 3099 escam,
2219 3035 2327 3106 ipsi
2358 3059 2382 3082 «ι
2421 3035 2695 3105 colligent
2733 3059 2757 3084 ››
2793 3041 2909 3090 tam
2935 3037 3214 3090 animalia
3242 3053 3419 3108 quam
3453 3036 3635 3090 homi-

1977 3143 2099 3188 nes,
2135 3149 2161 3171 ‹‹
2200 3129 2252 3178 10
2290 3147 2312 3171 ››
2349 3129 2543 3178 autem
2576 3148 2600 3171 ‹‹
2655 3123 2947 3195 aper'ento
2998 3142 3238 3179 manum
3291 3128 3474 3190 tuam,
3509 3143 3534 3174 n
3574 3125 3633 3178 id

1976 3219 2084 3278 est,
2121 3212 2295 3265 dante
2328 3216 2381 3265 te
2427 3212 2732 3280 auxilium,
2769 3237 2794 3261 ‹‹
2829 3213 3027 3267 omnia
3076 3213 3480 3284 implebuutur
3531 3213 3631 3267 bo-

1978 3301 2179 3368 nitate,
2220 3325 2239 3350 ι»
2279 3301 2334 3355 id
2367 3307 2455 3356 est
2485 3300 2828 3356 liberatione
2882 3306 2938 3356 et
2982 3301 3220 3372 auxilio,
3256 3319 3357 3373 per
3405 3302 3632 3356 bonita-

209 3392 369 3460 cisti,
398 3397 455 3446 et
494 3391 891 3463 corporaliter,
925 3397 981 3447 et
1020 3392 1423 3465 spiritualiter,
1458 3411 1616 3466 ergo,
1639 3413 1670 3448 o
1695 3421 1719 3445 ‹‹
1757 3401 1864 3450 Do-
1898 3373 1940 3438 C
1977 3395 2091 3444 tem
2128 3391 2224 3445 Dei
2260 3391 2367 3445 sibi
2420 3390 2714 3462 impensa;
2750 3390 2888 3462 quia
2939 3407 3126 3461 neque
3177 3391 3469 3446 (1101001108
3521 3391 3630 3445 sibi

204 3481 383 3547 mine,
419 3480 793 3552 magnificata
843 3485 982 3535 sunt
1028 3499 1203 3552 opera
1242 3487 1361 3550 tua,
1401 3506 1427 3532 ››
1463 3484 1518 3538 id
1551 3489 1641 3538 est
1689 3485 1862 3540 mira-

203 3571 365 3637 bilia,
400 3574 456 3625 et
488 3570 801 3642 magnifica
842 3575 981 3624 sunt
1026 3572 1277 3643 cognita,
1311 3577 1369 3628 et
1401 3597 1425 3621 ‹‹
1463 3590 1639 3644 quam
1677 3597 1702 3621 »
1735 3591 1863 3628 ma-

203 3659 480 3732 gnificata
510 3659 880 3714 ineffabilitcr
912 3676 924 3714 :
960 3659 1088 3715 ideo
1121 3661 1250 3715 dico
1295 3662 1691 3733 magnificam,
1727 3663 1865 3735 quia

209 3770 237 3799 «
273 3749 330 3803 in
361 3748 667 3820 sapientia,
697 3772 724 3800 ››
761 3749 816 3803 id
845 3754 933 3804 est
979 3749 1272 3822 sapienter
1297 3775 1323 3800 ‹‹
1352 3752 1538 3806 fecisti
1571 3753 1768 3808 omnia
1794 3776 1818 3800 η
1849 3771 1860 3807 :

204 3837 405 3892 omnia
436 3837 591 3892 enim
627 3839 904 3893 inetfabili
941 3839 1034 3894 Dei
1086 3841 1447 3911 providentia
1499 3846 1637 3896 sunt
1667 3843 1862 3913 dispo-

205 3927 347 3992 sita;
383 3926 511 3980 ideo
543 3927 716 3981 etiam
753 3936 893 3982 sunt
943 3929 1337 3998 magnilicata,
1363 3929 1500 4001 quia
1533 3955 1557 3979 ι(
1597 3935 1747 3985 terra
1779 3949 1864 3986 re-

201 4015 360 4087 pleta
418 4021 507 4070 est
570 4018 942 4087 possessione
985 4022 1083 4071 tua
1115 4042 1137 4065 ››
1170 4019 1548 4073 multitudine
1598 4021 1864 4075 habitan-

213 4105 385 4159 tium.

278 4194 415 4248 Pars
448 4191 724 4249 secunda.
761 4219 786 4242 ‹‹
825 4195 941 4250 1100
988 4213 1148 4250 mare
1193 4213 1534 4268 magnum.»
1568 4199 1740 4263 Quasi
1774 4200 1865 4253 111-

201 4286 298 4338 cat
332 4283 588 4338 :leum
622 4287 679 4338 et
711 4288 948 4350 terram,
992 4285 1252 4351 Domine,
1289 4286 1372 4340 810
1413 4286 1777 4357 disposuisti,
1814 4293 1870 4344 et

203 4397 228 4421 ‹‹
260 4371 367 4426 1100
419 4389 577 4427 mare
613 4390 623 4427 :
655 4395 680 4420 n
715 4373 795 4427 ita
842 4372 1003 4440 dicit,
1037 4373 1204 4444 quasi
1263 4391 1519 4444 praesens
1551 4377 1818 4430 ostendat
1852 4395 1864 4431 :

204 4476 368 4516 mare
399 4461 528 4516 dico
560 4486 585 4510 ‹‹
623 4479 905 4533 magnum
943 4484 969 4510 ››
1002 4461 1062 4516 10
1105 4463 1194 4516 8111
1241 4468 1471 4529 natura,
1497 4469 1554 4518 et
1586 4488 1612 4513 ‹‹
1648 4465 1866 4536 spatio-

202 4566 362 4617 sum,
403 4573 428 4597 ››
461 4550 517 4603 id
562 4555 650 4606 est
699 4549 962 4621 amplum
998 4574 1025 4599 ‹‹
1078 4550 1352 4606 manibus
1387 4574 1413 4599 ››
1447 4553 1868 4624 navigandum,

203 4638 267 4692 in
299 4655 412 4709 quo
445 4638 717 4694 similiter
759 4643 1007 4711 possunt
1054 4639 1330 4711 navigare
1378 4641 1577 4709 multi;
1612 4667 1637 4690 ‹‹
1673 4643 1811 4711 11110,
1843 4668 1868 4692 υ

200 4727 263 4780 id
294 4731 383 4781 est
413 4728 472 4781 in
507 4728 614 4782 hoc
649 4729 795 4784 mari
840 4733 977 4782 sunt
1008 4754 1033 4776 ‹‹
1074 4729 1318 4799 reptilia,
1348 4752 1372 4776 η
1410 4730 1463 4784 id
1499 4736 1587 4785 est
1644 4733 1872 4787 marina
1905 4742 1948 4804 D

203 4821 492 4887 monstra,
518 4841 543 4864 ‹‹
571 4835 822 4888 quorum
857 4836 968 4873 non
1005 4822 1092 4872 est
1121 4835 1403 4872 numerus
1431 4841 1455 4866 ››
1483 4826 1676 4876 certus
1709 4825 1862 4893 apud

201 4905 460 4976 aliquem
497 4906 818 4963 hominem.

280 4994 531 5065 chtilia
549 5013 661 5050 non
685 5002 934 5067 possunt
953 4997 1268 5062 numerari,
1288 4998 1385 5050 sed
1410 4996 1516 5052 hoc
1537 5016 1718 5052 unum
1745 5018 1804 5070 pc
1819 5018 1870 5055 8-

203 5101 340 5142 sum
374 5084 446 5137 de
480 5084 593 5140 illis
626 5086 817 5140 dicere
849 5087 1003 5156 quod
1039 5085 1138 5140 illa
1170 5085 1399 5155 reptilia
1424 5087 1638 5156 pusilla
1665 5094 1720 5142 et
1754 5107 1870 5144 ma-

205 5191 322 5246 gna
355 5178 495 5228 sunt
529 5190 540 5229 :
575 5174 682 5229 hoc
716 5178 806 5229 est
846 5175 1002 5244 quod
1054 5174 1196 5227 dicit
1232 5189 1242 5227 :
1273 5197 1297 5220 α
1335 5174 1613 5229 animalia
1655 5178 1870 5247 pusilla

205 5280 342 5319 cum
399 5263 630 5333 magnis
665 5279 676 5316 :
706 5287 731 5310 ‹‹
768 5267 826 5317 et
857 5262 1124 5332 quamvis
1177 5267 1260 5316 tot
1319 5261 1437 5316 sint
1495 5271 1758 5321 monstra
1807 5269 1864 5322 in

208 5352 381 5416 mari,
416 5357 609 5406 tamen
634 5376 659 5399 ‹‹
697 5351 811 5404 11110
844 5368 1019 5405 naves
1065 5352 1509 5422 pertransibunt
1543 5377 1568 5400 ››
1606 5354 1816 5410 11110810.

282 5443 343 5496 In
377 5439 475 5493 illo
510 5439 656 5493 mari
703 5445 791 5495 est
815 5462 840 5489 ‹‹
886 5441 1060 5495 draco
1107 5439 1202 5495 ille
1237 5462 1256 5489 1)
1290 5441 1596 5512 mirabilis,
1629 5443 1868 5499 intinitm

212 5527 662 5602 magnitudinis,
689 5527 789 5599 qui
825 5529 1139 5583 Leviathan
1165 5528 1516 5600 appellatur,
1541 5554 1568 5580 ‹‹
1595 5550 1768 5602 quem
1804 5539 1866 5588 tu

209 5619 473 5675 formasti
508 5619 578 5672 ad
614 5617 980 5672 illudendum
1013 5617 1060 5672 ei
1100 5618 1236 5687 (Job.
1263 5623 1370 5686 111),
1400 5641 1426 5668 ››
1453 5621 1521 5673 ad
1571 5621 1679 5676 hoc
1720 5627 1785 5677 ut
1816 5624 1865 5678 ei

207 5707 512 5763 illudatur.
535 5707 693 5762 Licet
715 5705 870 5761 enim
896 5711 1096 5762 tantus
1119 5708 1196 5762 sit
1215 5712 1273 5761 et
1294 5707 1708 5766 voracissimus
1730 5717 1861 5780 (lsa.

207 5799 406 5867 xxvu),
433 5801 626 5854 tamen
660 5801 793 5854 ante
824 5813 957 5852 eum
984 5813 1156 5854 naves
1188 5795 1401 5872 illaesa},
1429 5798 1543 5856 Deo
1565 5798 1733 5859 illum
1763 5819 1862 5860 ur-

1974 3480 2339 3534 conformare
2386 3479 2674 3549 homines,
2711 3480 2824 3534 Deo
2878 3480 3169 3550 praebente
3203 3479 3506 3546 auxilium,
3534 3497 3631 3534 nc-

1973 3587 2085 3640 que
2117 3569 2244 3640 ipsa
2275 3567 2554 3623 animalia
2586 3572 2863 3640 poterunt
2896 3568 3275 3640 corporaliter
3304 3585 3530 3623 nocere.

2045 3660 2123 3712 Te
2156 3659 2330 3712 dante
2379 3657 2783 3729 implebuntur
2826 3657 3116 3725 bonitate;
3158 3663 3217 3712 at
3248 3657 3295 3713 si
3329 3656 3437 3728 ipsi
3489 3674 3631 3728 pra“.-

1974 3751 2232 3813 sumant,
2269 3750 2326 3799 tu
2362 3751 2582 3801 avertes
2613 3751 2667 3800 te
2695 3747 2767 3800 ab
2798 3746 2901 3812 eis,
2927 3751 2982 3801 et
3016 3746 3097 3800 sie
3130 3746 3551 3812 turbabuntur;
3577 3751 3634 3800 et

1975 3835 2082 3888 hoc
2113 3839 2221 3901 cst,
2252 3859 2272 3884 «ι
2311 3839 2603 3889 avertente
2654 3840 2848 3888 autem
2887 3839 2938 3888 te
2974 3835 3179 3888 faciem
3233 3839 3418 3899 tuam,
3453 3835 3509 3886 id
3543 3839 3631 3888 est

1975 3924 2356 3978 subtrahente
2401 3923 2677 3994 gratiam,
2704 3947 2728 3971 ‹‹
2783 3923 3247 3989 turbabuntur,»
3284 3923 3338 3975 id
3387 3926 3495 3988 est,
3531 3939 3630 3976 co-

1975 4019 2255 4086 gnoscent
2284 4030 2345 4066 se
2375 4012 2515 4066 nihil
2541 4029 2688 4077 esse,
2713 4017 2769 4065 et
2792 4037 2815 4060 ‹‹
2846 4013 3070 4065 auferes
3099 4011 3373 4081 spiritum
3401 4037 3420 4062 11
3452 4011 3522 4065 ab
3546 4011 3630 4066 eis

1976 4103 2282 4173 superbize,
2310 4100 2407 4172 qui
2440 4105 2574 4155 estu
2620 4118 2843 4170 eorum,
2866 4124 2889 4147 ››
2913 4100 3133 4154 scilicet
3172 4117 3346 4170 quem
3400 4117 3513 4153 non
3564 4118 3631 4156 ex

1977 4195 2112 4260 Deo,
2140 4193 2238 4246 sed
2273 4210 2338 4245 ex
2377 4209 2438 4246 se
2487 4191 2724 4254 habent,
2755 4214 2773 4239 α
2811 4196 2866 4244 et
2915 4190 3186 4245 deficient
3212 4213 3238 4236 ››
3271 4207 3302 4244 a
3355 4189 3632 4260 superbia

1977 4280 2452 4354 praesumptionis
2481 4302 2500 4329 ιι
2527 4284 2582 4334 01
2608 4278 2665 4333 10
2691 4279 2985 4350 pulverem
3010 4296 3184 4332 suum
3211 4283 3628 4344 revertentur,»

1977 4371 2033 4424 id
2067 4374 2176 4439 est,
2215 4369 2622 4424 movebuntur.
2657 4368 2777 4437 Vel,
2802 4367 3130 4440 allegorice,
3182 4372 3541 4422 revertentur
3571 4365 3628 4420 in

1978 4460 2296 4530 pulverem,
2344 4475 2476 4511 eum
2527 4459 2776 4512 redeunt
2825 4457 2895 4510 ad
2943 4455 3362 4522 humilitatem,
3397 4460 3452 4510 et
3486 4453 3630 4508 nihil

1978 4567 2046 4603 ex
2077 4566 2137 4604 se
2171 4547 2409 4617 faciunt,
2445 4548 2544 4602 sed
2580 4545 2884 4601 materiam
2915 4546 3072 4600 unde
3103 4549 3259 4610 sunt,
3293 4544 3546 4598 cinerem
3576 4547 3633 4598 et

1980 4639 2274 4710 pulverem
2309 4655 2455 4704 esse,
2489 4641 2870 4708 cognoscunt.

2052 4727 2166 4798 Ipsi
2200 4726 2633 4792 moriuntur,.et
2668 4731 2724 4780 tu
2761 4745 2781 4771 (ι
2819 4724 3039 4778 emittis
3071 4722 3351 4794 Spiritum
3389 4724 3576 4787 tuum,
3607 4743 3630 4768 ››

1977 4821 2247 4871 sanctum
2283 4815 2587 4886 Spiritum,
2612 4813 2696 4868 vel
2740 4813 3036 4884 angelum.
3071 4813 3251 4866 Canet
3278 4809 3433 4864 enim
3468 4807 3651 4878 tuba,

1977 4922 2190 4959 vocans
2218 4910 2482 4971 mortuos
2506 4904 2576 4957 ad
2607 4903 2966 4973 jiulieiuin,«
2998 4906 3054 4955 ct
3082 4925 3105 4948 ››
3131 4906 3269 4955 tunc
3295 4922 3320 4948 ‹‹
3345 4899 3633 4953 creatum-

1980 4999 2130 5060 tur,»
2159 4994 2212 5047 id
2249 4997 2356 5064 est,
2395 4993 2900 5058 inunutal‘mntur;
2928 5017 2951 5039 ‹‹
2989 4996 3046 5045 et
3093 4988 3394 5045 renovabis
3427 4986 3633 5040 faciem

1978 5088 2164 5137 terrm.
2194 5106 2212 5130 η
2241 5082 2340 5136 Vel
2375 5083 2446 5136 ad
2480 5081 2842 5152 allegm'iam,
2870 5081 3192 5136 sceniidum
3222 5079 3328 5132 hoc
3360 5077 3515 5147 quod
3548 5077 3634 5130 di-

1978 5172 2167 5226 cimus
2206 5171 2501 5243 pulverem
2545 5172 2724 5243 redigi
2779 5173 2849 5225 ad
2899 5170 3314 5234 humilitatem,
3350 5167 3432 5221 810
3475 5166 3633 5219 diee-

1980 5279 2111 5315 mus
2138 5279 2149 5315 :
2181 5260 2292 5331 Ipsi
2321 5264 2680 5315 revertentur
2703 5261 2772 5314 ad
2800 5259 3116 5330 pulverem,
3143 5258 3198 5311 id
3225 5261 3330 5322 est,
3354 5256 3424 5308 ad
3448 5253 3637 5307 1111011-

1981 5350 2306 5415 litatem,et
2336 5354 2418 5416 tu,
2453 5349 2649 5403 emitte
2699 5349 2982 5419 Spiritum
3038 5351 3307 5401 sanctum
3359 5347 3525 5398 tuum
3577 5341 3634 5395 in

1981 5441 2156 5493 corda
2187 5456 2408 5504 eorum,
2436 5443 2491 5491 et
2525 5456 2625 5508 per
2656 5438 2762 5491 hoc
2792 5438 3213 5491 recreabuntur
3235 5434 3303 5487 ad
3329 5434 3474 5486 bene
3507 5448 3636 5502 ope-

1981 5529 2250 5590 randum,
2277 5533 2332 5580 et
2363 5527 2445 5579 sic
2480 5526 2681 5580 faciem
2715 5531 2898 5591 terrai,
2928 5525 2980 5578 id
3009 5529 3097 5579 est
3122 5527 3374 5577 mentem
3409 5537 3634 5586 eorum,

1979 5618 2075 5690 qui
2112 5617 2274 5687 prius
2309 5615 2551 5669 terrenis
2587 5614 2912 5681 inhiabant,
2949 5612 3388 5678 conformandiii,
3426 5626 3634 5664 novam

1977 5713 2193 5764 terram
2227 5705 2423 5759 facies.

2051 5820 2077 5853 u
2107 5797 2193 5853 Sit
2223 5795 2428 5867 gloria.
2461 5818 2484 5843 ››
2522 5794 2660 5852 Pars
2688 5794 2879 5851 tertia.
2916 5791 3284 5850 Continuatio
3320 5807 3331 5846 :
3368 5789 3635 5859 Quando-
