3942 6394
3728 446 3828 506 555

419 581 658 653 quidem
694 578 974 636 Dominus
1021 581 1144 635 haec
1193 581 1396 636 omnia
1445 585 1740 653 operatur,
1765 596 1904 653 ergo
1942 600 1969 632 α
2000 578 2087 637 sit.
2106 579 2160 648 Α
2192 579 2576 650 spiritualiter
2606 586 2870 654 quaerant
2908 581 3247 639 Dominum.
3282 582 3346 638 In
3379 580 3638 637 secunda
3666 583 3829 654 parte,

418 668 604 741 gloria
634 668 869 724 Domini
911 669 971 724 in
1004 667 1309 737 saeculum,
1339 690 1360 721 ι
1398 669 1455 738 id
1494 673 1584 725 est
1610 686 1714 724 vos
1751 684 1958 723 omnes
1987 674 2103 723 os-’
2190 685 2319 740 quae
2351 669 2591 742 incipit:
2621 695 2642 721 σι
2672 672 3024 727 Mementote
3056 670 3417 726 mirabilium
3452 671 3604 742 ejus,
3637 691 3658 719 ιο
3685 668 3833 741 ponit

417 422 530 509 5‘51
835 450 1240 510 HAYMONIS
1279 448 1818 508 IlALBERSTA'l‘.
1853 438 2102 511 EPISC.
2137 446 2309 515 OPP.
2344 448 2570 509 PARS.
2608 449 2653 508 Ι.
2690 484 2758 492 -—
2797 449 3202 511 COMMENT.
3231 449 3427 509 BIBL.

420 759 641 814 tendite
666 758 981 813 Dominum
1005 758 1351 831 gloriosum,
1375 763 1433 814 et
1460 759 1567 815 hoc
1591 776 1704 814 non
1728 758 1798 813 ad
1825 763 2076 830 tempus,

417 848 515 902 sed
550 848 609 901 in
642 845 945 914 saeculum,
980 845 1038 901 id
1073 851 1161 903 est
1191 847 1248 902 in
1282 850 1589 916 aeternum,
1619 851 1676 903 et
1707 846 1933 902 debetis
1963 844 2081 920 glo-

414 937 641 991 riﬁcare
670 954 827 1005 eum,
863 954 1001 1009 quia
1046 936 1172 1010 ipse
1213 942 1269 993 et
1309 937 1497 992 multa
1528 955 1705 1010 opera
1738 936 1891 1003 fecit,
1926 942 1982 991 ct
2012 954 2080 991 ea

414 1026 586 1094 bona,
621 1030 679 1081 et
708 1026 818 1081 hoc
848 1027 1029 1081 dicit:
1060 1050 1087 1076 ‹‹
1115 1027 1432 1082 Laetabitur
1477 1027 1764 1082 Dominus
1795 1026 1854 1080 in
1887 1025 2076 1098 operi-

412 1114 524 1168 bus
573 1116 727 1181 suis;
756 1140 784 1165 »
829 1116 1085 1171 ostendit
1132 1134 1261 1171 esse
1316 1116 1468 1170 bona
1512 1133 1706 1186 opera,
1732 1116 1811 1170 de
1859 1114 2077 1187 quibus

412 1200 707 1257 laetabitur
731 1203 907 1258 Deus.

483 1313 508 1339 ‹‹
540 1291 856 1346 Laetabitur
883 1290 943 1345 in
974 1291 1252 1363 operibus
1293 1291 1439 1359 suis,
1459 1314 1486 1340 ‹‹
1514 1291 1608 1346 his
1651 1290 1894 1360 scilicet,
1915 1292 2071 1363 quod

408 1376 468 1433 in
502 1383 767 1451 respectu
799 1380 929 1450 ejus
953 1384 1105 1433 terra
1127 1379 1386 1450 tremuit,
1415 1384 1644 1435 montes
1669 1380 1984 1451 fumigant,
2016 1383 2073 1435 et

409 1466 519 1521 hoc
542 1471 651 1534 est,
681 1490 708 1515 ‹‹
744 1466 841 1538 qui
876 1467 1114 1537 respicit
1144 1472 1382 1534 terram,
1408 1493 1429 1520 ι
1458 1468 1516 1522 id
1547 1472 1636 1524 est
1666 1467 1865 1523 visitat
1895 1467 2069 1523 mise-

408 1554 713 1610 ricorditer
743 1554 1001 1611 minores
1033 1556 1104 1611 de
1148 1556 1428 1624 Ecclesia,
1457 1581 1477 1607 α
1511 1561 1570 1612 et
1599 1556 1738 1613 facit
1766 1574 1897 1612 eam
1948 1563 2068 1613 tre-

408 1642 567 1698 mere
593 1666 614 1692 »
641 1644 712 1699 de
736 1644 992 1715 peccatis
1018 1661 1033 1700 :
1062 1644 1161 1717 qui
1184 1668 1210 1694 α
1248 1645 1483 1717 tangit»
1509 1644 1683 1700 etiam
1718 1644 1918 1718 aliqua
1940 1662 2066 1718 per-

406 1733 728 1799 secutione,
751 1733 837 1789 vel
870 1733 1328 1789 comminatione
1364 1758 1385 1783 ι
1424 1738 1675 1805 montes,
1700 1753 1726 1784 ι»
1757 1733 1812 1789 id
1846 1740 1936 1790 est
1966 1753 2065 1807 po-

405 1826 616 1889 tentes,
648 1846 677 1872 ‹‹
727 1828 786 1878 et
846 1823 1162 1895 fumigant,
1204 1846 1233 1872 ››
1264 1822 1323 1878 id
1373 1826 1484 1892 est,
1534 1823 1862 1894 lacrymosa
1907 1841 2069 1879 com-

403 1910 721 1984 punctione
753 1915 991 1983 peccata
1022 1911 1274 1984 plorant.

2190 757 2484 814 mirabilia
2504 776 2631 831 quae
2655 759 2791 814 fecit
2813 760 2968 816 Deus
2990 759 3360 832 patriarchis.
3383 759 3445 814 In
3467 758 3641 814 tertia
3661 761 3829 830 parte,

2188 865 2317 919 quae
2358 848 2567 920 incipit
2601 866 2614 904 :
2647 872 2669 898 οι
2693 850 2765 904 Et
2811 849 3038 905 vocavit
3084 850 3322 919 famem,
3350 870 3377 896 ››
3401 848 3659 903 ostendit
3706 863 3831 918 quo-

2188 938 2361 991 modo
2395 936 2659 993 liberavit
2685 938 2866 993 Jacob
2908 942 2965 993 et
3008 936 3160 993 filios
3203 954 3366 1004 suos,
3401 953 3735 1009 praeparans
3762 935 3833 989 eis

2188 1024 2378 1080 locum
2412 1026 2471 1081 in
2504 1028 2747 1099 :Egypto
2780 1045 2885 1098 per
2912 1026 3152 1099 Joseph.
3178 1026 3237 1081 In
3273 1030 3482 1098 quarta
3512 1029 3697 1096 parte,
3720 1041 3832 1096 qua

2186 1113 2427 1185 incipit:
2454 1140 2479 1163 «ι
2507 1116 2577 1170 Et
2615 1117 2871 1171 firmavit
2901 1133 3035 1171 eum
3093 1133 3271 1187 super
3318 1114 3592 1170 inimicos
3639 1113 3785 1184 ejus,
3810 1136 3827 1158 -

2184 1202 2440 1257 ostendit
2469 1203 2764 1260 mirabilia
2806 1222 2934 1276 quae
2968 1204 3104 1259 fecit
3144 1203 3430 1276 .Egyptiis
3478 1220 3582 1274 pro
3628 1202 3832 1257 libera-

2183 1288 2338 1345 tione
2370 1290 2567 1361 populi
2601 1292 2714 1346 sui.
2744 1293 2808 1347 In
2835 1292 3047 1365 quinta
3076 1296 3265 1364 parte,
3291 1309 3419 1364 qua:
3452 1290 3695 1363 incipit:
3726 1313 3749 1337 α
3775 1289 3833 1344 Et

2180 1377 2379 1431 eduxit
2409 1396 2508 1433 eos
2538 1396 2673 1433 cum
2715 1384 2954 1452 argento
2986 1384 3044 1434 et
3074 1397 3238 1448 auro,
3270 1403 3295 1428 ››
3321 1380 3580 1435 ostendit
3623 1382 3833 1450 quanta

2179 1465 2389 1521 virtute
2420 1466 2707 1523 Dominus
2739 1467 3021 1539 populum
3057 1485 3232 1524 suum
3266 1468 3340 1524 ab
3371 1469 3618 1540 [Egypto
3639 1467 3835 1522 eduxe-

2178 1554 2272 1622 rit,
2299 1558 2355 1609 et
2382 1570 2483 1610 eos
2515 1555 2574 1610 in
2606 1559 2823 1611 terram
2873 1555 3285 1628 promissionis
3330 1555 3757 1622 introduxerit;
3789 1558 3835 1608 et

2177 1642 2235 1697 in
2270 1642 2479 1699 ultimo
2509 1644 2786 1699 admonet
2837 1660 2937 1699 eos
2990 1646 3054 1698 ut
3107 1660 3209 1716 per
3258 1643 3380 1698 haec
3410 1644 3612 1699 omnia
3657 1644 3835 1699 Deum

2176 1736 2460 1804 quaerant.
2495 1733 2751 1788 Intendit
2801 1732 3075 1789 homines
3114 1732 3428 1787 admonere
3480 1731 3551 1785 ad
3603 1730 3833 1786 laudem

2177 1821 2300 1877 Dei.
2335 1820 2569 1877 Titulus
2600 1821 2684 1876 sic
2714 1820 2969 1893 legitur:
3006 1819 3276 1876 Psalmus
3305 1819 3417 1875 istc
3447 1818 3669 1875 dicitur
3700 1818 3836 1874 alle-

2100 1948 2149 2012 B
2180 1909 2322 1981 luia,
2340 1909 2450 1965 hoc
2480 1916 2571 1965 est
2598 1909 2742 1965 talia
2762 1908 3046 1965 beneficia
3064 1907 3167 1964 Dei
3189 1907 3472 1975 continet,
3499 1923 3603 1979 pro
3623 1907 3833 1979 quibus

475 2001 545 2055 Et
574 2001 715 2072 quia
762 2004 967 2057 tantus
1025 2005 1115 2056 est
1163 2000 1471 2067 Dominus,
1509 2000 1802 2073 quidquid
1852 2001 2074 2058 faciant
2090 1984 2149 2012 ὐ
2183 1999 2516 2055 laudandus
2544 1998 2621 2054 sit
2650 1998 2806 2053 Deus
2832 2014 2969 2052 cum
3001 1995 3407 2052 exsultatione.

402 2087 524 2157 alii,
556 2106 663 2162 ego
690 2113 713 2139 ι
738 2090 990 2144 cantabo
1021 2089 1269 2145 Domino
1292 2109 1320 2142 ιο
1346 2108 1483 2146 voce
1509 2095 1565 2145 et
1593 2090 1896 2145 devotione
1920 2108 1932 2146 :
1959 2089 2069 2147 hoc

403 2181 492 2232 est
528 2196 549 2224 ι
584 2176 645 2231 in
676 2177 798 2232 vita
828 2194 978 2245 mea,
1001 2197 1028 2229 η
1065 2178 1125 2232 id
1174 2183 1263 2235 est
1313 2197 1429 2233 non
1487 2180 1561 2235 ad
1609 2178 1836 2247 horam,
1870 2181 1973 2235 sed
2007 2179 2065 2235 in

406 2268 527 2319 tota
554 2264 673 2319 vita
721 2282 873 2331 mea,
908 2267 980 2321 Et
1023 2265 1199 2320 etiam
1240 2288 1267 2319 α
1298 2266 1576 2336 Psallam,
1612 2289 1634 2317 ι
1668 2268 1724 2321 id
1778 2272 1886 2335 est,
1919 2269 2067 2324 bene

402 2353 689 2424 operabor
725 2373 752 2403 α
795 2353 914 2408 Deo
970 2370 1121 2421 meo,
1176 2378 1198 2403 ι
1259 2354 1315 2410 id
1376 2359 1466 2410 est
1523 2373 1639 2410 non
1699 2356 1771 2410 ad
1830 2355 2062 2411 laudem

402 2458 618 2510 meam,
652 2442 752 2497 sed
786 2442 857 2497 ad
892 2440 1171 2497 honorem
1206 2442 1305 2498 Dei
1341 2444 1452 2499 mei
1483 2460 1496 2499 :
1522 2448 1578 2499 et
1608 2444 1717 2498 hoc
1743 2464 1770 2495 α
1801 2445 2062 2515 quamdiu

401 2546 558 2584 sum.
589 2553 610 2579 ι

471 2619 542 2674 ΕΙ.
572 2636 687 2673 non
718 2622 948 2674 tantum
993 2619 1242 2674 cantabo
1284 2620 1450 2688 mihi,
1484 2622 1582 2677 sed
1619 2622 1797 2677 etiam
1831 2640 2059 2678 annun-

400 2709 560 2764 tiabo
591 2707 743 2763 aliis.
767 2709 838 2763 Et
868 2707 1093 2763 utinam
1144 2709 1253 2764 hoc
1301 2709 1417 2765 tale
1452 2735 1471 2760 ι
1508 2711 1808 2783 eloquium
1860 2730 2058 2768 meum

399 2798 479 2853 sit
507 2797 558 2853 ei
580 2797 918 2868 jucundum
945 2815 957 2853 :
981 2817 1007 2848 ιι
1038 2796 1091 2851 oi
1117 2798 1353 2870 quidem
1385 2800 1495 2855 erit
1526 2818 1723 2856 meum
1756 2802 2057 2873 eloquium

390 2887 785 2959 jucundum;
810 2904 917 2959 ego
940 2903 1074 2942 vero
1097 2886 1433 2943 delectabor
1449 2888 1508 2943 in
1533 2889 1835 2945 Domino.»
1864 2892 1935 2946 Et
1964 2891 2059 2946 hic

398 2980 638 3031 notatur
668 2974 977 3031 familiaris
1004 2976 1350 3032 vicissitudo
1382 2976 1537 3033 lntcr
1562 2978 1749 3034 Deum
1780 2983 1837 3034 et
1867 2979 2057 3036 homi-

399 3081 533 3119 nem
559 3081 572 3120 :
598 3064 648 3120 si
678 3064 836 3121 enim
870 3064 1085 3120 habeat
1127 3064 1303 3121 homo
1344 3066 1790 3124 delectationem
1823 3068 1883 3123 in
1917 3069 2053 3139 Deo,

396 3158 457 3209 et
483 3153 609 3225 ipse
640 3154 796 3209 Deus
824 3153 1025 3209 statim
1059 3154 1447 3211 delectabitur
1474 3155 1534 3211 in
1564 3156 1822 3213 homine.

2248 2088 2372 2143 Vox
2430 2086 2732 2159 Prophetae
2775 2086 2859 2142 sic
2918 2085 3226 2141 invitantis
3285 2086 3358 2142 ad
3418 2084 3655 2141 laudem
3686 2085 3827 2141 Dei:

2176 2177 2293 2233 Vos
2324 2194 2552 2245 omnes,
2588 2177 2957 2232 attendentes
2988 2175 3273 2230 beneficia
3322 2192 3451 2246 quae
3498 2174 3634 2230 fecit
3682 2176 3827 2230 Deus

2174 2265 2392 2339 populo
2442 2284 2573 2334 suo,
2610 2288 2632 2315 ι
2667 2263 3032 2321 confitemini
3083 2263 3353 2329 Domino,
3391 2286 3413 2314 α
3459 2263 3520 2319 id
3566 2267 3658 2319 est.
3705 2262 3824 2318 lau-

2174 2356 2307 2409 date
2338 2354 2679 2425 Dominum,
2711 2377 2740 2404 «
2774 2358 2832 2409 et
2874 2353 3139 2409 invocate
3188 2369 3401 2408 nomen
3452 2353 3581 2423 ejus
3614 2369 3683 2406 ε»
3719 2369 3821 2407 non

2173 2444 2437 2498 invocato
2465 2460 2600 2498 eum
2642 2447 2881 2514 propter
2921 2457 3131 2498 aurum
3162 2441 3250 2497 vel
3292 2446 3531 2514 propter
3575 2440 3819 2507 divitias,

2171 2532 2273 2586 sed
2332 2535 2396 2586 ut
2453 2530 2531 2585 sit
2585 2529 2948 2585 inhabitator
3003 2528 3207 2596 vestri,
3239 2545 3430 2600 neque
3484 2527 3592 2583 hoc
3650 2528 3818 2582 etiam

2171 2619 2429 2675 sufficiat
2486 2619 2680 2685 vobis,
2741 2620 2843 2674 sed
2908 2642 2935 2667 ‹‹
2996 2617 3342 2672 annuntiate
3408 2617 3560 2673 inter
3625 2620 3819 2689 gentes

2169 2725 2346 2780 opera
2387 2708 2537 2779 ejus,
2576 2730 2595 2755 ιι
2634 2706 2690 2762 id
2751 2711 2842 2762 est
2896 2705 3131 2761 solliciti
3185 2706 3335 2773 sitis,
3388 2710 3453 2760 ut
3498 2706 3567 2760 de
3617 2710 3813 2771 vestra,

2169 2798 2254 2854 sic
2297 2797 2366 2851 de
2417 2795 2607 2851 salute
2639 2796 2913 2861 aliorum,
2948 2796 3315 2851 attendentes
3366 2794 3475 2849 hoc
3527 2794 3625 2849 Dei
3680 2811 3815 2865 prae-

2168 2891 2402 2959 ceptum
2457 2902 2469 2941 :
2525 2885 2632 2952 Qui
2682 2884 2878 2957 diligit
2924 2902 3089 2956 eum,
3134 2884 3343 2958 diligat
3390 2889 3451 2940 et
3494 2883 3812 2955 proximum

2168 2992 2369 3031 suum.

2237 3064 2377 3121 Dico
2410 3084 2430 3113 α
2465 3063 2828 3119 conﬁtemini
2868 3062 3136 3133 Domino,
3176 3086 3197 3113 ι
3234 3063 3315 3118 ita
3349 3061 3588 3130 scilicet,
3618 3082 3646 3115 ι
3682 3078 3807 3117 can-

2164 3156 2284 3209 tate
2339 3153 2392 3209 ei
2429 3172 2456 3205 η
2496 3156 2690 3208 mente
2747 3155 2806 3208 et
2861 3168 3022 3220 voce,
3058 3174 3079 3202 α
3123 3156 3180 3207 et
3234 3149 3466 3223 psallite
3524 3149 3575 3205 ei
3607 3172 3634 3201 ››
3670 3150 3811 3205 bona

474 3264 495 3290 ιι
533 3242 650 3313 Ego
682 3240 1016 3296 delectabor
1044 3240 1103 3295 in
1136 3241 1440 3311 Domino,»
1465 3247 1522 3297 et
1542 3244 1768 3299 utinam
1791 3244 1888 3299 alii
1917 3261 2055 3317 pec—
2100 3314 2115 3317 ᾼ
2166 3243 2522 3315 operatione.
2561 3262 2593 3296 α
2636 3241 2879 3297 Narrate
2932 3264 2953 3291 ι
2990 3240 3165 3296 etiam
3205 3260 3227 3289 ι
3278 3240 3479 3298 omnia
3526 3233 3811 3297 mirabilia

397 3334 623 3385 catores
664 3330 808 3385 fiant
855 3328 1001 3383 mihi
1050 3329 1305 3398 similes;
1339 3336 1396 3387 et
1443 3331 1552 3388 hoc
1599 3338 1689 3387 est
1719 3356 1746 3382 «
1781 3314 2058 3389 deﬁciant
2084 3314 2129 3381 (ἶ
2167 3314 2295 3406 ejus
2330 3349 2342 3388 :
2376 3356 2396 3381 ι

399 3421 735 3491 peccatores
774 3434 809 3472 a
852 3421 1076 3485 terra,»
1114 3417 1171 3473 id
1221 3424 1311 3475 est
1353 3437 1388 3475 a
1432 3421 1790 3490 terrenitate,
1825 3427 1892 3477 ut
1929 3424 2058 3494 jam

398 3504 803 3563 terrenitatem
840 3523 956 3560 non
989 3509 1293 3577 appetant;
1327 3531 1347 3557 α
1375 3512 1431 3563 et
1462 3508 1649 3581 iniqui
1673 3535 1695 3562 ι
1724 3516 2060 3567 convertan-

399 3598 515 3663 tur,
540 3613 573 3645 ι
603 3592 686 3648 ita
716 3597 781 3649 ut
812 3610 927 3648 non
971 3593 1091 3649 sint
1121 3614 1152 3647 ι
1183 3596 1337 3667 quod
1381 3614 1496 3652 non
1539 3597 1658 3652 sint
1697 3600 1854 3670 quod
1895 3600 2057 3672 prius

398 3686 567 3739 erant
590 3699 603 3738 :
628 3686 687 3739 et
716 3700 818 3756 pro
851 3682 949 3739 his
971 3682 1249 3739 omnibus
1272 3685 1571 3743 beneficiis
1591 3686 1714 3757 Dei,
1745 3708 1765 3736 α
1792 3689 2054 3758 benedic,

398 3773 600 3828 anima
633 3789 779 3840 :nea,
816 3772 1086 3827 Domino.
1117 3797 1137 3823 ι

902 3861 974 3916 ΙΝ
1017 3860 1364 3918 PSALMUM
1405 3863 1544 3920 CIV.

943 3951 1215 4007 Trruws.
1247 3952 1507 4009 Alleluia.

477 4063 503 4095 α
534 4039 926 4096 Confitemini.
946 4064 969 4092 ι
998 4040 1333 4098 Notandum
1366 4042 1602 4114 quidem
1635 4043 1790 4115 quod
1822 4042 2058 4100 alleluia

397 4148 512 4187 non
545 4134 635 4185 est
664 4147 774 4187 vox
819 4129 1099 4198 humana,
1135 4130 1235 4186 sed
1286 4132 1582 4205 propheta:
1614 4137 1671 4187 et
1718 4132 1819 4188 alii
1867 4133 2054 4189 sancti

394 4219 523 4290 viri,
559 4220 713 4275 sicut
751 4220 958 4275 beatus
1009 4219 1265 4276 Joannes
1298 4225 1501 4292 raptus
1547 4221 1607 4277 in
1656 4222 1839 4279 extasi
1871 4223 2052 4295 (Apoc.

394 4312 534 4378 xix),
562 4308 875 4364 audierunt
905 4312 1211 4364 cantantes
1245 4308 1479 4366 alleluia
1508 4310 1785 4384 angelos:
1810 4329 2055 4384 necpo-

394 4401 513 4454 test
540 4395 739 4468 aliqua
769 4413 887 4453 una
911 4413 1049 4453 voce
1069 4413 1177 4453 vox
1207 4396 1309 4454 illa
1331 4397 1705 4470 interpretari
1730 4417 1742 4455 :
1767 4403 1825 4456 et
1855 4400 1915 4457 in
1945 4400 2054 4458 hac

395 4503 532 4544 voce
564 4484 800 4542 alleluia
831 4485 1166 4542 continetur
1197 4490 1513 4560 utrumque
1534 4492 1593 4545 et
1613 4505 1827 4553 nomen
1849 4490 1972 4558 Dei,
2000 4494 2058 4547 et

394 4575 526 4632 laus
561 4591 572 4630 :
608 4591 712 4631 nec
742 4574 1110 4648 simpliciter,
1145 4576 1245 4633 sed
1290 4593 1425 4632 cum
1457 4576 1863 4634 exsultatione.
1889 4579 2052 4645 Quod

2435 3349 2551 3388 non
2583 3331 2739 3404 quod
2772 3330 2971 3387 omnia
3014 3329 3242 3402 possint
3283 3327 3527 3398 narrari,
3560 3328 3671 3385 sed.
3696 3344 3809 3383 om-

2167 3423 2266 3478 nia
2298 3437 2424 3493 quae
2456 3420 2801 3491 narrabunt,
2835 3417 3130 3475 mirabilia
3160 3418 3262 3475 Dei
3293 3422 3453 3475 sunt.
3484 3417 3567 3474 Ad
3600 3416 3711 3473 hoc
3739 3432 3811 3471 re-

2167 3511 2341 3584 spicit
2371 3509 2525 3582 quod
2559 3508 2705 3565 dixit
2738 3525 2804 3567 :u
2837 3507 3193 3565 Annuntiate
3235 3507 3389 3564 inter
3417 3509 3619 3581 gentes
3649 3521 3813 3578 opera

2165 3601 2349 3673 ejus,-
2377 3603 2434 3656 et
2454 3596 2504 3655 si
2536 3598 2646 3654 hoc
2673 3597 2949 3668 feceritis,
2979 3610 3176 3655 revera
3206 3594 3551 3665 laudamini,
3571 3599 3631 3652 et
3660 3593 3811 3650 illam

2164 3688 2399 3745 laudem
2430 3686 2609 3744 nolite
2638 3686 2960 3743 attribuere
2992 3686 3179 3759 vobis,
3214 3686 3316 3742 sed
3356 3707 3377 3736 ι
3407 3683 3731 3742 laudamini
3758 3684 3810 3737 in

2165 3778 2403 3835 nomine
2460 3780 2664 3833 saneto
2707 3777 2857 3848 ejus,
2884 3798 2913 3825 ››
2946 3774 3006 3830 id
3036 3779 3129 3833 est
3182 3780 3247 3831 ut
3293 3774 3366 3833 de
3412 3777 3607 3831 vestra
3651 3771 3810 3829 laude

2165 3884 2379 3923 nomen
2411 3864 2643 3921 Domini
2674 3869 2734 3921 et
2762 3863 3100 3938 amplietur,
3123 3868 3179 3921 et
3203 3862 3522 3937 gloriosum
3553 3861 3810 3931 ostenda-

2164 3961 2279 4012 tur.
2305 3957 2375 4012 Et
2404 3956 2485 4010 ita
2514 3955 2644 4010 dico
2670 3976 2698 4004 ι(
2728 3952 2789 4008 in
2830 3954 3069 4010 nomine
3117 3957 3321 4009 sancto
3368 3952 3517 4024 ejus,
3547 3973 3569 4001 ι
3598 3949 3805 4007 scilicet

2169 4069 2189 4096 ι
2227 4044 2466 4118 quaerite
2496 4042 2836 4112 Dominum,
2859 4067 2881 4095 υ
2914 4060 3031 4098 non
3062 4046 3559 4098 remuneratorem
3591 4039 3652 4096 in
3678 4044 3806 4096 tem-

2164 4134 2484 4208 poralibus,
2519 4132 2620 4188 sed
2655 4136 2718 4187 ut
2770 4132 3031 4205 seipsum
3084 4131 3287 4188 reddat
3340 4130 3503 4187 vobis
3561 4129 3802 4203 pretium

2161 4223 2339 4279 vostri
2367 4221 2606 4279 laboris.
2629 4221 2698 4276 Et
2727 4221 2835 4277 hoc
2868 4219 3041 4276 facite
3062 4236 3197 4276 cum
3229 4218 3432 4276 laetitia
3454 4235 3466 4274 :
3492 4217 3678 4276 ethoc
3706 4220 3801 4282 est,

2168 4335 2190 4363 ι
2226 4311 2455 4368 laetetur
2499 4328 2598 4367 cor
2625 4329 2651 4361 ω
2693 4309 2962 4383 quamvis
3001 4326 3134 4366 caro
3186 4308 3455 4365 molestia
3501 4306 3801 4380 affligatur,

2162 4418 2331 4459 mens
2390 4404 2587 4456 tamen
2626 4419 2648 4449 ι
2690 4399 3078 4471 quaerentium
3138 4398 3452 4455 Dominum
3504 4416 3530 4449 η
3567 4395 3802 4464 laetetur,

2163 4513 2192 4542 «
2224 4490 2472 4558 Quaerite
2520 4488 2835 4545 Dominum
2881 4509 2908 4541 η
2956 4488 3106 4557 dico,
3148 4508 3175 4542 α
3215 4491 3273 4544 et
3322 4484 3746 4545 conﬁrmamini
3774 4502 3797 4539 ι

2162 4580 2475 4652 quaerendo
2505 4594 2665 4650 eum,
2689 4582 2753 4633 ut
2791 4595 2979 4651 neque
3027 4595 3207 4647 mors,
3233 4594 3425 4649 neque
3467 4576 3584 4632 vita
3633 4571 3802 4648 possit

394 4664 556 4730 dicit,
582 4682 657 4733 1A,
682 4681 896 4720 nomen
918 4664 1150 4720 Domini
1173 4670 1295 4734 est;
1322 4667 1474 4737 quod
1503 4666 1644 4721 dicit
1664 4685 1899 4738 ALLELU,
1933 4667 2053 4723 lau-
2083 4687 2129 4751 D
2162 4687 2261 4727 vos
2303 4685 2573 4741 separare
2605 4686 2639 4723 a
2681 4667 2965 4723 charitate
3006 4667 3220 4723 Christi
3256 4667 3428 4740 (Rom.
3452 4669 3595 4735 vui),
3618 4670 3676 4721 et
3720 4661 3799 4717 hic

395 4755 528 4811 dem
559 4770 694 4809 cum
726 4753 1111 4810 exsultatione
1156 4754 1444 4826 designat.
1481 4755 1822 4828 Cuicunque
1853 4761 2049 4812 autem

394 4842 622 4916 psalmo
646 4842 780 4898 talis
802 4842 1011 4897 titulus
1034 4843 1452 4915 praescribitur,
1471 4844 1529 4899 in
1551 4861 1618 4899 eo
1642 4846 1792 4901 facta
1808 4846 1909 4901 Dei
1934 4845 2053 4902 lau-

394 4931 612 4987 dabilia
637 4931 1028 4987 continentur.
1052 4932 1112 4986 In
1147 4931 1256 4987 hoc
1287 4937 1481 4988 autem
1506 4933 1733 5006 psalmo
1755 4936 2053 4991 continen-

393 5025 492 5075 tur
518 5019 838 5076 laudabilia
866 5038 1041 5092 opera
1071 5020 1191 5087 Dei,
1217 5040 1343 5094 quae
1376 5027 1433 5078 et
1457 5022 1703 5079 materia
1732 5028 1872 5080 sunt
1900 5023 2053 5096 psal-

393 5109 497 5164 mi.
529 5111 665 5175 Quae
697 5108 745 5164 si
778 5110 1173 5178 attendamus,
1207 5111 1391 5165 Deum
1430 5112 1697 5167 omnium
1729 5119 2049 5169 creatorem

393 5216 528 5254 cum
564 5198 820 5253 maxima
851 5198 1240 5254 exsultatione
1268 5199 1663 5269 laudabimus,
1684 5204 1740 5257 et
1770 5201 1891 5258 haec
1922 5219 2047 5258 om-

394 5288 493 5343 nia
525 5288 810 5343 beneﬁcia
842 5287 976 5342 fecit
1007 5287 1161 5343 Deus
1191 5287 1275 5343 illi
1305 5289 1522 5361 populo
1557 5292 1619 5345 ut
1649 5307 1752 5362 per
1779 5291 1899 5345 haec
1930 5308 2050 5346 om-

394 5377 494 5433 nia
523 5380 920 5432 commoneret
965 5381 1022 5432 et
1074 5377 1347 5433 invitaret
1393 5396 1492 5433 eos
1541 5379 1613 5433 ad
1664 5381 2047 5451 quaerendum

393 5481 527 5520 eum
561 5464 964 5537 spiritualiter,
998 5466 1151 5521 sicut
1181 5467 1239 5522 in
1274 5467 1481 5525 ultimo
1513 5486 1683 5525 versu
1712 5469 1892 5527 dicit:
1933 5505 1956 5524 ..
1978 5471 2050 5529 Ut

395 5553 729 5609 custodiant
768 5554 1224 5626 justiﬁcationes
1262 5558 1412 5629 ejus,
1446 5561 1504 5612 et
1550 5557 1733 5631 legem
1789 5562 1918 5632 ejus
1969 5579 2049 5616 re-

396 5639 652 5710 quirant.
681 5665 702 5693 ι
740 5642 809 5696 Et
855 5641 991 5697 inde
1039 5644 1204 5715 ponit
1234 5646 1696 5703 admonitionem
1747 5648 1805 5704 in
1857 5650 2050 5721 prima

400 5730 583 5796 parte,
607 5732 671 5784 ut
689 5746 894 5786 omnes
914 5731 1120 5789 moniti
1149 5750 1250 5805 per
1273 5733 1393 5793 haec
1414 5736 1739 5809 corporalia
1767 5738 2050 5798 beneﬁcia

2159 4759 2514 4815 determinat
2537 4757 2829 4830 quomodo
2851 4760 3115 4828 oporteat
3136 4755 3337 4827 quaeri,
3361 4754 3561 4811 dicens
3585 4772 3635 4809 ζα
3659 4757 3803 4818 Quae-

2160 4849 2269 4903 rite
2301 4848 2508 4903 faciem
2540 4848 2670 4917 ejus
2700 4862 2954 4918 semper,
2984 4870 3005 4897 ι
3034 4845 3091 4900 id
3122 4849 3212 4900 est
3232 4849 3299 4900 ut
3324 4844 3419 4899 hic
3444 4841 3795 4916 praesentiam

2160 4936 2510 5011 cognitionis
2532 4936 2661 5007 ejus
2688 4934 2976 5004 habeatis,
2997 4938 3055 4989 et
3079 4935 3315 4989 tandem
3339 4932 3482 4988 facie
3503 4932 3574 4987 ad
3606 4930 3796 4988 faciem

2160 5027 2426 5084 videatis.

2235 5139 2261 5167 (ι
2294 5117 2666 5172 Mementote.
2692 5136 2719 5163 »
2747 5114 2887 5169 Pars
2917 5113 3176 5168 secunda
3208 5129 3220 5168 :
3256 5113 3416 5180 Dico,
3440 5132 3470 5163 ι
3501 5109 3789 5184 quaerite,»

2159 5212 2217 5263 et
2247 5207 2316 5262 ad
2350 5205 2459 5260 hoc
2483 5207 2546 5259 ut
2575 5202 2850 5275 quaeratis
2876 5224 2901 5256 (ι
2924 5206 3275 5257 mementote
3298 5198 3652 5256 mirabilium
3678 5197 3791 5268 ejus

2159 5314 2286 5368 quae
2334 5293 2470 5349 fecit
2496 5292 2649 5362 (Gen.
2674 5310 2731 5347 x1
2756 5299 2807 5347 el
2833 5294 2948 5361 xx),
2981 5313 3000 5339 ι
3035 5289 3214 5345 veluti
3265 5290 3420 5361 quod
3470 5290 3663 5360 patres
3705 5300 3791 5340 ve-

2158 5391 2311 5441 stros
2343 5383 2609 5440 Rubrum
2640 5398 2798 5436 mare
2838 5381 2991 5436 sicco
3022 5379 3265 5452 vestigio
3296 5377 3544 5435 transire
3573 5375 3722 5443 fecit,
3743 5373 3791 5427 et

2165 5496 2185 5524 ε
2222 5472 2489 5547 prodigia
2532 5471 2682 5542 ejus,
2706 5490 2732 5521 η
2760 5469 2939 5525 veluti
2971 5470 3143 5542 signa
3172 5486 3300 5541 quae
3348 5466 3485 5523 fecit
3530 5459 3788 5539 [Egyptiis

2158 5564 2350 5637 (Exod.
2375 5563 2451 5635 1x)
2486 5579 2588 5634 pro
2619 5559 2886 5633 patribus
2919 5557 3064 5625 illis;
3093 5580 3114 5609 ι
3143 5562 3197 5614 et
3219 5556 3445 5629 judicia
3473 5555 3592 5611 oris
3620 5554 3784 5624 ejus,-

2159 5654 2215 5709 id
2238 5657 2345 5721 est,
2362 5653 2650 5725 praecepta
2670 5648 2838 5722 legis,
2855 5665 2981 5721 quae
3004 5647 3139 5703 licet
3159 5647 3386 5719 Moyses
3404 5644 3666 5709 dixisset,
3688 5655 3786 5696 non

2158 5747 2355 5800 tamen
2385 5744 2526 5799 sunt
2555 5736 2893 5814 accipienda
2913 5736 3083 5812 quasi
3114 5754 3147 5794 a
3178 5736 3394 5811 Moyse,
3417 5734 3518 5791 sed
3541 5730 3705 5810 quasi
3730 5743 3788 5784 ex
