3942 6362
126 436 278 512 553

1363 454 1859 515 EXPLANATIO
1905 456 1982 514 ΙΝ
2030 455 2408 515 I’SALMOS.
2511 462 2519 471 '

3475 456 3591 516 55$

127 601 251 639 ore
290 583 483 657 ipsius
515 583 616 638 Dei
645 600 655 637 :
680 583 730 638 si
761 584 895 655 quis
917 584 1072 639 enim
1106 584 1203 639 Dei
1238 584 1521 640 beneﬁcia
1543 585 1824 653 attendat,
1854 585 1908 651 Α
1938 588 2053 652 tur,
2080 590 2146 640 ut
2175 590 2295 641 tam
2330 586 2497 657 pauci
2531 586 2589 641 in
2631 592 2794 642 tanta
2836 592 2991 643 terra
3016 587 3483 656 dominarentur,
3510 587 3600 643 vio-

130 671 555 744 spiritualiter
585 671 857 743 qumsivit
888 677 944 727 et
972 674 1023 727 ei
1052 674 1111 727 in
1146 674 1258 728 ﬁde
1289 673 1540 727 servivit.

219 762 325 817 Ita
349 766 406 817 et
425 778 528 817 vos
547 762 736 817 facere
759 762 1112 831 debetis,vos
1135 763 1263 817 dico
1287 787 1311 811 ‹‹
1340 780 1538 817 semen
1562 763 1825 830 Abralne,

130 850 315 907 servi
346 852 498 923 ejus,
529 873 550 899 ι
578 854 635 905 et
682 850 862 905 etiam
892 871 920 904 α
951 851 1052 905 ﬁlii
1084 852 1286 917 Jacob,
1311 851 1477 906 electi
1527 854 1685 922 ejus;
1708 873 1734 904 ιι
1770 857 1829 907 et

129 940 229 995 ita
265 940 325 996 si
357 956 458 995 vos
510 938 736 995 similes
769 939 951 995 Jacob
986 941 1215 995 fueritis
1264 941 1418 995 inter
1463 940 1676 995 electos
1726 940 1825 995 Dei

130 1045 488 1101 poncmlm.

218 1119 371 1173 Ideo
403 1118 580 1173 etiam
614 1122 989 1185 mementote,
1026 1119 1167 1190 quia
1203 1139 1229 1171 α
1262 1118 1384 1190 ipse
1412 1141 1431 1167 ιο
1467 1122 1555 1173 est
1578 1141 1605 1168 ‹‹
1637 1118 1827 1173 Domi-
1856 1174 1858 1176 ,

132 1225 267 1261 nus
307 1207 466 1261 Deus
502 1210 727 1274 noster;
757 1230 777 1253 ι
816 1209 873 1261 et
902 1207 1055 1274 ideo,
1077 1208 1218 1279 quia
1245 1231 1264 1255 α
1288 1206 1515 1277 judicia
1545 1207 1695 1277 ejus,
1717 1231 1738 1255 ι
1769 1207 1823 1261 id

129 1300 237 1350 est
256 1299 558 1367 praecepta
575 1296 704 1365 ejus
722 1300 862 1349 sunt
886 1295 1183 1350 notilicata
1200 1315 1226 1347 α
1242 1295 1302 1349 in
1324 1296 1592 1350 universa
1611 1300 1820 1362 terra,-

128 1384 343 1440 veluti
373 1401 477 1455 per
506 1382 807 1439 Christum
840 1387 899 1438 et
930 1383 1223 1455 apostolos
1252 1384 1437 1455 ipsius
1466 1382 1823 1455 completum

129 1478 257 1541 est,
300 1472 461 1528 sicut
502 1475 560 1526 et
602 1471 728 1543 ipse
761 1471 1075 1527 Psalmista
1107 1472 1249 1527 dicit
1280 1472 1449 1543 (I’sal.
1472 1470 1669 1543 xvm):
1703 1490 1730 1521 α
1761 1470 1823 1525 In

132 1562 305 1618 ﬁnes
342 1561 503 1616 orbis
534 1565 699 1615 terra:
730 1561 908 1616 verba
937 1576 1214 1659 eorum:-

216 1652 370 1707 Idco
400 1665 633 1722 quoque
681 1652 1055 1715 mementote,
1081 1647 1219 1720 quia
1247 1669 1275 1701 α
1313 1666 1540 1704 memor
1568 1649 1681 1703 fuit
1705 1671 1726 1697 ι
1766 1647 1825 1702 in

132 1742 287 1813 ipsa
321 1738 664 1811 impletione
692 1761 713 1788 ι
739 1738 1076 1793 testamenti
1112 1738 1201 1792 sui
1232 1761 1253 1787 ι
1290 1738 1450 1793 illius
1482 1738 1825 1810 promissio—

134 1830 243 1885 nis
279 1844 469 1901 quam
502 1827 921 1896 fecitAbrahte,
955 1828 1154 1883 dicens
1183 1844 1231 1881 τι
1260 1828 1389 1882 'l‘ibi
1423 1828 1575 1881 dabo
1610 1832 1824 1882 terram

132 1918 309 1974 laete
334 1920 394 1972 et
414 1916 587 1972 melle
610 1917 645 1971 ll
659 1920 894 1972 uentem
910 1915 1100 1986 (Exod.
1119 1916 1297 1988 xm),-
1315 1934 1443 1990 quae
1467 1920 1620 1972 terra
1641 1918 1829 1988 figura

137 2007 266 2063 fuit
291 2010 463 2062 terrm
486 2004 808 2061 viventium
835 2020 848 2059 :
873 2022 1000 2077 qum
1032 2005 1343 2078 promissio
1368 2006 1424 2060 in
1449 2008 1637 2078 ﬁgura
1661 2022 1823 2061 com-

134 2096 319 2169 pleta
344 2094 481 2163 fuit,
511 2095 748 2167 quando
779 2097 984 2149 nostra
1014 2094 1356 2150 humanitas
1391 2094 1449 2148 in
1477 2094 1708 2149 Christo
1738 2109 1826 2149 ve-

138 2203 283 2241 ram
318 2184 584 2255 requiem
608 2183 884 2250 obtinuit,
907 2188 965 2239 et
995 2200 1099 2256 per
1126 2183 1323 2256 ipsum
1347 2184 1473 2256 jam
1503 2183 1824 2239 imitatores

137 2273 433 2342 Abrahte,
458 2273 516 2328 id
537 2277 629 2328 est
650 2272 824 2344 justi,
850 2272 1058 2328 saltem
1091 2290 1193 2345 spe
1223 2274 1428 2328 eadem
1461 2272 1660 2344 requie
1690 2276 1825 2327 uta-

138 2362 332 2431 mini,
367 2361 720 2417 testamendi
759 2362 889 2417 dico
935 2362 1200 2417 mansuri
1234 2386 1260 2412 «
1296 2362 1353 2417 in
1387 2362 1687 2432 szeculum,
1715 2384 1743 2410 ››
1766 2362 1824 2416 id

138 2455 240 2507 est
264 2448 643 2505 teternaliter.
671 2449 897 2507 Fideles
921 2450 1079 2506 enim
1111 2450 1238 2506 sine
1269 2451 1640 2507 successione
1664 2450 1825 2505 illam

142 2545 383 2595 terram
409 2540 816 2612 possidebunt,
840 2541 1179 2595 testamenti
1201 2540 1352 2608 dico,
1374 2540 1596 2595 scilicet
1620 2563 1647 2591 κ
1668 2540 1826 2595 verbi

142 2630 323 2702 quod
352 2652 379 2678 ››
402 2629 689 2686 Dominus
712 2652 740 2679 ‹‹
767 2629 1086 2698 mandavit,
1114 2652 1141 2679 ››
1166 2630 1224 2685 id
1248 2636 1337 2686 est
1356 2630 1697 2686 hominibus
1718 2635 1822 2684 tra-

142 2719 334 2786 didit,
371 2718 721 2773 ducaturam
745 2741 773 2769 ‹‹
809 2718 868 2773 in
920 2718 1079 2773 mille
1128 2721 1608 2790 generationes,»
1642 2720 1699 2774 id
1738 2724 1828 2774 est

143 2823 424 2881 semper,
458 2807 693 2862 ﬁnitum
724 2824 937 2862 nomen
971 2824 1076 2880 pro
1107 2809 1359 2863 inﬁnito.
1386 2809 1509 2880 Vel,
1538 2834 1557 2858 α
1592 2808 1774 2876 verbi,
1802 2831 1827 2857 »

147 2898 213 2951 id
250 2900 353 2951 est
385 2895 657 2967 praecepti
688 2895 957 2961 Abrahm,
982 2913 1118 2951 cum
1150 2897 1297 2951 dixit
1327 2914 1385 2951 ει
1411 2898 1511 2953 Exi
1559 2898 1629 2953 de
1676 2903 1832 2954 terra

148 2989 285 3052 tua,
310 2987 373 3039 et
402 2983 474 3038 de
524 2984 870 3054 cognatione
910 2988 1013 3039 tua
1036 2984 1191 3055 (Gen.
1223 2989 1347 3055 xn),
1371 3004 1397 3035 ιο
1426 2987 1580 3058 quod
1613 3003 1830 3059 praece-

149 3080 339 3148 ptum
364 3071 423 3125 in
447 3071 1012 3143 signiﬁcato,manet
1028 3097 1055 3123 ‹‹
1082 3074 1141 3128 in
1162 3074 1322 3129 mille
1343 3075 1749 3147 generationes
1776 3093 1829 3132 ε»

149 3162 238 3219 ibi
280 3159 445 3216 enim
478 3159 865 3232 spiritualiter
882 3161 1161 3218 omnibus
1182 3162 1453 3219 ﬁdelibus
1474 3168 1829 3236 praeceptum

153 3257 250 3309 est
283 3249 446 3306 exire
484 3250 555 3306 dc
604 3250 942 3307 terrenitate
991 3268 1098 3308 sua
1142 3256 1199 3308 et
1250 3251 1663 3310 clandimentis
1711 3272 1830 3310 suae

155 3339 551 3414 cognitionis.

232 3428 604 3487 Testamenti
664 3429 865 3499 dico,«
900 3431 1055 3502 quod
1101 3454 1122 3482 ιι
1168 3432 1292 3504 ipse
1339 3455 1361 3483 α
1406 3432 1698 3505 disposuit
1754 3434 1828 3489 ad

157 3518 493 3588 Abraham,
528 3522 584 3575 et
607 3540 631 3569 ιι
667 3535 893 3576 memor
921 3520 1031 3575 fuit
1059 3539 1080 3569 ι
1104 3522 1429 3593 juramenti
1462 3523 1573 3592 sui,
1605 3546 1626 3572 ι
1652 3523 1709 3578 id
1742 3527 1832 3580 est

158 3610 380 3675 ﬁrmae,
416 3612 473 3664 et
505 3624 642 3663 cum
679 3609 1017 3679 juramento
1050 3611 1559 3682 promissionis,id
1593 3618 1684 3668 est
1714 3614 1827 3668 im-

162 3695 483 3752 mutabilis
515 3698 678 3753 facta:
701 3720 729 3747 ‹‹
762 3699 834 3753 ad
868 3699 1089 3768 Isaac,»
1113 3700 1211 3755 ubi
1243 3700 1387 3755 dixit
1416 3702 1467 3755 ei
1500 3702 1784 3759 Dominus
1814 3717 1828 3758 :

163 3809 193 3836 ‹‹
231 3787 302 3842 In
338 3786 500 3842 Isaac
530 3786 835 3843 vocabitur
863 3788 968 3843 tibi
1001 3806 1199 3845 semen
1223 3791 1374 3862 (Gen.
1408 3795 1544 3861 xm).
1572 3814 1600 3840 ››

243 3900 275 3928 ‹‹
299 3877 374 3931 Et
393 3874 541 3931 illud
568 3900 589 3929 ι
617 3880 1040 3934 testamentum
1064 3902 1092 3928 ‹‹
1116 3881 1322 3935 statuit
1353 3881 1410 3935 in
1432 3881 1667 3953 Jacob,»
1695 3882 1834 3953 quia

163 3965 443 4021 eamdem
466 3966 921 4038 promissionem
944 3967 1079 4023 fecit
1107 3969 1289 4024 Jacob
1315 3969 1398 4025 ita
1420 3972 1574 4042 quod
1605 3976 1762 4027 esset
1782 3972 1833 4027 ei

172 4080 192 4105 ι
219 4054 284 4110 in
316 4060 738 4127 praeceptum,»
762 4056 1006 4126 scilicet,
1032 4062 1097 4112 ut
1124 4063 1360 4130 propter
1389 4059 1549 4115 illam
1583 4063 1833 4132 promis-

165 4144 403 4199 sionem
435 4143 679 4199 serviret
715 4144 853 4216 Deo,
883 4144 1050 4216 quasi
1093 4163 1196 4217 per
1235 4151 1589 4218 praeceptum
1620 4148 1744 4217 Dei,
1778 4153 1837 4205 et

167 4250 274 4306 per
302 4232 497 4304 legem
529 4238 897 4302 moneretur;
925 4253 952 4286 α
973 4237 1031 4289 et
1061 4233 1258 4305 Israel,
1283 4256 1309 4282 ››
1332 4234 1389 4289 id
1422 4239 1511 4289 est
1539 4235 1651 4307 ipsi
1686 4238 1835 4293 facto

166 4321 374 4389 Israel,
389 4321 449 4377 id
471 4324 561 4378 est
578 4321 783 4379 videns
806 4322 994 4378 Deum
1016 4322 1507 4396 multiplicatione
1527 4323 1834 4399 virtutum,

167 4413 384 4469 statuit
404 4436 431 4464 «
452 4412 516 4468 in
544 4416 965 4469 testamentum
986 4417 1321 4485 aeternum,»
1350 4413 1491 4486 quia
1522 4418 1836 4489 promissio

171 4501 278 4559 illa
306 4507 366 4559 et
392 4501 785 4558 immutabilis
814 4506 872 4557 et
901 4505 1115 4557 aeterna
1149 4502 1258 4559 erit
1290 4504 1583 4560 ﬁdelibus.

245 4613 275 4642 ‹‹
308 4590 635 4663 Disposuit,
655 4614 676 4641 ι
703 4591 931 4660 statuit,
957 4591 1156 4648 dicens
1187 4608 1234 4647 :u
1261 4593 1391 4649 Tibi
1433 4594 1584 4651 dabo
1616 4601 1832 4653 terram

1940 675 2111 729 detur
2142 676 2337 747 potius
2385 676 2697 748 promissio
2742 678 2891 731 facta
2920 677 2992 731 de
3040 680 3195 732 terra
3244 676 3597 749 signiﬁcata,

1938 779 2115 834 quam
2147 765 2219 818 de
2249 768 2405 818 terra
2436 764 2555 819 illa.

2014 876 2039 901 ››
2062 854 2128 907 Et
2154 876 2179 900 ››
2206 852 2339 907 licet
2360 852 2728 923 promisisset
2750 853 2855 919 eis,
2876 857 3070 909 tamen
3094 853 3178 909 illi
3199 877 3226 903 κ
3252 854 3599 925 pertransis-

1938 949 2074 995 runt
2100 965 2124 989 ››
2148 942 2366 1013 quibus
2404 942 2534 1014 ipsa
2573 942 2886 1014 promissio
2927 943 3079 996 facta
3119 942 3247 1009 fuit,
3273 941 3401 997 sine
3432 941 3594 998 illius

1935 1031 2344 1102 promissionis
2376 1032 2705 1103 adeptione,
2732 1054 2760 1081 «
2794 1032 2866 1086 de
2904 1034 3077 1103 gente
3098 1054 3126 1081 ››
3153 1047 3272 1085 una
3297 1052 3319 1079 ι
3352 1031 3413 1083 in
3444 1046 3594 1102 gen-

1936 1125 2051 1175 tem
2078 1142 2104 1169 »
2129 1119 2374 1176 alteram
2400 1137 2413 1175 :
2439 1124 2549 1175 «iet
2575 1143 2601 1168 ››
2625 1137 2740 1175 non
2772 1123 3002 1175 tantum
3036 1120 3094 1173 in
3119 1136 3235 1174 uno
3267 1135 3467 1191 regno,
3492 1112 3593 1173 sed

1937 1235 1964 1260 ‹‹
2000 1211 2069 1265 de
2091 1229 2117 1261 ι)
2148 1228 2264 1264 uno
2287 1235 2313 1258 α
2341 1227 2517 1281 regno
2543 1210 2614 1264 ad
2648 1207 2929 1281 populum
2961 1207 3278 1263 alterumJ
3310 1207 3415 1262 Ivit
3432 1207 3591 1265 eam

1935 1300 2229 1354 Abraham
2262 1299 2332 1353 de
2364 1304 2517 1353 terra
2544 1298 2826 1353 Chanaan
2871 1298 2929 1351 in
2981 1303 3196 1352 terram
3245 1296 3504 1368 Egypti;
3532 1299 3595 1350 et

1937 1405 2070 1443 cum
2103 1389 2395 1443 Abraham
2426 1392 2483 1443 et
2528 1386 2647 1454 alii,
2681 1387 2898 1459 quibus
2948 1385 3051 1441 illa
3097 1384 3410 1457 promissio
3436 1384 3595 1439 facta

1937 1477 2067 1545 fuit,
2106 1482 2315 1532 terram
2348 1477 2701 1549 promissam
2751 1493 2866 1530 non
2912 1474 3265 1541 obtinerent,
3287 1478 3359 1528 ut
3404 1472 3592 1528 Deum

1937 1566 2203 1621 dicamus
2234 1583 2499 1621 veraecm
2530 1566 2590 1619 in
2621 1565 2950 1637 promissis,
2977 1564 3050 1618 de
3082 1562 3414 1636 signiﬁcata
3440 1565 3596 1617 terra

1936 1654 2339 1725 intelligamus
2372 1654 2825 1727 promissionem
2857 1655 3072 1708 factam
3104 1651 3378 1706 maxime.

2008 1745 2077 1798 Et
2116 1761 2250 1798 cum
2304 1742 2750 1815 pertransirent,
2777 1764 2807 1789 «
2841 1758 2956 1796 non
3013 1738 3250 1811 reliquit
3292 1739 3595 1798 hominem

1937 1850 2146 1888 nocere
2174 1832 2277 1900 eis,
2303 1836 2360 1886 et
2382 1847 2547 1903 reges
2576 1854 2604 1880 ››
2628 1830 2730 1902 qui
2752 1828 3062 1885 voluerunt
3088 1828 3175 1883 eis
3196 1844 3403 1883 nocere
3421 1850 3451 1877 (ι
3470 1842 3598 1882 cor-

1939 1920 2119 1994 ripuit
2162 1937 2265 1991 pro
2297 1919 2402 1975 eis.
2436 1942 2463 1967 ››
2493 1918 2656 1974 Sicut
2703 1918 3083 1984 Pharaonem,
3116 1915 3222 1987 qui
3271 1913 3597 1971 abstulerat

1935 2009 2179 2063 Abrahae
2211 2007 2414 2062 Saram
2440 2006 2591 2076 (Gen.
2616 2006 2731 2078 xx),
2748 2009 2813 2061 et
2830 2003 3188 2075 Abimelech,
3212 2004 3314 2076 qui
3345 2003 3595 2060 abstulit

1940 2099 2098 2154 Isaac
2132 2098 2450 2152 Rebeccam
2479 2096 2632 2165 (Gen.
2662 2098 2839 2164 XXVI).

2008 2188 2217 2243 Dicens
2274 2185 2359 2241 eis
2419 2185 2703 2257 regibus:
2740 2206 2763 2233 ι
2799 2182 2988 2238 Nolite
3042 2186 3283 2256 tangere
3339 2181 3594 2239 christos

1936 2293 2136 2333 meos:
2167 2300 2191 2325 ιι
2210 2276 2335 2331 Non
2366 2275 2523 2347 quod
2557 2272 2641 2328 illi
2672 2273 2957 2329 haberent
2976 2271 3340 2328 materiaiem
3374 2270 3597 2327 unctio-

1938 2385 2092 2434 nem,
2119 2367 2219 2422 sed
2254 2362 2619 2437 spiritualem
2645 2380 2658 2418 :
2686 2367 2797 2417 «et
2826 2361 3005 2417 nolite
3035 2360 3405 2435 malignari,»
3427 2360 3485 2416 id
3498 2363 3597 2417 est

1938 2458 2194 2529 maligne
2225 2471 2395 2527 agere
2428 2477 2455 2504 ‹‹
2490 2454 2549 2507 in
2584 2450 2883 2525 prophetis
2909 2451 3079 2507 meis.
3105 2473 3136 2502 ιι

2012 2569 2039 2597 ‹‹
2066 2548 2134 2600 Et
2162 2544 2405 2613 vocavit,
2438 2567 2459 2592 ιδ
2488 2543 2628 2598 Pars
2664 2541 2855 2598 tertia.
2883 2540 3012 2595 lizec
3056 2539 3195 2595 facit
3245 2537 3596 2612 patriarchis

1938 2640 1995 2689 et
2026 2633 2328 2705 prophetis
2361 2650 2375 2689 :
2403 2656 2430 2681 ‹‹
2456 2636 2513 2687 et
2539 2654 2564 2681 η
2590 2631 2768 2686 etiam
2798 2634 3009 2702 prmter
3046 2629 3168 2684 haec
3191 2652 3219 2679 «
3252 2630 3475 2685 vocavit
3502 2629 3595 2684 fa-

1939 2741 2117 2791 mem,
2146 2746 2172 2769 ›ι
2198 2722 2365 2793 quasi
2399 2718 2709 2787 famulum,
2740 2740 2768 2769 «ι
2792 2736 2968 2790 super
2999 2721 3214 2774 terram
3242 2741 3270 2766 ››
3291 2718 3592 2774 Chanaan.

1940 2816 2007 2869 Et
2040 2830 2142 2885 per
2174 2811 2334 2866 illam
2363 2811 2575 2865 famem
2600 2831 2627 2859 ‹‹
2653 2808 2927 2865 contrivit
2947 2825 3122 2863 omne
3150 2808 3594 2863 ﬁrmamentum

1939 2902 2129 2976 panis,
2157 2923 2184 2949 ››
2209 2898 2347 2972 quia
2389 2898 2562 2970 panis
2593 2896 2778 2953 defuit
2806 2895 2908 2968 qui
2953 2913 3054 2951 eos
3102 2895 3496 2951 conﬁrmaret.
3524 2896 3597 2952 ﬂ

1938 2993 2049 3047 hoc
2078 2988 2324 3060 contigit
2354 2989 2412 3041 in
2448 2991 2710 3058 tempore
2739 2984 2919 3042 Jacoh
2951 2986 3104 3058 (Gen.
3131 2984 3287 3056 XLII).

2010 3082 2080 3135 Et
2110 3084 2175 3134 ut
2204 3079 2275 3133 de
2304 3079 2459 3132 fame
2488 3075 2591 3131 illa
2615 3074 2747 3130 illos
2768 3074 3060 3142 liberaret,
3087 3096 3119 3124 «
3138 3073 3304 3128 misit
3330 3077 3466 3129 ante
3493 3088 3595 3131 eos

1938 3170 2152 3233 virum,
2181 3191 2201 3218 ιο
2237 3166 2460 3223 scilicet
2499 3163 2740 3236 Joseph,
2775 3162 2876 3235 qui
2911 3186 2932 3213 α
2966 3161 3183 3236 Joseph
3221 3162 3595 3220 venundatus

1941 3260 2117 3315 estin
2152 3272 2384 3313 servum
2422 3277 2444 3305 ι
2481 3254 2541 3309 in
2569 3255 2810 3326 {Egypto
2829 3252 2983 3322 (Gen.
3015 3252 3228 3325 xxxix).

1860 3332 1904 3399 α
2014 3350 2083 3403 Et
2112 3352 2253 3403 tunc
2282 3344 2507 3418 zEgypti
2540 3367 2567 3393 «
2597 3341 3056 3399 humiliaverunt
3097 3341 3162 3396 in
3207 3340 3599 3415 compedibus

1938 3439 2115 3511 pedes
2144 3436 2295 3507 ejus,
2321 3460 2343 3487 ι
2373 3432 2513 3506 quia
2556 3437 2700 3487 uxor
2730 3430 2953 3487 domini
2992 3430 3107 3498 sui,
3138 3431 3239 3503 qui
3272 3430 3598 3504 Phutiphar

1938 3528 2264 3594 dicebatur,
2285 3522 2568 3595 imposuit
2612 3521 2697 3577 illi
2726 3521 2949 3577 crimen
2981 3519 3277 3593 adulterii,
3306 3521 3382 3577 ad
3430 3520 3589 3593 quod

1939 3616 2122 3688 impia
2152 3632 2287 3671 eum
2341 3629 2545 3687 cogere
2572 3611 2802 3668 volebat
2830 3609 3039 3683 (119211.).
3067 3609 3227 3667 Licet
3275 3610 3434 3667 enim
3482 3608 3598 3665 hoc

1941 3706 2122 3775 dicas,
2148 3709 2342 3761 tamen
2376 3721 2492 3759 non
2522 3706 2610 3759 est
2637 3700 2966 3756 contrarius
2997 3700 3201 3773 Moysi.
3225 3699 3444 3772 Joseph
3475 3698 3601 3771 qui-

1941 3798 2075 3852 dem
2133 3794 2353 3867 placuit
2398 3790 2670 3866 [principi
2718 3787 3014 3860 carceris,]
3043 3792 3102 3843 et
3156 3788 3415 3860 prafecit
3458 3802 3597 3843 eam

1943 3886 2074 3942 aliis
2097 3883 2361 3955 captivis,
2387 3881 2528 3953 quia
2548 3884 2866 3950 utrumque
2888 3876 3077 3949 potuit
3102 3876 3246 3956 ﬁeri,
3270 3878 3329 3931 et
3348 3879 3413 3931 ut
3433 3874 3599 3947 prius

1943 3976 2003 4030 in
2025 3971 2409 4046 compedibus
2436 3972 2766 4042 poneretur,
2794 3971 2852 4023 et
2881 3969 3083 4038 postea
3103 3963 3425 4021 carcerario
3446 3979 3602 4019 conr-

1944 4066 2218 4140 placeret.
2254 4062 2316 4116 In
2370 4060 2470 4115 illa
2514 4056 2780 4129 captione
2810 4078 2839 4106 ‹‹
2875 4057 3112 4124 ferrum,
3144 4074 3177 4106 ιι
3204 4053 3265 4107 id
3316 4056 3407 4109 est
3448 4052 3603 4108 dura

1946 4155 2230 4219 anxietas,
2261 4176 2281 4202 ι
2318 4146 2637 4221 pertransit
2676 4145 2934 4201 animam
2983 4146 3135 4215 ejus,
3166 4143 3350 4198 donec
3378 4140 3604 4197 veniret

1942 4245 2185 4301 verbum
2218 4242 2367 4312 ejus,
2398 4261 2424 4287 ››
2455 4238 2512 4292 id
2545 4240 2635 4293 est
2665 4236 2848 4291 donec
2877 4233 3148 4306 exposuit
3177 4230 3428 4300 somnia,
3446 4230 3598 4304 ipse,

1945 4340 2143 4390 tamen
2177 4348 2292 4387 non
2325 4347 2394 4385 ex
2419 4345 2502 4383 se.
3592 4330 3595 4341 ·

2018 4423 2177 4491 Dico,
2192 4420 2435 4477 verbum
2457 4417 2587 4488 ejus
2616 4432 2731 4471 non
2754 4431 2824 4470 ex
2843 4430 2907 4470 se
2926 4411 3213 4486 exposuit,
3236 4411 3340 4467 sed
3360 4427 3431 4468 ex
3450 4410 3595 4479 Deo,

1946 4518 2004 4571 et
2033 4513 2141 4568 hoc
2172 4515 2281 4578 est,
2306 4532 2335 4558 ‹‹
2367 4505 2666 4578 eloquium
2722 4502 2952 4559 Domini
3004 4500 3393 4557 inﬂammavit
3438 4514 3601 4567 eum,

1946 4606 2007 4659 id
2039 4607 2129 4659 est
2160 4599 2405 4673 spiritus
2448 4593 2766 4669 prephetiue
2796 4591 3152 4648 illuminavit
3179 4606 3336 4648 eum.
3361 4589 3433 4646 Et
3458 4588 3604 4661 quia

170 4680 475 4771 Chanaan,
500 4702 521 4728 ιι
550 4680 608 4771 id
639 4683 730 4736 est
748 4683 983 4771 terram
1006 4770 1009 4771 ν
1024 4680 1454 4753 promissionis,
1479 4702 1657 4757 quam
1689 4687 1833 4743 Cha-
1865 4706 1912 4771 ι)
1945 4694 2029 4749 ita
2057 4688 2326 4763 exposuit
2346 4685 2599 4753 somnia,
2630 4706 2651 4733 ι
2679 4682 2841 4738 misit
2860 4698 2957 4738 rex
2986 4703 3008 4730 ι
3035 4680 3279 4771 Pharao,
3299 4701 3327 4730 «
3350 4682 3411 4735 et
3430 4676 3604 4771 solvit

174 4786 327 4826 naan
352 4769 511 4826 filius
532 4770 650 4826 Noe
671 4769 836 4842 prius
860 4770 1231 4827 inhabitavit.
1260 4772 1534 4830 Chanaan
1557 4774 1836 4847 interpre-

170 4861 335 4914 tatur
364 4858 685 4914 descensus
704 4857 792 4915 vel
812 4858 1056 4915 humilis
1079 4875 1092 4913 :
1118 4858 1255 4915 inde
1276 4861 1417 4916 dicit
1442 4878 1454 4915 :
1476 4886 1503 4912 ‹‹
1529 4862 1659 4917 Tibi
1681 4864 1833 4920 dabo

173 4951 394 5003 terram
425 4947 761 5017 Chanaan,»
784 4948 842 5004 id
874 4953 963 5005 est
990 4953 1206 5005 terram
1239 4968 1366 5021 quae
1397 4969 1499 5024 per
1528 4952 1832 5009 humilita-

175 5040 294 5091 tem
325 5036 672 5108 acquiritur,
697 5038 805 5094 hoc
826 5042 937 5106 est,
962 5039 1256 5095 cmlestem
1284 5040 1668 5097 Hierusalem.
1694 5043 1833 5098 Ter-

177 5142 303 5181 ram
336 5126 487 5196 dico,
513 5152 540 5178 ‹‹
575 5127 906 5184 funiculum
945 5128 1301 5185 hmreditatis
1347 5136 1571 5199 vestrae,
1602 5155 1628 5181 ››
1661 5132 1717 5187 id
1746 5137 1836 5189 est

175 5230 303 5285 ques
335 5217 618 5273 dividitur
647 5218 896 5292 singulis
923 5218 1198 5274 tribubus
1229 5237 1333 5292 per
1362 5220 1689 5277 funiculum
1716 5240 1728 5278 :
1755 5223 1837 5279 ita

178 5308 233 5358 et
261 5308 418 5361 terra
444 5307 767 5363 viventium
793 5308 964 5379 quasi
989 5307 1251 5364 funiculo
1282 5310 1677 5381 distribuitur,
1703 5312 1841 5384 quia

182 5392 499 5467 unicuique
529 5397 858 5452 secundum
891 5398 1337 5469 dispositionem
1372 5400 1493 5456 Dei.

250 5483 409 5540 Hanc
441 5490 656 5541 terram
682 5485 974 5557 promisit,
1002 5511 1028 5537 (ι
1056 5505 1188 5543 cum
1219 5510 1246 5537 η
1272 5488 1353 5543 illi
1382 5491 1596 5561 quibus
1629 5493 1843 5563 promi—

181 5568 255 5623 sit
284 5593 310 5621 ‹‹
345 5578 544 5629 essent
601 5590 845 5629 numero
901 5576 1107 5632 brevi:
1158 5600 1187 5626 »
1217 5582 1274 5633 et
1323 5577 1404 5634 ita
1451 5581 1629 5650 brevi,
1682 5582 1839 5653 quod

182 5678 207 5704 ι(
235 5661 597 5731 paucissimi,
622 5666 679 5717 et
697 5662 898 5719 incolae
920 5665 1049 5735 ejus
1070 5686 1097 5718 ιο
1124 5670 1313 5734 terrae,
1337 5668 1437 5740 qui
1461 5671 1630 5743 quasi
1660 5675 1842 5726 extra-

183 5747 272 5803 nei
303 5748 381 5806 ibi
412 5752 777 5812 habitabant.
807 5753 954 5812 Cum
986 5761 1185 5815 autem
1216 5757 1585 5833 impossibile
1616 5761 1839 5820 videre-

505 5885 778 5949 PATROL.
825 5885 1027 5953 CXVI.

1943 4801 2079 4840 eum
2115 4805 2135 4831 ιι
2173 4797 2207 4835 a
2237 4780 2401 4833 reatu
2433 4776 2586 4845 (Gen.
2610 4776 2743 4842 xu),
2777 4789 2851 4828 ne
2881 4788 2915 4827 a
2952 4769 3189 4826 domine
3227 4784 3336 4826 suo
3372 4766 3600 4824 adulte-

1944 4873 2097 4929 rium
2148 4868 2231 4924 illi
2288 4867 2709 4939 imponeretur,
2733 4867 2790 4917 et
2851 4878 2966 4917 non
3023 4858 3273 4931 quilibet
3328 4874 3449 4927 rex,
3498 4855 3601 4912 sed

1946 4985 1974 5014 ‹‹
2004 4961 2280 5035 princeps
2330 4955 2681 5029 populorum
2730 4974 2760 5003 »
2811 4950 3159 5018 multorum,
3188 4971 3216 4999 ‹‹
3256 4951 3316 5005 et
3362 4945 3604 5003 demisit

1943 5068 2078 5107 eum
2110 5073 2131 5100 ιι
2169 5066 2238 5103 ex
2270 5051 2387 5102 toto
2421 5045 2762 5100 liberorum.

2015 5141 2079 5195 Et
2114 5142 2246 5211 post
2269 5160 2295 5186 ‹‹
2321 5133 2625 5191 constituit
2649 5149 2783 5188 eum
2806 5130 3115 5188 dominum
3146 5128 3364 5184 domus
3394 5140 3514 5183 sum
3542 5127 3604 5180 et

1944 5230 2270 5302 principem
2294 5224 2489 5280 omnis
2519 5219 2910 5296 possessionis
2943 5236 3085 5274 sua).
3117 5240 3146 5269 ››

2021 5319 2105 5373 Ad
2138 5316 2247 5371 hoc
2280 5340 2309 5365 ‹‹
2342 5319 2405 5370 ut
2434 5313 2692 5369 erudiret
2722 5309 3015 5382 principes
3045 5309 3175 5378 ejus
3204 5307 3359 5363 sicut
3384 5306 3601 5363 semet-

1953 5409 2200 5480 ipsum,»
2230 5405 2287 5459 id
2313 5409 2401 5459 est
2420 5400 2749 5473 Joseph,vel
2774 5400 3132 5455 Pharaonem
3155 5399 3227 5453 de
3248 5396 3605 5454 divinatione

1951 5496 2341 5559 somniorum,
2374 5516 2402 5542 «
2437 5495 2493 5547 ct
2523 5514 2549 5539 ››
2580 5489 2755 5546 etiam
2793 5513 2814 5539 ι
2851 5505 3020 5545 senes
3062 5489 3193 5559 ejus
3222 5509 3251 5540 »
3287 5485 3607 5545 reverenda

1953 5609 1979 5636 ‹‹
2016 5582 2385 5658 prudentiam
2430 5581 2663 5636 doceret
2696 5601 2722 5628 ››
2754 5578 3044 5643 eamdem,
3073 5582 3138 5633 ut
3176 5576 3395 5634 scirent
3422 5591 3607 5648 expue

1952 5692 2088 5730 nere
2118 5671 2367 5728 somnia.
2393 5670 2614 5725 Pharao
2646 5669 2825 5738 enim,
2848 5685 2962 5724 non
2994 5668 3303 5724 attendens
3324 5666 3480 5739 quod
3510 5666 3610 5721 Jo-

1952 5763 2097 5839 seph
2136 5780 2205 5821 ex
2234 5762 2430 5820 divina
2478 5759 2860 5836 inspiratione
2909 5757 3018 5819 hoc
3067 5757 3331 5830 haberet,
3361 5755 3612 5834 putabat

3209 5887 3287 5948 18
