3942 6422
368 445 487 508 555

732 445 1148 509 HAYMONIS
1195 443 1743 505 HALBERSTAT.
1788 440 2037 503 EPISC.
2085 440 2257 504 OPP.
2304 440 2507 503 PARS
2551 441 2600 502 Ι.
2647 475 2724 484 -
2766 438 3176 502 COMMENT.
3222 438 3423 500 BlBL.

3679 438 3815 498 556

361 580 520 657 quod
549 596 621 636 ex
647 580 909 636 humano
939 577 1173 649 ingenio
1212 577 1324 633 hoc
1362 576 1622 645 haberet,
1655 580 1714 632 et
1743 574 1889 632 alios
1920 575 2021 631 do-
2051 577 2109 645 Α
2137 574 2421 631 beneﬁcia
2448 574 2601 630 facta
2628 573 2868 631 Judazis.
2897 574 2992 629 Sic
3023 572 3312 646 percussit
3337 571 3661 646 Egyptios,
3689 597 3721 622 ‹‹
3751 580 3815 628 et

361 685 493 726 cere
518 670 739 740 posset.
968 728 986 739 ’

432 756 719 814 Dominus
750 756 918 811 misit
944 754 1183 826 Joseph,
1214 776 1235 803 a
1271 760 1329 810 et
1362 778 1390 803 υ
1426 772 1529 828 per
1568 772 1702 810 eum
1726 779 1752 805 α
1786 755 2026 810 intravit

363 844 539 902 Israel
580 843 643 899 in
690 844 1005 917 Egyptum
1039 844 1189 916 (Gen.
1224 849 1395 911 XLVI),
1421 844 1481 899 id
1530 848 1621 899 est
1670 843 2025 901 Israeliticus

361 933 640 1006 populus,
655 953 685 984 «
703 937 762 988 et
783 933 966 988 Jacob
989 932 1187 988 accola
1210 933 1321 987 fuit
1340 932 1400 987 in
1421 938 1575 988 terra
1595 934 1773 989 Cham
1798 955 1825 984 ››
1846 950 2024 1004 quam

362 1021 546 1078 Cham
579 1020 741 1077 filius
769 1021 889 1077 Noe
920 1021 1087 1093 prius
1110 1020 1416 1077 habitavit.

432 1132 463 1160 α
486 1112 559 1166 Et
579 1132 609 1160 »
641 1109 723 1165 ibi
761 1132 791 1163 «
818 1110 982 1166 auxit
1038 1110 1323 1183 populum
1372 1128 1549 1167 suum
1598 1111 1974 1166 vehementer
1998 1132 2025 1159 »

362 1203 656 1272 quantum
685 1200 758 1257 ad
794 1215 1132 1256 numerum.
1176 1200 1318 1256 Pars
1364 1203 1594 1272 quarta.
1625 1222 1646 1250 ι
1674 1200 1745 1255 Et
1776 1199 2031 1254 ﬁrmavit

359 1305 499 1346 eum
527 1305 707 1363 super
754 1288 1030 1345 inimicos
1060 1290 1212 1360 ejus,
1240 1311 1261 1338 ι
1289 1288 1430 1361 quia
1475 1288 1697 1345 invitus
1745 1287 2029 1361 [Egyptiis

359 1377 564 1435 eduxit
591 1394 734 1435 suos
763 1378 941 1447 Deus,
976 1382 1035 1435 et
1064 1378 1198 1435 illos
1228 1377 1436 1435 multis
1466 1378 1676 1435 afﬂixit
1704 1379 1918 1434 modis.

434 1489 463 1518 ι(
493 1466 567 1524 Et
594 1466 884 1524 convertit
913 1484 1013 1524 cor
1031 1484 1238 1524 eorum
1263 1490 1290 1516 »
1313 1468 1738 1541 JEgypliorum,
1765 1490 1795 1518 ‹‹
1825 1473 1891 1522 ut
1913 1466 2032 1522 odi-

361 1558 494 1612 rent
519 1554 807 1630 populum
828 1556 962 1627 ejus
982 1556 1176 1629 (Exod.
1201 1557 1263 1628 ι),
1292 1579 1321 1607 ››
1345 1557 1402 1612 id
1434 1562 1525 1613 est
1551 1557 1673 1626 Dei,
1700 1580 1721 1607 ι
1748 1562 1807 1613 et
1827 1557 2030 1613 dolum

360 1645 622 1702 facerent
650 1645 713 1701 in
745 1662 945 1701 servos
974 1647 1105 1717 ejus
1133 1668 1154 1695 ι
1180 1645 1268 1702 vel
1291 1645 1490 1703 labore
1522 1646 1916 1719 aggravando,
1940 1643 2031 1701 vel

358 1733 618 1807 pretium
649 1734 1078 1792 subtrahendo.

430 1823 502 1879 Et
530 1822 671 1896 quia
697 1821 903 1879 dolum
930 1823 1012 1880 ita
1041 1823 1359 1894 faciebant,
1382 1825 1511 1881 ideo
1536 1846 1565 1877 «
1597 1825 1760 1880 misit
1792 1825 2030 1897 Moysen

2133 681 2255 732 eos,
2282 686 2309 712 »
2331 663 2390 718 id
2438 668 2549 731 est,
2574 681 2734 731 suos,
2768 663 2871 735 qni
2919 662 3132 735 captivi
3178 664 3249 718 ab
3298 660 3582 735 IEgyptiis
3630 665 3814 717 tene-

2133 754 2370 824 bantur,
2397 776 2425 803 ι(
2456 754 2660 809 eduxit
2691 775 2719 801 ››
2753 753 2823 807 de
2873 754 3116 825 Aigypto
3153 775 3180 802 ‹‹
3222 769 3357 807 cum
3401 769 3542 806 auro
3590 755 3654 806 et
3704 768 3812 806 ar-

2135 846 2333 915 gento,
2356 865 2384 891 »
2408 842 2548 913 quia
2576 859 2715 897 vasa
2763 846 3042 913 argentea
3069 844 3127 897 et
3162 857 3340 896 aurea
3386 841 3459 895 ab
3506 839 3812 913 Egyptiis

2136 934 2596 1002 asportaverant,
2622 948 2748 1002 quae
2779 931 2852 986 ab
2874 930 3020 1001 ipsis
3045 934 3332 1003 prcecepto
3363 929 3596 985 Domini
3628 933 3815 983 erant

2135 1020 2410 1075 mutuati.
2446 1019 2646 1074 Noluit
2668 1036 2795 1074 eam
2820 1019 3107 1075 Dominus
3129 1023 3195 1073 ut
3214 1016 3468 1091 populus
3493 1035 3641 1073 suus
3672 1034 3815 1089 pre-

2141 1107 2287 1163 tium
2317 1126 2436 1163 sum
2468 1107 2769 1164 servitutis
2811 1108 3172 1164 amitteret:«
3197 1108 3267 1162 Et
3296 1124 3413 1163 non
3444 1110 3569 1162 erat
3597 1106 3660 1161 in
3696 1105 3812 1161 tri-

2138 1198 2334 1254 bubus
2363 1215 2566 1253 eorum
2598 1196 2892 1267 inﬁrmus,
2915 1219 2943 1248 »
2980 1197 3134 1269 quod
3180 1195 3346 1252 valde
3388 1195 3658 1251 mirabile
3690 1194 3816 1250 fuit

2139 1287 2295 1359 quod
2323 1286 2382 1341 in
2414 1291 2578 1343 tanta
2607 1285 2988 1341 multitudine
3020 1284 3221 1341 nullus
3250 1284 3668 1340 inﬁrmaretur.

2209 1377 2280 1431 Et
2308 1378 2449 1430 tunc
2482 1398 2509 1425 «
2542 1375 2846 1447 zEgyptus,
2874 1397 2902 1424 ››
2933 1374 2992 1430 id
3022 1378 3131 1443 est,
3173 1372 3259 1428 illi
3290 1372 3391 1446 qui
3438 1373 3497 1428 in
3527 1374 3813 1445 IEgypto,

2138 1468 2563 1530 remanserant,
2586 1487 2613 1514 «
2649 1463 2844 1520 lmtata
2873 1468 2963 1520 est
3011 1463 3072 1518 in
3113 1463 3469 1536 profectione
3515 1478 3755 1529 eorum,
3784 1483 3814 1510 υ

2136 1557 2453 1626 postquam
2483 1570 2622 1608 suos
2653 1551 2714 1607 in
2746 1566 2921 1626 mre,
2938 1549 3185 1625 periisse
3210 1552 3502 1623 cognovit.
3527 1551 3598 1606 Et
3619 1566 3816 1622 quare

2139 1566 2453 1626 postquam
2483 1570 2622 1608 suos
2653 1570 2714 1607 1n
2846 1568 2921 1621 re,
2938 1568 3185 1625 periisse
3210 1566 3502 1623 cognovnt.
3527 1566 3598 1606 rit
3619 1566 3815 1622 quare

2139 1642 2331 1698 laetata
2359 1642 2493 1698 est?
2515 1666 2541 1692 «
2575 1640 2722 1708 Quia
2746 1566 2947 1697 Ἔπιον
2975 1656 3201 1709 eorum,
3225 1660 3254 1690 ››
3288 1638 3517 1695 scilicet
3560 1638 3815 1695 Judae-

2139 1748 2294 1803 rum,
2322 1752 2351 1784 ι(
2381 1731 2608 1787 incubit
2660 1746 2838 1801 super
2874 1726 3014 1796 eos,
3040 1750 3068 1779 »
3094 1728 3152 1784 id
3204 1732 3314 1797 est,
3348 1729 3628 1801 [Egyptos
3671 1744 3688 1784 :
3741 1728 3815 1784 ti-

2141 1825 2419 1877 muerunt
2438 1818 2595 1876 enim
2619 1835 2690 1874 nc
2712 1817 2970 1874 redirent
2989 1816 3200 1886 Judmi,
3224 1820 3282 1872 et
3300 1832 3509 1872 omnes
3533 1814 3814 1873 residuos

358 1928 597 1970 servum
627 1929 805 1970 suum
824 1932 852 1966 ι
887 1914 960 1969 ad
1012 1913 1377 1971 Pharaonem
1399 1915 1609 1988 (Ibid),
1645 1937 1675 1967 «
1706 1920 1763 1970 et
1810 1931 1914 1986 per
1942 1914 2029 1987 ip-
2059 1953 2111 2020 B
2142 1908 2751 2020 [Egypti'occiderenn

358 2018 497 2059 sum
523 2002 718 2059 Aaron
749 2018 933 2075 quem
963 2002 1160 2076 elegit.
1189 2026 1219 2054 »

432 2091 505 2147 Et
533 2108 558 2140 α
583 2090 785 2164 posuit
804 2090 863 2145 in
886 2090 1034 2161 eis,»
1063 2092 1123 2147 id
1144 2095 1235 2149 est
1263 2092 1323 2147 in
1356 2093 1555 2165 Moyse
1572 2097 1632 2149 et
1650 2094 1842 2149 Aaron
1874 2092 2029 2163 lega-

358 2178 442 2236 tis
471 2178 622 2248 suis,
649 2200 680 2231 α
709 2179 887 2236 verba
932 2180 1238 2252 signorum
1271 2198 1515 2237 suorum
1545 2186 1603 2236 et
1630 2181 2031 2253 prodigiorum

358 2269 423 2326 in
453 2273 612 2326 terra
645 2269 884 2326 Cham.»
914 2270 1021 2326 Pe‘r
1049 2270 1183 2327 illos
1214 2271 1436 2344 legatos
1466 2288 1607 2327 suos
1636 2271 2031 2327 comminatus

358 2359 475 2414 fuit
490 2359 800 2433 Egyptiis,
817 2361 974 2432 quod
996 2360 1113 2416 nisi
1135 2360 1505 2416 dimitterent
1525 2359 1809 2433 populum
1831 2352 2030 2429 suum,

359 2448 580 2505 faceret
611 2448 671 2503 in
706 2448 791 2505 eis
822 2449 1015 2521 signa,
1038 2448 1197 2504 velut
1224 2449 1516 2517 tenebras,
1547 2454 1605 2504 et
1634 2448 1751 2504 alia
1780 2448 2030 2517 minora,

356 2541 418 2594 et
466 2536 738 2611 prodigia
782 2538 854 2594 de
903 2538 1198 2594 occisione
1249 2537 1801 2610 primogenitorum,
1838 2543 1896 2593 et
1943 2543 2031 2593 ta-

356 2627 533 2683 lium.

374 2777 382 2783 _
433 2715 694 2773 Minatus
724 2717 839 2773 fuit
877 2733 981 2789 per
1029 2716 1161 2772 illos
1216 2718 1406 2789 signa,
1440 2721 1499 2772 et
1529 2716 1860 2789 complevit,
1896 2716 2035 2787 quia

366 2829 389 2857 σι
424 2804 552 2877 ipse
583 2805 747 2863 misit
800 2805 1074 2862 tenebras
1106 2828 1133 2857 »
1170 2822 1349 2878 super
1395 2804 1694 2878 [Egyptios
1725 2804 1915 2876 (Exod.
1949 2806 2030 2872 χ),

360 2911 495 2968 qua:
525 2893 706 2950 etiam
737 2893 965 2968 palpari
998 2899 1262 2967 possent,
1289 2916 1317 2945 «
1341 2899 1397 2950 et
1420 2917 1448 2943 ››
1478 2895 1563 2950 sic
1584 2917 1611 2943 ‹‹
1636 2893 2027 2949 οὺεουωνίῐ.»

365 2984 440 3041 Et
469 2982 580 3041 hoc
611 2984 785 3040 modo
815 2984 1182 3056 complendo,
1208 3006 1236 3036 «
1270 3000 1387 3040 non
1419 2982 1782 3039 exacerbavit
1810 2998 2032 3038 sermo-

367 3090 475 3131 nes
504 3088 705 3145 suos,»
727 3074 786 3129 id
817 3076 907 3129 est
937 3089 1053 3128 non
1085 3074 1220 3129 fecit
1248 3073 1431 3129 videri
1458 3073 1697 3128 acerbos
1728 3076 1785 3128 et
1813 3072 2029 3128 falsos:

365 3162 559 3220 acerbi
590 3162 749 3219 enim
781 3166 839 3218 et
858 3162 1162 3234 rejiciendi
1183 3163 1476 3230 videntur,
1502 3162 1551 3218 si
1573 3179 1690 3217 non
1712 3167 1888 3234 prout
1908 3162 2033 3232 ipse

369 3250 765 3319 ordinaverat,
790 3250 1134 3322 implentur.

2212 1998 2428 2054 Eduxit
2457 1995 2649 2070 (Exod.
2682 1997 2783 2064 χι),
2808 1998 2865 2072 et
2885 2018 2912 2045 ι(
2948 1993 3226 2067 expandit
3265 1994 3484 2049 nubem
3517 1993 3577 2049 in
3608 1997 3811 2066 prote-

2138 2086 2453 2143 tectionem
2482 2102 2686 2142 eorum
2712 2107 2734 2134 ιο
2762 2101 2878 2156 qua
2918 2087 3250 2156 protegeret
3287 2099 3388 2139 eos
3426 2087 3629 2139 contra
3656 2081 3811 2138 solis

2141 2181 2374 2244 aestum,
2398 2180 2456 2230 et
2484 2173 2757 2229 inimicos
2785 2177 3134 2228 excaecaret:
3162 2192 3184 2220 α
3219 2177 3277 2228 et
3308 2194 3337 2222 »
3361 2171 3551 2244 ipsam
3583 2171 3809 2227 nubem

2139 2265 2406 2321 eamdem
2452 2264 2703 2319 faciebat
2734 2284 2762 2314 «
2798 2261 3015 2334 ignem,
3053 2265 3118 2316 ut
3148 2260 3502 2336 luceret‘eis
3548 2277 3650 2333 per
3700 2276 3807 2315 no-

2141 2360 2317 2409 ctem.
2338 2375 2366 2404 »

2214 2464 2244 2494 «
2273 2442 2571 2498 Petierunt
2600 2462 2629 2493 »
2662 2440 2840 2497 etiam
2884 2456 3092 2496 carnes
3112 2439 3304 2513 (Exod.
3333 2442 3473 2509 XVI),
3498 2461 3527 2490 ι(
3555 2443 3612 2495 et
3637 2437 3805 2494 venit

2142 2530 2430 2601 coturnix,
2454 2534 2513 2587 et
2541 2546 2692 2602 pane
2735 2529 2865 2585 cmli
2914 2529 3203 2585 saturavit
3231 2545 3351 2597 eos,
3377 2550 3406 2580 »
3441 2544 3655 2584 manna
3704 2544 3804 2582 ve-

2144 2620 2342 2676 niente
2373 2621 2445 2676 ab
2475 2635 2627 2675 aere.
2654 2619 2871 2674 Manna
2893 2618 3164 2674 nominat
3196 2617 3433 2673 nomine
3464 2616 3805 2690 significati,

2144 2710 2201 2765 id
2235 2714 2345 2780 est,
2377 2708 2614 2776 Christi,
2652 2707 2752 2779 qui
2781 2723 2914 2763 vere
2944 2711 3035 2763 est
3062 2707 3233 2779 panis
3264 2706 3414 2761 cmli.
3448 2706 3517 2761 de
3548 2723 3661 2778 quo
3693 2722 3803 2778 pa-

2143 2804 2392 2855 scuntur
2450 2797 2693 2869 angeli:
2748 2797 2905 2869 quod
2967 2813 3189 2852 manna
3246 2795 3597 2869 significavit
3642 2794 3803 2849 hunc

2142 2906 2380 2962 panem,
2431 2888 2491 2942 id
2542 2893 2653 2960 est,
2703 2903 2917 2959 corpus
2964 2885 3202 2953 Christi,
3246 2900 3361 2957 quo
3415 2883 3614 2940 fideles
3664 2883 3805 2938 refi-

2092 2980 2099 2985 ’
2143 2979 2404 3035 ciuntur.

2215 3093 2242 3120 (ι
2279 3067 2511 3140 Dirupit
2539 3070 2786 3139 petram,
2812 3070 2870 3120 et
2900 3065 3194 3121 ﬂuxerunt
3221 3081 3406 3137 aquae,
3436 3062 3706 3118 abierunt
3736 3061 3795 3115 in

2143 3159 2297 3215 sicco
2348 3156 2596 3212 ﬂumina
2627 3155 2817 3229 (Exod.
2849 3158 3008 3224 xvn),
3037 3177 3065 3203 ››
3090 3171 3219 3225 qua:
3259 3169 3357 3210 eos
3401 3151 3797 3223 sequebantur

2142 3265 2247 3321 per
2274 3247 2592 3303 desertum.

436 3340 509 3396 Et
537 3360 568 3391 κ
596 3339 882 3396 convertit
912 3361 941 3388 »
964 3340 1144 3395 etiam
1166 3363 1194 3390 ‹‹
1230 3358 1416 3412 aquas
1458 3357 1661 3395 eorum
1696 3340 1755 3394 in
1787 3338 2026 3412 sangui-
2058 3326 2104 3396 (ἶ
2214 3337 2344 3393 Ilaec
2373 3335 2573 3391 omnia
2601 3334 2739 3390 fecit
2767 3334 2877 3402 eis,
2898 3350 3015 3390 non
3046 3349 3150 3404 pro
3182 3330 3406 3388 meritis
3437 3345 3660 3401 eorum,
3691 3328 3793 3384 sed

370 3443 528 3495 nem,
556 3430 620 3483 et
647 3425 861 3483 occidit
889 3426 1081 3498 pisces
1110 3444 1335 3483 eorum.
1359 3448 1411 3477 »ο

438 3536 468 3564 «ι
500 3515 572 3570 Et
595 3514 781 3571 edidit
810 3517 967 3569 terra
995 3531 1199 3572 eorum
1230 3533 1404 3572 ranas
1429 3539 1457 3565 »
1481 3533 1616 3572 cum
1647 3520 1811 3573 tanta
1840 3519 2030 3590 copia,

371 3601 531 3674 quod
552 3617 661 3661 nec
685 3600 988 3659 thalamus
1017 3601 1155 3659 inde
1185 3604 1452 3659 evacuari
1485 3609 1716 3676 poterat
1735 3607 1927 3677 (Exod.
1953 3625 2032 3664 vn

369 3694 430 3747 et
457 3694 582 3763 vm)
610 3707 623 3749 :
648 3690 841 3748 ethoc
873 3714 901 3741 «
932 3689 994 3747 in
1022 3691 1424 3764 penetralibus
1452 3710 1655 3765 regum
1688 3694 1973 3767 ipsorum.
2000 3719 2029 3747 ››

439 3780 512 3837 Et
556 3780 684 3855 ipse
707 3804 736 3832 ‹‹
768 3780 935 3850 dixit,
962 3804 991 3831 ››
1027 3781 1087 3836 id
1118 3785 1209 3838 est
1252 3781 1457 3850 voluit,
1482 3806 1508 3833 ‹‹
1544 3787 1603 3838 et
1647 3784 1807 3840 venit
1854 3803 2029 3858 cyno-

368 3870 511 3940 mia,
538 3892 568 3921 »
599 3870 659 3926 id
707 3874 799 3926 est
846 3887 1052 3927 musca
1099 3871 1312 3927 canina
1341 3894 1369 3921 ‹‹
1403 3877 1462 3927 et
1491 3872 1776 3946 ciniphes,
1804 3897 1831 3924 »
1854 3875 1911 3930 id
1943 3881 2032 3932 est

366 3958 612 4030 culices,
635 3959 739 4033 qui
767 3960 1069 4017 intrabant
1099 3961 1159 4016 in
1190 3961 1392 4018 oculos
1423 3964 1552 4033 ejus
1573 3963 1765 4033 (Exod.
1788 3969 1947 4034 vni):
1974 3970 2032 4021 et

369 4049 482 4107 hoc
508 4065 627 4106 non
665 4049 728 4106 in
768 4049 971 4123 paucis
1002 4050 1170 4124 locis,
1193 4052 1294 4106 sed
1330 4074 1357 4103 «
1392 4052 1453 4106 in
1493 4053 1769 4110 omnibus
1809 4054 2029 4112 finibus

371 4155 599 4197 eorum.
623 4161 655 4190 κ

433 4228 666 4287 Pluvias
692 4253 714 4280 ι
740 4228 917 4287 etiam
940 4247 1145 4287 eorum
1166 4232 1365 4304 posuit
1388 4232 1738 4305 grandinem
1767 4256 1792 4282 ››
1815 4239 1872 4289 et
1890 4251 2027 4289 eum

361 4318 649 4391 grandine
682 4338 705 4368 ι
746 4318 943 4391 ignem
983 4321 1450 4390 comburentem,
1482 4344 1511 4371 »
1546 4322 1602 4378 id
1643 4327 1732 4378 est
1774 4323 2028 4380 fulmina

359 4406 553 4480 (Exod.
586 4409 688 4479 ιι),
715 4430 745 4460 α
776 4407 837 4463 in
864 4413 1022 4464 terra
1052 4410 1341 4481 ipsorum.
1370 4433 1398 4460 »

428 4497 501 4554 Et
526 4513 595 4554 eo
624 4497 760 4570 igne
781 4519 809 4547 ‹‹
834 4502 891 4554 et
917 4498 1206 4571 grandine
1236 4499 1530 4571 percussit
1559 4501 1762 4558 vineas
1795 4518 2023 4574 eorum,

353 4589 414 4643 et
437 4584 723 4643 ﬁculneae
753 4603 981 4657 eorum,
1009 4591 1066 4643 et
1096 4588 1371 4645 contrivit
1400 4588 1630 4664 lignum
1663 4613 1691 4641 »
1727 4608 1937 4665 pomos
1967 4596 2026 4648 et

355 4674 504 4732 alias
536 4675 776 4733 arbores
810 4698 840 4728 «
873 4676 1085 4732 ﬁnium
1114 4695 1340 4734 eorum.
1371 4700 1399 4729 ››

2141 3450 2169 3476 ‹‹
2205 3425 2486 3497 quoniam
2538 3440 2764 3480 memor
2802 3422 2913 3478 fuit
2941 3421 3100 3479 verbi
3151 3421 3339 3477 sancti
3385 3418 3498 3487 sui,
3524 3440 3553 3469 ››
3576 3418 3634 3474 id
3683 3422 3791 3483 est,

2139 3513 2552 3588 promissionis
2577 3531 2696 3569 sua:
2727 3529 2908 3585 quam
2949 3511 3196 3567 Abrahae
3230 3511 3443 3566 fecerat
3475 3525 3488 3564 :
3514 3530 3541 3558 «
3572 3507 3729 3563 verbi
3764 3529 3794 3554 »

2140 3605 2291 3672 dico,
2317 3627 2345 3654 «
2379 3603 2535 3675 quod
2568 3603 2777 3659 habuit
2802 3602 2874 3658 ad
2917 3601 3215 3657 Abraham
3245 3615 3494 3673 puerum
3540 3612 3737 3662 suum,
3762 3618 3791 3647 ιι

2139 3693 2345 3748 dicens
2390 3692 2443 3748 ei
2475 3708 2489 3748 :
2520 3713 2548 3742 «
2582 3693 2646 3748 In
2696 3690 2922 3747 semine
2970 3694 3070 3746 tuo
3122 3688 3543 3746 benedicentur
3589 3702 3792 3742 omnes

2139 3787 2342 3855 gentes
2392 3782 2545 3852 (Gen.
2594 3783 2755 3850 xxn).
2792 3802 2821 3830 ››
2867 3781 2926 3837 Si
2986 3779 3145 3836 enim
3194 3794 3398 3835 omnes
3447 3781 3648 3850 gentes
3694 3775 3791 3830 de-

2139 3873 2471 3941 struxisset,
2496 3871 2810 3944 promissio
2834 3871 2988 3927 facta
3010 3868 3254 3925 Abrahae
3276 3866 3508 3940 impleri
3529 3883 3644 3920 non
3666 3881 3794 3937 pos—

2138 3967 2228 4019 set
2255 3980 2268 4018 :
2304 3961 2444 4035 quia
2471 3961 2740 4017 Christus
2772 3961 2844 4016 de
2872 3959 3096 4016 Judaeis
3127 3961 3302 4013 natus
3332 3956 3461 4011 fuit.

2212 4074 2240 4103 ‹‹
2272 4053 2343 4108 Et
2371 4074 2398 4101 »
2430 4051 2559 4108 ideo
2591 4074 2617 4101 ‹‹
2651 4049 2852 4106 eduxit
2889 4048 3177 4122 populum
3216 4062 3390 4103 suum
3430 4061 3563 4102 cum
3598 4043 3789 4101 exsul-

2137 4142 2354 4198 latione
2378 4164 2406 4192 »
2430 4142 2502 4198 de
2531 4141 2656 4197 loco
2690 4141 2763 4196 ad
2798 4138 3016 4205 locum,
3045 4159 3073 4188 ιι
3098 4141 3155 4194 et
3184 4136 3399 4192 electos
3428 4149 3566 4190 suos
3596 4132 3656 4188 in
3686 4131 3784 4188 Ιω-

2136 4233 2286 4288 titia.
2315 4254 2343 4281 ››

2209 4345 2237 4372 ‹‹
2272 4323 2341 4376 Et
2371 4320 2532 4376 dedit
2569 4319 2688 4376 illis
2733 4318 2999 4392 regiones
3028 4315 3314 4390 gentium,
3338 4335 3366 4365 »
3402 4313 3538 4385 quia
3587 4315 3784 4383 gentes

2135 4416 2353 4466 terram
2386 4407 2796 4481 promissionis
2837 4405 3220 4479 possidebant
3254 4420 3267 4458 :
3302 4402 3516 4475 quibus
3546 4398 3781 4473 fugatis,

2135 4522 2164 4550 «
2200 4499 2586 4574 possederunt
2613 4519 2641 4547 ››
2672 4496 2861 4553 Judaei
2884 4519 2911 4546 «
2937 4494 3166 4551 labores
3200 4515 3227 4541 ››
3259 4509 3459 4548 eorum
3485 4512 3513 4540 «
3541 4487 3781 4563 populo-

2135 4606 2290 4643 rum.
2320 4610 2348 4637 υ

2052 4700 2100 4765 Ι)
2206 4679 2277 4733 Et
2302 4676 2422 4732 haec
2444 4676 2644 4732 omnia
2667 4675 2952 4731 beneﬁcia
2982 4673 3117 4729 fecit
3147 4654 3232 4729 eis
3262 4672 3437 4765 Deus,
3463 4694 3491 4721 ‹‹
3516 4673 3579 4765 ut
3599 4672 3779 4726 custo-

426 4786 455 4815 κ
488 4763 643 4820 Dixit
662 4786 691 4817 »
715 4766 918 4838 etiam,
942 4766 1001 4822 id
1032 4770 1123 4823 est
1149 4768 1353 4837 voluit,
1380 4790 1409 4820 ‹‹
1440 4772 1497 4824 et
1519 4770 1677 4826 venit
1706 4770 1934 4827 locusta
1963 4775 2022 4826 et
2053 4761 2089 4765 ᾖ
2131 4767 2297 4822 diant
2318 4766 2836 4839 justilicationes,»
2861 4765 2918 4819 id
2951 4768 3059 4829 est,
3093 4767 3160 4818 ut
3182 4764 3346 4834 juste
3365 4761 3561 4817 vivant
3585 4775 3780 4815 secun-

354 4853 597 4926 brucus,
623 4856 796 4927 cujus
827 4872 944 4911 non
976 4860 1101 4911 erat
1132 4874 1415 4913 numerus
1446 4859 1638 4927 (Exod.
1667 4860 1745 4931 x).
1776 4883 1797 4910 ο

426 4943 679 5000 Locusta
706 4948 765 5000 et
793 4945 1012 5001 brucus
1035 4968 1061 4996 α
1087 4947 1342 5002 comedit
1363 4965 1536 5004 omne
1561 4950 1757 5005 fenum
1784 4949 1841 5004 in
1867 4954 2019 5005 terra

354 5048 590 5102 eorum,
648 5037 706 5089 et
761 5034 1018 5090 comedit
1076 5051 1312 5091 omnem
1381 5038 1637 5092 fructum
1698 5044 1862 5094 terra:
1921 5057 2016 5095 eo-

353 5139 488 5180 rum
520 5145 550 5175 »
583 5124 740 5196 quod
775 5125 1083 5202 cynomyia
1113 5129 1170 5180 et
1199 5126 1466 5199 cidiphes
1488 5127 1676 5183 facere
1707 5144 1822 5183 non
1854 5134 2016 5200 pote-

355 5216 507 5269 rant.

429 5323 459 5353 «ί
478 5302 549 5358 Et
566 5303 861 5375 percussit
881 5321 1056 5360 omne
1077 5305 1534 5378 primogenitum
1560 5305 1618 5359 in
1642 5308 1796 5361 terra
1811 5323 2014 5364 eorum

353 5390 548 5459 (Exod.
573 5393 697 5465 xu),
722 5415 750 5443 »
788 5393 843 5448 id
895 5398 985 5450 est
1014 5393 1073 5448 in
1105 5394 1447 5450 hominibus
1478 5399 1534 5449 et
1563 5393 1695 5449 aliis
1744 5397 2014 5452 animali-

353 5477 488 5554 bus,
515 5504 542 5533 «
578 5481 873 5555 primitias
903 5482 1099 5539 omnis
1131 5483 1349 5539 laboris
1382 5500 1584 5539 eorum
1613 5506 1634 5533 ι
1672 5485 1731 5539 in
1766 5486 2014 5559 primiti-

350 5566 440 5625 vis
467 5569 759 5645 frugibus.

423 5679 453 5707 «ι
477 5658 549 5713 Et
565 5660 767 5715 eduxit
795 5659 1141 5733 populum.»
1165 5661 1304 5716 Pars
1329 5663 1556 5733 quinta.
1585 5664 1654 5719 Et
1684 5664 1779 5720 hic
1811 5669 2016 5721 contra

354 5740 579 5819 plagas,
603 5763 752 5818 quas
782 5747 1147 5805 enumeravit
1165 5750 1449 5822 [Egyptiis
1477 5751 1682 5823 factas,
1706 5761 2015 5812 enumerat

2129 4858 2272 4912 dum
2305 4855 2585 4911 mandata
2606 4877 2635 4905 ‹‹
2667 4855 2817 4924 ejus,
2851 4857 2911 4909 et
2940 4851 3130 4926 legem
3169 4852 3298 4923 ejus
3331 4848 3645 4922 requirant,
3672 4868 3698 4895 »
3721 4846 3773 4901 id

2127 4950 2236 5014 est,
2263 4944 2595 5017 intelligant
2645 4944 2703 4999 in
2754 4944 2962 5016 figuris
2991 4941 3204 4998 veteris
3250 4940 3397 5015 legis
3447 4937 3534 4994 vel
3582 4938 3773 4993 Testa-

2130 5035 2332 5101 menti,
2368 5034 2528 5091 aliud
2562 5051 2690 5090 esse
2720 5024 3169 5105 intelligendum
3200 5036 3258 5086 et
3289 5028 3723 5101 inquirendum.

2652 5142 2724 5198 ΙΝ
2765 5140 3114 5197 PSALMUM
3154 5138 3265 5195 CV.

2672 5214 2949 5269 Trruws.
2982 5212 3240 5268 Alleluia.

2198 5330 2227 5357 ‹‹
2262 5303 2635 5362 Conﬁtemini
2667 5302 2737 5358 II.
2765 5325 2793 5351 ››
2822 5301 3041 5358 Volunt
3083 5301 3324 5373 quidam
3375 5297 3469 5353 hic
3500 5297 3590 5353 bis
3618 5295 3767 5368 poni,

2124 5421 2151 5446 ‹‹
2188 5395 2445 5462 alleluia,
2473 5416 2499 5442 ι»
2522 5394 2622 5449 sed
2656 5393 2862 5448 beatus
2889 5392 3278 5463 Hieronymus
3298 5388 3442 5445 dicit
3470 5387 3623 5459 quod
3649 5386 3767 5457 qui-

2124 5502 2357 5559 cunque
2388 5482 2654 5556 psalmus
2684 5481 2862 5537 habet
2892 5480 2952 5536 in
2985 5480 3291 5552 principio,
3320 5500 3348 5529 «
3382 5475 3633 5543 alleluia,
3661 5498 3685 5521 ››
3714 5475 3766 5529 in

2125 5577 2240 5631 ﬁne
2271 5589 2502 5647 quoque
2531 5572 2708 5627 habet
2728 5594 2755 5620 ‹‹
2791 5569 3047 5637 alleluia,
3071 5592 3099 5619 ››
3122 5573 3179 5624 et
3216 5568 3298 5624 ita
3328 5568 3594 5624 dicemus
3622 5563 3766 5637 quod

2123 5665 2373 5720 alterum
2403 5660 2637 5717 alleluia
2666 5660 2744 5715 sit
2772 5660 2844 5715 de
2873 5657 3224 5731 praecedenti
3255 5656 3504 5730 psalmo,
3528 5654 3765 5711 alterum

2124 5754 2196 5810 de
2217 5750 2506 5825 sequenti.
2529 5750 2590 5805 In
2611 5748 2958 5822 prmcedenti
2976 5747 3204 5821 psalmo
3225 5744 3590 5804 enumeravit
3611 5744 3768 5799 bene-
