3944 6430
151 331 237 386 189

1506 313 1874 382 COMMENT.

1904 314 1979 375 ΙΝ
2018 317 2181 383 GEN.
3463 338 3565 395 590

205 450 483 508 Moraliter
523 465 671 506 vero
701 452 806 505 Lot
854 448 1151 520 signiﬁcat
1186 446 1611 505 rationabilem
1650 458 1785 500 sen-
1822 439 1873 498 Α
1895 440 2095 498 Seram
2125 444 2586 516 pulchritudinis
2614 450 2832 521 forma,
2852 454 3001 525 'quse
3030 453 3095 511 in
3116 456 3351 517 tantum
3372 455 3569 516 amari

143 557 280 605 sum,
312 545 368 596 et
414 539 643 595 virilem
693 539 968 597 animum
1017 554 1230 595 eorum
1258 538 1365 611 qui
1410 551 1610 597 arcem
1653 549 1792 592 con-

140 629 525 703 templationis
550 629 816 701 arripere
841 633 1178 686 conantur:
1212 643 1367 684 uxor
1395 630 1619 692 autem,
1651 638 1787 695 quae

139 726 281 777 retro
331 718 590 791 respicit,
636 733 886 774 carnem
933 716 1433 790 concupiscentiis
1484 712 1786 781 deditam;

138 811 259 866 dure
288 809 420 864 ﬁliae
447 809 598 881 ejus,
625 808 750 864 duo
783 808 1140 882 principalia
1169 807 1310 863 vitia
1331 804 1680 880 superbiam
1702 803 1788 861 vi-

139 900 333 956 delicet
356 902 413 955 et
441 914 666 954 vanam
689 897 964 969 gloriam.
986 896 1446 955 Observandum
1472 899 1561 951 est
1586 898 1787 951 autem

138 992 272 1045 forte
296 1004 433 1044 cum
464 988 601 1061 quis
632 987 907 1059 effugerit
959 987 1279 1045 ﬂammam
1332 985 1567 1049 mundi,
1610 988 1668 1040 et
1698 984 1786 1040 in—

138 1078 334 1135 cendia
358 1077 560 1133 carnis
591 1077 869 1144 evaserit,
901 1076 1084 1133 etiam
1111 1092 1251 1133 cum
1290 1091 1547 1149 parvam
1581 1075 1785 1145 Segor,

137 1168 189 1223 id
218 1173 301 1223 est
327 1166 628 1223 actualem
657 1166 865 1233 vitam,
884 1182 1021 1239 quae
1039 1169 1129 1221 est
1149 1164 1336 1222 civilis
1359 1179 1788 1237 supergressus

138 1257 314 1321 fuerit,
348 1262 405 1312 et
426 1255 505 1311 ad
538 1256 916 1312 altitudinem
947 1255 1207 1312 scientias
1240 1259 1296 1311 et
1334 1253 1784 1327 contemplatio-

138 1348 220 1402 nis
244 1346 403 1403 velut
429 1345 511 1401 ad
540 1351 811 1402 montem
844 1344 1203 1411 ascenderit,
1251 1360 1327 1402 ne
1349 1344 1708 1401 insidientur
1732 1343 1786 1401 ei

136 1437 257 1491 duae
284 1435 433 1496 ﬁliae,
466 1435 753 1507 superbia
806 1435 1025 1490 scilicet
1052 1439 1109 1490 et
1154 1449 1316 1490 vana
1368 1433 1594 1502 gloria;
1649 1448 1785 1504 quae

137 1525 341 1580 idcirco
369 1524 507 1579 ﬁlim
538 1524 823 1580 dicuntur
852 1526 999 1596 quia
1022 1540 1147 1580 non
1196 1522 1583 1588 extrinsecus,
1615 1538 1678 1577 se
1708 1521 1783 1577 de

137 1613 294 1669 nobis
320 1613 617 1683 oriuntur,
665 1618 722 1669 et
762 1612 826 1669 in
877 1612 1170 1686 spelunca
1196 1611 1454 1685 pectoris
1496 1611 1786 1669 insidian-

138 1708 236 1770 tur,
261 1707 322 1758 ut
349 1702 424 1758 de
455 1701 635 1758 nobis
660 1701 1119 1765 dormientibus,
1161 1717 1357 1774 neque
1388 1699 1782 1758 sentientibus

137 1807 405 1861 generare
434 1791 676 1865 possint
698 1790 874 1855 ﬁlios,
908 1806 1121 1847 sensus
1174 1790 1378 1863 utique
1403 1795 1459 1846 et
1490 1794 1659 1845 actus
1688 1805 1782 1845 re—
1811 1797 1855 1857 Β

138 1880 362 1953 probos.
390 1883 542 1937 Sunt
569 1880 733 1936 enim
755 1879 1030 1936 nonnulli
1052 1880 1158 1952 qui
1180 1895 1384 1936 arcem
1415 1877 1781 1950 contempla-

136 1971 292 2025 tionis
350 1970 686 2043 arripiunt;
742 1969 848 2026 sed
904 1968 1056 2025 dum
1085 1970 1200 2025 has
1260 1968 1596 2024 secundum
1627 1966 1783 2023 duas

135 2059 270 2115 tilias
312 2059 565 2130 ducunt,
617 2057 1082 2132 quodammodo
1124 2057 1498 2114 inebriantur
1553 2057 1633 2113 ab
1662 2056 1779 2124 eis;

133 2149 263 2219 quia
288 2149 366 2204 ita
412 2154 620 2204 mente
664 2147 1066 2205 alienantura
1122 2150 1263 2215 Deo,
1298 2152 1361 2205 ut
1382 2162 1783 2219 quoscunque

135 2237 269 2293 ﬁlios
297 2238 633 2307 genuerint,
690 2237 752 2295 id
797 2242 905 2308 est,
952 2251 1334 2310 quascunque
1383 2251 1569 2308 opera
1624 2251 1782 2292 exer-

134 2326 362 2393 cuerint,
385 2343 507 2384 non
536 2343 650 2400 per
688 2342 760 2383 ea
789 2326 850 2383 in
900 2326 1225 2382 Ecclesiam
1271 2324 1507 2381 Domini
1535 2324 1778 2394 intrant,

135 2414 268 2471 sicut
292 2415 560 2473 Moabitae
590 2419 650 2472 et
696 2416 1056 2473 Ammonius
1114 2413 1387 2471 videlicet
1424 2428 1622 2485 neque
1674 2429 1783 2486 per

138 2505 368 2571 tertiam,
402 2521 606 2579 neque
652 2521 762 2578 per
790 2510 1071 2578 quartam
1123 2502 1609 2573 generationem;
1636 2503 1781 2575 quia

138 2608 242 2649 non
271 2594 428 2651 enim
454 2594 728 2667 proderit
777 2594 990 2651 notitia
1039 2592 1342 2649 Trinitatis
1386 2608 1583 2664 neque
1610 2592 1779 2647 intel-

132 2681 351 2751 ligentia
375 2683 743 2754 evangelicae
770 2681 1229 2756 praedicationis.
1260 2681 1574 2754 Sequitur:

759 2806 990 2865 CAPUT
1027 2810 1131 2863 XX.

194 2935 344 2988 Vens.
376 2937 428 2990 1.
458 2965 529 2973 -
562 2935 886 3003 Profectus
913 2933 1054 2989 inde
1081 2933 1397 2992 Abraham
1456 2935 1515 2988 in
1550 2939 1779 2989 terram

135 3024 435 3081 australem
467 3023 774 3081 habitavit
821 3024 983 3080 inter
1027 3022 1223 3080 Cades
1279 3030 1333 3079 et
1364 3022 1503 3093 Sur,
1537 3028 1590 3079 et
1618 3036 1780 3093 pere-

134 3114 385 3209 grina-tus
415 3118 500 3169 est
527 3115 591 3168 in
626 3110 1100 3209 Geraris.Cades
1129 3111 1389 3209 solitudo
1419 3114 1507 3168 est
1528 3111 1631 3167 ubi
1650 3111 1779 3167 fons
1816 3156 1857 3209 Ο

130 3200 314 3267 judicii
364 3207 470 3270 est,
499 3206 559 3260 et
589 3200 784 3259 Cades
814 3203 1007 3259 Barne
1054 3202 1118 3258 in
1171 3200 1427 3269 deserto,
1460 3217 1596 3276 quae
1636 3215 1779 3256 con-

130 3289 379 3359 jungitur
408 3291 633 3349 civitati
682 3294 866 3347 Petrae
921 3290 983 3347 in
1035 3290 1282 3355 Arabia,
1343 3290 1448 3347 ubi
1501 3288 1784 3346 occubuit

140 3381 319 3451 Maria,
371 3386 430 3440 et
479 3384 717 3456 Moyses
749 3397 899 3454 rupe
952 3397 1243 3455 percussa
1284 3396 1511 3453 aquam
1564 3377 1781 3435 sitienti

137 3469 338 3540 populo
367 3470 552 3527 dedit.
604 3473 969 3527 Monstratur
1021 3469 1248 3527 ibidem
1300 3486 1491 3542 usque
1517 3469 1595 3526 ad
1628 3485 1780 3542 prae-

136 3573 272 3623 sens,
302 3565 361 3616 ut
404 3560 628 3616 beatus
683 3559 1087 3633 Hieronymus
1119 3558 1221 3626 ait,
1282 3558 1626 3632 sepulcrum
1672 3560 1783 3614 Ma-

140 3647 225 3703 ria:
255 3649 467 3707 sororis
498 3652 727 3707 Aaron.
776 3648 892 3707 Sed
944 3653 1001 3705 et
1056 3647 1357 3722 principes
1409 3647 1694 3703 Amalech
1726 3652 1783 3705 et

138 3736 308 3793 Codor
338 3738 643 3797 Lahomor
663 3737 744 3793 ibi
774 3738 910 3795 caesi
942 3743 1082 3797 sunt
1110 3742 1166 3795 et
1192 3737 1610 3810 interpretatur
1642 3753 1781 3793 san-

142 3831 225 3880 cta
274 3826 358 3882 vel
385 3828 806 3897 sanctiﬁcans,
832 3832 889 3883 et
939 3826 1099 3884 dicta
1130 3831 1219 3885 est
1248 3826 1382 3884 fons
1439 3826 1648 3898 judicii
1679 3842 1785 3899 per

137 3912 625 3988 anticipationem,
688 3916 841 3971 sicut
894 3931 1081 3989 supra
1135 3917 1587 3989 descripsimus,
1640 3914 1785 3989 quia

137 4009 319 4071 postca
340 4005 419 4062 sic
452 4012 709 4062 vocatus
750 4009 839 4061 est
874 4005 1047 4063 locus
1078 4006 1173 4063 ille
1205 4005 1311 4062 ubi
1354 4009 1583 4077 Moyses
1630 4004 1788 4077 judi.

136 4094 269 4149 cavit
289 4095 580 4168 populum
611 4094 870 4151 Domini.
902 4095 1023 4152 Sur
1046 4111 1190 4151 vero
1221 4094 1491 4151 similiter
1523 4099 1629 4151 est.
1675 4096 1783 4150 Ge-

137 4185 274 4238 raris
303 4201 456 4254 vero,
487 4186 617 4242 sive
650 4186 906 4255 Gcrara,
956 4190 1022 4241 ut
1050 4184 1192 4242 alibi
1245 4185 1457 4258 reperi,
1505 4201 1575 4240 ex
1608 4184 1781 4255 cujus

136 4274 349 4332 nomine
371 4276 656 4333 Gerantia
684 4279 935 4331 vocatur
964 4275 1131 4345 regio
1154 4280 1318 4332 trans
1347 4278 1603 4332 Daroma
1637 4275 1785 4343 (erat

138 4363 293 4430 enim,
321 4364 463 4422 olim
494 4364 795 4422 terminus
828 4366 1308 4421 Chananmorum
1340 4364 1418 4419 ad
1449 4362 1780 4421 australem

138 4448 395 4524 plagam),
426 4459 519 4510 est
548 4452 763 4510 civitas
814 4453 1162 4526 metropolis
1216 4451 1548 4522 l’alestinte,
1576 4457 1633 4509 et
1675 4451 1785 4509 fuit

142 4514 415 4614 Scriptura
441 4543 537 4600 hic
600 4547 859 4600 testante
890 4514 1044 4600 inter
1069 4542 1260 4599 Cades
1291 4546 1348 4599 et
1385 4514 1664 4607 Sur,’hoc
1692 4545 1781 4598 cst
1815 4514 1858 4569 Β

140 4626 266 4685 inter
298 4631 446 4689 duas
475 4631 856 4704 solitudines,
884 4648 1145 4705 quarum
1170 4647 1291 4687 una
1311 4634 1566 4703 Egypto
1586 4630 1783 4701 jungi-

143 4722 235 4785 tur,
272 4720 346 4777 ad
374 4739 564 4797 quam
616 4722 883 4796 populus
941 4726 1103 4779 trans
1134 4721 1353 4778 fretum
1384 4720 1782 4789 Rubrimaris

141 4810 410 4879 pervenit;
440 4812 632 4870 altera
683 4828 825 4868 vero
860 4810 1049 4869 Cades
1100 4827 1293 4885 usque
1324 4809 1404 4869 ad
1453 4812 1781 4867 Saraceno-

144 4912 253 4952 rum
282 4916 548 4958 eremum
605 4901 968 4972 extenditur,
1008 4900 1212 4974 ibique
1251 4899 1667 4975 peregrinatus
1695 4902 1783 4955 est

144 4985 436 5047 Abraham.
1552 4996 1557 5001 “

204 5097 348 5153 Vens.
374 5103 522 5155 2-H.
542 5131 614 5140 ——
648 5100 943 5171 Dixitque
970 5098 1044 5155 de
1072 5099 1277 5155 Saraa
1304 5112 1496 5154 uxore
1514 5111 1624 5154 sua
1648 5113 1662 5153 :
1685 5098 1783 5152 So-

144 5198 228 5237 ror
250 5202 369 5245 mea
394 5194 500 5246 est.
534 5190 705 5245 Misit
736 5204 877 5259 ergo
907 5188 1273 5249 Abimelech.
1308 5202 1418 5244 rex
1445 5189 1781 5249 Gerarazet

148 5277 259 5329 tulit
286 5294 429 5350 eam,
490 5284 550 5335 et
607 5278 844 5350 reliqua
872 5294 1192 5351 usquequo
1233 5277 1355 5332 ait:
1411 5276 1559 5347 quid
1583 5277 1785 5345 fecisti

147 5363 321 5420 nobis?
343 5370 486 5438 quid
503 5368 888 5438 peccavimus
920 5368 982 5422 in
1011 5372 1084 5423 te.
1113 5368 1254 5438 quia
1283 5365 1583 5421 induxiin
1601 5380 1783 5434 super
1853 5422 1858 5427 ,

146 5465 218 5506 me
240 5461 286 5509 et
313 5472 486 5527 super
503 5473 759 5528 regnum
790 5472 983 5512 meum
1012 5462 1322 5526 peccatum
1353 5454 1588 5525 grande
1608 5458 1636 5508 ?
1665 5458 1783 5509 (iur

150 5539 413 5602 Abraham
445 5562 721 5603 sororem
753 5562 931 5601 suam
959 5546 1227 5601 secundo
1255 5560 1384 5599 esse
1413 5540 1600 5599 dixit?
1630 5543 1780 5609 Quia

149 5646 203 5683 ex
232 5636 389 5703 priori
418 5639 752 5693 Pharaonis
789 5636 1163 5707 correptione
1194 5640 1390 5690 certus
1439 5633 1513 5687 de
1547 5632 1644 5688 Dei
1675 5632 1778 5687 de-

150 5716 396 5798 fcnsione,
426 5726 599 5800 quod
630 5725 842 5783 violari
872 5741 997 5782 non
1023 5725 1234 5798 potuit,
1274 5723 1536 5780 incertus
1566 5720 1641 5776 de
1667 5737 1778 5779 sua

154 5807 265 5875 vita.
290 5830 362 5872 an
402 5817 647 5875 illorum
680 5814 965 5874 evaderet
1008 5829 1249 5873 manus.
1291 5815 1358 5871 Et
1385 5810 1667 5871 miranda
1694 5821 1786 5878 est

1907 536 2159 602 poterat,
2191 543 2255 595 ut
2282 538 2369 595 vir
2403 555 2550 596 suus
2596 545 2839 613 propter
2870 543 3001 615 ejus
3053 543 3565 615 pulchritudinem

1902 636 1965 675 se
1997 622 2315 694 periclitari
2336 628 2662 687 metuebat.

1969 710 2086 765 Cur
2114 712 2433 771 dicitDeus
2462 717 2540 774 ad
2591 717 2974 779 Abimelech:
3032 723 3288 793 Peperci
3335 725 3463 799 tibi,
3498 731 3565 787 ut

1896 815 2017 856 non
2047 818 2321 870 peccares
2356 807 2415 862 in
2444 808 2574 866 me?
2604 812 2667 864 ut
2683 809 3092 867 adverteretur
3120 811 3183 869 in
3212 813 3400 873 Deum
3431 831 3566 889 pec-

1897 890 2019 947 cari
2044 893 2294 964 quando
2321 894 2461 952 talia
2491 899 2945 957 committuntur
2967 917 3104 973 quae
3130 906 3345 974 putant
3372 904 3564 962 homi-

1894 995 2003 1035 nes
2034 980 2240 1038 leviter
2282 984 2568 1045 habenda
2596 992 2890 1063 tanquam
2944 991 3004 1046 in
3063 1008 3244 1051 carne
3292 1000 3560 1066 peccata.

1896 1070 2014 1124 Cur
2061 1086 2353 1157 nonmox
2384 1074 2729 1133 Abimelech
2777 1086 3051 1137 mortuus
3096 1086 3201 1149 est,
3235 1082 3385 1143 dum
3415 1084 3565 1143 dixit

1894 1159 1945 1213 ei
1977 1160 2168 1216 Deus:
2199 1164 2346 1219 Ecce
2378 1167 2439 1219 tu
2470 1166 2743 1223 morieris
2772 1170 2800 1222 7
2851 1168 3060 1241 Utique
3093 1171 3245 1227 Deus
3288 1174 3564 1244 praedixit

1892 1249 2060 1320 quod
2090 1249 2216 1307 sine
2238 1252 2425 1309 dubio
2457 1253 2724 1313 futurum
2755 1255 2982 1327 fuisset,
3016 1258 3063 1315 si
3108 1258 3167 1317 in
3201 1260 3315 1316 hac
3346 1260 3560 1318 admo-

1893 1338 2119 1395 nitione
2144 1357 2179 1396 a
2211 1348 2459 1413 peccato
2489 1343 2849 1401 abstinendo
2872 1362 2993 1403 non
3025 1353 3355 1406 caveretur.

1966 1431 2132 1485 Vens.
2164 1435 2424 1488 t2-15.—
2454 1436 2779 1503 Respondit
2802 1436 3330 1494 AbrahamxAlias
3359 1445 3560 1495 autem

1894 1533 2030 1574 vere
2057 1535 2229 1576 soror
2273 1538 2403 1580 mea
2433 1530 2539 1594 est,
2576 1526 2710 1592 ﬁlia
2737 1527 2938 1596 patris
2988 1527 3123 1596 mei,
3156 1533 3213 1584 et
3263 1543 3384 1584 non
3428 1530 3563 1597 ﬁlia

1894 1610 2104 1664 matris
2137 1626 2277 1667 meae
2346 1612 2518 1668 Pater
2546 1613 2728 1680 enim,
2781 1618 2846 1673 ut
2874 1615 3151 1673 nonnulli
3186 1615 3419 1687 volunt,
3450 1633 3562 1690 pro

1894 1695 2070 1753 fratre
2102 1699 2362 1771 ponitur.
2398 1702 2590 1759 Thara
2646 1703 2851 1777 itaque
2906 1704 3112 1773 genuit
3146 1704 3477 1776 Abraham,
3506 1711 3563 1764 et

1892 1791 2069 1847 Aran,
2104 1788 2277 1859 cujus
2306 1788 2429 1845 ﬁlia
2456 1791 2693 1860 exstitit,
2721 1794 3024 1866 Scriptura
3055 1798 3220 1865 teste,
3257 1796 3461 1853 Saraa.
3496 1798 3563 1853 Et

1891 1874 2027 1931 ideo
2057 1875 2224 1946 dixit,
2258 1894 2526 1936 sororem
2560 1897 2735 1938 suam
2767 1898 2916 1952 esse,
2951 1882 3073 1939 sive
3104 1884 3249 1955 quia
3279 1882 3354 1939 de
3380 1883 3559 1939 semi-

1891 1980 1965 2018 ne
1991 1964 2083 2020 sui
2115 1966 2300 2036 patris
2328 1968 2704 2039 procreando
2727 1985 2834 2047 per
2859 1969 3048 2026 tilium
3073 1975 3217 2027 nata
3241 1975 3329 2029 est
3352 1973 3558 2044 Saraa,

1891 2058 1949 2109 et
1978 2055 2355 2112 consuetudo
2386 2062 2474 2111 est
2532 2057 2710 2114 etiam
2765 2058 3207 2134 Scripturarum
3250 2060 3557 2117 consobri-

1890 2159 2003 2198 nos
2034 2143 2242 2201 fratres
2275 2146 2587 2222 appellari,
2606 2147 2875 2205 similiter
2896 2154 2952 2205 et
2974 2153 3559 2222 sorores.Propterea

1889 2250 2013 2289 non
2043 2234 2343 2291 immerito
2368 2238 2480 2293 ait:
2510 2239 2683 2296 Alias
2706 2254 2879 2295 soror
2897 2254 3028 2296 mea
3054 2243 3233 2297 est.Et
3263 2240 3407 2313 quia
3434 2239 3551 2297 fue-

1888 2327 2028 2378 runt
2057 2323 2362 2381 Abraham
2396 2330 2452 2381 et
2507 2328 2671 2383 Aran
2728 2326 2803 2383 de
2834 2343 2956 2383 uno
3004 2333 3194 2400 patre,
3225 2332 3283 2385 et
3324 2344 3449 2385 non
3480 2328 3557 2385 de

1888 2429 2012 2469 una
2032 2418 2243 2485 matre,
2302 2414 2525 2473 idcirco
2560 2416 2895 2487 subjunxit,
2923 2417 3055 2487 ﬁlia
3102 2419 3303 2489 patris
3354 2419 3472 2474 mei
3500 2423 3556 2476 et

1887 2518 2008 2558 non
2034 2503 2179 2572 filia
2215 2506 2428 2559 matris
2457 2520 2618 2561 meae.

1961 2590 2135 2647 Vens.
2174 2596 2237 2646 16
2266 2608 2385 2662 seq.
2420 2625 2488 2632 —
2514 2594 2726 2649 Saraa
2756 2602 2953 2651 autem
2984 2594 3141 2651 dixit
3170 2594 3552 2653 Abimeleclt:

1888 2682 2034 2736 Ecce
2064 2682 2230 2736 mille
2250 2688 2563 2753 argenteos
2589 2684 2731 2739 dedi
2771 2685 2965 2753 fratri
2994 2690 3095 2740 tuo
3114 2700 3135 2749 ,'
3175 2686 3286 2742 hoc
3310 2686 3423 2741 erit
3446 2685 3557 2742 tibi

1886 2770 1950 2824 in
1986 2771 2258 2826 velamen
2295 2773 2607 2828 oculorum
2634 2772 2717 2828 ad
2768 2788 2969 2830 omnes
3019 2775 3126 2846 qui
3168 2779 3361 2833 tecum
3388 2780 3553 2844 sunt,

1887 2862 1945 2914 et
1968 2858 2218 2932 reliqua.
2253 2860 2409 2916 Bene
2441 2861 2556 2919 ait:
2583 2863 2715 2918 Hoc
2748 2864 2863 2919 erit
2894 2862 3003 2918 tibi
3032 2863 3094 2919 in
3125 2864 3395 2920 velamen
3422 2878 3560 2919 ocu-

1893 2950 2110 3015 lorum,
2180 2948 2243 3004 id
2297 2955 2407 3017 est,
2442 2950 2504 3006 in
2558 2951 2920 3009 verecundia
2948 2950 3041 3007 vel
3092 2953 3154 3011 in
3198 2952 3556 3013 confusione

1890 3038 2107 3108 vultus,
2140 3038 2220 3093 ad
2250 3054 2464 3095 omnes
2495 3040 2595 3112 qui
2646 3045 2841 3099 tecum
2872 3045 3030 3098 sunt.
3069 3041 3353 3098 Confusio
3378 3057 3554 3101 nam-

1888 3142 2009 3200 que
2035 3143 2171 3182 esse
2206 3133 2441 3200 poterat
2469 3133 2646 3184 tanta:
2686 3130 2951 3187 mulieris
2983 3145 3019 3187 a
3072 3129 3193 3187 viro
3224 3146 3337 3185 suo
3368 3129 3553 3186 fuisse

1890 3215 2211 3273 sublatam.
2248 3216 2324 3271 Et
2376 3232 2728 3289 quocunque
2766 3217 3129 3289 perrexeris,
3179 3222 3469 3274 memento
3500 3222 3557 3274 te

1889 3306 2342 3375 deprehensam,
2408 3305 2689 3373 subaudi,
2740 3322 2776 3363 a
2825 3322 2942 3369 me,
2992 3310 3050 3363 et
3096 3305 3469 3362 subtractam
3517 3321 3556 3363 a

1890 3396 2069 3452 fratre
2097 3402 2219 3453 tuo.
2247 3398 2388 3452 Ecce
2418 3395 2814 3453 historialiter.
2848 3400 3159 3460 Caeterum,
3193 3395 3552 3469 spiritaliter,

1890 3484 2234 3542 Abimelech
2257 3485 2359 3557 qui
2389 3484 2810 3557 interpretatur
2830 3492 3007 3556 pater
3034 3502 3195 3544 meus
3218 3501 3347 3549 rex,
3374 3484 3555 3554 signi-

1890 3576 2028 3632 ﬁcat
2056 3574 2355 3648 sapientes
2384 3575 2556 3631 istius
2579 3575 2812 3645 mundi,
2836 3575 2927 3631 vel
2942 3590 3198 3645 regnum
3229 3580 3552 3643 terrenum,

1891 3665 1992 3738 qui
2026 3681 2133 3737 per
2160 3665 2496 3721 humanam
2520 3665 2900 3737 sapientiam,
2929 3665 2992 3721 in
3022 3670 3321 3738 quantum
3349 3664 3432 3719 eis
3463 3669 3552 3723 at-

1890 3753 2181 3811 tributum
2206 3752 2333 3822 fuit,
2374 3758 2789 3823 cognoverunt
2818 3757 3006 3812 Deum
3036 3755 3272 3811 Patrem
3304 3769 3435 3810 esse
3482 3768 3555 3811 ac

1892 3859 2094 3911 regem
2122 3844 2296 3900 totius
2327 3847 2632 3900 creaturae.
2671 3845 2856 3901 Saraa
2885 3843 3182 3913 signiﬁcat
3207 3842 3549 3901 Ecclesiam.

1894 3933 2201 3990 Abraham
2229 3933 2477 4006 quippe,
2534 3933 2911 4002 unigenitum
2937 3932 3151 3989 Filium
3206 3931 3413 3999 Patris,
3446 3931 3553 4005 qui

1893 4022 2074 4079 frater
2126 4022 2252 4078 ﬁeri
2277 4022 2561 4092 dignatus
2591 4026 2680 4078 est
2736 4038 2841 4093 per
2875 4021 3152 4091 gratiam.
3195 4020 3551 4079 Millenarius

1891 4117 2092 4169 autem
2150 4128 2457 4181 numerus,
2536 4111 2963 4183 perfectionem
3034 4111 3139 4182 [Z.,
3195 4109 3555 4183 persecutio-

1890 4202 2051 4272 nem]
2082 4202 2221 4256 ﬁdei
2243 4200 2624 4274 sapientium.
2670 4205 3001 4271 Argentum
3049 4216 3206 4271 vero,
3240 4199 3554 4257 scientiam

1894 4291 2355 4363 Scripturarum,
2385 4306 2493 4363 per
2520 4306 2709 4363 quam
2738 4296 3153 4360 cognoverunt
3176 4289 3343 4363 quod
3369 4291 3555 4347 Saraa

1890 4396 2043 4435 uxor
2075 4383 2232 4434 esset
2260 4379 2535 4443 Abrahae,
2563 4378 2626 4435 id
2676 4385 2763 4435 est
2796 4379 3053 4436 Ecclesia
3094 4378 3348 4435 Domino
3374 4394 3555 4451 copu-

1890 4469 2011 4526 lata
2041 4486 2148 4542 per
2174 4469 2377 4525 fidem.
2417 4469 2510 4524 Ait
2567 4469 2729 4524 enim
2763 4487 2775 4524 :
2834 4470 2986 4525 Ecce
3015 4470 3187 4526 mille
3241 4472 3555 4539 argenteos

1890 4560 2031 4617 dedi
2049 4560 2244 4630 fratri
2273 4564 2394 4625 tuo,
2427 4558 2531 4631 qui
2582 4558 2758 4615 Filius
2822 4558 2920 4615 Dei
2950 4564 3041 4615 est
3084 4574 3194 4631 per
3247 4562 3552 4624 naturam,

1891 4650 2064 4721 cujus
2094 4653 2158 4705 tu
2191 4664 2361 4704 soror
2387 4666 2449 4704 es
2475 4665 2583 4722 per
2609 4648 2886 4719 gratiam.
2921 4649 3196 4717 Congrue
3224 4646 3390 4713 dixit,
3426 4646 3559 4714 fra-

1892 4740 1975 4793 tri
2026 4746 2147 4807 tuo,
2200 4738 2344 4809 quia
2398 4738 2699 4810 sapientes
2758 4735 3184 4809 perfectionem
3233 4750 3360 4790 suae
3413 4731 3553 4788 ﬁdei

1887 4829 2048 4884 velut
2081 4827 2239 4883 mille
2270 4831 2586 4896 argenteos
2643 4826 2897 4881 Domino
2953 4824 3267 4888 dederunt,
3325 4836 3431 4894 per
3461 4836 3556 4875 co-

1889 4917 2219 4987 gnitionem
2286 4931 2597 4973 sacrarum
2650 4912 2925 4969 videlicet
2964 4912 3428 4984 Scripturarum.
3478 4910 3551 4966 In

1889 5009 2244 5074 velamento,
2268 5005 2482 5078 inquit,
2506 5005 2818 5060 oculorum
2840 5007 3104 5070 tuorum,
3126 4998 3191 5056 id
3216 5003 3308 5055 est
3332 4999 3393 5055 in
3419 5015 3556 5073 pro-

1889 5096 2205 5151 tectionem
2238 5111 2344 5165 per
2373 5097 2613 5149 sanctos
2663 5090 2938 5146 videlicet
2992 5089 3289 5147 doctores.
3337 5089 3453 5157 Qui
3480 5104 3557 5148 ea:

1888 5201 2001 5245 me,
2027 5200 2097 5240 ac
2126 5183 2173 5237 si
2204 5182 2452 5238 dixisset
2509 5185 2731 5252 aperte,
2764 5178 2843 5236 ad
2868 5178 3052 5236 ﬁdem
3086 5179 3450 5238 transierunt
3475 5177 3555 5235 ad

1890 5279 1963 5329 te.
1995 5273 2111 5345 Ipsi
2140 5286 2408 5342 namque
2440 5274 2579 5325 sunt
2605 5284 2799 5341 usque
2823 5267 3001 5325 hodie
3028 5268 3089 5326 in
3121 5267 3555 5340 protectionem

1889 5368 2111 5419 sancire
2144 5359 2243 5415 Dei
2272 5358 2567 5421 Ecclesiae,
2602 5359 2864 5414 maxime
2918 5357 3021 5431 qui
3052 5373 3125 5413 ex
3152 5357 3424 5411 humana
3455 5370 3550 5412 sa-

1889 5450 2113 5525 pientia
2138 5465 2209 5504 ac
2242 5448 2606 5504 sublimitate
2656 5446 3024 5518 prodierunt.
3075 5446 3471 5515 Lementoque
3499 5449 3555 5503 te

1890 5557 2011 5597 esse
2039 5539 2491 5609 deprehensam.
2522 5536 2969 5608 Dsprehensam
2996 5551 3057 5591 se
3090 5534 3381 5602 meminit,
3406 5534 3554 5607 quia

1889 5631 2053 5704 prius
2079 5627 2337 5684 Ecclesia
2365 5631 2678 5700 persecuta
2699 5631 2803 5686 est.
2831 5624 2937 5681 sed
2957 5625 3176 5682 intacta
3201 5624 3550 5696 permansit.

1891 5722 1971 5775 De
2000 5716 2343 5775 Abimelech
2368 5731 2614 5789 quoque
2670 5730 2808 5787 rege
2866 5714 3308 5773 Philistinorum
3352 5729 3552 5771 mora-

1890 5809 2021 5869 liter
2043 5822 2373 5882 possumus
2419 5804 2747 5875 intelligere
2793 5803 2963 5879 quod
3008 5806 3260 5865 Sanam
3302 5801 3555 5863 voluerit
