3942 6376
354 451 472 511 559

774 454 1185 514 HAYMONIS
1219 455 1764 515 HALBERS'I‘AT.
1799 454 2045 517 EPISC.
2079 455 2249 516 OPP.
2280 456 2485 517 PARS
2518 457 2566 516 Ι.
2602 491 2680 500 -
2709 457 3117 518 COMMENT.
3151 456 3350 517 BlllL.

3654 459 3779 517 560

342 584 643 658 redempti
674 601 882 642 sumus
912 586 985 641 de
1014 602 1195 642 manu
1225 585 1470 656 inimici,
1520 587 1603 644 id‘
1631 592 1721 645 est
1746 588 2003 657 Fdiaboli.
2037 591 2093 658 Α
2122 594 2261 647 runt
2288 590 2441 645 facta
2469 590 2768 660 mirando;
2801 595 2860 647 et
2888 590 2999 647 hoc
3027 595 3118 647 est
3150 590 3597 649 :«mirabiliain
3621 594 3780 649 terra

424 696 453 723 «
472 674 542 729 Et
569 675 798 746 operuit
824 691 1011 747 aquas
1036 674 1385 732 tribulantes
1417 695 1573 746 eos,»
1587 678 1808 734 scilicet
1837 680 2005 752 )Egy-

351 763 526 839 ptios,
560 762 643 819 ita
673 764 911 835 quidem
940 765 1095 836 quod
1132 787 1161 817 «
1192 784 1349 822 unus
1391 784 1460 821 ex
1507 768 1592 824 eis
1623 784 1738 823 non
1769 786 2006 824 reman-

348 853 426 907 sit
453 873 481 903 ››
518 851 619 925 qui
648 869 767 908 non
798 858 1182 925 mergeretur.

422 964 449 992 κ
482 942 554 996 Et
580 961 611 993 ››
632 945 773 997 tunc
806 942 915 1015 ipsi
950 945 1030 1000 ita
1060 946 1253 1001 educti
1284 970 1310 995 ι)
1333 948 1709 1003 crediderunt
1740 948 1799 1003 in
1830 950 2004 1004 verbo

343 1032 493 1103 ejus,
527 1034 586 1086 et
613 1030 1004 1089 laudaverunt
1033 1033 1267 1091 laudem
1303 1038 1491 1107 ejus,»
1515 1037 1572 1092 id
1604 1042 1694 1093 est
1722 1055 1854 1092 eum
1881 1056 2006 1110 pro-

344 1123 475 1194 pter
503 1119 827 1178 laudabilia
854 1123 1009 1179 facta
1041 1141 1169 1181 sua.

421 1231 451 1261 «
483 1209 608 1266 Cito
639 1211 922 1268 fecerunt.
961 1235 982 1263 υ
1019 1213 1159 1269 Pars
1206 1215 1396 1270 tertia.
1429 1215 1831 1285 Crediderunt,
1873 1216 2005 1272 lau-

345 1299 653 1372 daverunt,
683 1305 742 1357 et
764 1301 1029 1359 hocucito
1061 1302 1343 1373 fecerunt,
1380 1327 1406 1353 ››
1437 1304 1496 1360 id
1530 1309 1619 1362 est
1647 1305 2006 1375 transitorie,

349 1388 491 1461 quia
515 1412 545 1442 «
577 1389 745 1446 obliti
773 1394 915 1446 sunt
938 1408 1181 1463 operum
1211 1393 1341 1465 ejus
1360 1416 1387 1443 »
1406 1410 1534 1466 quae
1565 1394 1626 1450 in
1658 1394 1823 1451 eisin
1846 1395 2007 1451 omni

349 1479 609 1552 potentia
642 1481 1036 1549 ostenderat,«
1059 1486 1118 1537 et
1148 1499 1263 1538 non
1291 1483 1664 1539 sustinerunt
1692 1484 2007 1541 consilium

351 1569 505 1641 ejus,
537 1589 566 1620 »
599 1569 741 1641 quia
770 1586 905 1626 cum
938 1571 1094 1627 Deus
1112 1570 1286 1628 vellet
1305 1572 1390 1628 eis
1422 1573 1655 1628 differre
1686 1573 1883 1629 cibum
1908 1589 2012 1645 per

354 1659 653 1731 quoddam
685 1659 1022 1729 consilium,
1053 1661 1112 1717 id
1144 1665 1235 1717 est
1261 1662 1709 1734 providentiam,
1762 1666 1828 1718 ut
1875 1680 2008 1735 pro-

353 1747 522 1806 baret
545 1748 757 1818 eos,illi
788 1766 904 1806 non
935 1751 1476 1822 sustinuerunt,sed
1509 1751 1710 1808 statim
1737 1768 2009 1808 murmu-

350 1841 649 1897 raverunt.

421 1948 452 1978 ‹‹
485 1927 555 1987 Et
584 1928 1169 2002 concupieruntmon
1202 1930 1396 1987 solum
1426 1929 1758 1987 naturalem
1788 1930 2008 2000 cibum,

349 2019 416 2072 ut
443 2032 658 2089 panem
685 2021 745 2074 et
773 2034 1014 2092 aquam,
1045 2036 1173 2092 quae
1204 2020 1350 2076 bene
1380 2023 1624 2092 possent
1668 2019 1728 2075 in
1779 2020 2008 2076 deserto

322 2106 640 2178 sufﬁcere,
675 2107 778 2165 sed
816 2128 839 2157 ι
875 2108 1403 2182 concupiscentiae,
1438 2133 1465 2160 »
1498 2110 1557 2166 id
1604 2113 1696 2167 est
1726 2109 2007 2167 delicatos

346 2194 764 2263 cibos,scilicet
792 2213 926 2254 aves
957 2202 1016 2254 et
1045 2198 1411 2271 hujusmodi,
1444 2203 1502 2255 et
1531 2199 1642 2258 hoc
1657 2223 1683 2252 «
1718 2200 1778 2255 in
1810 2200 2006 2257 deser-

344 2288 430 2357 to,
458 2288 518 2342 et
546 2288 914 2343 tentaverunt
939 2288 1125 2344 Deum
1176 2282 1238 2344 in
1286 2289 1572 2362 inaquoso
1606 2313 1635 2340 »
1666 2289 2008 2347 dubitantes

346 2376 421 2432 de
451 2375 714 2448 potentia
738 2378 891 2448 ejus.

421 2484 451 2516 «
482 2465 553 2522 Et
586 2488 613 2514 »
644 2465 781 2523 licet
808 2466 894 2524 sic
924 2471 1219 2524 tentarent
1249 2469 1660 2537 Deum,tamen
1686 2493 1714 2519 ‹‹
1741 2469 1902 2524 dedit
1923 2468 2008 2525 eis

346 2551 693 2625 petitionem
741 2553 1006 2626 ipsorum
1042 2579 1069 2603 n
1100 2559 1159 2611 et
1206 2555 1316 2611 hoc
1366 2574 1552 2628 usque
1583 2558 1655 2612 ad
1688 2556 2008 2630 plenitudi-

351 2659 516 2699 nem:
545 2647 604 2699 et
632 2643 743 2700 hoc
772 2648 884 2715 est,
919 2668 945 2693 ‹‹
981 2649 1039 2700 et
1089 2644 1251 2700 misit
1278 2647 1646 2703 saturitatem
1678 2646 1739 2702 in
1778 2647 2007 2704 animas

350 2749 554 2789 eorum
577 2733 770 2806 (Exod.
805 2734 920 2809 xv).
959 2758 987 2784 ››

424 2846 452 2873 ‹‹
486 2823 558 2879 Et
588 2845 618 2873 »
648 2826 848 2880 tamen
878 2824 1146 2880 nondum
1178 2830 1575 2895 cessaverunt,
1610 2826 2010 2883 seduirritave-

351 2916 491 2970 runt
520 2913 759 2986 Moysen
790 2914 850 2970 in
883 2913 1114 2986 castris,
1147 2916 1338 2973 Aaron
1369 2920 1642 2972 sanctum
1685 2916 1943 2988 Domini,
1982 2937 2007 2959 ιι

350 3002 453 3075 qui
484 3002 888 3061 sanctiﬁcatus
916 3004 1125 3075 fuerat,
1178 3008 1235 3061 et
1280 3009 1496 3063 unctus
1534 3005 1594 3062 in
1645 3006 2005 3062 sacerdotem

349 3096 638 3167 praecepto
667 3093 922 3162 Domini,
957 3093 1126 3150 illum
1174 3096 1538 3153 sacerdotem
1582 3096 1815 3152 Domini
1847 3094 2005 3152 nole-

348 3184 495 3243 bant
521 3182 844 3256 suscipere,
874 3184 979 3241 sed
1009 3183 1323 3241 irritabant
1351 3184 1487 3240 inde
1518 3185 1775 3259 Moysen,
1807 3185 2005 3242 dicen-

346 3278 438 3332 tes
465 3289 602 3333 eum
632 3290 751 3330 non
779 3277 1068 3345 praecepto
1098 3273 1333 3330 Domini
1364 3274 1475 3331 hoc
1501 3274 1713 3346 egisse,
1736 3274 1835 3330 sed
1869 3274 2009 3346 quia

348 3363 590 3419 fratrem
621 3378 798 3418 suum
829 3361 1083 3418 exaltare
1109 3362 1344 3419 volebat
1372 3363 1561 3434 (Num.
1592 3366 1733 3433 xvr).

417 3451 492 3507 Et
511 3454 749 3522 propter
768 3448 932 3506 illam
955 3449 1342 3507 irritationem
1364 3474 1392 3501 ‹‹
1420 3456 1621 3525 aperta
1649 3456 1741 3508 est
1767 3452 2008 3522 terra,et

349 3538 662 3613 deglutivit
699 3538 952 3609 Dathan,
1003 3544 1059 3595 et
1104 3540 1335 3612 operuit
1380 3559 1559 3614 super
1605 3542 2005 3616 congregatio-

351 3644 487 3689 nem
515 3628 756 3695 Abiron,
775 3650 803 3679 »
833 3627 894 3684 id
924 3632 1012 3685 est
1042 3628 1349 3703 deglutivit
1378 3630 1617 3701 Abiron,
1651 3635 1709 3687 et
1737 3649 1908 3689 suam
1931 3632 2007 3689 fa-

351 3718 604 3789 miliam,
635 3722 694 3775 et
722 3734 784 3776 se
816 3736 995 3791 super
1022 3737 1153 3776 eam
1185 3718 1494 3777 conclusit.

421 3832 450 3862 ‹‹
473 3810 544 3866 Et
573 3808 633 3864 in
659 3811 956 3881 synagoga
987 3810 1312 3877 eorum,»id
1345 3813 1434 3865 est
1464 3810 1524 3865 in
1558 3811 2006 3884 congregatione

350 3896 749 3961 consentiente
761 3896 895 3954 istis
912 3899 1308 3970 praeceptis,ut
1323 3898 1591 3956 tollerent
1608 3901 2004 3957 sacerdotium

349 3989 423 4046 ab
467 3990 680 4056 Aaron,
734 3985 957 4044 scilicet
1002 3987 1188 4043 Cbore
1236 3992 1294 4043 ct
1339 3988 1480 4045 ﬁliis
1526 3989 1674 4059 suis,
1710 4011 1740 4041 α
1786 3989 2006 4046 exarsit

346 4077 505 4151 ignis
536 4100 565 4129 «
598 4076 660 4135 in
689 4080 944 4144 tantum,
972 4078 1424 4149 quoduﬂamma
1453 4079 1779 4135 combussit
1808 4096 2005 4151 pecca-

344 4172 523 4224 tores.
559 4189 583 4219 ι
626 4166 775 4224 Cum
825 4166 983 4223 enim
1032 4166 1217 4223 Chore
1268 4184 1403 4223 cum
1451 4167 1569 4224 illis
1616 4168 2001 4237 thuriﬁcaret,

346 4256 503 4330 ignis
531 4261 936 4326 conversus,et
966 4256 1558 4329 combussiteoszqui
1582 4256 1736 4329 ignis
1766 4256 2001 4330 signum

341 4347 459 4404 fuit
510 4344 739 4403 ardoris
787 4346 1273 4418 concupiscentia:
1320 4345 1605 4418 ipsorum.
1673 4346 2003 4403 Invidentes

344 4435 505 4492 enim
534 4437 748 4505 Aaron,
781 4434 1052 4492 volebant
1108 4452 1178 4492 ex
1226 4452 1288 4492 se
1334 4435 1595 4508 aliquem
1646 4436 2003 4493 constituere

344 4525 731 4584 sacerdotem.
1410 4586 1417 4593 ,
1488 4528 1491 4531 ’

416 4637 449 4667 ‹‹
478 4614 552 4671 Et
583 4636 611 4666 ››
643 4612 1313 4687 propterhoeaa'tulnm
1345 4613 2000 4671 fecerunt»conﬂatilem

2074 1520 2096 1541 ι
2118 1505 2146 1532 ‹‹
2182 1482 2241 1537 in
2274 1482 2692 1552 contractione,
2743 1504 2772 1532 ››

2040 1977 2088 2043 Β

2116 679 2299 735 Cham
2344 703 2370 728 »
2416 680 2473 734 in
2525 682 2729 735 eadem
2781 681 3061 753 tEgypto;
3099 680 3190 737 vel
3224 698 3326 753 per
3354 704 3383 732 «
3418 680 3715 737 mirabilia
3748 704 3779 732 ››

2114 772 2366 839 possunt
2391 767 2635 841 intelligi
2681 769 2965 824 beneﬁcia
3013 788 3143 841 qua:
3190 770 3329 825 fecit
3378 769 3463 825 eis
3514 770 3668 825 Deus
3715 770 3776 826 in

2115 858 2380 930 IEgypto.
2417 857 2593 913 Obliti
2627 862 2767 914 sunt
2802 881 2823 908 α
2857 858 3144 913 terribilia
3176 881 3205 908 »
3236 859 3386 916 facia
3433 881 3462 909 «
3515 858 3575 913 in
3626 859 3777 915 mari

2117 947 2334 1013 Rubro,
2372 970 2398 994 ››
2432 946 2574 1018 quia
2599 964 2734 1002 cum
2769 947 2967 1002 hostes
2999 952 3198 1004 essent
3226 947 3285 1001 in
3322 948 3469 1003 mari
3506 947 3775 1016 involuti,

2115 1035 2322 1091 timere
2354 1040 2671 1106 potuerunt
2702 1054 2773 1092 ne
2805 1035 2915 1091 sibi
2950 1036 3104 1091 idem
3138 1037 3522 1108 contingeret.

2189 1147 2216 1175 ‹‹
2251 1126 2321 1180 Et
2352 1148 2379 1173 ››
2413 1129 2553 1181 tunc
2583 1125 2908 1182 Dominus«
2927 1125 3207 1195 dixit,»id
3228 1131 3319 1182 est
3348 1126 3691 1198 disposuit,“
3710 1131 3779 1183 ut

2115 1213 2480 1287 disperderet
2508 1232 2631 1286 eos,
2670 1237 2697 1266 ››
2731 1215 2789 1271 id
2819 1219 2910 1272 est
2938 1215 3149 1288 dignos
3170 1215 3461 1287 judicavit
3490 1216 3776 1289 disperdi-

2115 1303 2382 1360 tionezet
2411 1303 2971 1377 disperdidisset,«si
3005 1321 3121 1361 non
3153 1303 3383 1378 Moyses
3411 1304 3628 1361 electus
3642 1306 3780 1377 ejus

2116 1392 2379 1449 stetisset
2405 1392 2467 1449 in
2498 1396 2814 1466 conspectu
2844 1392 2972 1464 ejus
3003 1416 3030 1447 ς(
3064 1409 3241 1449 orans
3270 1409 3374 1465 pro
3406 1392 3619 1468 populo
3649 1393 3775 1461 illo,

2821 1482 2882 1537 id
2931 1485 3021 1539 est
3068 1485 3327 1554 tempore
3357 1483 3775 1539 confractionis

2118 1570 2326 1627 futurae
2356 1570 2630 1640 illis.Vel,
2660 1571 2720 1625 in
2753 1570 3139 1641 confessione,
3174 1571 3231 1626 id
3282 1575 3371 1629 est
3414 1570 3777 1639 humilitate,

2119 1660 2260 1733 quia
2288 1659 2623 1717 humiliavit
2668 1678 2731 1716 se
2762 1678 2867 1733 pro
2914 1658 3000 1717 eis
3049 1660 3109 1715 in
3157 1664 3471 1732 conspectu
3514 1658 3774 1727 Domini,

2116 1749 2322 1814 dicens
2355 1767 2368 1806 :
2404 1749 2670 1820 Domine,
2703 1748 2831 1806 dele
2852 1766 2946 1805 me
2966 1749 3038 1805 de
3066 1748 3213 1805 libro
3243 1753 3343 1804 tuo
3375 1747 3571 1821 potius
3592 1764 3775 1822 quam

2120 1837 2404 1911 populum
2438 1838 2620 1895 istum
2654 1837 2851 1895 deleas
2882 1837 3089 1911 (Ιῡίἀ.).
3121 1837 3285 1895 Sicut
3310 1853 3446 1910 ergo
3486 1836 3776 1903 Dominus

2119 1944 2260 2001 erga
2288 1926 2421 1984 illos
2449 1928 2712 1984 oratione
2743 1927 2927 2001 Moysi
2956 1927 3224 2000 placatus
3255 1926 3457 1997 est,sic
3488 1931 3578 1983 est
3606 1926 3784 1985 intel-

2118 2017 2421 2091 ligendum
2444 2034 2580 2075 eum
2609 2018 2863 2091 singulis
2895 2018 3104 2074 diebus
3133 2017 3390 2090 peccatis
3412 2016 3629 2074 nostris
3649 2033 3778 2073 ora-

2118 2107 2277 2165 tione
2306 2107 2571 2163 ﬁdelium
2602 2106 2823 2180 placari
2856 2125 2870 2165 :
2905 2124 3011 2163 nec
3040 2112 3238 2164 tamen
3269 2123 3371 2179 per
3417 2103 3528 2163 hoc
3575 2105 3775 2163 divina

2118 2197 2484 2270 providentia
2513 2201 2797 2266 mutatur,
2829 2197 2971 2269 quia
3011 2197 3164 2253 sicut
3191 2196 3480 2254 Dominus
3508 2194 3775 2268 praevidit

2118 2302 2181 2341 se
2210 2285 2586 2358 placandum,
2619 2286 2703 2342 sic
2735 2286 3001 2360 praevidit
3045 2286 3157 2343 boc
3204 2287 3471 2343 futurum
3511 2283 3773 2345 oratione

2117 2375 2379 2431 ﬁdelium
2413 2393 2427 2430 :
2463 2380 2521 2434 et
2550 2377 2600 2432 si
2626 2376 2920 2434 orationes
2948 2392 3067 2432 non
3096 2376 3306 2432 ﬁerent
3341 2375 3468 2447 ipse
3497 2391 3611 2432 non
3642 2373 3772 2447 pla-

2117 2470 2368 2525 caretur.
2400 2467 2471 2522 Et
2494 2465 2630 2522 licet
2660 2467 2909 2540 Moyses,
2942 2483 3018 2523 ne
3040 2481 3355 2522 commune
3382 2465 3622 2521 exitium
3655 2463 3772 2520 Do-

2118 2555 2315 2611 minus
2356 2556 2568 2612 faceret
2598 2557 3030 2628 deprecaretur,
3078 2560 3277 2612 tamen
3325 2554 3452 2627 ipse
3497 2553 3619 2609 zelo
3667 2552 3774 2609 Dei

2117 2645 2698 2721 commotus,multos
2730 2645 2943 2701 occidit
2975 2662 2988 2701 :
3023 2644 3177 2702 sicut
3206 2642 3383 2701 etiam
3403 2642 3635 2715 judiees
3663 2641 3769 2697 ho-

2117 2735 2210 2791 die
2240 2734 2509 2791 Ecclesiae
2542 2753 2658 2791 non
2690 2739 2953 2808 peccant,
2999 2733 3154 2806 licet,
3186 2732 3306 2792 zelo
3336 2732 3437 2790 Dei
3466 2731 3767 2798 commoti,

2117 2825 2189 2882 de
2220 2823 2396 2882 malis
2422 2825 2745 2882 vindictam
2777 2825 3017 2883 faciant.

2190 2938 2218 2967 ‹‹
2255 2915 2546 2972 Stetissct.
2578 2936 2606 2969 ι»
2640 2917 2725 2972 Ad
2759 2915 2894 2985 hoc,
2926 2918 2991 2971 ut
3035 2917 3317 2971 averteret
3365 2911 3513 2969 iram
3560 2912 3708 2983 ejus,
3745 2933 3771 2964 ι

2116 3004 2175 3060 id
2207 3008 2297 3060 est
2324 3004 2449 3073 Dei,
2483 3029 2511 3056 «
2547 3022 2618 3062 ne
2649 3004 3011 3077 disperderet
3039 3020 3159 3073 eos,
3186 3026 3215 3053 ››
3245 3002 3303 3059 id
3335 3005 3424 3059 est
3452 3018 3523 3057 ne
3554 3000 3769 3057 faceret

2114 3094 2202 3151 eis
2236 3110 2617 3159 communem
2646 3094 2950 3150 interitum
2983 3093 3168 3166 (Num,
3201 3095 3339 3160 xxv).

2188 3183 2328 3241 Pars
2355 3188 2586 3257 quarta.
2620 3207 2648 3235 «
2678 3185 2750 3240 Et
2780 3206 2808 3233 ››
2840 3181 2977 3240 licet
3006 3183 3160 3240 Deus
3202 3180 3484 3238 beneﬁcia
3531 3179 3766 3237 fecisset

2114 3272 2222 3343 eis,
2255 3276 2455 3329 tamen
2487 3296 2514 3324 «
2547 3271 2998 3330 desiderabilem
3030 3276 3266 3341 terram,
3302 3294 3331 3321 «
3382 3269 3604 3327 scilicet
3631 3285 3763 3341 pro-

2033 3353 2077 3421 Β
2115 3362 2622 3442 missionis,quam
2647 3362 2802 3419 Deus
2832 3360 3203 3434 promiserat,
3237 3384 3264 3411 (ί
3298 3359 3629 3416 habuerunt
3656 3374 3762 3431 pro

2114 3450 2320 3521 nihilo,
2348 3474 2376 3503 ››
2399 3451 2540 3524 quia
2570 3468 2685 3509 non
2717 3451 3096 3509 crediderunt
3124 3449 3500 3524 promissioni
3531 3448 3649 3504 Dei.

2185 3564 2214 3591 ‹‹
2248 3541 2375 3597 Non
2406 3541 2783 3597 crediderunt
2811 3540 2986 3597 verbo
3016 3540 3145 3612 ejus
3193 3562 3222 3589 »
3271 3539 3342 3595 de
3377 3536 3764 3613 promissione

2076 3630 2215 3702 ,illa
2249 3647 2261 3687 :
2291 3630 2430 3702 quia
2459 3629 2706 3687 reversis
2736 3628 3201 3702 exploratoribus
3250 3628 3394 3696 suis,
3448 3643 3581 3684 cum
3621 3644 3765 3683 nun-

2113 3721 2327 3777 tiarent
2356 3725 2575 3777 terram
2622 3720 2768 3776 satis
2817 3719 3032 3777 bonam
3081 3735 3232 3787 esse,
3285 3721 3342 3777 et
3370 3716 3446 3781 ,in
3495 3732 3561 3781 ea
3607 3716 3761 3772 viros

2114 3824 2367 3881 quorum
2401 3825 2558 3866 unus
2584 3812 2824 3871 centum
2853 3807 3199 3865 Judaaorum
3234 3810 3439 3887 posset
3479 3804 3758 3874 occidere,

2114 3922 2141 3949 ‹‹
2176 3902 2234 3953 et
2263 3920 2289 3947 »
2313 3898 2442 3954 ideo
2474 3902 2994 3955 murmuraverunt
3022 3897 3083 3953 in
3112 3894 3507 3953 tabernaCulis
3526 3894 3650 3951 suis
3668 3894 3756 3950 di-

2113 3991 2310 4043 centes
2345 4004 2360 4043 :
2394 3992 2738 4055 Quaeramus
2768 3987 2980 4047 ducem
3013 3984 3204 4057 nobis,
3228 3988 3285 4041 et
3314 3988 3671 4041 revertamur
3698 3982 3756 4038 in

2112 4079 2448 4150 IEgyptum,
2482 4076 2695 4133 melius
2716 4076 2875 4135 enim
2906 4079 3062 4134 esset
3093 4074 3261 4131 nobis
3300 4073 3492 4130 adhuc
3536 4072 3598 4129 in
3641 4089 3757 4137 ser-

2112 4167 2295 4224 vitute
2326 4175 2504 4239 quam
2536 4167 2596 4222 in
2627 4181 2828 4239 pugna
2856 4166 3105 4222 istorum
3137 4163 3324 4237 perire
3356 4163 3539 4234 (Num.
3571 4160 3753 4233 xxvr):

2112 4280 2141 4308 ‹‹
2175 4273 2293 4312 non
2324 4255 2713 4313 exaudierunt
2740 4271 2941 4313 vocem
2978 4253 3214 4311 Domini
3261 4278 3284 4308 ι
3342 4252 3483 4325 quia
3529 4250 3758 4308 dubita-

2109 4350 2319 4404 verunt
2350 4346 2606 4402 de.terra
2635 4343 2737 4402 illa
2766 4360 2946 4418 quam
2978 4345 3133 4402 Deus
3159 4343 3244 4401 eis
3266 4341 3635 4416 promiserat.

2183 4459 2211 4486 «
2245 4436 2315 4491 Et
2345 4457 2374 4486 »
2404 4439 2547 4492 tunc
2578 4433 2865 4491 Dominus
2895 4457 2924 4485 α
2960 4433 3203 4493 elevavit
3234 4447 3475 4493 manum
3505 4444 3695 4498 suam,
3729 4449 3758 4477 »ι

2109 4524 2168 4581 id
2199 4528 2289 4581 est
2318 4524 2544 4598 paravit
2572 4540 2636 4581 se
2669 4524 2741 4581 ad
2770 4524 3091 4581 vindictam
3140 4522 3468 4580 faciendam
3508 4543 3536 4573 «
3586 4534 3761 4591 super

2110 4630 2232 4683 eos,
2262 4618 2328 4671 ut
2360 4617 2755 4687 prosterneret
2783 4629 2883 4670 eos
2911 4612 2971 4670 in
3005 4613 3255 4670 deserto.
3291 4634 3320 4661 ››

342 4726 377 4757 α
409 4704 471 4760 in
499 4702 709 4774 Or'eb,»
740 4703 800 4760 in
833 4703 959 4759 loco
986 4702 1358 4775 illo,quando
1390 4703 1620 4776 Moyses
1648 4704 1710 4759 in
1740 4708 2001 4761 montem
2031 4732 2079 4797 Β
2186 4724 2212 4753 ι
2242 4704 2311 4759 Et
2346 4726 2368 4756 ιο
2404 4720 2521 4759 non
2547 4706 2780 4759 tantum
2807 4719 2927 4771 eos,
2960 4702 3065 4759 sed
3098 4726 3128 4755 «
3160 4706 3232 4797 ut
3250 4700 3524 4779 dejiceret
3561 4713 3757 4797 semen

346 4792 613 4849 ascendit
671 4792 744 4848 ad
803 4792 1142 4847 Dominum.
1201 4793 1530 4864 Coegerunt
1584 4792 1742 4849 enim
1812 4793 2001 4849 Judazi
2031 4786 2075 4797 ”
2112 4809 2315 4849 eorum
2346 4792 2407 4847 in
2439 4791 2903 4863 nationibus,»id
2925 4795 3015 4848 est
3044 4808 3148 4864 per
3176 4790 3437 4847 diversas
3457 4786 3754 4844 nationes:

342 4884 568 4951 Aaron,
608 4885 676 4938 ut
704 4882 939 4937 ‘faceret
983 4881 1068 4937 eis
1114 4880 1367 4937 vitulum
1417 4881 1771 4938 conﬁatilem
1808 4882 2002 4953 (Exod.

343 4970 540 5046 mu),
572 4975 631 5027 et
658 4970 784 5044 ipse
816 4969 1115 5027 consensit
1143 4970 1247 5039 eis,
1282 4971 1498 5043 partim
1525 4972 2002 5045 coactus,partim

343 5060 664 5133 cupiditate
714 5059 1006 5133 pecuniae;
1058 5083 1085 5108 ‹‹
1138 5064 1194 5115 et
1241 5061 1633 5116 adoraverunt
1666 5061 1939 5133 sculptile
1973 5085 2001 5112 ››

342 5148 511 5205 illud.

418 5260 441 5289 ι
464 5239 570 5294 Et»
594 5238 677 5293 ita
706 5261 733 5289 ››
770 5241 1146 5294 mutaverunt
1174 5236 1423 5311 gloriam
1457 5239 1751 5306 suam,»id
1784 5244 1873 5295 est
1895 5240 2003 5296 Do-

340 5325 507 5395 mini,
541 5326 642 5398 qui
675 5332 799 5383 erat
830 5325 1016 5398 gloria
1044 5342 1304 5395 eorum,«
1339 5326 1398 5380 in
1428 5325 1877 5384 similitudinem
1909 5329 1999 5385 vi-

336 5414 448 5470 tuli
479 5416 839 5472 comedentis
871 5415 1440 5471 fenum.»Honorem
1463 5415 1727 5471 debitum
1762 5435 1877 5473 non
1902 5424 1994 5474 at.—

339 5501 675 5557 tribuerunt
703 5521 839 5559 vero
866 5502 1071 5571 vitulo,
1104 5505 1204 5559 sed
1231 5503 1548 5561 simulacro
1580 5504 1769 5561 vituli.

411 5589 509 5644 Sic
539 5593 763 5660 agendo
794 5616 822 5645 ‹‹
856 5591 1022 5647 obliti
1050 5597 1191 5647 sunt
1220 5594 1547 5666 Deum,qui
1581 5596 1829 5653 salvavit
1853 5615 1996 5653 eos»

342 5676 417 5731 ab
450 5675 751 5749 Egyptiis,
786 5704 813 5731 ι(
850 5678 951 5750 qui
994 5679 1128 5735 fecit
1158 5682 1474 5753 magnalia,
1512 5707 1538 5733 ››
1572 5685 1628 5739 id
1664 5691 1753 5741 est
1784 5704 1999 5758 magna

336 5760 523 5824 facta,
561 5780 585 5810 σι
618 5764 675 5819 in
707 5770 950 5838 Aﬁgypto
983 5788 1011 5813 »
1045 5769 1115 5821 ad
1146 5787 1246 5827 eos
1275 5772 1632 5842 liberandos,
1666 5778 1723 5827 et
1751 5774 1853 5831 illa
1872 5776 1997 5830 fue-

2116 4885 2173 4937 et
2202 4882 2284 4937 ita
2312 4881 2606 4953 dejiceret,
2631 4886 2697 4937 ut
2727 4898 2842 4939 non
2874 4884 3072 4937 essent
3114 4878 3369 4946 similes,
3392 4876 3530 4949 quia
3558 4890 3756 4931 eorum

2112 4971 2412 5044 generatio
2443 4971 2781 5043 superbiam
2813 4971 3163 5043 generabat;
3214 4969 3314 5024 sed
3364 4966 3559 5039 potius
3603 4988 3628 5014 «
3673 4964 3758 5019 di-

2111 5065 2411 5134 spergeret
2458 5077 2556 5116 eos
2605 5060 2665 5116 in
2713 5058 3073 5132 regionibus,
3109 5081 3137 5108 ››
3170 5059 3228 5113 id
3259 5061 3348 5113 est
3385 5072 3489 5128 per
3533 5053 3759 5127 longin-

2111 5167 2261 5221 quas
2292 5149 2581 5221 regiones.

2181 5262 2208 5288 ‹‹
2242 5239 2312 5294 Et
2346 5260 2373 5288 ››
2405 5238 2614 5294 merito
2648 5237 3128 5311 disperdiderunt
3155 5236 3343 5309 (Num.
3369 5232 3627 5307 xv),quia
3647 5231 3759 5304 ipsi

2110 5350 2138 5377 «
2173 5327 2388 5384 initiati
2422 5330 2580 5395 sunt,
2621 5349 2648 5376 ››
2683 5328 2935 5400 passive,
2964 5327 3022 5383 id
3052 5331 3144 5382 est
3175 5323 3519 5393 consecrati,
3555 5324 3619 5376 ut
3648 5320 3761 5377 alia

2106 5416 2414 5474 translatio
2444 5415 2937 5487 habet,uBeel,»id
2968 5420 3058 5472 est
3086 5414 3241 5472 idolo
3274 5412 3381 5482 illi,
3416 5436 3441 5462 «
3484 5410 3704 5484 phegor
3734 5432 3762 5458 »

2106 5506 2268 5562 illius
2301 5505 2433 5573 loci,
2468 5505 2693 5561 scilicet
2722 5505 2948 5578 Priapo,
2980 5506 3081 5578 qui
3112 5510 3205 5562 est
3235 5505 3379 5560 deus
3409 5498 3710 5573 tentiginis
3742 5515 3756 5553 :

2107 5597 2597 5669 phegornamque
2611 5596 2833 5668 tentigo
2845 5595 2860 5649 i
2871 5592 3373 5668 nterpretatur,vel
3389 5589 3599 5661 Beelpb
3607 5605 3762 5660 eger,

2109 5687 2165 5741 id
2198 5690 2289 5741 est
2316 5685 2464 5740 deus
2494 5683 2819 5755 tentiginis.
2855 5708 2882 5735 «
2918 5684 3019 5740 Vel
3068 5682 3282 5739 initiati
3332 5685 3473 5737 sunt
3516 5701 3545 5727 »
3577 5681 3762 5750 potest

2110 5773 2222 5848 legi
2254 5774 2469 5842 active;
2498 5772 2581 5829 sic
2608 5795 2635 5823 ‹‹
2670 5772 2885 5830 initiati
2918 5778 3079 5844 sunt,
3116 5772 3173 5829 id
3204 5776 3294 5830 est
3320 5771 3673 5828 devoverant
3702 5782 3762 5824 se
