3942 6390
192 457 307 520 561

1373 457 1879 521 EXPLANATIO
1922 457 2001 519 IN
2045 460 2193 523 PSA
2206 460 2431 523 LMOS.

3500 466 3621 527 562
3646 440 3651 445 ’

184 591 273 648 illi
305 589 482 648 idolo.
519 611 542 637 «
572 588 969 647 Comederunt
997 588 1288 646 sacrificia
1318 594 1709 661 mortuorum,
1734 617 1762 649 ι)
1792 592 1851 647 id
1881 592 1939 660 Α
1967 595 2024 649 et
2052 593 2471 650 traditionibus
2504 592 2801 651 seniorum
2837 610 2849 651 :
2884 593 3046 668 quia,
3078 596 3346 655 dimissis
3374 614 3622 672 praecep-

184 686 276 739 est
296 680 641 754 idolothyta,
675 677 897 736 scilicet
917 696 1152 737 carnem
1182 680 1577 738 sacrificatum
1604 682 1847 739 simula-

184 772 303 828 cris
331 773 727 826 mortuorum.

266 882 294 912 (ι
327 861 397 917 Et
420 862 565 915 tunc
594 873 622 905 ν
654 858 1032 914 irritaverunt
1075 877 1211 916 eum
1240 859 1299 915 in
1335 860 1849 917 adinventionibus

184 951 338 1017 suis,
369 949 430 1004 in
463 948 573 1004 hoc
601 948 759 1020 quod
791 951 932 1004 sunt
979 948 1273 1005 commisti
1320 949 1679 1018 Madianitis,
1713 950 1851 1022 quia

185 1038 556 1114 prohibitum
586 1042 711 1095 erat
740 1053 812 1093 ne
846 1053 980 1094 cum
1011 1038 1303 1093 extraneis
1324 1038 1672 1095 mulieribus
1696 1056 1850 1094 com-

187 1129 598 1197 miscerentur,
642 1143 896 1200 quarum
950 1127 1196 1183 consilio
1247 1129 1638 1183 adoraveruut
1686 1129 1866 1192 Βραι-⁴

188 1217 447 1291 phegor;
480 1238 509 1266 «
538 1218 596 1273 et
622 1235 653 1268 ι
690 1215 819 1271 ideo
845 1238 875 1265 ‹‹
905 1215 1297 1287 multiplicata
1340 1220 1430 1272 est
1478 1217 1537 1270 in
1587 1216 1674 1272 eis
1725 1217 1847 1272 rui-

185 1324 292 1375 na,
328 1328 350 1356 ι
383 1304 522 1378 quia
552 1304 626 1361 ab
660 1304 808 1377 ipsis
839 1304 1009 1360 multi
1042 1308 1181 1360 sunt
1211 1304 1519 1361 interfecti.

260 1418 288 1446 ‹‹
320 1395 391 1451 Et
426 1416 447 1445 α
481 1399 624 1451 tunc
653 1392 713 1451 in
745 1393 845 1449 illo
877 1393 1134 1467 periculo
1166 1418 1195 1444 ‹‹
1229 1394 1393 1450 stetit
1425 1394 1669 1451 Phinees
1691 1416 1719 1445 »
1748 1413 1849 1468 pu-

187 1502 290 1541 rus
321 1487 536 1551 mente,
570 1484 711 1555 quia
740 1499 856 1539 non
881 1484 1143 1556 peccavit
1172 1500 1306 1539 eum
1339 1484 1491 1552 aliis,
1513 1508 1541 1535 «
1575 1489 1632 1539 et
1659 1484 1849 1557 placas

186 1574 272 1630 vit
301 1593 325 1618 ι’
359 1573 675 1629 Dominum
708 1572 1087 1645 perfodiendo
1128 1572 1400 1629 Judazum
1433 1590 1570 1628 cum
1623 1572 1844 1629 Madia-

187 1663 308 1719 nite
335 1660 737 1719 commistum.
775 1681 799 1712 ε
830 1663 902 1717 Et
936 1684 957 1712 ι
992 1665 1134 1717 tunc
1166 1684 1195 1711 ‹‹
1229 1662 1551 1734 quassatio,
1589 1681 1612 1706 η
1654 1662 1712 1718 id
1755 1666 1845 1718 est

186 1751 380 1819 ruina,
416 1773 445 1802 ‹‹
479 1751 747 1820 cessavit,
787 1770 811 1803 ι
844 1750 1071 1807 scilicet
1097 1767 1275 1824 quam
1308 1751 1701 1824 patiebantur.

262 1860 286 1896 ι
321 1842 392 1897 Et
422 1844 760 1914 reputatum
794 1844 883 1897 est
911 1841 963 1896 ei
993 1840 1052 1895 in
1064 1840 1363 1912 justitiam
1394 1841 1454 1895 in
1472 1840 1845 1912 generatione

188 1934 248 1987 et
291 1929 727 2004 generationem
777 1945 966 2001 usque
1010 1930 1068 1984 in
1134 1929 1608 2001 sempiternum;
1658 1951 1686 1977 »
1737 1928 1846 1984 hoc

189 2021 350 2093 quod
382 2020 503 2075 zelo
534 2019 636 2075 Dei
670 2017 961 2091 percussit
991 2017 1183 2087 illum,
1218 2034 1334 2073 non
1367 2021 1456 2073 est
1493 2016 1578 2072 illi
1612 2021 1847 2090 reputa-

190 2112 321 2165 tum
352 2108 412 2163 in
443 2107 854 2164 homicidium.

266 2212 295 2245 α
322 2197 395 2253 Et
423 2197 821 2253 irritaverunt.
850 2212 881 2248 υ
920 2196 1060 2252 Pars
1091 2195 1321 2268 quinta.
1346 2197 1416 2251 Et
1436 2195 1572 2251 licet
1587 2196 1743 2252 Deus
1766 2196 1850 2252 sic

190 2286 553 2343 vindicasset
582 2286 642 2342 in
666 2286 915 2358 eos,ipsi
947 2290 1144 2341 tamen
1175 2302 1293 2340 non
1325 2289 1723 2353 cessaverunt,
1747 2286 1849 2341 sed

193 2374 374 2433 etiam
406 2376 602 2448 ipsum
638 2375 875 2448 Moysen
911 2391 1113 2431 secum
1154 2392 1396 2448 peccare
1448 2376 1714 2431 fecerunt
1747 2392 1760 2429 :
1796 2378 1853 2455 et

190 2465 308 2522 hoc
337 2469 447 2534 est,
479 2486 508 2515 «
542 2469 598 2522 et
626 2465 1004 2521 irritaverunt
1033 2481 1168 2520 eum
1200 2465 1272 2520 ad
1304 2481 1489 2536 aquas
1520 2464 1853 2520 contradic-

194 2552 395 2623 tionis,
443 2574 471 2608 η
525 2554 627 2610 ubi
679 2554 907 2626 Moyses
952 2554 1124 2625 ejecit
1171 2554 1256 2610 eis
1304 2570 1521 2627 aquam
1573 2554 1645 2608 de
1690 2557 1855 2625 petra

194 2644 385 2715 (Num.
419 2646 532 2714 xx),
559 2645 730 2716 juxta
757 2648 975 2699 terram
1005 2643 1437 2715 promissionis,
1471 2643 1707 2715 quando
1731 2643 1856 2715 jur-

192 2732 317 2807 gati
363 2736 504 2789 sunt
552 2731 655 2788 ﬁlii
704 2731 904 2800 Israel,
949 2731 1207 2787 dicentes
1266 2733 1422 2804 quod
1483 2749 1599 2787 non
1658 2735 1858 2804 posset

195 2837 414 2893 aquam
446 2822 518 2878 de
549 2824 713 2894 petra
742 2821 1083 2893 producere,
1104 2843 1125 2870 ι
1161 2824 1219 2875 et
1250 2823 1490 2876 vexatus
1519 2824 1609 2875 est
1630 2821 1858 2894 Moyses

203 2914 445 2982 propter
474 2927 591 2979 eos,
628 2930 657 2957 »
690 2908 748 2963 id
779 2911 869 2963 est
896 2908 1170 2963 turbatus
1219 2913 1310 2964 est
1359 2909 1431 2963 ab
1482 2908 1621 2975 illis,
1662 2928 1685 2957 ι
1720 2909 1859 2981 quia

192 2998 689 3054 exacerbaverunt
720 2995 994 3066 spiritum
1026 2995 1174 3065 ejus,
1207 3014 1235 3047 υ
1272 2995 1331 3049 id
1363 2998 1453 3050 est
1481 3011 1618 3050 eum
1640 2994 1857 3050 iratum

202 3103 314 3159 pro
347 3101 456 3139 sua
483 3081 895 3138 incredulitate
929 3083 1192 3138 iecerunt
1221 3086 1277 3138 et
1307 3084 1606 3138 acerbum.

280 3193 309 3226 ει
338 3173 407 3228 Et
438 3190 469 3224 π
498 3170 637 3243 quia
666 3174 1000 3226 commotus
1033 3170 1140 3225 fuit
1171 3172 1243 3226 ab
1272 3169 1410 3239 illis,
1451 3190 1480 3224 ι
1510 3170 1777 3226 distinxit
1800 3172 1859 3226 in

199 3261 381 3319 labiis
402 3260 547 3327 suis,
568 3282 589 3309 ι
616 3259 675 3314 id
698 3263 787 3314 est
812 3258 1611 3315 aliteretnimisconfidenter
1628 3259 1861 3315 locutus

1960 680 2036 738 tis
2066 681 2188 752 Dei,
2225 684 2626 756 sequebantur
2654 684 3001 741 traditiones
3034 703 3195 742 suas.

2033 801 2058 827 α
2088 773 2158 827 Et
2188 776 2330 827 tunc
2357 772 2542 828 iratus
2574 777 2664 829 est
2694 773 3002 842 Dominus,
3034 799 3062 832 ι)
3111 776 3168 830 id
3220 780 3312 831 est
3359 776 3624 834 exhibuit

1960 860 2233 915 effectum
2284 860 2415 915 irati
2450 883 2473 907 «
2507 861 2567 916 in
2620 860 2905 933 populum
2949 879 3149 930 suum,
3185 880 3209 905 υ
3246 867 3305 917 et
3334 863 3442 919 hoc
3476 885 3500 909 ιι
3533 864 3623 920 fu-

1962 965 2111 1017 rore,
2146 968 2169 992 »
2204 947 2261 1004 id
2296 953 2386 1005 est
2414 950 2575 1022 gravi
2612 950 2717 1017 ira,
2755 974 2779 997 α
2810 955 2868 1006 et
2898 951 3273 1007 abominatus
3321 956 3411 1007 est
3439 952 3621 1009 haere-

1960 1036 2205 1093 ditatem
2238 1056 2430 1106 suam,
2462 1057 2485 1081 ι)
2512 1039 2642 1110 jam
2675 1056 2791 1093 non
2824 1055 3041 1095 curans
3072 1057 3171 1095 eos
3222 1038 3392 1112 quasi
3441 1040 3622 1097 haere-

1962 1124 2206 1182 ditatem
2269 1127 2598 1182 defendere.
2636 1129 2762 1182 «Et
2809 1141 2838 1174 ι)
2879 1127 3008 1183 ideo
3056 1152 3080 1181 υ
3117 1129 3362 1184 tradidit
3408 1144 3508 1199 eos
3558 1129 3617 1184 in

1959 1232 2175 1271 manus
2224 1214 2515 1288 gentium,
2551 1229 2579 1261 ιο
2613 1216 2753 1288 quia
2801 1220 2942 1271 tunc
2993 1220 3132 1273 sunt
3183 1235 3217 1272 a
3265 1216 3619 1273 Philistbaais

1958 1304 2168 1360 devicti
2227 1325 2251 1349 «ι
2309 1309 2367 1361 et
2424 1304 2708 1361 dominati
2769 1310 2908 1362 sunt
2963 1324 3163 1363 eorum
3215 1307 3317 1381 qui
3368 1306 3620 1364 oderunt

1957 1412 2077 1463 eos,
2111 1421 2136 1447 ι»
2170 1393 2395 1450 scilicet
2428 1394 2750 1450 Philisthzei
2782 1400 2839 1451 et
2869 1395 2988 1451 alii.

2031 1510 2054 1536 ‹‹
2086 1484 2157 1539 Et
2186 1488 2325 1539 tunc
2356 1482 2785 1540 tribulaverunt
2809 1502 2908 1540 eos
2939 1483 3161 1540 inimici
3192 1501 3417 1555 eorum,
3437 1488 3495 1541 et
3513 1485 3620 1541 hu-

1958 1571 2167 1628 miliati
2200 1576 2398 1641 sunt,»
2434 1572 2491 1627 id
2525 1576 2614 1628 est
2638 1572 2895 1628 multum
2928 1573 3129 1629 afﬂicti
3156 1593 3179 1616 «
3203 1574 3313 1629 sub
3337 1573 3615 1631 manibus

1956 1678 2160 1717 eorum
2195 1677 2209 1716 :
2245 1683 2269 1708 «
2300 1661 2589 1717 Dominus
2619 1665 2815 1717 tamen
2849 1682 2872 1705 «
2906 1680 3058 1735 saepe
3091 1661 3359 1719 liberavit
3386 1678 3507 1718 eos.
3538 1689 3568 1721 ιι

2031 1771 2056 1796 κ
2087 1750 2204 1822 Ipsi
2237 1754 2437 1806 autem
2470 1768 2494 1794 η
2529 1750 2680 1805 hanc
2710 1750 3120 1807 liberationem
3156 1768 3273 1807 non
3305 1752 3616 1808 attenden—

1958 1844 2068 1908 tes,
2104 1862 2128 1888 «
2161 1840 2655 1895 exacerbaveruut
2685 1855 2821 1894 eum
2854 1839 2914 1894 in
2948 1839 3192 1895 consilio
3220 1858 3350 1910 suo,
3383 1860 3409 1884 ι»
3441 1840 3498 1896 id
3528 1844 3620 1897 est

1958 1928 2289 1996 consulte,«
2321 1931 2378 1984 et
2408 1925 2705 1983 humiliati
2738 1931 2876 1983 sunt
2904 1927 2966 1983 in
2998 1927 3413 2000 iniquitatibus
3429 1928 3610 1998 suis,»

1958 2017 2017 2073 id
2050 2021 2140 2073 est
2171 2020 2407 2090 propter
2432 2016 2777 2088 iniquitates
2808 2033 2949 2073 suas
2978 2020 3118 2073 sunt
3157 2016 3357 2075 afﬂicti
3407 2016 3614 2074 multis

1959 2106 2173 2162 modis.

2037 2218 2061 2242 α
2073 2197 2145 2251 Et
2161 2212 2296 2250 cum
2310 2212 2334 2237 ι)
2348 2193 2470 2266 "ipsi
2490 2194 2574 2249 ita
2596 2222 2619 2248 ‹‹
2644 2193 3243 2264 tribularentur,vidit
3261 2218 3289 2245 ››
3304 2194 3612 2265 Dominus,

1960 2289 2018 2342 et
2038 2284 2316 2340 misertus
2338 2288 2429 2339 est
2448 2299 2649 2339 eorum
2666 2308 2688 2332 ‹‹
2703 2287 2759 2338 et
2782 2283 3338 2340 audivitorationem
3351 2302 3613 2354 eorum,»

1962 2373 2020 2429 id
2054 2379 2145 2429 est
2173 2372 2442 2428 liberavit
2470 2389 2589 2440 eos,
2623 2376 2681 2428 et
2711 2373 2850 2445 quia
2878 2373 3336 2443 tribulabantur,
3369 2378 3428 2429 et
3474 2371 3645 2446 quia.

1963 2462 2301 2519 clamabant
2320 2462 2393 2517 ad
2415 2478 2573 2517 eum.
2591 2483 2614 2507 «
2633 2461 2702 2516 Et
2723 2478 2948 2518 memor
2964 2462 3611 2535 fuitTestamentisui,»

1962 2551 2021 2606 id
2072 2555 2162 2607 est
2206 2548 2618 2622 promissionis
2665 2550 2831 2606 factae
2876 2551 3123 2606 Abrahae
3167 2552 3319 2621 (Gen.
3360 2555 3527 2623 χχιι),
3557 2553 3618 2608 in

1965 2640 2137 2711 cujus
2169 2639 2392 2694 semine
2409 2655 2525 2694 non
2556 2638 2903 2711 impleretur
2918 2639 3231 2712 promissio
3263 2658 3441 2713 quam
3465 2642 3620 2700 Deus

1966 2729 2200 2796 fecerat,
2215 2727 2329 2782 nisi
2353 2742 2452 2784 eos
2474 2732 2751 2783 servaret.
2778 2745 2802 2770 «ι
2824 2729 2895 2784 Et
2916 2728 3189 2801 paenituit
3208 2748 3365 2799 eum,
3389 2752 3413 2780 ιι
3435 2730 3495 2790 id
3527 2736 3619 2793 est

1966 2819 2347 2874 immutatum
2381 2816 2601 2871 factum
2633 2821 2723 2871 est
2748 2838 2770 2861 α
2804 2819 3131 2873 secundum
3175 2819 3618 2876 multitudinem

1968 2905 2378 2963 misericordiae
2411 2922 2550 2972 suae,
2584 2921 2699 2959 non
2730 2922 2833 2977 pro
2864 2906 3090 2962 meritis
3126 2923 3354 2973 eorum,
3384 2909 3486 2964 sed
3533 2924 3619 2965 se-

1968 2995 2229 3052 cundum
2262 2992 2723 3048 misericordiam
2750 3010 2942 3062 suam,
2978 3012 3103 3067 qum
3135 2996 3325 3052 multa
3353 2998 3487 3067 est.“
3594 3008 3599 3013 ‘
3644 2992 3657 3017 ⁸

2042 3104 2067 3129 «ι
2098 3084 2171 3138 Et
2200 3082 2362 3137 dedit
2395 3098 2494 3137 eos
2524 3081 2586 3137 in
2616 3081 3072 3154 misericordias,
3105 3104 3130 3129 ι)
3164 3084 3317 3141 sicut
3355 3086 3615 3159 Petrum,

1970 3178 2027 3230 et
2058 3173 2326 3241 Paulum,
2356 3175 2414 3226 et
2442 3170 2825 3243 Stephanum,
2860 3174 2917 3226 et
2939 3172 3109 3249 alios
3132 3173 3351 3245 quibus
3379 3180 3620 3248 peccata

1971 3259 2356 3327 condonavit;
2384 3264 2441 3315 et
2469 3259 2528 3314 in
2558 3260 2644 3315 eis
2676 3258 3121 3317 multitudinem
3140 3262 3386 3335 jusﬁtize
3418 3263 3618 3321 multi-

203 3349 321 3406 fuit
338 3350 409 3405 ad
438 3348 570 3405 illos
602 3363 780 3420 quam
812 3346 1243 3416 consuevisset;
1264 3347 1443 3421 veluti
1485 3348 1728 3420 quidam
1768 3348 1855 3403 di-
1886 3339 1930 3405 C
1969 3349 2239 3424 plicavit;
2273 3352 2331 3404 et
2357 3348 2469 3431 hoc
2486 3344 2641 3435 βρεμι
2673 3348 2733 3403 iii
2764 3342 3081 3423 conspéctu
3104 3348 3369 3407 omnium
3403 3350 3505 3425 qui
3531 3346 3618 3427 cel
3648 3342 3661 3377 τ

205 3444 368 3506 eunt,
388 3440 855 3511 praesumptuose
873 3437 1046 3492 dixit:
1064 3437 1340 3510 Nunquid
1358 3438 1682 3510 poterimus
1692 3438 1857 3494 vobis

197 3526 449 3584 educere
473 3527 541 3582 de
559 3531 724 3600 petra
740 3526 995 3598 aquam?
1011 3530 1122 3582 etc.
1140 3528 1211 3581 Et
1224 3526 1441 3595 iterum
1465 3526 1623 3581 aliud
1648 3543 1857 3599 pecca-

196 3620 330 3672 tum
362 3618 689 3686 enumerat,
710 3602 907 3670 diCens
933 3633 945 3669 :
972 3636 999 3664 ‹‹
1026 3615 1150 3671 Non
1163 3614 1639 3687 disperdiderunt
1654 3620 1858 3687 gentes

200 3721 351 3777 quas
383 3704 596 3772 dixit,»
625 3703 682 3759 id
716 3707 804 3759 est
836 3704 1128 3776 praecepit,
1156 3727 1183 3753 «
1209 3704 1494 3759 Dominus
1507 3704 1804 3760 Deus‘illis
1823 3723 1850 3756 η

201 3798 270 3849 ut
299 3792 725 3865 disperderent.
744 3792 1022 3864 Praecepit
1052 3792 1209 3848 enim
1242 3793 1528 3849 Dominus
1556 3798 1622 3849 ut
1642 3793 1858 3867 disper-
1890 3792 1899 3803 '

201 3884 411 3939 derent
440 3881 573 3937 illas
605 3886 807 3955 gentes
839 3882 910 3937 de
940 3886 1097 3937 terra
1126 3882 1425 3951 Chanaan,
1463 3882 1686 3939 scilicet
1723 3900 1860 3955 pro-

204 3970 533 4042 missionis,
565 3985 637 4026 ne
679 3985 881 4026 eorum
933 3970 1419 4027 consuetudinem
1472 3970 1859 4041 addiscerent,

203 4064 263 4117 et
291 4076 396 4131 per
426 4058 588 4114 illam
619 4059 690 4114 ad
723 4057 1016 4114 culturam
1049 4057 1340 4115 idolorum
1362 4062 1752 4116 moverentur.

277 4147 404 4204 Non
428 4146 921 4219 disperdiderunt,
938 4148 1039 4203 sed
1058 4146 1256 4219 potius
1271 4176 1293 4200 ‹‹
1315 4147 1611 4204 commisti
1630 4148 1863 4204 suntin-

201 4242 295 4295 ter
308 4239 510 4310 gentes
532 4258 559 4285 ››
583 4240 748 4293 terrae
770 4236 950 4304 illius,
968 4259 997 4285 ‹‹
1011 4240 1070 4292 et
1092 4236 1426 4292 didicerunt
1447 4253 1858 4308 operaeorum,

202 4331 264 4385 et
293 4326 621 4382 servierunt
648 4325 1024 4399 seulptilibus
1053 4341 1278 4394 eorum,
1311 4329 1368 4380 et
1396 4325 1615 4381 factum
1638 4330 1727 4383 est
1744 4326 1863 4383 illis

201 4417 267 4474 in
298 4414 665 4483 scandalum,
687 4437 714 4463 »
747 4414 885 4487 quia
913 4414 1099 4470 Judaei
1131 4414 1499 4470 offenderunt
1528 4415 1862 4489 Deum.Ag-

202 4506 411 4578 gravat
440 4501 726 4558 malitiam
750 4502 1191 4571 eorum,dicens
1209 4521 1221 4558 :
1241 4525 1268 4552 «
1288 4503 1358 4557 Et
1387 4503 1860 4573 immolaverunt,

202 4591 361 4648 filios
412 4607 551 4647 suos
601 4594 658 4647 et
707 4589 859 4647 filias
911 4607 1049 4647 suas
1081 4589 1407 4647 daemoniis.
1444 4613 1472 4639 »
1506 4592 1653 4647 Nam
1686 4593 1736 4648 si
1765 4592 1862 4648 isti

203 4684 347 4775 sunt
378 4678 715 4775 idololatria
735 4679 835 4775 qui
868 4679 1063 4775 hircos
1091 4678 1425 4775 immolant,
1458 4680 1641 4736 multo
1673 4680 1863 4754 magis
1892 4711 1939 4775 Π

203 4767 291 4826 illi
326 4766 427 4841 qui
460 4766 633 4825 filios.
666 4767 782 4824 Nec
810 4766 1266 4823 immolaverunt
1297 4767 1449 4824 filios
1482 4786 1621 4825 suos
1654 4771 1857 4843 depre-

204 4860 425 4915 hensos
456 4852 516 4912 in
549 4857 821 4929 peccatis,
842 4857 941 4914 sed
976 4877 1005 4905 «
1039 4858 1372 4913 effuderunt
1401 4858 1747 4930 sanguinem
1772 4859 1861 4916 in-

205 4950 535 5015 nocentem,
570 4946 920 5018 sanguinem
950 4945 1204 5001 ﬁliorum
1238 4963 1481 5001 suorum
1514 4951 1573 5003 et
1602 4946 1860 5004 ﬁliarum

207 5035 1125 5107 suarum,quassacrificaverunt
1138 5033 1512 5107 seulptilibus
1524 5036 1856 5093 Chanaan.»

282 5152 306 5177 α
346 5125 418 5180 Et
447 5146 471 5171 »
505 5125 648 5179 dum
680 5124 793 5197 ipsi
840 5124 920 5180 ita
950 5124 1346 5179 interﬁcerent
1376 5124 1527 5179 filios
1561 5142 1721 5195 suos,
1751 5127 1861 5198 ipsi

206 5212 458 5271 interius
487 5213 775 5269 interfecti
807 5216 948 5269 sunt
980 5230 992 5269 :
1026 5217 1084 5268 et
1112 5212 1223 5268 hoc
1269 5216 1380 5284 est,
1412 5211 1719 5270 interfecta
1749 5216 1861 5285 (in-

206 5303 379 5370 fecta)
410 5305 500 5357 est
527 5305 702 5369 terra,
734 5326 763 5358 ι)
794 5300 854 5357 id
885 5306 974 5358 est
1003 5300 1116 5375 ipsi
1146 5301 1359 5357 terreni
1391 5301 1678 5359 interfecti
1723 5310 1864 5360 sunt

206 5392 362 5447 inter
393 5407 455 5446 se
485 5407 513 5437 α
542 5390 600 5445 in
634 5390 1045 5463 sanguinibus,
1078 5417 1102 5444 ιο
1138 5391 1263 5446 suis
1295 5408 1309 5446 :
1346 5409 1373 5439 «
1402 5395 1459 5447 et
1502 5392 1557 5445 in
1589 5410 1617 5440 π
1653 5393 1861 5464 hujus-

207 5478 369 5536 modi
402 5506 427 5531 «
459 5477 735 5551 operibus
783 5496 987 5536 eorum
1037 5484 1126 5536 est
1176 5481 1597 5547 contaminata,
1626 5503 1651 5528 υ
1687 5482 1745 5537 id
1777 5488 1866 5540 est

207 5567 306 5626 alii
338 5567 604 5641 exemplo
635 5586 840 5626 eorum
872 5573 1012 5627 sunt
1038 5569 1189 5627 male
1219 5570 1462 5642 operati.
1481 5594 1503 5617 «
1534 5571 1606 5626 Et
1627 5591 1652 5617 »
1686 5572 1863 5629 etiam

206 5657 322 5731 ipsi
353 5657 587 5730 utrique
623 5680 644 5708 ι
681 5659 946 5715 fornicati
980 5663 1120 5716 sunt
1149 5684 1172 5709 ι)
1208 5678 1243 5715 a
1272 5660 1484 5728 Deo,et
1515 5659 1864 5718 adhaerendo

212 5744 467 5801 damoni
490 5745 847 5817 adultero,ct
869 5746 978 5804 hoc
1003 5766 1025 5789 α
1051 5749 1106 5803 in
1141 5748 1655 5806 adinventionibus
1678 5749 1802 5807 suis
1838 5775 1859 5802 η

1966 3443 2173 3513 perant
2201 3455 2320 3494 eos.
2354 3458 2377 3482 ι)
2422 3441 2557 3504 Qum
2606 3437 2761 3493 enim
2812 3443 3015 3511 gentes
3067 3440 3233 3512 prius
3281 3440 3621 3499 habuerunt

1966 3530 2201 3586 Judzeos
2231 3528 2511 3600 captivos,
2545 3528 2717 3599 modo
2764 3544 3075 3597 conversaa,
3128 3522 3621 3603 receperu'ﬁt‘bos
3642 3524 3667 3547 ’³

1969 3617 2302 3690 magistros,
2340 3620 2404 3671 ut
2432 3617 2667 3671 Petrum
2699 3619 2755 3671 et
2784 3616 2951 3672 alios.
2984 3617 3109 3686 Vel,
3145 3636 3170 3661 α
3202 3618 3261 3673 in
3302 3608 3669 3695 conspectu"

1968 3706 2237 3761 omnium
2269 3705 2369 3777 qui
2400 3709 2681 3776 ceperunt
2719 3716 2840 3773 eos,
2872 3723 2899 3752 ι)
2930 3706 2990 3759 in
3018 3712 3356 3779 conspectu
3404 3700 3620 3764 diemd-

1970 3802 2134 3861 nlim,
2172 3811 2298 3865 quas
2331 3794 2495 3865 prius
2524 3788 3091 3865 captivoste‘nebant
3121 3812 3249 3867 eos.
3518 3862 3523 3867 _

2018 3891 2067 3925 ’κ
2101 3882 2302 3938 Salvos
2334 3882 2443 3936 fac.
2479 3904 2507 3931 ››
2541 3882 2679 3937 Pars
2710 3885 2891 3938 sexta.
2922 3876 3315 3939 Coritl'nuatio.
3348 3886 3620 3950 Quando-

1972 3972 2231 4044 quidem,
2263 3988 2296 4025 ο
2344 3969 2610 4041 Domine,
2640 3970 2745 4025 ‘tot
2790 3964 3335 4045 beneficiafccigti"
3350 3971 3623 4044 patribus

1971 4061 2210 4129 nostris,
2243 4075 2379 4132 ergo
2404 4059 2493 4113 fac
2523 4059 2726 4114 eadem
2753 4063 2812 4114 et
2840 4057 3047 4127 nobis;
3080 4060 3137 4129 et
3167 4059 3276 4131 hoc
3306 4052 3474 4131 est,»
3498 4056 3618 4117 Bal-

1970 4166 2073 4206 vos
2104 4150 2192 4205 fac
2221 4147 2608 4216 nos,Domine
2637 4148 2791 4203 Deus
2824 4152 3113 4217 noster,et
3143 4140 3433 4222 codgrega
3448 4143 3621 4229 1195,»,

1972 4238 2031 4294 id
2063 4243 2152 4295 est
2182 4239 2273 4294 fac
2305 4254 2412 4294 nos
2443 4236 2749 4292 convenire
2793 4236 2853 4291 in
2901 4236 3138 4292 nomine
3184 4230 3319 4294 fidei
3351 4254 3369 4309 ξ
3418 4260 3447 4289 ‹‹
3480 4242 3618 4294 con-

1971 4344 2150 4401 grega
2178 4348 2205 4377 ››
2238 4327 2366 4382 dico
2404 4349 2424 4375 α
2461 4325 2531 4380 de
2560 4324 2918 4393 nationibus,
2950 4344 2977 4377 η
3013 4324 3070 4381 id
3116 4330 3206 4383 est
3258 4327 3329 4383 de
3376 4324 3621 4384 diversis

1972 4418 2267 4491 gentibus,
2298 4415 2405 4483 vel,
2440 4410 2877 4484 auferendo’dc'
2905 4406 3522 4487 mitionibus',‘scili‘cet
3549 4414 3623 4474 de

1973 4505 2301 4561 imitatione
2329 4505 2616 4577 gentium.
3328 4496 3333 4501 ’
3458 4504 3467 4511 ’
3654 4496 3661 4505 “

2041 4595 2127 4673 Ad
2158 4594 2267 4650 hoc
2298 4609 2588 4666 congrega
2617 4613 2645 4643 ‹‹
2663 4597 2725 4648 ut
2753 4594 3139 4650 conﬁteamur
3167 4595 3389 4650 nomini
3420 4600 3622 4652 sancto

1971 4689 2093 4752 tuo,
2127 4687 2184 4739 et
2213 4681 2535 4755 gloriemur
2561 4680 2621 4735 in
2652 4681 2825 4737 laude
2857 4686 2980 4749 tua,
3015 4705 3043 4733 η
3078 4687 3144 4738 ut
3166 4682 3406 4756 gloriosi
3435 4701 3624 4757 appa-

1970 4789 2206 4827 reamus
2238 4772 2309 4826 de
2340 4771 2451 4826 hoc
2482 4772 2647 4843 quod
2670 4775 2726 4826 te
2755 4770 3089 4840 laudamus,
3123 4775 3180 4828 et
3209 4774 3442 4835 tantum
3469 4772 3625 4830 Valet

1971 4861 2094 4917 haec
2122 4860 2339 4932 optatio
2371 4863 2660 4931 quantum
2689 4860 3074 4915 enumeratio.
3176 4872 3183 4881 ‘
3478 4922 3481 4927 _
3609 4919 3645 4931 η

2041 4951 2113 5005 Et
2158 4947 2294 5003 inde
2344 4948 2504 5016 dicit,
2538 4947 2677 5020 quia
2720 4965 2827 5015 nos
2872 4948 2973 5015 ita,
3005 4949 3182 5019 Deus,
3215 4938 3625 5031 congregabis,
3656 4948 3661 4957 ’

1973 5062 2001 5089 ‹‹
2037 5038 2379 5094 benedictus
2413 5059 2440 5086 ››
2472 5037 2552 5093 sit
2582 5058 2611 5087 «
2643 5037 2930 5093 Dominus
2962 5038 3115 5094 Deus
3147 5038 3348 5107 Israel,
3385 5058 3413 5087 η
3446 5037 3504 5094 id
3537 5042 3629 5094 est

1973 5127 2379 5184 benedictione
2422 5126 2736 5200 incipiente
2771 5148 2797 5177 «
2832 5127 2903 5182 ab
2939 5150 2966 5176 »
3017 5128 3126 5183 hoc
3177 5151 3205 5177 ‹‹
3239 5127 3473 5196 εωοιιίο,
3507 5130 3566 5184 et
3597 5150 3627 5178 »

1973 5218 2328 5290 perdurante
2386 5238 2412 5269 α
2458 5215 2517 5271 in
2574 5239 2600 5265 »
2650 5216 2809 5271 aliud
2859 5241 2887 5266 ‹‹
2921 5217 3203 5273 szeculum
3231 5235 3245 5286 ;
3278 5221 3336 5274 et
3366 5216 3625 5289 populus

1972 5306 2185 5373 omnis,
2220 5305 2443 5361 scilicet
2483 5305 2739 5379 gentilis,
2773 5305 2911 5376 quia
2962 5305 3156 5361 adhuc
3204 5310 3293 5361 est
3342 5304 3627 5375 carnalis,

1977 5418 2004 5447 ‹‹
2036 5395 2207 5467 dicet,
2244 5396 2388 5464 Fiat,
2425 5398 2543 5461 fiat,
2583 5418 2609 5443 ››
2639 5394 2695 5449 id
2730 5398 2838 5463 est,
2871 5394 3215 5451 benedictus
3247 5395 3324 5451 sit
3354 5395 3531 5451 Deus.

2474 5520 2546 5575 IN
2598 5519 2946 5577 PSALMUM
2987 5520 3130 5576 CVI.

2517 5622 2797 5683 Trruws.
2830 5626 3086 5683 Alleluia.

2044 5777 2069 5803 ‹‹
2103 5751 2496 5810 Conﬁtemini.
2529 5751 2625 5807 III.
2666 5775 2691 5801 ››
2725 5751 2783 5807 Si
2834 5750 3120 5810 habeatur
3148 5752 3307 5811 aliud
3365 5751 3626 5823 alleluia,
