  <div class='ocr_page' id='page_1' title='image "/cluster/home/n/w/nwhite01/storage/ocr_20150623/115-116/uc1.31175006916467/1023.png"; bbox 0 0 3942 6400; ppageno 0'>
   <div class='ocr_carea' id='block_1_1' title="bbox 303 427 421 493">
    <p class='ocr_par' dir='ltr' id='par_1_1' title="bbox 303 427 421 493">
     <span class='ocr_line' id='line_1_1' title="bbox 303 427 421 493; baseline -0.017 -1"><span class='ocrx_word' id='word_1_1' title='bbox 303 427 421 493; x_wconf 80' lang='lat'><strong>563</strong></span> 
     </span>
    </p>
   </div>
   <div class='ocr_carea' id='block_1_2' title="bbox 729 427 3299 492">
    <p class='ocr_par' dir='ltr' id='par_1_2' title="bbox 729 427 3299 492">
     <span class='ocr_line' id='line_1_2' title="bbox 729 427 3299 492; baseline 0.001 -2"><span class='ocrx_word' id='word_1_2' title='bbox 729 428 1138 492; x_wconf 84' lang='lat' dir='ltr'><strong>HAYMONIS</strong></span> <span class='ocrx_word' id='word_1_3' title='bbox 1169 429 1714 492; x_wconf 81' lang='lat' dir='ltr'><strong>HALBERSTAT.</strong></span> <span class='ocrx_word' id='word_1_4' title='bbox 1746 427 1994 490; x_wconf 86' lang='lat' dir='ltr'><strong>EPISC.</strong></span> <span class='ocrx_word' id='word_1_5' title='bbox 2028 427 2200 488; x_wconf 89' lang='lat' dir='ltr'><strong>OPP.</strong></span> <span class='ocrx_word' id='word_1_6' title='bbox 2233 427 2437 489; x_wconf 85' lang='lat' dir='ltr'><strong>PARS</strong></span> <span class='ocrx_word' id='word_1_7' title='bbox 2467 428 2516 488; x_wconf 90' lang='grc' dir='ltr'><strong>Ι.</strong></span> <span class='ocrx_word' id='word_1_8' title='bbox 2549 461 2628 474; x_wconf 91' lang='grc'><strong>-</strong></span> <span class='ocrx_word' id='word_1_9' title='bbox 2656 429 3062 492; x_wconf 85' lang='lat' dir='ltr'><strong>COMMENT.</strong></span> <span class='ocrx_word' id='word_1_10' title='bbox 3096 431 3299 492; x_wconf 85' lang='lat' dir='ltr'><strong>BIBL.</strong></span> 
     </span>
    </p>
   </div>
   <div class='ocr_carea' id='block_1_3' title="bbox 3605 434 3719 494">
    <p class='ocr_par' dir='ltr' id='par_1_3' title="bbox 3605 434 3719 494">
     <span class='ocr_line' id='line_1_3' title="bbox 3605 434 3719 494; baseline 0 -1"><span class='ocrx_word' id='word_1_11' title='bbox 3605 434 3719 494; x_wconf 76' lang='grc'><strong>564</strong></span> 
     </span>
    </p>
   </div>
   <div class='ocr_carea' id='block_1_4' title="bbox 300 559 3714 642">
    <p class='ocr_par' dir='ltr' id='par_1_4' title="bbox 300 559 3714 642">
     <span class='ocr_line' id='line_1_4' title="bbox 300 559 3714 642; baseline 0 -22"><span class='ocrx_word' id='word_1_12' title='bbox 300 561 687 642; x_wconf 65' lang='lat' dir='ltr'><strong>praecedentis</strong></span> <span class='ocrx_word' id='word_1_13' title='bbox 717 560 928 634; x_wconf 81' lang='lat' dir='ltr'><strong>psalmi</strong></span> <span class='ocrx_word' id='word_1_14' title='bbox 959 565 1068 630; x_wconf 89' lang='lat' dir='ltr'><strong>est,</strong></span> <span class='ocrx_word' id='word_1_15' title='bbox 1083 562 1408 618; x_wconf 90' lang='lat' dir='ltr'><strong>secundum</strong></span> <span class='ocrx_word' id='word_1_16' title='bbox 1441 561 1952 636; x_wconf 82' lang='lat' dir='ltr'><strong>Hieronymum.ln</strong></span> <span class='ocrx_word' id='word_1_17' title='bbox 1983 559 2040 627; x_wconf 87' lang='grc' dir='ltr'><strong>Α</strong></span> <span class='ocrx_word' id='word_1_18' title='bbox 2069 559 2198 616; x_wconf 86' lang='lat' dir='ltr'><strong>dico</strong></span> <span class='ocrx_word' id='word_1_19' title='bbox 2231 561 2387 632; x_wconf 91' lang='lat' dir='ltr'><strong>quod</strong></span> <span class='ocrx_word' id='word_1_20' title='bbox 2417 577 2517 616; x_wconf 92' lang='lat' dir='ltr'><strong>eos</strong></span> <span class='ocrx_word' id='word_1_21' title='bbox 2558 561 2824 630; x_wconf 89' lang='lat' dir='ltr'><strong>redemit,</strong></span> <span class='ocrx_word' id='word_1_22' title='bbox 2876 561 3016 634; x_wconf 88' lang='lat' dir='ltr'><strong>quia</strong></span> <span class='ocrx_word' id='word_1_23' title='bbox 3066 561 3177 635; x_wconf 88' lang='lat' dir='ltr'>ipsi</span> <span class='ocrx_word' id='word_1_24' title='bbox 3227 584 3256 614; x_wconf 83' lang='lat'>«</span> <span class='ocrx_word' id='word_1_25' title='bbox 3297 570 3656 635; x_wconf 86' lang='lat' dir='ltr'><strong>erraverunt,</strong></span> <span class='ocrx_word' id='word_1_26' title='bbox 3693 591 3714 621; x_wconf 77' lang='grc' dir='ltr'>ι</span> 
     </span>
    </p>
   </div>
   <div class='ocr_carea' id='block_1_5' title="bbox 301 649 1955 726">
    <p class='ocr_par' dir='ltr' id='par_1_5' title="bbox 301 649 1955 726">
     <span class='ocr_line' id='line_1_5' title="bbox 301 649 1955 726; baseline -0.001 -18"><span class='ocrx_word' id='word_1_27' title='bbox 301 651 494 726; x_wconf 88' lang='lat' dir='ltr'><strong>primo</strong></span> <span class='ocrx_word' id='word_1_28' title='bbox 522 673 552 702; x_wconf 86' lang='lat'><strong>«</strong></span> <span class='ocrx_word' id='word_1_29' title='bbox 567 649 936 707; x_wconf 87' lang='lat' dir='ltr'><strong>Conﬁtemini</strong></span> <span class='ocrx_word' id='word_1_30' title='bbox 954 673 976 703; x_wconf 75' lang='grc' dir='ltr'><strong><em>ι</em></strong></span> <span class='ocrx_word' id='word_1_31' title='bbox 1014 649 1272 706; x_wconf 81' lang='lat' dir='ltr'><strong>ostendit</strong></span> <span class='ocrx_word' id='word_1_32' title='bbox 1291 651 1573 708; x_wconf 87' lang='lat' dir='ltr'><strong>beneﬁcia</strong></span> <span class='ocrx_word' id='word_1_33' title='bbox 1589 652 1740 708; x_wconf 83' lang='lat' dir='ltr'><strong>facta</strong></span> <span class='ocrx_word' id='word_1_34' title='bbox 1756 649 1955 707; x_wconf 91' lang='lat' dir='ltr'><strong>electis</strong></span> 
     </span>
    </p>
   </div>
   <div class='ocr_carea' id='block_1_6' title="bbox 301 737 1952 813">
    <p class='ocr_par' dir='ltr' id='par_1_6' title="bbox 301 737 1952 813">
     <span class='ocr_line' id='line_1_6' title="bbox 301 737 1952 813; baseline -0.001 -15"><span class='ocrx_word' id='word_1_35' title='bbox 301 739 513 798; x_wconf 80' lang='lat' dir='ltr'><strong>Israel:</strong></span> <span class='ocrx_word' id='word_1_36' title='bbox 538 739 599 795; x_wconf 92' lang='lat' dir='ltr'><strong>in</strong></span> <span class='ocrx_word' id='word_1_37' title='bbox 621 739 880 796; x_wconf 90' lang='lat' dir='ltr'><strong>secundo</strong></span> <span class='ocrx_word' id='word_1_38' title='bbox 902 737 1334 796; x_wconf 85' lang='lat' dir='ltr'><strong>misericordias</strong></span> <span class='ocrx_word' id='word_1_39' title='bbox 1365 757 1513 813; x_wconf 87' lang='lat' dir='ltr'><strong>quas</strong></span> <span class='ocrx_word' id='word_1_40' title='bbox 1544 739 1680 796; x_wconf 82' lang='lat' dir='ltr'><strong>fecit</strong></span> <span class='ocrx_word' id='word_1_41' title='bbox 1710 757 1952 812; x_wconf 88' lang='lat' dir='ltr'><strong>peccan-</strong></span> 
     </span>
    </p>
   </div>
   <div class='ocr_carea' id='block_1_7' title="bbox 299 827 1953 902">
    <p class='ocr_par' dir='ltr' id='par_1_7' title="bbox 299 827 1953 902">
     <span class='ocr_line' id='line_1_7' title="bbox 299 827 1953 902; baseline 0 -15"><span class='ocrx_word' id='word_1_42' title='bbox 299 830 462 887; x_wconf 89' lang='lat' dir='ltr'><strong>tibus</strong></span> <span class='ocrx_word' id='word_1_43' title='bbox 477 846 490 886; x_wconf 93' lang='lat'><strong>:</strong></span> <span class='ocrx_word' id='word_1_44' title='bbox 505 828 564 884; x_wconf 90' lang='lat' dir='ltr'><strong>in</strong></span> <span class='ocrx_word' id='word_1_45' title='bbox 586 828 698 885; x_wconf 90' lang='lat' dir='ltr'><strong>hoc</strong></span> <span class='ocrx_word' id='word_1_46' title='bbox 716 831 918 884; x_wconf 89' lang='lat' dir='ltr'><strong>autem</strong></span> <span class='ocrx_word' id='word_1_47' title='bbox 939 827 1196 884; x_wconf 80' lang='lat' dir='ltr'><strong>ostendit</strong></span> <span class='ocrx_word' id='word_1_48' title='bbox 1216 829 1499 885; x_wconf 88' lang='lat' dir='ltr'><strong>beneﬁcia</strong></span> <span class='ocrx_word' id='word_1_49' title='bbox 1512 845 1638 902; x_wconf 66' lang='lat' dir='ltr'><strong>qua:</strong></span> <span class='ocrx_word' id='word_1_50' title='bbox 1654 829 1953 887; x_wconf 79' lang='lat' dir='ltr'><strong>fecitDeus</strong></span> 
     </span>
    </p>
   </div>
   <div class='ocr_carea' id='block_1_8' title="bbox 301 915 1953 992">
    <p class='ocr_par' dir='ltr' id='par_1_8' title="bbox 301 915 1953 992">
     <span class='ocr_line' id='line_1_8' title="bbox 301 915 1953 992; baseline 0.001 -17"><span class='ocrx_word' id='word_1_51' title='bbox 301 915 618 976; x_wconf 80' lang='lat' dir='ltr'><strong>universali</strong></span> <span class='ocrx_word' id='word_1_52' title='bbox 667 915 957 986; x_wconf 79' lang='lat' dir='ltr'><strong>Ecclesiae,</strong></span> <span class='ocrx_word' id='word_1_53' title='bbox 993 916 1064 973; x_wconf 89' lang='lat' dir='ltr'><strong>de</strong></span> <span class='ocrx_word' id='word_1_54' title='bbox 1111 917 1332 974; x_wconf 70' lang='lat' dir='ltr'><strong>Judaeis</strong></span> <span class='ocrx_word' id='word_1_55' title='bbox 1372 923 1550 992; x_wconf 89' lang='lat' dir='ltr'><strong>atque</strong></span> <span class='ocrx_word' id='word_1_56' title='bbox 1579 919 1852 992; x_wconf 85' lang='lat' dir='ltr'><strong>gentibus</strong></span> <span class='ocrx_word' id='word_1_57' title='bbox 1883 921 1953 976; x_wconf 92' lang='lat' dir='ltr'><strong>de</strong></span> 
     </span>
    </p>
   </div>
   <div class='ocr_carea' id='block_1_9' title="bbox 298 1005 1977 1082">
    <p class='ocr_par' dir='ltr' id='par_1_9' title="bbox 298 1005 1977 1082">
     <span class='ocr_line' id='line_1_9' title="bbox 298 1005 1977 1082; baseline 0.001 -18"><span class='ocrx_word' id='word_1_58' title='bbox 298 1010 554 1082; x_wconf 89' lang='lat' dir='ltr'><strong>quatuor</strong></span> <span class='ocrx_word' id='word_1_59' title='bbox 561 1005 830 1079; x_wconf 89' lang='lat' dir='ltr'><strong>partibus</strong></span> <span class='ocrx_word' id='word_1_60' title='bbox 845 1006 1050 1062; x_wconf 92' lang='lat' dir='ltr'><strong>mundi</strong></span> <span class='ocrx_word' id='word_1_61' title='bbox 1065 1011 1450 1081; x_wconf 56' lang='lat' dir='ltr'><strong>congregata);</strong></span> <span class='ocrx_word' id='word_1_62' title='bbox 1465 1013 1523 1064; x_wconf 92' lang='lat' dir='ltr'><strong>et</strong></span> <span class='ocrx_word' id='word_1_63' title='bbox 1535 1009 1673 1082; x_wconf 91' lang='lat' dir='ltr'><strong>quia</strong></span> <span class='ocrx_word' id='word_1_64' title='bbox 1686 1009 1953 1082; x_wconf 83' lang='lat' dir='ltr'><strong>psalmus</strong></span> <span class='ocrx_word' id='word_1_65' title='bbox 1972 1006 1977 1010; x_wconf 65' lang='grc'><em>”</em></span> 
     </span>
    </p>
   </div>
   <div class='ocr_carea' id='block_1_10' title="bbox 299 1093 1954 1166">
    <p class='ocr_par' dir='ltr' id='par_1_10' title="bbox 299 1093 1954 1166">
     <span class='ocr_line' id='line_1_10' title="bbox 299 1093 1954 1166; baseline 0.002 -13"><span class='ocrx_word' id='word_1_66' title='bbox 299 1093 746 1153; x_wconf 85' lang='lat' dir='ltr'><strong>istelaudabilia</strong></span> <span class='ocrx_word' id='word_1_67' title='bbox 757 1095 858 1152; x_wconf 89' lang='lat' dir='ltr'><strong>Dei</strong></span> <span class='ocrx_word' id='word_1_68' title='bbox 872 1095 1156 1153; x_wconf 86' lang='lat' dir='ltr'><strong>beneﬁcia</strong></span> <span class='ocrx_word' id='word_1_69' title='bbox 1167 1097 1444 1166; x_wconf 85' lang='lat' dir='ltr'><strong>continet,</strong></span> <span class='ocrx_word' id='word_1_70' title='bbox 1465 1097 1596 1154; x_wconf 91' lang='lat' dir='ltr'><strong>ideo</strong></span> <span class='ocrx_word' id='word_1_71' title='bbox 1619 1099 1954 1156; x_wconf 86' lang='lat' dir='ltr'><strong>intitulatur</strong></span> 
     </span>
    </p>
   </div>
   <div class='ocr_carea' id='block_1_11' title="bbox 299 1183 1953 1261">
    <p class='ocr_par' dir='ltr' id='par_1_11' title="bbox 299 1183 1953 1261">
     <span class='ocr_line' id='line_1_11' title="bbox 299 1183 1953 1261; baseline 0.004 -24"><span class='ocrx_word' id='word_1_72' title='bbox 299 1209 328 1237; x_wconf 85' lang='grc'><em>‹‹</em></span> <span class='ocrx_word' id='word_1_73' title='bbox 342 1183 645 1242; x_wconf 78' lang='lat' dir='ltr'><strong>Alleluia.»</strong></span> <span class='ocrx_word' id='word_1_74' title='bbox 660 1185 903 1242; x_wconf 88' lang='lat' dir='ltr'><strong>Materia</strong></span> <span class='ocrx_word' id='word_1_75' title='bbox 913 1191 1054 1242; x_wconf 91' lang='lat' dir='ltr'><strong>sunt</strong></span> <span class='ocrx_word' id='word_1_76' title='bbox 1067 1187 1197 1259; x_wconf 92' lang='lat' dir='ltr'><strong>ipsa</strong></span> <span class='ocrx_word' id='word_1_77' title='bbox 1207 1187 1651 1244; x_wconf 86' lang='lat' dir='ltr'><strong>beneﬁcia.Mod</strong></span> <span class='ocrx_word' id='word_1_78' title='bbox 1661 1205 1746 1244; x_wconf 89' lang='lat' dir='ltr'><strong>us:</strong></span> <span class='ocrx_word' id='word_1_79' title='bbox 1767 1189 1828 1244; x_wconf 94' lang='lat' dir='ltr'><strong>In</strong></span> <span class='ocrx_word' id='word_1_80' title='bbox 1842 1189 1953 1261; x_wconf 90' lang='lat' dir='ltr'><strong>pri-</strong></span> 
     </span>
    </p>
   </div>
   <div class='ocr_carea' id='block_1_12' title="bbox 297 1273 1950 1350">
    <p class='ocr_par' dir='ltr' id='par_1_12' title="bbox 297 1273 1950 1350">
     <span class='ocr_line' id='line_1_12' title="bbox 297 1273 1950 1350; baseline 0.002 -19"><span class='ocrx_word' id='word_1_81' title='bbox 297 1276 570 1348; x_wconf 88' lang='lat' dir='ltr'><strong>maparte</strong></span> <span class='ocrx_word' id='word_1_82' title='bbox 591 1273 796 1350; x_wconf 88' lang='lat' dir='ltr'><strong>agitde</strong></span> <span class='ocrx_word' id='word_1_83' title='bbox 817 1275 1182 1349; x_wconf 81' lang='lat' dir='ltr'><strong>ignorantia;</strong></span> <span class='ocrx_word' id='word_1_84' title='bbox 1205 1277 1463 1340; x_wconf 76' lang='lat' dir='ltr'><strong>ostendit</strong></span> <span class='ocrx_word' id='word_1_85' title='bbox 1480 1279 1772 1350; x_wconf 89' lang='lat' dir='ltr'><strong>quomodo</strong></span> <span class='ocrx_word' id='word_1_86' title='bbox 1795 1279 1950 1335; x_wconf 88' lang='lat' dir='ltr'><strong>Deus</strong></span> 
     </span>
    </p>
   </div>
   <div class='ocr_carea' id='block_1_13' title="bbox 295 1363 1949 1441">
    <p class='ocr_par' dir='ltr' id='par_1_13' title="bbox 295 1363 1949 1441">
     <span class='ocr_line' id='line_1_13' title="bbox 295 1363 1949 1441; baseline 0.001 -19"><span class='ocrx_word' id='word_1_87' title='bbox 295 1367 560 1422; x_wconf 82' lang='lat' dir='ltr'><strong>errantes</strong></span> <span class='ocrx_word' id='word_1_88' title='bbox 588 1363 650 1420; x_wconf 90' lang='lat' dir='ltr'><strong>in</strong></span> <span class='ocrx_word' id='word_1_89' title='bbox 678 1363 1022 1422; x_wconf 87' lang='lat' dir='ltr'><strong>inﬁdelitate</strong></span> <span class='ocrx_word' id='word_1_90' title='bbox 1043 1365 1266 1438; x_wconf 84' lang='lat' dir='ltr'><strong>peccati</strong></span> <span class='ocrx_word' id='word_1_91' title='bbox 1299 1369 1356 1422; x_wconf 88' lang='lat' dir='ltr'><strong>et</strong></span> <span class='ocrx_word' id='word_1_92' title='bbox 1377 1365 1709 1440; x_wconf 87' lang='lat' dir='ltr'><strong>ignorantia</strong></span> <span class='ocrx_word' id='word_1_93' title='bbox 1731 1369 1949 1441; x_wconf 88' lang='lat' dir='ltr'><strong>perdu-</strong></span> 
     </span>
    </p>
   </div>
   <div class='ocr_carea' id='block_1_14' title="bbox 299 1453 1954 1531">
    <p class='ocr_par' dir='ltr' id='par_1_14' title="bbox 299 1453 1954 1531">
     <span class='ocr_line' id='line_1_14' title="bbox 299 1453 1954 1531; baseline 0.002 -20"><span class='ocrx_word' id='word_1_94' title='bbox 299 1458 396 1512; x_wconf 87' lang='lat' dir='ltr'><strong>cat</strong></span> <span class='ocrx_word' id='word_1_95' title='bbox 418 1455 478 1511; x_wconf 91' lang='lat' dir='ltr'><strong>in</strong></span> <span class='ocrx_word' id='word_1_96' title='bbox 499 1453 821 1511; x_wconf 87' lang='lat' dir='ltr'><strong>Ecclesiam</strong></span> <span class='ocrx_word' id='word_1_97' title='bbox 843 1471 1015 1511; x_wconf 88' lang='lat' dir='ltr'><strong>suam</strong></span> <span class='ocrx_word' id='word_1_98' title='bbox 1039 1472 1052 1511; x_wconf 92' lang='lat'><strong>:</strong></span> <span class='ocrx_word' id='word_1_99' title='bbox 1077 1472 1146 1512; x_wconf 80' lang='lat' dir='ltr'><strong>ex</strong></span> <span class='ocrx_word' id='word_1_100' title='bbox 1169 1455 1501 1513; x_wconf 86' lang='lat' dir='ltr'><strong>militudine</strong></span> <span class='ocrx_word' id='word_1_101' title='bbox 1529 1455 1712 1526; x_wconf 91' lang='lat' dir='ltr'><strong>illius,</strong></span> <span class='ocrx_word' id='word_1_102' title='bbox 1745 1458 1846 1531; x_wconf 87' lang='lat' dir='ltr'><strong>qui</strong></span> <span class='ocrx_word' id='word_1_103' title='bbox 1869 1477 1954 1516; x_wconf 91' lang='lat' dir='ltr'><strong>er-</strong></span> 
     </span>
    </p>
   </div>
   <div class='ocr_carea' id='block_1_15' title="bbox 297 1542 1954 1604">
    <p class='ocr_par' dir='ltr' id='par_1_15' title="bbox 297 1542 1954 1604">
     <span class='ocr_line' id='line_1_15' title="bbox 297 1542 1954 1604; baseline 0.002 -3"><span class='ocrx_word' id='word_1_104' title='bbox 297 1547 499 1602; x_wconf 84' lang='lat' dir='ltr'><strong>rantes</strong></span> <span class='ocrx_word' id='word_1_105' title='bbox 517 1543 580 1602; x_wconf 89' lang='lat' dir='ltr'><strong>in</strong></span> <span class='ocrx_word' id='word_1_106' title='bbox 600 1542 916 1602; x_wconf 87' lang='lat' dir='ltr'><strong>solitudine</strong></span> <span class='ocrx_word' id='word_1_107' title='bbox 933 1545 1008 1601; x_wconf 92' lang='lat' dir='ltr'><strong>ad</strong></span> <span class='ocrx_word' id='word_1_108' title='bbox 1027 1544 1320 1602; x_wconf 88' lang='lat' dir='ltr'><strong>civitatem</strong></span> <span class='ocrx_word' id='word_1_109' title='bbox 1342 1545 1589 1602; x_wconf 81' lang='lat' dir='ltr'><strong>reduxit.</strong></span> <span class='ocrx_word' id='word_1_110' title='bbox 1611 1547 1674 1602; x_wconf 91' lang='lat' dir='ltr'><strong>In</strong></span> <span class='ocrx_word' id='word_1_111' title='bbox 1695 1549 1954 1604; x_wconf 88' lang='lat' dir='ltr'><strong>secunda</strong></span> 
     </span>
    </p>
   </div>
   <div class='ocr_carea' id='block_1_16' title="bbox 298 1633 1954 1708">
    <p class='ocr_par' dir='ltr' id='par_1_16' title="bbox 298 1633 1954 1708">
     <span class='ocr_line' id='line_1_16' title="bbox 298 1633 1954 1708; baseline 0.001 -18"><span class='ocrx_word' id='word_1_112' title='bbox 298 1638 486 1708; x_wconf 88' lang='lat' dir='ltr'><strong>parte,</strong></span> <span class='ocrx_word' id='word_1_113' title='bbox 501 1650 628 1707; x_wconf 68' lang='lat' dir='ltr'><strong>quae</strong></span> <span class='ocrx_word' id='word_1_114' title='bbox 650 1633 856 1707; x_wconf 88' lang='lat' dir='ltr'><strong>incipit</strong></span> <span class='ocrx_word' id='word_1_115' title='bbox 873 1649 886 1689; x_wconf 92' lang='lat'>:</span> <span class='ocrx_word' id='word_1_116' title='bbox 903 1658 930 1686; x_wconf 84' lang='lat'><strong><em>«</em></strong></span> <span class='ocrx_word' id='word_1_117' title='bbox 955 1634 1634 1704; x_wconf 88' lang='lat' dir='ltr'><strong>ConﬁteanturDomino,</strong></span> <span class='ocrx_word' id='word_1_118' title='bbox 1653 1659 1682 1685; x_wconf 84' lang='lat'><strong>»</strong></span> <span class='ocrx_word' id='word_1_119' title='bbox 1696 1638 1954 1692; x_wconf 88' lang='lat' dir='ltr'><strong>ostendit</strong></span> 
     </span>
    </p>
   </div>
   <div class='ocr_carea' id='block_1_17' title="bbox 295 1721 1950 1797">
    <p class='ocr_par' dir='ltr' id='par_1_17' title="bbox 295 1721 1950 1797">
     <span class='ocr_line' id='line_1_17' title="bbox 295 1721 1950 1797; baseline 0.001 -17"><span class='ocrx_word' id='word_1_120' title='bbox 295 1724 594 1797; x_wconf 91' lang='lat' dir='ltr'><strong>quomodo</strong></span> <span class='ocrx_word' id='word_1_121' title='bbox 624 1723 780 1780; x_wconf 89' lang='lat' dir='ltr'><strong>Deus</strong></span> <span class='ocrx_word' id='word_1_122' title='bbox 811 1721 1176 1780; x_wconf 89' lang='lat' dir='ltr'><strong>introductos</strong></span> <span class='ocrx_word' id='word_1_123' title='bbox 1199 1723 1256 1779; x_wconf 92' lang='lat' dir='ltr'><strong>in</strong></span> <span class='ocrx_word' id='word_1_124' title='bbox 1279 1723 1539 1780; x_wconf 89' lang='lat' dir='ltr'><strong>Ecclesia</strong></span> <span class='ocrx_word' id='word_1_125' title='bbox 1563 1725 1736 1781; x_wconf 88' lang='lat' dir='ltr'><strong>satiet</strong></span> <span class='ocrx_word' id='word_1_126' title='bbox 1755 1725 1950 1782; x_wconf 92' lang='lat' dir='ltr'><strong>divino</strong></span> 
     </span>
    </p>
   </div>
   <div class='ocr_carea' id='block_1_18' title="bbox 289 1811 1946 1886">
    <p class='ocr_par' dir='ltr' id='par_1_18' title="bbox 289 1811 1946 1886">
     <span class='ocr_line' id='line_1_18' title="bbox 289 1811 1946 1886; baseline 0.001 -18"><span class='ocrx_word' id='word_1_127' title='bbox 289 1812 490 1880; x_wconf 87' lang='lat' dir='ltr'><strong>verbo,</strong></span> <span class='ocrx_word' id='word_1_128' title='bbox 524 1815 582 1869; x_wconf 93' lang='lat' dir='ltr'><strong>et</strong></span> <span class='ocrx_word' id='word_1_129' title='bbox 610 1811 850 1869; x_wconf 91' lang='lat' dir='ltr'><strong>vincula</strong></span> <span class='ocrx_word' id='word_1_130' title='bbox 890 1816 1268 1886; x_wconf 87' lang='lat' dir='ltr'><strong>peccatorum</strong></span> <span class='ocrx_word' id='word_1_131' title='bbox 1297 1813 1562 1885; x_wconf 91' lang='lat' dir='ltr'><strong>ipsorum</strong></span> <span class='ocrx_word' id='word_1_132' title='bbox 1593 1813 1946 1886; x_wconf 89' lang='lat' dir='ltr'><strong>disrumpat,</strong></span> 
     </span>
    </p>
   </div>
   <div class='ocr_carea' id='block_1_19' title="bbox 2065 650 3716 721">
    <p class='ocr_par' dir='ltr' id='par_1_19' title="bbox 2065 650 3716 721">
     <span class='ocr_line' id='line_1_19' title="bbox 2065 650 3716 721; baseline 0.005 -16"><span class='ocrx_word' id='word_1_133' title='bbox 2065 650 2431 706; x_wconf 64' lang='lat' dir='ltr'><strong>daemonibus</strong></span> <span class='ocrx_word' id='word_1_134' title='bbox 2461 655 2518 706; x_wconf 91' lang='lat' dir='ltr'><strong>et</strong></span> <span class='ocrx_word' id='word_1_135' title='bbox 2548 668 2663 705; x_wconf 93' lang='lat' dir='ltr'><strong>non</strong></span> <span class='ocrx_word' id='word_1_136' title='bbox 2695 651 2810 707; x_wconf 91' lang='lat' dir='ltr'><strong>Deo</strong></span> <span class='ocrx_word' id='word_1_137' title='bbox 2844 651 3222 721; x_wconf 89' lang='lat' dir='ltr'><strong>obedientes;</strong></span> <span class='ocrx_word' id='word_1_138' title='bbox 3275 677 3302 704; x_wconf 79' lang='grc' dir='ltr'><strong>(ι</strong></span> <span class='ocrx_word' id='word_1_139' title='bbox 3339 653 3400 709; x_wconf 90' lang='lat' dir='ltr'><strong>in</strong></span> <span class='ocrx_word' id='word_1_140' title='bbox 3447 655 3716 713; x_wconf 90' lang='lat' dir='ltr'><strong>solitudi-</strong></span> 
     </span>
    </p>
   </div>
   <div class='ocr_carea' id='block_1_20' title="bbox 2064 739 3716 810">
    <p class='ocr_par' dir='ltr' id='par_1_20' title="bbox 2064 739 3716 810">
     <span class='ocr_line' id='line_1_20' title="bbox 2064 739 3716 810; baseline 0.005 -16"><span class='ocrx_word' id='word_1_141' title='bbox 2064 755 2159 805; x_wconf 82' lang='lat' dir='ltr'><strong>ne,</strong></span> <span class='ocrx_word' id='word_1_142' title='bbox 2196 762 2222 788; x_wconf 84' lang='lat'>»</span> <span class='ocrx_word' id='word_1_143' title='bbox 2258 739 2313 794; x_wconf 90' lang='lat' dir='ltr'><strong>id</strong></span> <span class='ocrx_word' id='word_1_144' title='bbox 2347 744 2437 795; x_wconf 89' lang='lat' dir='ltr'><strong>est</strong></span> <span class='ocrx_word' id='word_1_145' title='bbox 2467 757 2500 795; x_wconf 91' lang='lat' dir='ltr'><strong>a</strong></span> <span class='ocrx_word' id='word_1_146' title='bbox 2531 739 2636 796; x_wconf 89' lang='lat' dir='ltr'><strong>soli</strong></span> <span class='ocrx_word' id='word_1_147' title='bbox 2671 740 2807 810; x_wconf 90' lang='lat' dir='ltr'><strong>Deo,</strong></span> <span class='ocrx_word' id='word_1_148' title='bbox 2842 739 3066 796; x_wconf 88' lang='lat' dir='ltr'><strong>scilicet</strong></span> <span class='ocrx_word' id='word_1_149' title='bbox 3089 747 3394 799; x_wconf 86' lang='lat' dir='ltr'><strong>manentes</strong></span> <span class='ocrx_word' id='word_1_150' title='bbox 3425 743 3484 798; x_wconf 91' lang='lat' dir='ltr'><strong>in</strong></span> <span class='ocrx_word' id='word_1_151' title='bbox 3519 745 3716 802; x_wconf 87' lang='lat' dir='ltr'><strong>inﬁde-</strong></span> 
     </span>
    </p>
   </div>
   <div class='ocr_carea' id='block_1_21' title="bbox 2063 827 3708 902">
    <p class='ocr_par' dir='ltr' id='par_1_21' title="bbox 2063 827 3708 902">
     <span class='ocr_line' id='line_1_21' title="bbox 2063 827 3708 902; baseline 0.005 -19"><span class='ocrx_word' id='word_1_152' title='bbox 2063 827 2263 896; x_wconf 84' lang='lat' dir='ltr'><strong>litate;</strong></span> <span class='ocrx_word' id='word_1_153' title='bbox 2299 852 2326 880; x_wconf 77' lang='grc' dir='ltr'><strong>«ι</strong></span> <span class='ocrx_word' id='word_1_154' title='bbox 2357 834 2415 886; x_wconf 87' lang='lat' dir='ltr'><strong>et</strong></span> <span class='ocrx_word' id='word_1_155' title='bbox 2446 851 2472 879; x_wconf 71' lang='grc' dir='ltr'><em>η</em></span> <span class='ocrx_word' id='word_1_156' title='bbox 2508 829 2683 885; x_wconf 89' lang='lat' dir='ltr'><strong>etiam</strong></span> <span class='ocrx_word' id='word_1_157' title='bbox 2716 851 2742 882; x_wconf 74' lang='grc' dir='ltr'><strong>ι»</strong></span> <span class='ocrx_word' id='word_1_158' title='bbox 2779 830 2839 885; x_wconf 92' lang='lat' dir='ltr'><strong>in</strong></span> <span class='ocrx_word' id='word_1_159' title='bbox 2870 829 3179 902; x_wconf 88' lang='lat' dir='ltr'><strong>inaquoso,</strong></span> <span class='ocrx_word' id='word_1_160' title='bbox 3218 853 3244 880; x_wconf 88' lang='grc'><strong>››</strong></span> <span class='ocrx_word' id='word_1_161' title='bbox 3277 832 3336 887; x_wconf 90' lang='lat' dir='ltr'><strong>id</strong></span> <span class='ocrx_word' id='word_1_162' title='bbox 3380 838 3472 890; x_wconf 90' lang='lat' dir='ltr'><strong>est</strong></span> <span class='ocrx_word' id='word_1_163' title='bbox 3519 833 3578 890; x_wconf 91' lang='lat' dir='ltr'><strong>in</strong></span> <span class='ocrx_word' id='word_1_164' title='bbox 3612 835 3708 891; x_wconf 70' lang='lat' dir='ltr'><strong>sic</strong></span> 
     </span>
    </p>
   </div>
   <div class='ocr_carea' id='block_1_22' title="bbox 2063 918 3714 988">
    <p class='ocr_par' dir='ltr' id='par_1_22' title="bbox 2063 918 3714 988">
     <span class='ocr_line' id='line_1_22' title="bbox 2063 918 3714 988; baseline 0.003 -14"><span class='ocrx_word' id='word_1_165' title='bbox 2063 918 2236 975; x_wconf 86' lang='lat' dir='ltr'><strong>citate</strong></span> <span class='ocrx_word' id='word_1_166' title='bbox 2285 923 2342 974; x_wconf 90' lang='lat' dir='ltr'><strong>et</strong></span> <span class='ocrx_word' id='word_1_167' title='bbox 2388 919 2660 974; x_wconf 86' lang='lat' dir='ltr'><strong>ariditate</strong></span> <span class='ocrx_word' id='word_1_168' title='bbox 2709 919 2916 975; x_wconf 71' lang='lat' dir='ltr'><strong>divina:</strong></span> <span class='ocrx_word' id='word_1_169' title='bbox 2970 919 3274 988; x_wconf 78' lang='lat' dir='ltr'><strong>doctrinae,</strong></span> <span class='ocrx_word' id='word_1_170' title='bbox 3326 921 3552 979; x_wconf 88' lang='lat' dir='ltr'><strong>scilicet</strong></span> <span class='ocrx_word' id='word_1_171' title='bbox 3603 942 3714 980; x_wconf 88' lang='lat' dir='ltr'><strong>non</strong></span> 
     </span>
    </p>
   </div>
   <div class='ocr_carea' id='block_1_23' title="bbox 2062 1007 3713 1084">
    <p class='ocr_par' dir='ltr' id='par_1_23' title="bbox 2062 1007 3713 1084">
     <span class='ocr_line' id='line_1_23' title="bbox 2062 1007 3713 1084; baseline 0.004 -21"><span class='ocrx_word' id='word_1_172' title='bbox 2062 1007 2358 1064; x_wconf 79' lang='lat' dir='ltr'><strong>habebant</strong></span> <span class='ocrx_word' id='word_1_173' title='bbox 2387 1007 2486 1080; x_wconf 89' lang='lat' dir='ltr'><strong>qui</strong></span> <span class='ocrx_word' id='word_1_174' title='bbox 2515 1026 2615 1064; x_wconf 88' lang='lat' dir='ltr'><strong>eos</strong></span> <span class='ocrx_word' id='word_1_175' title='bbox 2647 1009 3039 1081; x_wconf 77' lang='lat' dir='ltr'><strong>perfunderet,</strong></span> <span class='ocrx_word' id='word_1_176' title='bbox 3074 1014 3132 1065; x_wconf 88' lang='lat' dir='ltr'><strong>et</strong></span> <span class='ocrx_word' id='word_1_177' title='bbox 3160 1009 3450 1084; x_wconf 89' lang='lat' dir='ltr'><strong>irrigaret,</strong></span> <span class='ocrx_word' id='word_1_178' title='bbox 3480 1017 3536 1068; x_wconf 90' lang='lat' dir='ltr'><strong>et</strong></span> <span class='ocrx_word' id='word_1_179' title='bbox 3558 1013 3713 1070; x_wconf 82' lang='lat' dir='ltr'><strong>fruc-</strong></span> 
     </span>
    </p>
   </div>
   <div class='ocr_carea' id='block_1_24' title="bbox 2061 1096 3709 1172">
    <p class='ocr_par' dir='ltr' id='par_1_24' title="bbox 2061 1096 3709 1172">
     <span class='ocr_line' id='line_1_24' title="bbox 2061 1096 3709 1172; baseline 0.003 -19"><span class='ocrx_word' id='word_1_180' title='bbox 2061 1097 2311 1154; x_wconf 87' lang='lat' dir='ltr'><strong>tiﬁcaret</strong></span> <span class='ocrx_word' id='word_1_181' title='bbox 2357 1115 2486 1153; x_wconf 92' lang='lat' dir='ltr'><strong>rore</strong></span> <span class='ocrx_word' id='word_1_182' title='bbox 2533 1096 2784 1154; x_wconf 83' lang='lat' dir='ltr'><strong>caelestis</strong></span> <span class='ocrx_word' id='word_1_183' title='bbox 2835 1097 3112 1154; x_wconf 63' lang='lat' dir='ltr'><strong>doctrina:</strong></span> <span class='ocrx_word' id='word_1_184' title='bbox 3145 1117 3158 1156; x_wconf 89' lang='lat'>:</span> <span class='ocrx_word' id='word_1_185' title='bbox 3199 1103 3256 1156; x_wconf 91' lang='lat' dir='ltr'><strong>et</strong></span> <span class='ocrx_word' id='word_1_186' title='bbox 3285 1100 3425 1172; x_wconf 88' lang='lat' dir='ltr'><strong>quia</strong></span> <span class='ocrx_word' id='word_1_187' title='bbox 3455 1107 3622 1158; x_wconf 90' lang='lat' dir='ltr'><strong>erant</strong></span> <span class='ocrx_word' id='word_1_188' title='bbox 3651 1103 3709 1158; x_wconf 90' lang='lat' dir='ltr'><strong>in</strong></span> 
     </span>
    </p>
   </div>
   <div class='ocr_carea' id='block_1_25' title="bbox 2062 1186 3716 1256">
    <p class='ocr_par' dir='ltr' id='par_1_25' title="bbox 2062 1186 3716 1256">
     <span class='ocr_line' id='line_1_25' title="bbox 2062 1186 3716 1256; baseline 0.002 -12"><span class='ocrx_word' id='word_1_189' title='bbox 2062 1186 2378 1244; x_wconf 89' lang='lat' dir='ltr'><strong>solitudine</strong></span> <span class='ocrx_word' id='word_1_190' title='bbox 2409 1192 2466 1244; x_wconf 91' lang='lat' dir='ltr'><strong>et</strong></span> <span class='ocrx_word' id='word_1_191' title='bbox 2499 1187 2622 1244; x_wconf 84' lang='lat' dir='ltr'><strong>sine</strong></span> <span class='ocrx_word' id='word_1_192' title='bbox 2651 1187 2936 1256; x_wconf 87' lang='lat' dir='ltr'><strong>doctrina,</strong></span> <span class='ocrx_word' id='word_1_193' title='bbox 2971 1187 3101 1246; x_wconf 90' lang='lat' dir='ltr'><strong>ideo</strong></span> <span class='ocrx_word' id='word_1_194' title='bbox 3146 1209 3166 1237; x_wconf 78' lang='grc' dir='ltr'>ι</span> <span class='ocrx_word' id='word_1_195' title='bbox 3202 1206 3318 1245; x_wconf 91' lang='lat' dir='ltr'><strong>non</strong></span> <span class='ocrx_word' id='word_1_196' title='bbox 3371 1189 3716 1248; x_wconf 86' lang='lat' dir='ltr'><strong>invenerunt</strong></span> 
     </span>
    </p>
   </div>
   <div class='ocr_carea' id='block_1_26' title="bbox 2059 1276 3710 1350">
    <p class='ocr_par' dir='ltr' id='par_1_26' title="bbox 2059 1276 3710 1350">
     <span class='ocr_line' id='line_1_26' title="bbox 2059 1276 3710 1350; baseline 0.002 -18"><span class='ocrx_word' id='word_1_197' title='bbox 2059 1276 2214 1332; x_wconf 90' lang='lat' dir='ltr'><strong>viam</strong></span> <span class='ocrx_word' id='word_1_198' title='bbox 2243 1277 2497 1334; x_wconf 84' lang='lat' dir='ltr'><strong>civitatis</strong></span> <span class='ocrx_word' id='word_1_199' title='bbox 2526 1298 2551 1328; x_wconf 74' lang='grc' dir='ltr'><strong>ι»</strong></span> <span class='ocrx_word' id='word_1_200' title='bbox 2589 1295 2692 1349; x_wconf 91' lang='lat' dir='ltr'><strong>per</strong></span> <span class='ocrx_word' id='word_1_201' title='bbox 2723 1295 2902 1350; x_wconf 89' lang='lat' dir='ltr'><strong>quam</strong></span> <span class='ocrx_word' id='word_1_202' title='bbox 2936 1282 3180 1349; x_wconf 89' lang='lat' dir='ltr'><strong>possent</strong></span> <span class='ocrx_word' id='word_1_203' title='bbox 3227 1281 3501 1335; x_wconf 86' lang='lat' dir='ltr'><strong>accedere</strong></span> <span class='ocrx_word' id='word_1_204' title='bbox 3533 1281 3603 1336; x_wconf 89' lang='lat' dir='ltr'><strong>ad</strong></span> <span class='ocrx_word' id='word_1_205' title='bbox 3632 1281 3710 1335; x_wconf 84' lang='lat' dir='ltr'><strong>ci-</strong></span> 
     </span>
    </p>
   </div>
   <div class='ocr_carea' id='block_1_27' title="bbox 2058 1365 3706 1440">
    <p class='ocr_par' dir='ltr' id='par_1_27' title="bbox 2058 1365 3706 1440">
     <span class='ocr_line' id='line_1_27' title="bbox 2058 1365 3706 1440; baseline 0.003 -20"><span class='ocrx_word' id='word_1_206' title='bbox 2058 1366 2346 1421; x_wconf 90' lang='lat' dir='ltr'><strong>vitatem:</strong></span> <span class='ocrx_word' id='word_1_207' title='bbox 2393 1383 2507 1421; x_wconf 90' lang='lat' dir='ltr'><strong>non</strong></span> <span class='ocrx_word' id='word_1_208' title='bbox 2559 1365 2689 1423; x_wconf 89' lang='lat' dir='ltr'><strong>dico</strong></span> <span class='ocrx_word' id='word_1_209' title='bbox 2733 1366 3204 1440; x_wconf 85' lang='lat' dir='ltr'><strong>qualemcunque</strong></span> <span class='ocrx_word' id='word_1_210' title='bbox 3251 1367 3568 1436; x_wconf 86' lang='lat' dir='ltr'><strong>civitatem,</strong></span> <span class='ocrx_word' id='word_1_211' title='bbox 3608 1371 3706 1426; x_wconf 91' lang='lat' dir='ltr'><strong>sed</strong></span> 
     </span>
    </p>
   </div>
   <div class='ocr_carea' id='block_1_28' title="bbox 2060 1453 3707 1526">
    <p class='ocr_par' dir='ltr' id='par_1_28' title="bbox 2060 1453 3707 1526">
     <span class='ocr_line' id='line_1_28' title="bbox 2060 1453 3707 1526; baseline 0.003 -17"><span class='ocrx_word' id='word_1_212' title='bbox 2060 1453 2400 1522; x_wconf 83' lang='lat' dir='ltr'><strong>habitaculi,</strong></span> <span class='ocrx_word' id='word_1_213' title='bbox 2434 1477 2461 1502; x_wconf 91' lang='grc'><strong>››</strong></span> <span class='ocrx_word' id='word_1_214' title='bbox 2495 1454 2552 1509; x_wconf 88' lang='lat' dir='ltr'><strong>id</strong></span> <span class='ocrx_word' id='word_1_215' title='bbox 2583 1453 2759 1510; x_wconf 90' lang='lat' dir='ltr'><strong>estin</strong></span> <span class='ocrx_word' id='word_1_216' title='bbox 2791 1472 2908 1526; x_wconf 86' lang='lat' dir='ltr'><strong>qua</strong></span> <span class='ocrx_word' id='word_1_217' title='bbox 2946 1455 3337 1514; x_wconf 88' lang='lat' dir='ltr'><strong>habitandum</strong></span> <span class='ocrx_word' id='word_1_218' title='bbox 3386 1463 3477 1514; x_wconf 93' lang='lat' dir='ltr'><strong>est</strong></span> <span class='ocrx_word' id='word_1_219' title='bbox 3523 1459 3707 1516; x_wconf 91' lang='lat' dir='ltr'><strong>ﬁdeli-</strong></span> 
     </span>
    </p>
   </div>
   <div class='ocr_carea' id='block_1_29' title="bbox 2059 1541 2723 1608">
    <p class='ocr_par' dir='ltr' id='par_1_29' title="bbox 2059 1541 2723 1608">
     <span class='ocr_line' id='line_1_29' title="bbox 2059 1541 2723 1608; baseline 0 -11"><span class='ocrx_word' id='word_1_220' title='bbox 2059 1543 2193 1608; x_wconf 89' lang='lat' dir='ltr'><strong>bus,</strong></span> <span class='ocrx_word' id='word_1_221' title='bbox 2229 1543 2284 1598; x_wconf 89' lang='lat' dir='ltr'><strong>id</strong></span> <span class='ocrx_word' id='word_1_222' title='bbox 2318 1547 2406 1598; x_wconf 85' lang='lat' dir='ltr'><strong>est</strong></span> <span class='ocrx_word' id='word_1_223' title='bbox 2433 1541 2723 1599; x_wconf 82' lang='lat' dir='ltr'><strong>Ecclesiae.</strong></span> 
     </span>
    </p>
   </div>
   <div class='ocr_carea' id='block_1_30' title="bbox 2131 1631 3720 1702">
    <p class='ocr_par' dir='ltr' id='par_1_30' title="bbox 2131 1631 3720 1702">
     <span class='ocr_line' id='line_1_30' title="bbox 2131 1631 3720 1702; baseline 0.004 -14"><span class='ocrx_word' id='word_1_224' title='bbox 2131 1631 2268 1688; x_wconf 92' lang='lat' dir='ltr'><strong>Dico</strong></span> <span class='ocrx_word' id='word_1_225' title='bbox 2301 1649 2416 1687; x_wconf 90' lang='lat' dir='ltr'><strong>non</strong></span> <span class='ocrx_word' id='word_1_226' title='bbox 2447 1631 2794 1693; x_wconf 88' lang='lat' dir='ltr'><strong>invenerunt</strong></span> <span class='ocrx_word' id='word_1_227' title='bbox 2813 1631 2974 1688; x_wconf 88' lang='lat' dir='ltr'><strong>illam</strong></span> <span class='ocrx_word' id='word_1_228' title='bbox 2989 1632 3316 1702; x_wconf 88' lang='lat' dir='ltr'><strong>viam,licet</strong></span> <span class='ocrx_word' id='word_1_229' title='bbox 3333 1641 3532 1694; x_wconf 85' lang='lat' dir='ltr'><strong>essent</strong></span> <span class='ocrx_word' id='word_1_230' title='bbox 3551 1655 3720 1694; x_wconf 74' lang='lat' dir='ltr'><strong>«esu-</strong></span> 
     </span>
    </p>
   </div>
   <div class='ocr_carea' id='block_1_31' title="bbox 2059 1721 3716 1794">
    <p class='ocr_par' dir='ltr' id='par_1_31' title="bbox 2059 1721 3716 1794">
     <span class='ocr_line' id='line_1_31' title="bbox 2059 1721 3716 1794; baseline 0.004 -18"><span class='ocrx_word' id='word_1_231' title='bbox 2059 1721 2276 1777; x_wconf 89' lang='lat' dir='ltr'><strong>rientes</strong></span> <span class='ocrx_word' id='word_1_232' title='bbox 2303 1726 2360 1776; x_wconf 92' lang='lat' dir='ltr'><strong>et</strong></span> <span class='ocrx_word' id='word_1_233' title='bbox 2391 1721 2657 1776; x_wconf 82' lang='lat' dir='ltr'><strong>sitientes</strong></span> <span class='ocrx_word' id='word_1_234' title='bbox 2690 1741 2716 1771; x_wconf 85' lang='lat'><strong>»</strong></span> <span class='ocrx_word' id='word_1_235' title='bbox 2753 1721 2904 1776; x_wconf 87' lang='lat' dir='ltr'><strong>viam</strong></span> <span class='ocrx_word' id='word_1_236' title='bbox 2941 1739 3057 1794; x_wconf 89' lang='lat' dir='ltr'><strong>qua</strong></span> <span class='ocrx_word' id='word_1_237' title='bbox 3103 1727 3344 1794; x_wconf 90' lang='lat' dir='ltr'><strong>possent</strong></span> <span class='ocrx_word' id='word_1_238' title='bbox 3392 1725 3590 1781; x_wconf 80' lang='lat' dir='ltr'><strong>venire</strong></span> <span class='ocrx_word' id='word_1_239' title='bbox 3641 1728 3716 1784; x_wconf 91' lang='lat' dir='ltr'><strong>ad</strong></span> 
     </span>
    </p>
   </div>
   <div class='ocr_carea' id='block_1_32' title="bbox 2057 1809 3712 1886">
    <p class='ocr_par' dir='ltr' id='par_1_32' title="bbox 2057 1809 3712 1886">
     <span class='ocr_line' id='line_1_32' title="bbox 2057 1809 3712 1886; baseline 0.002 -20"><span class='ocrx_word' id='word_1_240' title='bbox 2057 1827 2253 1866; x_wconf 83' lang='lat' dir='ltr'><strong>veram</strong></span> <span class='ocrx_word' id='word_1_241' title='bbox 2299 1809 2772 1865; x_wconf 87' lang='lat' dir='ltr'><strong>beatitudinem:</strong></span> <span class='ocrx_word' id='word_1_242' title='bbox 2815 1810 2970 1866; x_wconf 90' lang='lat' dir='ltr'><strong>sicut</strong></span> <span class='ocrx_word' id='word_1_243' title='bbox 3020 1813 3303 1874; x_wconf 86' lang='lat' dir='ltr'><strong>mundani</strong></span> <span class='ocrx_word' id='word_1_244' title='bbox 3353 1812 3712 1886; x_wconf 87' lang='lat' dir='ltr'><strong>philosophi,</strong></span> 
     </span>
    </p>
   </div>
   <div class='ocr_carea' id='block_1_33' title="bbox 289 1897 3711 1998">
    <p class='ocr_par' dir='ltr' id='par_1_33' title="bbox 289 1897 3711 1998">
     <span class='ocr_line' id='line_1_33' title="bbox 289 1897 3711 1998; baseline 0 -39"><span class='ocrx_word' id='word_1_245' title='bbox 289 1901 450 1960; x_wconf 88' lang='lat' dir='ltr'><strong>sicut</strong></span> <span class='ocrx_word' id='word_1_246' title='bbox 469 1900 1948 1975; x_wconf 88' lang='lat' dir='ltr'><strong>sialiquishominesintroductosincivitatcmbene</strong></span> <span class='ocrx_word' id='word_1_247' title='bbox 1979 1934 2025 1998; x_wconf 77' lang='grc' dir='ltr'><strong>Β</strong></span> <span class='ocrx_word' id='word_1_248' title='bbox 2057 1899 2158 1972; x_wconf 87' lang='lat' dir='ltr'><strong>qui</strong></span> <span class='ocrx_word' id='word_1_249' title='bbox 2191 1897 2436 1955; x_wconf 85' lang='lat' dir='ltr'><strong>diversis</strong></span> <span class='ocrx_word' id='word_1_250' title='bbox 2477 1898 2803 1954; x_wconf 87' lang='lat' dir='ltr'><strong>rationibus</strong></span> <span class='ocrx_word' id='word_1_251' title='bbox 2851 1899 3098 1956; x_wconf 88' lang='lat' dir='ltr'><strong>sollicite</strong></span> <span class='ocrx_word' id='word_1_252' title='bbox 3145 1899 3524 1973; x_wconf 86' lang='lat' dir='ltr'><strong>inquirebant</strong></span> <span class='ocrx_word' id='word_1_253' title='bbox 3569 1904 3711 1976; x_wconf 88' lang='lat' dir='ltr'><strong>quid</strong></span> 
     </span>
    </p>
   </div>
   <div class='ocr_carea' id='block_1_34' title="bbox 285 1990 1945 2064">
    <p class='ocr_par' dir='ltr' id='par_1_34' title="bbox 285 1990 1945 2064">
     <span class='ocr_line' id='line_1_34' title="bbox 285 1990 1945 2064; baseline 0.001 -18"><span class='ocrx_word' id='word_1_254' title='bbox 285 1993 554 2064; x_wconf 85' lang='lat' dir='ltr'><strong>pasceret</strong></span> <span class='ocrx_word' id='word_1_255' title='bbox 576 1993 635 2047; x_wconf 91' lang='lat' dir='ltr'><strong>et</strong></span> <span class='ocrx_word' id='word_1_256' title='bbox 663 1991 946 2047; x_wconf 89' lang='lat' dir='ltr'><strong>reﬁceret.</strong></span> <span class='ocrx_word' id='word_1_257' title='bbox 981 1991 1044 2047; x_wconf 91' lang='lat' dir='ltr'><strong>In</strong></span> <span class='ocrx_word' id='word_1_258' title='bbox 1076 1990 1248 2050; x_wconf 88' lang='lat' dir='ltr'><strong>tertia</strong></span> <span class='ocrx_word' id='word_1_259' title='bbox 1277 1995 1460 2063; x_wconf 89' lang='lat' dir='ltr'><strong>parte,</strong></span> <span class='ocrx_word' id='word_1_260' title='bbox 1495 2008 1623 2063; x_wconf 70' lang='lat' dir='ltr'><strong>qua:</strong></span> <span class='ocrx_word' id='word_1_261' title='bbox 1673 1991 1880 2064; x_wconf 86' lang='lat' dir='ltr'><strong>incipit</strong></span> <span class='ocrx_word' id='word_1_262' title='bbox 1911 2010 1945 2047; x_wconf 90' lang='lat' dir='ltr'><strong>a</strong></span> 
     </span>
    </p>
   </div>
   <div class='ocr_carea' id='block_1_35' title="bbox 283 2079 1940 2152">
    <p class='ocr_par' dir='ltr' id='par_1_35' title="bbox 283 2079 1940 2152">
     <span class='ocr_line' id='line_1_35' title="bbox 283 2079 1940 2152; baseline 0.001 -16"><span class='ocrx_word' id='word_1_263' title='bbox 283 2080 546 2136; x_wconf 90' lang='lat' dir='ltr'><strong>secundo</strong></span> <span class='ocrx_word' id='word_1_264' title='bbox 577 2101 606 2130; x_wconf 85' lang='lat'>«</span> <span class='ocrx_word' id='word_1_265' title='bbox 639 2079 1105 2148; x_wconf 86' lang='lat' dir='ltr'><strong>Conﬁteantur,»</strong></span> <span class='ocrx_word' id='word_1_266' title='bbox 1139 2079 1396 2136; x_wconf 90' lang='lat' dir='ltr'><strong>ostendit</strong></span> <span class='ocrx_word' id='word_1_267' title='bbox 1427 2081 1722 2152; x_wconf 88' lang='lat' dir='ltr'><strong>quomodo</strong></span> <span class='ocrx_word' id='word_1_268' title='bbox 1746 2079 1940 2137; x_wconf 86' lang='lat' dir='ltr'><strong>satiati</strong></span> 
     </span>
    </p>
   </div>
   <div class='ocr_carea' id='block_1_36' title="bbox 281 2167 1942 2243">
    <p class='ocr_par' dir='ltr' id='par_1_36' title="bbox 281 2167 1942 2243">
     <span class='ocr_line' id='line_1_36' title="bbox 281 2167 1942 2243; baseline 0.001 -19"><span class='ocrx_word' id='word_1_269' title='bbox 281 2185 388 2242; x_wconf 90' lang='lat' dir='ltr'><strong>per</strong></span> <span class='ocrx_word' id='word_1_270' title='bbox 403 2169 646 2224; x_wconf 85' lang='lat' dir='ltr'><strong>verbum</strong></span> <span class='ocrx_word' id='word_1_271' title='bbox 670 2167 943 2243; x_wconf 83' lang='lat' dir='ltr'><strong>divinum</strong></span> <span class='ocrx_word' id='word_1_272' title='bbox 966 2167 1270 2225; x_wconf 83' lang='lat' dir='ltr'><strong>fastidiant</strong></span> <span class='ocrx_word' id='word_1_273' title='bbox 1299 2168 1502 2241; x_wconf 88' lang='lat' dir='ltr'><strong>aliqui,</strong></span> <span class='ocrx_word' id='word_1_274' title='bbox 1520 2171 1675 2242; x_wconf 88' lang='lat' dir='ltr'><strong>quod</strong></span> <span class='ocrx_word' id='word_1_275' title='bbox 1703 2171 1942 2242; x_wconf 88' lang='lat' dir='ltr'><strong>quidem</strong></span> 
     </span>
    </p>
   </div>
   <div class='ocr_carea' id='block_1_37' title="bbox 280 2256 1938 2330">
    <p class='ocr_par' dir='ltr' id='par_1_37' title="bbox 280 2256 1938 2330">
     <span class='ocr_line' id='line_1_37' title="bbox 280 2256 1938 2330; baseline 0.001 -17"><span class='ocrx_word' id='word_1_276' title='bbox 280 2256 529 2314; x_wconf 85' lang='lat' dir='ltr'><strong>mortale</strong></span> <span class='ocrx_word' id='word_1_277' title='bbox 559 2261 650 2313; x_wconf 90' lang='lat' dir='ltr'><strong>cst</strong></span> <span class='ocrx_word' id='word_1_278' title='bbox 677 2256 764 2313; x_wconf 91' lang='lat' dir='ltr'><strong>eis</strong></span> <span class='ocrx_word' id='word_1_279' title='bbox 793 2257 935 2328; x_wconf 91' lang='lat' dir='ltr'><strong>quia</strong></span> <span class='ocrx_word' id='word_1_280' title='bbox 975 2274 1092 2312; x_wconf 90' lang='lat' dir='ltr'><strong>non</strong></span> <span class='ocrx_word' id='word_1_281' title='bbox 1142 2261 1392 2330; x_wconf 89' lang='lat' dir='ltr'><strong>possunt</strong></span> <span class='ocrx_word' id='word_1_282' title='bbox 1436 2257 1634 2313; x_wconf 90' lang='lat' dir='ltr'><strong>cibum</strong></span> <span class='ocrx_word' id='word_1_283' title='bbox 1686 2277 1938 2328; x_wconf 91' lang='lat' dir='ltr'><strong>sumere,</strong></span> 
     </span>
    </p>
   </div>
   <div class='ocr_carea' id='block_1_38' title="bbox 280 2345 1942 2418">
    <p class='ocr_par' dir='ltr' id='par_1_38' title="bbox 280 2345 1942 2418">
     <span class='ocr_line' id='line_1_38' title="bbox 280 2345 1942 2418; baseline 0.001 -16"><span class='ocrx_word' id='word_1_284' title='bbox 280 2345 398 2402; x_wconf 88' lang='lat' dir='ltr'><strong>nisi</strong></span> <span class='ocrx_word' id='word_1_285' title='bbox 427 2347 582 2403; x_wconf 90' lang='lat' dir='ltr'><strong>Deus</strong></span> <span class='ocrx_word' id='word_1_286' title='bbox 614 2346 878 2401; x_wconf 88' lang='lat' dir='ltr'><strong>reﬁceret</strong></span> <span class='ocrx_word' id='word_1_287' title='bbox 905 2363 1024 2413; x_wconf 88' lang='lat' dir='ltr'><strong>eos,</strong></span> <span class='ocrx_word' id='word_1_288' title='bbox 1044 2350 1108 2400; x_wconf 92' lang='lat' dir='ltr'><strong>ut</strong></span> <span class='ocrx_word' id='word_1_289' title='bbox 1131 2347 1258 2418; x_wconf 88' lang='lat' dir='ltr'><strong>jam</strong></span> <span class='ocrx_word' id='word_1_290' title='bbox 1281 2345 1546 2401; x_wconf 87' lang='lat' dir='ltr'><strong>divinum</strong></span> <span class='ocrx_word' id='word_1_291' title='bbox 1577 2347 1821 2402; x_wconf 82' lang='lat' dir='ltr'><strong>verbum</strong></span> <span class='ocrx_word' id='word_1_292' title='bbox 1842 2366 1942 2404; x_wconf 88' lang='lat' dir='ltr'><strong>eos</strong></span> 
     </span>
    </p>
   </div>
   <div class='ocr_carea' id='block_1_39' title="bbox 279 2433 1943 2508">
    <p class='ocr_par' dir='ltr' id='par_1_39' title="bbox 279 2433 1943 2508">
     <span class='ocr_line' id='line_1_39' title="bbox 279 2433 1943 2508; baseline 0.001 -17"><span class='ocrx_word' id='word_1_293' title='bbox 279 2451 582 2492; x_wconf 82' lang='lat' dir='ltr'><strong>resumere</strong></span> <span class='ocrx_word' id='word_1_294' title='bbox 613 2433 878 2490; x_wconf 86' lang='lat' dir='ltr'><strong>delectet.</strong></span> <span class='ocrx_word' id='word_1_295' title='bbox 915 2435 976 2489; x_wconf 92' lang='lat' dir='ltr'><strong>In</strong></span> <span class='ocrx_word' id='word_1_296' title='bbox 1021 2438 1232 2506; x_wconf 89' lang='lat' dir='ltr'><strong>quarta</strong></span> <span class='ocrx_word' id='word_1_297' title='bbox 1279 2439 1464 2506; x_wconf 86' lang='lat' dir='ltr'><strong>parte,</strong></span> <span class='ocrx_word' id='word_1_298' title='bbox 1495 2453 1621 2507; x_wconf 66' lang='lat' dir='ltr'><strong>quae</strong></span> <span class='ocrx_word' id='word_1_299' title='bbox 1670 2437 1879 2508; x_wconf 86' lang='lat' dir='ltr'><strong>incipit</strong></span> <span class='ocrx_word' id='word_1_300' title='bbox 1909 2456 1943 2492; x_wconf 92' lang='lat' dir='ltr'><strong>a</strong></span> 
     </span>
    </p>
   </div>
   <div class='ocr_carea' id='block_1_40' title="bbox 279 2523 1946 2596">
    <p class='ocr_par' dir='ltr' id='par_1_40' title="bbox 279 2523 1946 2596">
     <span class='ocr_line' id='line_1_40' title="bbox 279 2523 1946 2596; baseline 0.001 -16"><span class='ocrx_word' id='word_1_301' title='bbox 279 2523 454 2580; x_wconf 86' lang='lat' dir='ltr'><strong>tertio</strong></span> <span class='ocrx_word' id='word_1_302' title='bbox 485 2546 514 2573; x_wconf 89' lang='grc'><strong>‹‹</strong></span> <span class='ocrx_word' id='word_1_303' title='bbox 547 2523 967 2591; x_wconf 87' lang='lat' dir='ltr'><strong>Conﬁteantur,</strong></span> <span class='ocrx_word' id='word_1_304' title='bbox 993 2545 1020 2573; x_wconf 79' lang='grc'><strong>››</strong></span> <span class='ocrx_word' id='word_1_305' title='bbox 1057 2523 1317 2579; x_wconf 88' lang='lat' dir='ltr'><strong>ostendit</strong></span> <span class='ocrx_word' id='word_1_306' title='bbox 1347 2525 1642 2596; x_wconf 88' lang='lat' dir='ltr'><strong>quomodo</strong></span> <span class='ocrx_word' id='word_1_307' title='bbox 1674 2526 1832 2582; x_wconf 87' lang='lat' dir='ltr'><strong>Deus</strong></span> <span class='ocrx_word' id='word_1_308' title='bbox 1862 2545 1946 2581; x_wconf 85' lang='lat' dir='ltr'><strong>re-</strong></span> 
     </span>
    </p>
   </div>
   <div class='ocr_carea' id='block_1_41' title="bbox 284 2609 1945 2686">
    <p class='ocr_par' dir='ltr' id='par_1_41' title="bbox 284 2609 1945 2686">
     <span class='ocr_line' id='line_1_41' title="bbox 284 2609 1945 2686; baseline 0.002 -18"><span class='ocrx_word' id='word_1_309' title='bbox 284 2615 478 2668; x_wconf 85' lang='lat' dir='ltr'><strong>ctores</strong></span> <span class='ocrx_word' id='word_1_310' title='bbox 502 2609 771 2668; x_wconf 67' lang='lat' dir='ltr'><strong>Ecclesia:</strong></span> <span class='ocrx_word' id='word_1_311' title='bbox 789 2610 1187 2684; x_wconf 84' lang='lat' dir='ltr'><strong>periclitantes</strong></span> <span class='ocrx_word' id='word_1_312' title='bbox 1200 2612 1405 2670; x_wconf 90' lang='lat' dir='ltr'><strong>multis</strong></span> <span class='ocrx_word' id='word_1_313' title='bbox 1423 2615 1874 2686; x_wconf 88' lang='lat' dir='ltr'><strong>tempestatibus</strong></span> <span class='ocrx_word' id='word_1_314' title='bbox 1888 2621 1945 2671; x_wconf 91' lang='lat' dir='ltr'><strong>et</strong></span> 
     </span>
    </p>
   </div>
   <div class='ocr_carea' id='block_1_42' title="bbox 287 2700 1941 2778">
    <p class='ocr_par' dir='ltr' id='par_1_42' title="bbox 287 2700 1941 2778">
     <span class='ocr_line' id='line_1_42' title="bbox 287 2700 1941 2778; baseline 0.001 -18"><span class='ocrx_word' id='word_1_315' title='bbox 287 2700 562 2778; x_wconf 84' lang='lat' dir='ltr'><strong>procellis</strong></span> <span class='ocrx_word' id='word_1_316' title='bbox 591 2701 773 2776; x_wconf 84' lang='lat' dir='ltr'><strong>hujus</strong></span> <span class='ocrx_word' id='word_1_317' title='bbox 799 2702 1017 2772; x_wconf 68' lang='lat' dir='ltr'><strong>saeculi,</strong></span> <span class='ocrx_word' id='word_1_318' title='bbox 1052 2703 1209 2760; x_wconf 87' lang='lat' dir='ltr'><strong>sicut</strong></span> <span class='ocrx_word' id='word_1_319' title='bbox 1239 2708 1491 2761; x_wconf 87' lang='lat' dir='ltr'><strong>rectores</strong></span> <span class='ocrx_word' id='word_1_320' title='bbox 1521 2705 1757 2761; x_wconf 85' lang='lat' dir='ltr'><strong>navium</strong></span> <span class='ocrx_word' id='word_1_321' title='bbox 1800 2707 1941 2762; x_wconf 88' lang='lat' dir='ltr'><strong>ﬂuc-</strong></span> 
     </span>
    </p>
   </div>
   <div class='ocr_carea' id='block_1_43' title="bbox 289 2791 1940 2867">
    <p class='ocr_par' dir='ltr' id='par_1_43' title="bbox 289 2791 1940 2867">
     <span class='ocr_line' id='line_1_43' title="bbox 289 2791 1940 2867; baseline -0.001 -16"><span class='ocrx_word' id='word_1_322' title='bbox 289 2793 454 2851; x_wconf 84' lang='lat' dir='ltr'><strong>tibus</strong></span> <span class='ocrx_word' id='word_1_323' title='bbox 483 2791 686 2861; x_wconf 85' lang='lat' dir='ltr'><strong>maris,</strong></span> <span class='ocrx_word' id='word_1_324' title='bbox 717 2791 1034 2866; x_wconf 87' lang='lat' dir='ltr'><strong>procellam</strong></span> <span class='ocrx_word' id='word_1_325' title='bbox 1068 2797 1353 2860; x_wconf 89' lang='lat' dir='ltr'><strong>amoveat,</strong></span> <span class='ocrx_word' id='word_1_326' title='bbox 1386 2811 1594 2850; x_wconf 88' lang='lat' dir='ltr'><strong>auram</strong></span> <span class='ocrx_word' id='word_1_327' title='bbox 1635 2793 1940 2867; x_wconf 89' lang='lat' dir='ltr'><strong>immittat,</strong></span> 
     </span>
    </p>
   </div>
   <div class='ocr_carea' id='block_1_44' title="bbox 288 2875 1947 2958">
    <p class='ocr_par' dir='ltr' id='par_1_44' title="bbox 288 2875 1947 2958">
     <span class='ocr_line' id='line_1_44' title="bbox 288 2875 1947 2958; baseline 0.001 -19"><span class='ocrx_word' id='word_1_328' title='bbox 288 2885 348 2939; x_wconf 80' lang='lat' dir='ltr'><strong>et</strong></span> <span class='ocrx_word' id='word_1_329' title='bbox 375 2875 614 2938; x_wconf 81' lang='lat' dir='ltr'><strong>tandem</strong></span> <span class='ocrx_word' id='word_1_330' title='bbox 645 2880 705 2938; x_wconf 89' lang='lat' dir='ltr'><strong>in</strong></span> <span class='ocrx_word' id='word_1_331' title='bbox 737 2884 974 2955; x_wconf 87' lang='lat' dir='ltr'><strong>portum</strong></span> <span class='ocrx_word' id='word_1_332' title='bbox 1005 2881 1325 2938; x_wconf 82' lang='lat' dir='ltr'><strong>voluntatis</strong></span> <span class='ocrx_word' id='word_1_333' title='bbox 1357 2882 1626 2939; x_wconf 87' lang='lat' dir='ltr'><strong>deducat.</strong></span> <span class='ocrx_word' id='word_1_334' title='bbox 1649 2889 1714 2939; x_wconf 91' lang='lat' dir='ltr'><strong>In</strong></span> <span class='ocrx_word' id='word_1_335' title='bbox 1739 2885 1947 2958; x_wconf 86' lang='lat' dir='ltr'><strong>quinta</strong></span> 
     </span>
    </p>
   </div>
   <div class='ocr_carea' id='block_1_45' title="bbox 289 2969 1940 3044">
    <p class='ocr_par' dir='ltr' id='par_1_45' title="bbox 289 2969 1940 3044">
     <span class='ocr_line' id='line_1_45' title="bbox 289 2969 1940 3044; baseline 0.001 -16"><span class='ocrx_word' id='word_1_336' title='bbox 289 2972 474 3044; x_wconf 82' lang='lat' dir='ltr'><strong>parte,</strong></span> <span class='ocrx_word' id='word_1_337' title='bbox 503 2987 635 3044; x_wconf 59' lang='lat' dir='ltr'><strong>quas</strong></span> <span class='ocrx_word' id='word_1_338' title='bbox 665 2969 872 3044; x_wconf 90' lang='lat' dir='ltr'><strong>incipit</strong></span> <span class='ocrx_word' id='word_1_339' title='bbox 903 2971 974 3026; x_wconf 90' lang='lat' dir='ltr'><strong>ab</strong></span> <span class='ocrx_word' id='word_1_340' title='bbox 1023 2969 1234 3028; x_wconf 92' lang='lat' dir='ltr'><strong>ultimo</strong></span> <span class='ocrx_word' id='word_1_341' title='bbox 1271 2993 1299 3022; x_wconf 90' lang='lat'><strong>«</strong></span> <span class='ocrx_word' id='word_1_342' title='bbox 1333 2971 1754 3044; x_wconf 88' lang='lat' dir='ltr'><strong>Conﬁteantur,</strong></span> <span class='ocrx_word' id='word_1_343' title='bbox 1790 2997 1818 3022; x_wconf 85' lang='lat'>»</span> <span class='ocrx_word' id='word_1_344' title='bbox 1849 2991 1940 3030; x_wconf 90' lang='lat' dir='ltr'><strong>os-</strong></span> 
     </span>
    </p>
   </div>
   <div class='ocr_carea' id='block_1_46' title="bbox 285 3059 1945 3132">
    <p class='ocr_par' dir='ltr' id='par_1_46' title="bbox 285 3059 1945 3132">
     <span class='ocr_line' id='line_1_46' title="bbox 285 3059 1945 3132; baseline 0.002 -17"><span class='ocrx_word' id='word_1_345' title='bbox 285 3059 476 3116; x_wconf 87' lang='lat' dir='ltr'><strong>tendit</strong></span> <span class='ocrx_word' id='word_1_346' title='bbox 497 3060 664 3132; x_wconf 89' lang='lat' dir='ltr'><strong>justo</strong></span> <span class='ocrx_word' id='word_1_347' title='bbox 691 3059 794 3117; x_wconf 90' lang='lat' dir='ltr'><strong>Dei</strong></span> <span class='ocrx_word' id='word_1_348' title='bbox 823 3059 1050 3132; x_wconf 89' lang='lat' dir='ltr'><strong>judicio</strong></span> <span class='ocrx_word' id='word_1_349' title='bbox 1081 3061 1316 3118; x_wconf 71' lang='lat' dir='ltr'><strong>Judceos</strong></span> <span class='ocrx_word' id='word_1_350' title='bbox 1346 3077 1476 3118; x_wconf 89' lang='lat' dir='ltr'><strong>esse</strong></span> <span class='ocrx_word' id='word_1_351' title='bbox 1518 3066 1854 3131; x_wconf 67' lang='lat' dir='ltr'><strong>excazcatos,</strong></span> <span class='ocrx_word' id='word_1_352' title='bbox 1887 3067 1945 3118; x_wconf 93' lang='lat' dir='ltr'><strong>et</strong></span> 
     </span>
    </p>
   </div>
   <div class='ocr_carea' id='block_1_47' title="bbox 283 3147 1943 3222">
    <p class='ocr_par' dir='ltr' id='par_1_47' title="bbox 283 3147 1943 3222">
     <span class='ocr_line' id='line_1_47' title="bbox 283 3147 1943 3222; baseline 0.002 -18"><span class='ocrx_word' id='word_1_353' title='bbox 283 3147 712 3221; x_wconf 88' lang='lat' dir='ltr'><strong>plenitudinem</strong></span> <span class='ocrx_word' id='word_1_354' title='bbox 743 3149 1010 3222; x_wconf 88' lang='lat' dir='ltr'><strong>gentium</strong></span> <span class='ocrx_word' id='word_1_355' title='bbox 1043 3148 1430 3215; x_wconf 86' lang='lat' dir='ltr'><strong>subintrasse,</strong></span> <span class='ocrx_word' id='word_1_356' title='bbox 1454 3154 1512 3205; x_wconf 90' lang='lat' dir='ltr'><strong>et</strong></span> <span class='ocrx_word' id='word_1_357' title='bbox 1534 3167 1633 3206; x_wconf 91' lang='lat' dir='ltr'><strong>eos</strong></span> <span class='ocrx_word' id='word_1_358' title='bbox 1656 3151 1943 3207; x_wconf 80' lang='lat' dir='ltr'><strong>maximos</strong></span> 
     </span>
    </p>
   </div>
   <div class='ocr_carea' id='block_1_48' title="bbox 283 3237 1942 3296">
    <p class='ocr_par' dir='ltr' id='par_1_48' title="bbox 283 3237 1942 3296">
     <span class='ocr_line' id='line_1_48' title="bbox 283 3237 1942 3296; baseline 0.002 -4"><span class='ocrx_word' id='word_1_359' title='bbox 283 3237 515 3294; x_wconf 80' lang='lat' dir='ltr'><strong>fructus</strong></span> <span class='ocrx_word' id='word_1_360' title='bbox 546 3237 796 3296; x_wconf 91' lang='lat' dir='ltr'><strong>Domino</strong></span> <span class='ocrx_word' id='word_1_361' title='bbox 827 3237 1174 3294; x_wconf 86' lang='lat' dir='ltr'><strong>reddidisse.</strong></span> <span class='ocrx_word' id='word_1_362' title='bbox 1210 3237 1460 3294; x_wconf 89' lang='lat' dir='ltr'><strong>Intentio</strong></span> <span class='ocrx_word' id='word_1_363' title='bbox 1491 3242 1584 3294; x_wconf 92' lang='lat' dir='ltr'><strong>est</strong></span> <span class='ocrx_word' id='word_1_364' title='bbox 1633 3243 1700 3295; x_wconf 90' lang='lat' dir='ltr'><strong>ut</strong></span> <span class='ocrx_word' id='word_1_365' title='bbox 1746 3245 1942 3296; x_wconf 88' lang='lat' dir='ltr'><strong>cante-</strong></span> 
     </span>
    </p>
   </div>
   <div class='ocr_carea' id='block_1_49' title="bbox 285 3325 1622 3394">
    <p class='ocr_par' dir='ltr' id='par_1_49' title="bbox 285 3325 1622 3394">
     <span class='ocr_line' id='line_1_49' title="bbox 285 3325 1622 3394; baseline -0.001 -12"><span class='ocrx_word' id='word_1_366' title='bbox 285 3340 424 3382; x_wconf 90' lang='lat' dir='ltr'><strong>mus</strong></span> <span class='ocrx_word' id='word_1_367' title='bbox 453 3325 710 3394; x_wconf 88' lang='lat' dir='ltr'><strong>alleluia,</strong></span> <span class='ocrx_word' id='word_1_368' title='bbox 744 3325 802 3382; x_wconf 91' lang='lat' dir='ltr'><strong>id</strong></span> <span class='ocrx_word' id='word_1_369' title='bbox 837 3330 948 3394; x_wconf 88' lang='lat' dir='ltr'><strong>est,</strong></span> <span class='ocrx_word' id='word_1_370' title='bbox 977 3330 1043 3381; x_wconf 91' lang='lat' dir='ltr'><strong>ut</strong></span> <span class='ocrx_word' id='word_1_371' title='bbox 1072 3326 1256 3381; x_wconf 91' lang='lat' dir='ltr'><strong>Deum</strong></span> <span class='ocrx_word' id='word_1_372' title='bbox 1288 3325 1622 3384; x_wconf 75' lang='lat' dir='ltr'><strong>laudemus.</strong></span> 
     </span>
    </p>
   </div>
   <div class='ocr_carea' id='block_1_50' title="bbox 351 3413 1947 3490">
    <p class='ocr_par' dir='ltr' id='par_1_50' title="bbox 351 3413 1947 3490">
     <span class='ocr_line' id='line_1_50' title="bbox 351 3413 1947 3490; baseline 0.001 -21"><span class='ocrx_word' id='word_1_373' title='bbox 351 3413 474 3472; x_wconf 82' lang='lat' dir='ltr'><strong>Vox</strong></span> <span class='ocrx_word' id='word_1_374' title='bbox 503 3413 802 3490; x_wconf 68' lang='lat' dir='ltr'><strong>prophetae</strong></span> <span class='ocrx_word' id='word_1_375' title='bbox 833 3413 919 3470; x_wconf 93' lang='lat' dir='ltr'><strong>sic</strong></span> <span class='ocrx_word' id='word_1_376' title='bbox 949 3413 1324 3472; x_wconf 87' lang='lat' dir='ltr'><strong>admonentis</strong></span> <span class='ocrx_word' id='word_1_377' title='bbox 1360 3431 1372 3468; x_wconf 93' lang='lat'>:</span> <span class='ocrx_word' id='word_1_378' title='bbox 1405 3414 1700 3470; x_wconf 82' lang='lat' dir='ltr'><strong>Attendite</strong></span> <span class='ocrx_word' id='word_1_379' title='bbox 1731 3417 1947 3472; x_wconf 85' lang='lat' dir='ltr'><strong>beneﬁ-</strong></span> 
     </span>
    </p>
   </div>
   <div class='ocr_carea' id='block_1_51' title="bbox 282 3501 1946 3576">
    <p class='ocr_par' dir='ltr' id='par_1_51' title="bbox 282 3501 1946 3576">
     <span class='ocr_line' id='line_1_51' title="bbox 282 3501 1946 3576; baseline 0.001 -17"><span class='ocrx_word' id='word_1_380' title='bbox 282 3502 394 3571; x_wconf 84' lang='lat' dir='ltr'><strong>cia,</strong></span> <span class='ocrx_word' id='word_1_381' title='bbox 425 3515 557 3575; x_wconf 71' lang='lat' dir='ltr'><strong>quas</strong></span> <span class='ocrx_word' id='word_1_382' title='bbox 589 3501 727 3558; x_wconf 83' lang='lat' dir='ltr'><strong>facit</strong></span> <span class='ocrx_word' id='word_1_383' title='bbox 755 3501 1043 3558; x_wconf 90' lang='lat' dir='ltr'><strong>Dominus</strong></span> <span class='ocrx_word' id='word_1_384' title='bbox 1071 3501 1361 3570; x_wconf 75' lang='lat' dir='ltr'><strong>Ecclesiae,</strong></span> <span class='ocrx_word' id='word_1_385' title='bbox 1380 3507 1436 3558; x_wconf 89' lang='lat' dir='ltr'><strong>et</strong></span> <span class='ocrx_word' id='word_1_386' title='bbox 1468 3507 1717 3574; x_wconf 91' lang='lat' dir='ltr'><strong>utroque</strong></span> <span class='ocrx_word' id='word_1_387' title='bbox 1735 3521 1946 3576; x_wconf 87' lang='lat' dir='ltr'><strong>genere</strong></span> 
     </span>
    </p>
   </div>
   <div class='ocr_carea' id='block_1_52' title="bbox 279 3588 1970 3657">
    <p class='ocr_par' dir='ltr' id='par_1_52' title="bbox 279 3588 1970 3657">
     <span class='ocr_line' id='line_1_52' title="bbox 279 3588 1970 3657; baseline 0.002 -12"><span class='ocrx_word' id='word_1_388' title='bbox 279 3588 676 3652; x_wconf 70' lang='lat' dir='ltr'><strong>confessionis</strong></span> <span class='ocrx_word' id='word_1_389' title='bbox 723 3612 753 3641; x_wconf 85' lang='lat'>«</span> <span class='ocrx_word' id='word_1_390' title='bbox 787 3589 1146 3646; x_wconf 90' lang='lat' dir='ltr'><strong>conﬁtemini</strong></span> <span class='ocrx_word' id='word_1_391' title='bbox 1193 3590 1462 3657; x_wconf 91' lang='lat' dir='ltr'><strong>Domino,</strong></span> <span class='ocrx_word' id='word_1_392' title='bbox 1521 3615 1542 3639; x_wconf 76' lang='grc' dir='ltr'><strong>ιι</strong></span> <span class='ocrx_word' id='word_1_393' title='bbox 1598 3597 1970 3649; x_wconf 73' lang='lat' dir='ltr'><strong>accusantes</strong></span> 
     </span>
    </p>
   </div>
   <div class='ocr_carea' id='block_1_53' title="bbox 284 3677 1944 3755">
    <p class='ocr_par' dir='ltr' id='par_1_53' title="bbox 284 3677 1944 3755">
     <span class='ocr_line' id='line_1_53' title="bbox 284 3677 1944 3755; baseline 0.001 -19"><span class='ocrx_word' id='word_1_394' title='bbox 284 3695 390 3737; x_wconf 81' lang='lat' dir='ltr'><strong>vos</strong></span> <span class='ocrx_word' id='word_1_395' title='bbox 421 3679 493 3736; x_wconf 88' lang='lat' dir='ltr'><strong>de</strong></span> <span class='ocrx_word' id='word_1_396' title='bbox 545 3679 804 3751; x_wconf 87' lang='lat' dir='ltr'><strong>peccatis</strong></span> <span class='ocrx_word' id='word_1_397' title='bbox 853 3678 1082 3746; x_wconf 89' lang='lat' dir='ltr'><strong>vestris,</strong></span> <span class='ocrx_word' id='word_1_398' title='bbox 1133 3683 1192 3738; x_wconf 86' lang='lat' dir='ltr'><strong>et</strong></span> <span class='ocrx_word' id='word_1_399' title='bbox 1246 3677 1554 3736; x_wconf 86' lang='lat' dir='ltr'><strong>laudantes</strong></span> <span class='ocrx_word' id='word_1_400' title='bbox 1603 3681 1786 3736; x_wconf 87' lang='lat' dir='ltr'><strong>Deum</strong></span> <span class='ocrx_word' id='word_1_401' title='bbox 1837 3701 1944 3755; x_wconf 90' lang='lat' dir='ltr'><strong>pro</strong></span> 
     </span>
    </p>
   </div>
   <div class='ocr_carea' id='block_1_54' title="bbox 287 3767 1946 3828">
    <p class='ocr_par' dir='ltr' id='par_1_54' title="bbox 287 3767 1946 3828">
     <span class='ocr_line' id='line_1_54' title="bbox 287 3767 1946 3828; baseline 0.002 -3"><span class='ocrx_word' id='word_1_402' title='bbox 287 3767 670 3826; x_wconf 89' lang='lat' dir='ltr'><strong>multitudine</strong></span> <span class='ocrx_word' id='word_1_403' title='bbox 698 3767 1116 3825; x_wconf 88' lang='lat' dir='ltr'><strong>beneﬁciorum</strong></span> <span class='ocrx_word' id='word_1_404' title='bbox 1146 3785 1388 3826; x_wconf 86' lang='lat' dir='ltr'><strong>suorum</strong></span> <span class='ocrx_word' id='word_1_405' title='bbox 1425 3786 1437 3824; x_wconf 93' lang='lat'>:</span> <span class='ocrx_word' id='word_1_406' title='bbox 1472 3772 1528 3824; x_wconf 93' lang='lat' dir='ltr'>et</span> <span class='ocrx_word' id='word_1_407' title='bbox 1559 3770 1782 3826; x_wconf 84' lang='lat' dir='ltr'><strong>debetis</strong></span> <span class='ocrx_word' id='word_1_408' title='bbox 1815 3789 1946 3828; x_wconf 83' lang='lat' dir='ltr'><strong>con-</strong></span> 
     </span>
    </p>
   </div>
   <div class='ocr_carea' id='block_1_55' title="bbox 287 3857 1942 3932">
    <p class='ocr_par' dir='ltr' id='par_1_55' title="bbox 287 3857 1942 3932">
     <span class='ocr_line' id='line_1_55' title="bbox 287 3857 1942 3932; baseline 0.001 -18"><span class='ocrx_word' id='word_1_409' title='bbox 287 3857 440 3914; x_wconf 86' lang='lat' dir='ltr'><strong>ﬁteri</strong></span> <span class='ocrx_word' id='word_1_410' title='bbox 473 3881 501 3909; x_wconf 86' lang='lat'><strong><em>«</em></strong></span> <span class='ocrx_word' id='word_1_411' title='bbox 537 3857 818 3932; x_wconf 89' lang='lat' dir='ltr'><strong>quoniam</strong></span> <span class='ocrx_word' id='word_1_412' title='bbox 845 3877 884 3908; x_wconf 75' lang='grc' dir='ltr'>ιι</span> <span class='ocrx_word' id='word_1_413' title='bbox 910 3857 1035 3930; x_wconf 90' lang='lat' dir='ltr'><strong>ipse</strong></span> <span class='ocrx_word' id='word_1_414' title='bbox 1065 3861 1155 3913; x_wconf 89' lang='lat' dir='ltr'><strong>est</strong></span> <span class='ocrx_word' id='word_1_415' title='bbox 1180 3881 1208 3906; x_wconf 89' lang='lat'><strong><em>«</em></strong></span> <span class='ocrx_word' id='word_1_416' title='bbox 1245 3857 1456 3926; x_wconf 89' lang='lat' dir='ltr'><strong>bonus,</strong></span> <span class='ocrx_word' id='word_1_417' title='bbox 1495 3880 1522 3907; x_wconf 90' lang='lat'>»</span> <span class='ocrx_word' id='word_1_418' title='bbox 1553 3858 1612 3914; x_wconf 91' lang='lat' dir='ltr'><strong>id</strong></span> <span class='ocrx_word' id='word_1_419' title='bbox 1648 3862 1738 3914; x_wconf 90' lang='lat' dir='ltr'><strong>est</strong></span> <span class='ocrx_word' id='word_1_420' title='bbox 1769 3859 1942 3916; x_wconf 90' lang='lat' dir='ltr'><strong>mise-</strong></span> 
     </span>
    </p>
   </div>
   <div class='ocr_carea' id='block_1_56' title="bbox 284 3946 1944 4020">
    <p class='ocr_par' dir='ltr' id='par_1_56' title="bbox 284 3946 1944 4020">
     <span class='ocr_line' id='line_1_56' title="bbox 284 3946 1944 4020; baseline 0.001 -16"><span class='ocrx_word' id='word_1_421' title='bbox 284 3947 492 4020; x_wconf 88' lang='lat' dir='ltr'><strong>ricors,</strong></span> <span class='ocrx_word' id='word_1_422' title='bbox 523 3947 911 4011; x_wconf 68' lang='lat' dir='ltr'><strong>etnondonat</strong></span> <span class='ocrx_word' id='word_1_423' title='bbox 941 3951 1179 4020; x_wconf 89' lang='lat' dir='ltr'><strong>peccata</strong></span> <span class='ocrx_word' id='word_1_424' title='bbox 1233 3946 1668 4004; x_wconf 83' lang='lat' dir='ltr'><strong>conlidentibus</strong></span> <span class='ocrx_word' id='word_1_425' title='bbox 1701 3965 1714 4004; x_wconf 88' lang='lat'>:</span> <span class='ocrx_word' id='word_1_426' title='bbox 1749 3953 1804 4004; x_wconf 90' lang='lat' dir='ltr'><strong>et</strong></span> <span class='ocrx_word' id='word_1_427' title='bbox 1835 3949 1944 4006; x_wconf 89' lang='lat' dir='ltr'><strong>hoc</strong></span> 
     </span>
    </p>
   </div>
   <div class='ocr_carea' id='block_1_57' title="bbox 285 4033 1939 4110">
    <p class='ocr_par' dir='ltr' id='par_1_57' title="bbox 285 4033 1939 4110">
     <span class='ocr_line' id='line_1_57' title="bbox 285 4033 1939 4110; baseline 0 -18"><span class='ocrx_word' id='word_1_428' title='bbox 285 4035 457 4094; x_wconf 77' lang='lat' dir='ltr'><strong>facite</strong></span> <span class='ocrx_word' id='word_1_429' title='bbox 505 4033 566 4091; x_wconf 91' lang='lat' dir='ltr'><strong>in</strong></span> <span class='ocrx_word' id='word_1_430' title='bbox 614 4036 910 4110; x_wconf 71' lang='lat' dir='ltr'><strong>praesenti,</strong></span> <span class='ocrx_word' id='word_1_431' title='bbox 961 4035 1105 4091; x_wconf 91' lang='lat' dir='ltr'><strong>dum</strong></span> <span class='ocrx_word' id='word_1_432' title='bbox 1165 4038 1401 4108; x_wconf 88' lang='lat' dir='ltr'><strong>tempus</strong></span> <span class='ocrx_word' id='word_1_433' title='bbox 1458 4040 1549 4092; x_wconf 89' lang='lat' dir='ltr'><strong>est</strong></span> <span class='ocrx_word' id='word_1_434' title='bbox 1601 4037 1939 4107; x_wconf 76' lang='lat' dir='ltr'><strong>miserandi,</strong></span> 
     </span>
    </p>
   </div>
   <div class='ocr_carea' id='block_1_58' title="bbox 283 4123 1946 4204">
    <p class='ocr_par' dir='ltr' id='par_1_58' title="bbox 283 4123 1946 4204">
     <span class='ocr_line' id='line_1_58' title="bbox 283 4123 1946 4204; baseline 0 -23"><span class='ocrx_word' id='word_1_435' title='bbox 283 4147 314 4176; x_wconf 85' lang='lat'><em>«</em></span> <span class='ocrx_word' id='word_1_436' title='bbox 346 4123 628 4198; x_wconf 88' lang='lat' dir='ltr'><strong>quoniam</strong></span> <span class='ocrx_word' id='word_1_437' title='bbox 659 4123 1065 4181; x_wconf 88' lang='lat' dir='ltr'><strong>misericordia</strong></span> <span class='ocrx_word' id='word_1_438' title='bbox 1093 4124 1224 4194; x_wconf 84' lang='lat' dir='ltr'><strong>ejus</strong></span> <span class='ocrx_word' id='word_1_439' title='bbox 1260 4147 1286 4173; x_wconf 83' lang='lat'><strong>»</strong></span> <span class='ocrx_word' id='word_1_440' title='bbox 1317 4127 1407 4180; x_wconf 88' lang='lat' dir='ltr'><strong>est</strong></span> <span class='ocrx_word' id='word_1_441' title='bbox 1439 4145 1467 4174; x_wconf 87' lang='lat'><strong>«</strong></span> <span class='ocrx_word' id='word_1_442' title='bbox 1501 4124 1558 4179; x_wconf 90' lang='lat' dir='ltr'><strong>in</strong></span> <span class='ocrx_word' id='word_1_443' title='bbox 1585 4126 1891 4193; x_wconf 79' lang='lat' dir='ltr'><strong>saeculum,</strong></span> <span class='ocrx_word' id='word_1_444' title='bbox 1916 4151 1946 4204; x_wconf 76' lang='grc'><strong>››⁴</strong></span> 
     </span>
    </p>
   </div>
   <div class='ocr_carea' id='block_1_59' title="bbox 282 4211 1942 4286">
    <p class='ocr_par' dir='ltr' id='par_1_59' title="bbox 282 4211 1942 4286">
     <span class='ocr_line' id='line_1_59' title="bbox 282 4211 1942 4286; baseline 0.001 -15"><span class='ocrx_word' id='word_1_445' title='bbox 282 4213 341 4271; x_wconf 92' lang='lat' dir='ltr'><strong>id</strong></span> <span class='ocrx_word' id='word_1_446' title='bbox 373 4217 462 4270; x_wconf 89' lang='lat' dir='ltr'><strong>est</strong></span> <span class='ocrx_word' id='word_1_447' title='bbox 490 4211 551 4269; x_wconf 92' lang='lat' dir='ltr'><strong>in</strong></span> <span class='ocrx_word' id='word_1_448' title='bbox 580 4213 691 4270; x_wconf 88' lang='lat' dir='ltr'><strong>hac</strong></span> <span class='ocrx_word' id='word_1_449' title='bbox 717 4213 841 4270; x_wconf 88' lang='lat' dir='ltr'><strong>vita</strong></span> <span class='ocrx_word' id='word_1_450' title='bbox 871 4217 961 4270; x_wconf 91' lang='lat' dir='ltr'><strong>est</strong></span> <span class='ocrx_word' id='word_1_451' title='bbox 988 4212 1155 4270; x_wconf 91' lang='lat' dir='ltr'><strong>locus</strong></span> <span class='ocrx_word' id='word_1_452' title='bbox 1183 4212 1619 4282; x_wconf 61' lang='lat' dir='ltr'><strong>misericordiae,</strong></span> <span class='ocrx_word' id='word_1_453' title='bbox 1635 4218 1769 4286; x_wconf 91' lang='lat' dir='ltr'><strong>post</strong></span> <span class='ocrx_word' id='word_1_454' title='bbox 1789 4215 1942 4272; x_wconf 90' lang='lat' dir='ltr'><strong>hanc</strong></span> 
     </span>
    </p>
   </div>
   <div class='ocr_carea' id='block_1_60' title="bbox 281 4300 804 4375">
    <p class='ocr_par' dir='ltr' id='par_1_60' title="bbox 281 4300 804 4375">
     <span class='ocr_line' id='line_1_60' title="bbox 281 4300 804 4375; baseline -0.008 -15"><span class='ocrx_word' id='word_1_455' title='bbox 281 4305 466 4360; x_wconf 85' lang='lat' dir='ltr'><strong>restat</strong></span> <span class='ocrx_word' id='word_1_456' title='bbox 485 4300 804 4375; x_wconf 88' lang='lat' dir='ltr'><strong>judicium.</strong></span> 
     </span>
    </p>
   </div>
   <div class='ocr_carea' id='block_1_61' title="bbox 353 4389 1940 4465">
    <p class='ocr_par' dir='ltr' id='par_1_61' title="bbox 353 4389 1940 4465">
     <span class='ocr_line' id='line_1_61' title="bbox 353 4389 1940 4465; baseline 0.001 -18"><span class='ocrx_word' id='word_1_457' title='bbox 353 4392 474 4465; x_wconf 92' lang='lat' dir='ltr'><strong>Ego</strong></span> <span class='ocrx_word' id='word_1_458' title='bbox 505 4407 714 4446; x_wconf 92' lang='lat' dir='ltr'><strong>moneo</strong></span> <span class='ocrx_word' id='word_1_459' title='bbox 743 4406 846 4446; x_wconf 88' lang='lat' dir='ltr'><strong>vos</strong></span> <span class='ocrx_word' id='word_1_460' title='bbox 871 4390 1134 4446; x_wconf 86' lang='lat' dir='ltr'><strong>conﬁteri</strong></span> <span class='ocrx_word' id='word_1_461' title='bbox 1171 4395 1229 4446; x_wconf 90' lang='lat' dir='ltr'><strong>et</strong></span> <span class='ocrx_word' id='word_1_462' title='bbox 1259 4389 1368 4448; x_wconf 92' lang='lat' dir='ltr'><strong>hoc</strong></span> <span class='ocrx_word' id='word_1_463' title='bbox 1409 4391 1562 4446; x_wconf 90' lang='lat' dir='ltr'><strong>idem</strong></span> <span class='ocrx_word' id='word_1_464' title='bbox 1609 4393 1762 4464; x_wconf 91' lang='lat' dir='ltr'><strong>quod</strong></span> <span class='ocrx_word' id='word_1_465' title='bbox 1812 4393 1940 4449; x_wconf 89' lang='lat' dir='ltr'><strong>dico</strong></span> 
     </span>
    </p>
   </div>
   <div class='ocr_carea' id='block_1_62' title="bbox 280 4477 1942 4552">
    <p class='ocr_par' dir='ltr' id='par_1_62' title="bbox 280 4477 1942 4552">
     <span class='ocr_line' id='line_1_62' title="bbox 280 4477 1942 4552; baseline 0.001 -17"><span class='ocrx_word' id='word_1_466' title='bbox 280 4494 442 4552; x_wconf 86' lang='lat' dir='ltr'><strong>ergo,</strong></span> <span class='ocrx_word' id='word_1_467' title='bbox 473 4503 501 4530; x_wconf 91' lang='lat'><strong>«</strong></span> <span class='ocrx_word' id='word_1_468' title='bbox 537 4477 740 4535; x_wconf 90' lang='lat' dir='ltr'><strong>dicant</strong></span> <span class='ocrx_word' id='word_1_469' title='bbox 771 4501 798 4527; x_wconf 72' lang='grc' dir='ltr'><strong>υ</strong></span> <span class='ocrx_word' id='word_1_470' title='bbox 831 4495 1037 4534; x_wconf 92' lang='lat' dir='ltr'><strong>omnes</strong></span> <span class='ocrx_word' id='word_1_471' title='bbox 1068 4477 1168 4534; x_wconf 89' lang='lat' dir='ltr'><strong>alii</strong></span> <span class='ocrx_word' id='word_1_472' title='bbox 1200 4501 1228 4529; x_wconf 88' lang='grc'><strong>‹‹</strong></span> <span class='ocrx_word' id='word_1_473' title='bbox 1264 4479 1366 4551; x_wconf 92' lang='lat' dir='ltr'><strong>qui</strong></span> <span class='ocrx_word' id='word_1_474' title='bbox 1422 4480 1706 4552; x_wconf 89' lang='lat' dir='ltr'><strong>redempti</strong></span> <span class='ocrx_word' id='word_1_475' title='bbox 1739 4486 1878 4537; x_wconf 89' lang='lat' dir='ltr'><strong>sunt</strong></span> <span class='ocrx_word' id='word_1_476' title='bbox 1908 4501 1942 4538; x_wconf 92' lang='lat' dir='ltr'><strong>a</strong></span> 
     </span>
    </p>
   </div>
   <div class='ocr_carea' id='block_1_63' title="bbox 283 4566 1943 4636">
    <p class='ocr_par' dir='ltr' id='par_1_63' title="bbox 283 4566 1943 4636">
     <span class='ocr_line' id='line_1_63' title="bbox 283 4566 1943 4636; baseline 0.002 -13"><span class='ocrx_word' id='word_1_477' title='bbox 283 4566 554 4636; x_wconf 88' lang='lat' dir='ltr'><strong>Domino,</strong></span> <span class='ocrx_word' id='word_1_478' title='bbox 590 4590 620 4618; x_wconf 89' lang='grc'><strong>››</strong></span> <span class='ocrx_word' id='word_1_479' title='bbox 653 4567 896 4636; x_wconf 85' lang='lat' dir='ltr'><strong>scilicet,</strong></span> <span class='ocrx_word' id='word_1_480' title='bbox 947 4567 1330 4624; x_wconf 81' lang='lat' dir='ltr'><strong>exhortcntur</strong></span> <span class='ocrx_word' id='word_1_481' title='bbox 1380 4567 1526 4624; x_wconf 91' lang='lat' dir='ltr'><strong>alios</strong></span> <span class='ocrx_word' id='word_1_482' title='bbox 1572 4570 1836 4626; x_wconf 89' lang='lat' dir='ltr'><strong>conﬁteri</strong></span> <span class='ocrx_word' id='word_1_483' title='bbox 1885 4575 1943 4626; x_wconf 89' lang='lat' dir='ltr'><strong>et</strong></span> 
     </span>
    </p>
   </div>
   <div class='ocr_carea' id='block_1_64' title="bbox 2053 1989 3712 2062">
    <p class='ocr_par' dir='ltr' id='par_1_64' title="bbox 2053 1989 3712 2062">
     <span class='ocr_line' id='line_1_64' title="bbox 2053 1989 3712 2062; baseline 0.004 -18"><span class='ocrx_word' id='word_1_484' title='bbox 2053 1994 2208 2045; x_wconf 90' lang='lat' dir='ltr'><strong>esset</strong></span> <span class='ocrx_word' id='word_1_485' title='bbox 2239 2005 2544 2044; x_wconf 90' lang='lat' dir='ltr'><strong>summum</strong></span> <span class='ocrx_word' id='word_1_486' title='bbox 2577 1989 2821 2059; x_wconf 89' lang='lat' dir='ltr'><strong>bonum,</strong></span> <span class='ocrx_word' id='word_1_487' title='bbox 2855 1993 2913 2045; x_wconf 90' lang='lat' dir='ltr'>et</span> <span class='ocrx_word' id='word_1_488' title='bbox 2943 2006 3060 2062; x_wconf 90' lang='lat' dir='ltr'><strong>qua</strong></span> <span class='ocrx_word' id='word_1_489' title='bbox 3088 1989 3180 2045; x_wconf 89' lang='lat' dir='ltr'><strong>via</strong></span> <span class='ocrx_word' id='word_1_490' title='bbox 3228 1994 3470 2062; x_wconf 90' lang='lat' dir='ltr'><strong>possent</strong></span> <span class='ocrx_word' id='word_1_491' title='bbox 3515 1991 3712 2050; x_wconf 91' lang='lat' dir='ltr'><strong>venire</strong></span> 
     </span>
    </p>
   </div>
   <div class='ocr_carea' id='block_1_65' title="bbox 2053 2077 3708 2150">
    <p class='ocr_par' dir='ltr' id='par_1_65' title="bbox 2053 2077 3708 2150">
     <span class='ocr_line' id='line_1_65' title="bbox 2053 2077 3708 2150; baseline 0.002 -16"><span class='ocrx_word' id='word_1_492' title='bbox 2053 2079 2127 2134; x_wconf 88' lang='lat' dir='ltr'><strong>ad</strong></span> <span class='ocrx_word' id='word_1_493' title='bbox 2157 2095 2351 2133; x_wconf 89' lang='lat' dir='ltr'><strong>veram</strong></span> <span class='ocrx_word' id='word_1_494' title='bbox 2385 2077 2829 2134; x_wconf 84' lang='lat' dir='ltr'><strong>beatitudinem.</strong></span> <span class='ocrx_word' id='word_1_495' title='bbox 2864 2077 2987 2150; x_wconf 79' lang='lat' dir='ltr'><strong>Vel,</strong></span> <span class='ocrx_word' id='word_1_496' title='bbox 3019 2102 3046 2129; x_wconf 85' lang='grc'><strong>‹‹</strong></span> <span class='ocrx_word' id='word_1_497' title='bbox 3083 2077 3406 2136; x_wconf 87' lang='lat' dir='ltr'><strong>esurientes</strong></span> <span class='ocrx_word' id='word_1_498' title='bbox 3439 2083 3493 2136; x_wconf 89' lang='lat' dir='ltr'><strong>et</strong></span> <span class='ocrx_word' id='word_1_499' title='bbox 3514 2081 3708 2138; x_wconf 88' lang='lat' dir='ltr'><strong>sitien-</strong></span> 
     </span>
    </p>
   </div>
   <div class='ocr_carea' id='block_1_66' title="bbox 2053 2166 3705 2227">
    <p class='ocr_par' dir='ltr' id='par_1_66' title="bbox 2053 2166 3705 2227">
     <span class='ocr_line' id='line_1_66' title="bbox 2053 2166 3705 2227; baseline 0.002 -5"><span class='ocrx_word' id='word_1_500' title='bbox 2053 2171 2140 2223; x_wconf 89' lang='lat' dir='ltr'><strong>tes</strong></span> <span class='ocrx_word' id='word_1_501' title='bbox 2169 2190 2196 2215; x_wconf 82' lang='lat'>»</span> <span class='ocrx_word' id='word_1_502' title='bbox 2231 2166 2579 2222; x_wconf 88' lang='lat' dir='ltr'><strong>naturaliter</strong></span> <span class='ocrx_word' id='word_1_503' title='bbox 2606 2184 2808 2222; x_wconf 86' lang='lat' dir='ltr'><strong>verum</strong></span> <span class='ocrx_word' id='word_1_504' title='bbox 2855 2168 3098 2223; x_wconf 89' lang='lat' dir='ltr'><strong>bonum.</strong></span> <span class='ocrx_word' id='word_1_505' title='bbox 3131 2167 3347 2224; x_wconf 89' lang='lat' dir='ltr'><strong>Omnes</strong></span> <span class='ocrx_word' id='word_1_506' title='bbox 3397 2169 3554 2225; x_wconf 90' lang='lat' dir='ltr'><strong>enim</strong></span> <span class='ocrx_word' id='word_1_507' title='bbox 3604 2189 3705 2227; x_wconf 86' lang='lat' dir='ltr'><strong>na-</strong></span> 
     </span>
    </p>
   </div>
   <div class='ocr_carea' id='block_1_67' title="bbox 2053 2254 3707 2325">
    <p class='ocr_par' dir='ltr' id='par_1_67' title="bbox 2053 2254 3707 2325">
     <span class='ocr_line' id='line_1_67' title="bbox 2053 2254 3707 2325; baseline 0.004 -15"><span class='ocrx_word' id='word_1_508' title='bbox 2053 2254 2323 2311; x_wconf 85' lang='lat' dir='ltr'><strong>turaliter</strong></span> <span class='ocrx_word' id='word_1_509' title='bbox 2355 2256 2606 2312; x_wconf 89' lang='lat' dir='ltr'><strong>teudunt</strong></span> <span class='ocrx_word' id='word_1_510' title='bbox 2635 2257 2706 2311; x_wconf 90' lang='lat' dir='ltr'><strong>ad</strong></span> <span class='ocrx_word' id='word_1_511' title='bbox 2741 2273 2941 2311; x_wconf 89' lang='lat' dir='ltr'><strong>verum</strong></span> <span class='ocrx_word' id='word_1_512' title='bbox 2984 2257 3229 2325; x_wconf 89' lang='lat' dir='ltr'><strong>bonum,</strong></span> <span class='ocrx_word' id='word_1_513' title='bbox 3265 2258 3368 2314; x_wconf 90' lang='lat' dir='ltr'><strong>scd</strong></span> <span class='ocrx_word' id='word_1_514' title='bbox 3413 2276 3526 2315; x_wconf 90' lang='lat' dir='ltr'><strong>non</strong></span> <span class='ocrx_word' id='word_1_515' title='bbox 3575 2277 3707 2316; x_wconf 89' lang='lat' dir='ltr'><strong>vera</strong></span> 
     </span>
    </p>
   </div>
   <div class='ocr_carea' id='block_1_68' title="bbox 2051 2343 3701 2420">
    <p class='ocr_par' dir='ltr' id='par_1_68' title="bbox 2051 2343 3701 2420">
     <span class='ocr_line' id='line_1_68' title="bbox 2051 2343 3701 2420; baseline 0.003 -20"><span class='ocrx_word' id='word_1_516' title='bbox 2051 2345 2146 2400; x_wconf 87' lang='lat' dir='ltr'><strong>via</strong></span> <span class='ocrx_word' id='word_1_517' title='bbox 2180 2363 2193 2410; x_wconf 90' lang='lat'><strong>;</strong></span> <span class='ocrx_word' id='word_1_518' title='bbox 2229 2345 2360 2417; x_wconf 83' lang='lat' dir='ltr'><strong>quia</strong></span> <span class='ocrx_word' id='word_1_519' title='bbox 2397 2343 2637 2416; x_wconf 87' lang='lat' dir='ltr'><strong>quidam</strong></span> <span class='ocrx_word' id='word_1_520' title='bbox 2673 2363 2776 2418; x_wconf 89' lang='lat' dir='ltr'><strong>per</strong></span> <span class='ocrx_word' id='word_1_521' title='bbox 2815 2345 3156 2418; x_wconf 86' lang='lat' dir='ltr'><strong>potentiam,</strong></span> <span class='ocrx_word' id='word_1_522' title='bbox 3191 2345 3435 2419; x_wconf 88' lang='lat' dir='ltr'><strong>quidam</strong></span> <span class='ocrx_word' id='word_1_523' title='bbox 3478 2365 3581 2420; x_wconf 90' lang='lat' dir='ltr'><strong>per</strong></span> <span class='ocrx_word' id='word_1_524' title='bbox 3612 2349 3701 2404; x_wconf 90' lang='lat' dir='ltr'><strong>di-</strong></span> 
     </span>
    </p>
   </div>
   <div class='ocr_carea' id='block_1_69' title="bbox 2053 2433 3705 2509">
    <p class='ocr_par' dir='ltr' id='par_1_69' title="bbox 2053 2433 3705 2509">
     <span class='ocr_line' id='line_1_69' title="bbox 2053 2433 3705 2509; baseline 0.003 -22"><span class='ocrx_word' id='word_1_525' title='bbox 2053 2433 2360 2506; x_wconf 85' lang='lat' dir='ltr'><strong>gnitatem,</strong></span> <span class='ocrx_word' id='word_1_526' title='bbox 2395 2433 2634 2505; x_wconf 78' lang='lat' dir='ltr'><strong>quidam</strong></span> <span class='ocrx_word' id='word_1_527' title='bbox 2671 2452 2774 2506; x_wconf 88' lang='lat' dir='ltr'><strong>per</strong></span> <span class='ocrx_word' id='word_1_528' title='bbox 2803 2435 3059 2504; x_wconf 88' lang='lat' dir='ltr'><strong>divitias,</strong></span> <span class='ocrx_word' id='word_1_529' title='bbox 3095 2435 3228 2490; x_wconf 87' lang='lat' dir='ltr'><strong>aliis</strong></span> <span class='ocrx_word' id='word_1_530' title='bbox 3261 2453 3492 2509; x_wconf 90' lang='lat' dir='ltr'><strong>quoque</strong></span> <span class='ocrx_word' id='word_1_531' title='bbox 3525 2437 3705 2494; x_wconf 85' lang='lat' dir='ltr'><strong>diver-</strong></span> 
     </span>
    </p>
   </div>
   <div class='ocr_carea' id='block_1_70' title="bbox 2053 2521 3699 2600">
    <p class='ocr_par' dir='ltr' id='par_1_70' title="bbox 2053 2521 3699 2600">
     <span class='ocr_line' id='line_1_70' title="bbox 2053 2521 3699 2600; baseline 0.001 -21"><span class='ocrx_word' id='word_1_532' title='bbox 2053 2523 2136 2579; x_wconf 90' lang='lat' dir='ltr'><strong>sis</strong></span> <span class='ocrx_word' id='word_1_533' title='bbox 2169 2521 2457 2600; x_wconf 81' lang='lat' dir='ltr'><strong>modiszct</strong></span> <span class='ocrx_word' id='word_1_534' title='bbox 2481 2521 2615 2578; x_wconf 87' lang='lat' dir='ltr'><strong>licet</strong></span> <span class='ocrx_word' id='word_1_535' title='bbox 2645 2523 2936 2579; x_wconf 88' lang='lat' dir='ltr'><strong>esurirent</strong></span> <span class='ocrx_word' id='word_1_536' title='bbox 2963 2528 3022 2580; x_wconf 90' lang='lat' dir='ltr'><strong>ot</strong></span> <span class='ocrx_word' id='word_1_537' title='bbox 3052 2523 3298 2580; x_wconf 88' lang='lat' dir='ltr'><strong>sollicite</strong></span> <span class='ocrx_word' id='word_1_538' title='bbox 3321 2523 3699 2598; x_wconf 88' lang='lat' dir='ltr'><strong>inquirerent,</strong></span> 
     </span>
    </p>
   </div>
   <div class='ocr_carea' id='block_1_71' title="bbox 2054 2611 3706 2686">
    <p class='ocr_par' dir='ltr' id='par_1_71' title="bbox 2054 2611 3706 2686">
     <span class='ocr_line' id='line_1_71' title="bbox 2054 2611 3706 2686; baseline 0.002 -20"><span class='ocrx_word' id='word_1_539' title='bbox 2054 2617 2248 2667; x_wconf 89' lang='lat' dir='ltr'><strong>tamen</strong></span> <span class='ocrx_word' id='word_1_540' title='bbox 2285 2635 2312 2661; x_wconf 83' lang='lat'><strong>«</strong></span> <span class='ocrx_word' id='word_1_541' title='bbox 2347 2611 2564 2678; x_wconf 86' lang='lat' dir='ltr'><strong>anima,</strong></span> <span class='ocrx_word' id='word_1_542' title='bbox 2603 2635 2628 2660; x_wconf 76' lang='grc' dir='ltr'><strong>η</strong></span> <span class='ocrx_word' id='word_1_543' title='bbox 2662 2612 2716 2667; x_wconf 92' lang='lat' dir='ltr'><strong>id</strong></span> <span class='ocrx_word' id='word_1_544' title='bbox 2751 2617 2839 2668; x_wconf 88' lang='lat' dir='ltr'><strong>est</strong></span> <span class='ocrx_word' id='word_1_545' title='bbox 2870 2613 3178 2684; x_wconf 88' lang='lat' dir='ltr'><strong>sapientia,</strong></span> <span class='ocrx_word' id='word_1_546' title='bbox 3200 2636 3228 2664; x_wconf 89' lang='grc'><strong>‹‹</strong></span> <span class='ocrx_word' id='word_1_547' title='bbox 3257 2631 3458 2669; x_wconf 90' lang='lat' dir='ltr'><strong>eorum</strong></span> <span class='ocrx_word' id='word_1_548' title='bbox 3477 2614 3533 2669; x_wconf 91' lang='lat' dir='ltr'><strong>in</strong></span> <span class='ocrx_word' id='word_1_549' title='bbox 3557 2613 3706 2686; x_wconf 90' lang='lat' dir='ltr'><strong>ipsis</strong></span> 
     </span>
    </p>
   </div>
   <div class='ocr_carea' id='block_1_72' title="bbox 2054 2700 3702 2775">
    <p class='ocr_par' dir='ltr' id='par_1_72' title="bbox 2054 2700 3702 2775">
     <span class='ocr_line' id='line_1_72' title="bbox 2054 2700 3702 2775; baseline 0.001 -19"><span class='ocrx_word' id='word_1_550' title='bbox 2054 2701 2265 2756; x_wconf 82' lang='lat' dir='ltr'><strong>defecit</strong></span> <span class='ocrx_word' id='word_1_551' title='bbox 2299 2725 2324 2750; x_wconf 80' lang='lat' dir='ltr'><em>n</em></span> <span class='ocrx_word' id='word_1_552' title='bbox 2357 2701 2497 2773; x_wconf 86' lang='lat' dir='ltr'><strong>quia</strong></span> <span class='ocrx_word' id='word_1_553' title='bbox 2527 2701 2660 2769; x_wconf 89' lang='lat' dir='ltr'><strong>sibi,</strong></span> <span class='ocrx_word' id='word_1_554' title='bbox 2695 2705 2752 2756; x_wconf 93' lang='lat' dir='ltr'><strong>et</strong></span> <span class='ocrx_word' id='word_1_555' title='bbox 2802 2719 2916 2757; x_wconf 90' lang='lat' dir='ltr'><strong>non</strong></span> <span class='ocrx_word' id='word_1_556' title='bbox 2969 2701 3106 2769; x_wconf 90' lang='lat' dir='ltr'><strong>Deo,</strong></span> <span class='ocrx_word' id='word_1_557' title='bbox 3141 2700 3488 2775; x_wconf 87' lang='lat' dir='ltr'><strong>sapientiam</strong></span> <span class='ocrx_word' id='word_1_558' title='bbox 3537 2703 3702 2758; x_wconf 88' lang='lat' dir='ltr'><strong>attri-</strong></span> 
     </span>
    </p>
   </div>
   <div class='ocr_carea' id='block_1_73' title="bbox 2053 2788 3700 2864">
    <p class='ocr_par' dir='ltr' id='par_1_73' title="bbox 2053 2788 3700 2864">
     <span class='ocr_line' id='line_1_73' title="bbox 2053 2788 3700 2864; baseline 0 -18"><span class='ocrx_word' id='word_1_559' title='bbox 2053 2790 2336 2857; x_wconf 88' lang='lat' dir='ltr'><strong>buebant,</strong></span> <span class='ocrx_word' id='word_1_560' title='bbox 2367 2794 2423 2844; x_wconf 91' lang='lat' dir='ltr'><strong>et</strong></span> <span class='ocrx_word' id='word_1_561' title='bbox 2452 2788 2580 2846; x_wconf 91' lang='lat' dir='ltr'><strong>ideo</strong></span> <span class='ocrx_word' id='word_1_562' title='bbox 2613 2807 2815 2846; x_wconf 90' lang='lat' dir='ltr'><strong>eorum</strong></span> <span class='ocrx_word' id='word_1_563' title='bbox 2863 2790 3153 2864; x_wconf 87' lang='lat' dir='ltr'><strong>sapientia</strong></span> <span class='ocrx_word' id='word_1_564' title='bbox 3200 2790 3430 2847; x_wconf 87' lang='lat' dir='ltr'><strong>nullum</strong></span> <span class='ocrx_word' id='word_1_565' title='bbox 3481 2793 3700 2864; x_wconf 80' lang='lat' dir='ltr'><strong>profec-</strong></span> 
     </span>
    </p>
   </div>
   <div class='ocr_carea' id='block_1_74' title="bbox 2053 2865 3702 2952">
    <p class='ocr_par' dir='ltr' id='par_1_74' title="bbox 2053 2865 3702 2952">
     <span class='ocr_line' id='line_1_74' title="bbox 2053 2865 3702 2952; baseline 0.001 -18"><span class='ocrx_word' id='word_1_566' title='bbox 2053 2883 2181 2935; x_wconf 87' lang='lat' dir='ltr'><strong>tum</strong></span> <span class='ocrx_word' id='word_1_567' title='bbox 2213 2865 2440 2948; x_wconf 81' lang='lat' dir='ltr'><strong>habuit,</strong></span> <span class='ocrx_word' id='word_1_568' title='bbox 2474 2879 2572 2934; x_wconf 90' lang='lat' dir='ltr'><strong>sed</strong></span> <span class='ocrx_word' id='word_1_569' title='bbox 2608 2897 2850 2952; x_wconf 89' lang='lat' dir='ltr'><strong>prorsus</strong></span> <span class='ocrx_word' id='word_1_570' title='bbox 2894 2879 3122 2937; x_wconf 89' lang='lat' dir='ltr'><strong>inutilis</strong></span> <span class='ocrx_word' id='word_1_571' title='bbox 3169 2879 3424 2950; x_wconf 88' lang='lat' dir='ltr'><strong>inventa,</strong></span> <span class='ocrx_word' id='word_1_572' title='bbox 3457 2881 3702 2950; x_wconf 81' lang='lat' dir='ltr'><strong>defecit;</strong></span> 
     </span>
    </p>
   </div>
   <div class='ocr_carea' id='block_1_75' title="bbox 2051 2967 3702 3043">
    <p class='ocr_par' dir='ltr' id='par_1_75' title="bbox 2051 2967 3702 3043">
     <span class='ocr_line' id='line_1_75' title="bbox 2051 2967 3702 3043; baseline 0.002 -20"><span class='ocrx_word' id='word_1_573' title='bbox 2051 2967 2154 3040; x_wconf 90' lang='lat' dir='ltr'><strong>qui</strong></span> <span class='ocrx_word' id='word_1_574' title='bbox 2184 2985 2316 3024; x_wconf 87' lang='lat' dir='ltr'><strong>vero</strong></span> <span class='ocrx_word' id='word_1_575' title='bbox 2347 2985 2450 3040; x_wconf 88' lang='lat' dir='ltr'><strong>per</strong></span> <span class='ocrx_word' id='word_1_576' title='bbox 2473 2967 2764 3040; x_wconf 89' lang='lat' dir='ltr'><strong>potentias</strong></span> <span class='ocrx_word' id='word_1_577' title='bbox 2795 2967 2986 3024; x_wconf 88' lang='lat' dir='ltr'><strong>etalia</strong></span> <span class='ocrx_word' id='word_1_578' title='bbox 3015 2969 3356 3042; x_wconf 83' lang='lat' dir='ltr'><strong>hujusmodi</strong></span> <span class='ocrx_word' id='word_1_579' title='bbox 3378 2969 3702 3043; x_wconf 81' lang='lat' dir='ltr'><strong>inquirunt,</strong></span> 
     </span>
    </p>
   </div>
   <div class='ocr_carea' id='block_1_76' title="bbox 2055 3056 3310 3129">
    <p class='ocr_par' dir='ltr' id='par_1_76' title="bbox 2055 3056 3310 3129">
     <span class='ocr_line' id='line_1_76' title="bbox 2055 3056 3310 3129; baseline 0.001 -16"><span class='ocrx_word' id='word_1_580' title='bbox 2055 3057 2358 3126; x_wconf 87' lang='lat' dir='ltr'><strong>deﬁciunt,</strong></span> <span class='ocrx_word' id='word_1_581' title='bbox 2389 3056 2528 3129; x_wconf 90' lang='lat' dir='ltr'><strong>quia</strong></span> <span class='ocrx_word' id='word_1_582' title='bbox 2554 3061 2711 3112; x_wconf 86' lang='lat' dir='ltr'><strong>recta</strong></span> <span class='ocrx_word' id='word_1_583' title='bbox 2743 3057 2837 3113; x_wconf 87' lang='lat' dir='ltr'><strong>via</strong></span> <span class='ocrx_word' id='word_1_584' title='bbox 2865 3075 2980 3114; x_wconf 87' lang='lat' dir='ltr'><strong>non</strong></span> <span class='ocrx_word' id='word_1_585' title='bbox 3013 3057 3310 3114; x_wconf 82' lang='lat' dir='ltr'><strong>incedunt.</strong></span> 
     </span>
    </p>
   </div>
   <div class='ocr_carea' id='block_1_77' title="bbox 2125 3145 3707 3219">
    <p class='ocr_par' dir='ltr' id='par_1_77' title="bbox 2125 3145 3707 3219">
     <span class='ocr_line' id='line_1_77' title="bbox 2125 3145 3707 3219; baseline 0.006 -22"><span class='ocrx_word' id='word_1_586' title='bbox 2125 3170 2151 3197; x_wconf 77' lang='grc' dir='ltr'><strong>(ι</strong></span> <span class='ocrx_word' id='word_1_587' title='bbox 2190 3147 2260 3201; x_wconf 88' lang='lat' dir='ltr'><strong>Et</strong></span> <span class='ocrx_word' id='word_1_588' title='bbox 2291 3169 2316 3194; x_wconf 74' lang='grc' dir='ltr'><em>η</em></span> <span class='ocrx_word' id='word_1_589' title='bbox 2353 3145 2491 3219; x_wconf 88' lang='lat' dir='ltr'><strong>quia</strong></span> <span class='ocrx_word' id='word_1_590' title='bbox 2521 3146 2604 3202; x_wconf 89' lang='lat' dir='ltr'><strong>sic</strong></span> <span class='ocrx_word' id='word_1_591' title='bbox 2635 3147 2993 3217; x_wconf 74' lang='lat' dir='ltr'><strong>defecerunt,</strong></span> <span class='ocrx_word' id='word_1_592' title='bbox 3027 3147 3135 3202; x_wconf 87' lang='lat' dir='ltr'><strong>hac</strong></span> <span class='ocrx_word' id='word_1_593' title='bbox 3167 3149 3509 3205; x_wconf 87' lang='lat' dir='ltr'><strong>necessitate</strong></span> <span class='ocrx_word' id='word_1_594' title='bbox 3549 3167 3707 3206; x_wconf 88' lang='lat' dir='ltr'><strong>coac-</strong></span> 
     </span>
    </p>
   </div>
   <div class='ocr_carea' id='block_1_78' title="bbox 2055 3235 3703 3310">
    <p class='ocr_par' dir='ltr' id='par_1_78' title="bbox 2055 3235 3703 3310">
     <span class='ocr_line' id='line_1_78' title="bbox 2055 3235 3703 3310; baseline 0.002 -19"><span class='ocrx_word' id='word_1_595' title='bbox 2055 3236 2120 3304; x_wconf 89' lang='lat' dir='ltr'><strong>ti,</strong></span> <span class='ocrx_word' id='word_1_596' title='bbox 2161 3257 2180 3283; x_wconf 76' lang='grc' dir='ltr'><strong>ε</strong></span> <span class='ocrx_word' id='word_1_597' title='bbox 2212 3235 2613 3291; x_wconf 89' lang='lat' dir='ltr'><strong>clamaverunt</strong></span> <span class='ocrx_word' id='word_1_598' title='bbox 2642 3235 2714 3291; x_wconf 89' lang='lat' dir='ltr'><strong>ad</strong></span> <span class='ocrx_word' id='word_1_599' title='bbox 2748 3236 3086 3305; x_wconf 81' lang='lat' dir='ltr'><strong>Dominum,</strong></span> <span class='ocrx_word' id='word_1_600' title='bbox 3129 3260 3156 3287; x_wconf 75' lang='grc' dir='ltr'><strong>»ι</strong></span> <span class='ocrx_word' id='word_1_601' title='bbox 3207 3236 3413 3293; x_wconf 64' lang='lat' dir='ltr'><strong>divina:</strong></span> <span class='ocrx_word' id='word_1_602' title='bbox 3461 3237 3703 3310; x_wconf 87' lang='lat' dir='ltr'><strong>quidem</strong></span> 
     </span>
    </p>
   </div>
   <div class='ocr_carea' id='block_1_79' title="bbox 2057 3325 3706 3400">
    <p class='ocr_par' dir='ltr' id='par_1_79' title="bbox 2057 3325 3706 3400">
     <span class='ocr_line' id='line_1_79' title="bbox 2057 3325 3706 3400; baseline 0.002 -20"><span class='ocrx_word' id='word_1_603' title='bbox 2057 3325 2256 3398; x_wconf 71' lang='lat' dir='ltr'><strong>gratia:</strong></span> <span class='ocrx_word' id='word_1_604' title='bbox 2288 3325 2643 3396; x_wconf 85' lang='lat' dir='ltr'><strong>aspiratione</strong></span> <span class='ocrx_word' id='word_1_605' title='bbox 2673 3325 2958 3381; x_wconf 86' lang='lat' dir='ltr'><strong>admoniti</strong></span> <span class='ocrx_word' id='word_1_606' title='bbox 2984 3343 3027 3393; x_wconf 42' lang='lat'><strong>;\</strong></span> <span class='ocrx_word' id='word_1_607' title='bbox 3051 3348 3077 3378; x_wconf 75' lang='grc' dir='ltr'>ιι</span> <span class='ocrx_word' id='word_1_608' title='bbox 3106 3329 3164 3380; x_wconf 91' lang='lat' dir='ltr'><strong>et</strong></span> <span class='ocrx_word' id='word_1_609' title='bbox 3197 3349 3224 3374; x_wconf 86' lang='grc'><strong>››</strong></span> <span class='ocrx_word' id='word_1_610' title='bbox 3257 3326 3380 3398; x_wconf 87' lang='lat' dir='ltr'><strong>ipse</strong></span> <span class='ocrx_word' id='word_1_611' title='bbox 3430 3351 3456 3378; x_wconf 85' lang='lat'>«</span> <span class='ocrx_word' id='word_1_612' title='bbox 3490 3327 3706 3400; x_wconf 84' lang='lat' dir='ltr'><strong>eripuit</strong></span> 
     </span>
    </p>
   </div>
   <div class='ocr_carea' id='block_1_80' title="bbox 2055 3413 3707 3486">
    <p class='ocr_par' dir='ltr' id='par_1_80' title="bbox 2055 3413 3707 3486">
     <span class='ocr_line' id='line_1_80' title="bbox 2055 3413 3707 3486; baseline 0.001 -15"><span class='ocrx_word' id='word_1_613' title='bbox 2055 3432 2154 3471; x_wconf 87' lang='lat' dir='ltr'><strong>eos</strong></span> <span class='ocrx_word' id='word_1_614' title='bbox 2189 3438 2216 3463; x_wconf 83' lang='lat'>»</span> <span class='ocrx_word' id='word_1_615' title='bbox 2243 3414 2409 3486; x_wconf 86' lang='lat' dir='ltr'><strong>quasi</strong></span> <span class='ocrx_word' id='word_1_616' title='bbox 2445 3413 2701 3486; x_wconf 88' lang='lat' dir='ltr'><strong>quadam</strong></span> <span class='ocrx_word' id='word_1_617' title='bbox 2733 3413 3008 3470; x_wconf 86' lang='lat' dir='ltr'><strong>violentia</strong></span> <span class='ocrx_word' id='word_1_618' title='bbox 3036 3415 3107 3470; x_wconf 91' lang='lat' dir='ltr'><strong>de</strong></span> <span class='ocrx_word' id='word_1_619' title='bbox 3140 3415 3588 3472; x_wconf 89' lang='lat' dir='ltr'><strong>necessitatibus</strong></span> <span class='ocrx_word' id='word_1_620' title='bbox 3617 3435 3707 3473; x_wconf 82' lang='lat' dir='ltr'><strong>eo-</strong></span> 
     </span>
    </p>
   </div>
   <div class='ocr_carea' id='block_1_81' title="bbox 2055 3501 3705 3574">
    <p class='ocr_par' dir='ltr' id='par_1_81' title="bbox 2055 3501 3705 3574">
     <span class='ocr_line' id='line_1_81' title="bbox 2055 3501 3705 3574; baseline 0.001 -16"><span class='ocrx_word' id='word_1_621' title='bbox 2055 3520 2208 3571; x_wconf 88' lang='lat' dir='ltr'><strong>rum,</strong></span> <span class='ocrx_word' id='word_1_622' title='bbox 2245 3525 2270 3550; x_wconf 73' lang='grc' dir='ltr'><em>η</em></span> <span class='ocrx_word' id='word_1_623' title='bbox 2303 3503 2359 3557; x_wconf 89' lang='lat' dir='ltr'><strong>id</strong></span> <span class='ocrx_word' id='word_1_624' title='bbox 2392 3503 2587 3571; x_wconf 88' lang='lat' dir='ltr'><strong>est,de</strong></span> <span class='ocrx_word' id='word_1_625' title='bbox 2620 3501 2949 3574; x_wconf 82' lang='lat' dir='ltr'><strong>ignorantia</strong></span> <span class='ocrx_word' id='word_1_626' title='bbox 2969 3507 3027 3558; x_wconf 92' lang='lat' dir='ltr'><strong>et</strong></span> <span class='ocrx_word' id='word_1_627' title='bbox 3055 3521 3247 3560; x_wconf 90' lang='lat' dir='ltr'><strong>errore</strong></span> <span class='ocrx_word' id='word_1_628' title='bbox 3274 3504 3626 3573; x_wconf 83' lang='lat' dir='ltr'><strong>solitudinis,</strong></span> <span class='ocrx_word' id='word_1_629' title='bbox 3647 3510 3705 3561; x_wconf 89' lang='lat' dir='ltr'><strong>et</strong></span> 
     </span>
    </p>
   </div>
   <div class='ocr_carea' id='block_1_82' title="bbox 2056 3589 3705 3662">
    <p class='ocr_par' dir='ltr' id='par_1_82' title="bbox 2056 3589 3705 3662">
     <span class='ocr_line' id='line_1_82' title="bbox 2056 3589 3705 3662; baseline 0.001 -16"><span class='ocrx_word' id='word_1_630' title='bbox 2056 3592 2276 3648; x_wconf 87' lang='lat' dir='ltr'><strong>ducens</strong></span> <span class='ocrx_word' id='word_1_631' title='bbox 2307 3591 2364 3646; x_wconf 88' lang='lat' dir='ltr'><strong>in</strong></span> <span class='ocrx_word' id='word_1_632' title='bbox 2396 3589 2740 3660; x_wconf 77' lang='lat' dir='ltr'><strong>Ecclesium,</strong></span> <span class='ocrx_word' id='word_1_633' title='bbox 2773 3589 3121 3662; x_wconf 86' lang='lat' dir='ltr'><strong>sapientiam</strong></span> <span class='ocrx_word' id='word_1_634' title='bbox 3160 3605 3355 3646; x_wconf 75' lang='lat' dir='ltr'><strong>veram</strong></span> <span class='ocrx_word' id='word_1_635' title='bbox 3401 3592 3705 3647; x_wconf 88' lang='lat' dir='ltr'><strong>ministra-</strong></span> 
     </span>
    </p>
   </div>
   <div class='ocr_carea' id='block_1_83' title="bbox 2056 3677 3703 3750">
    <p class='ocr_par' dir='ltr' id='par_1_83' title="bbox 2056 3677 3703 3750">
     <span class='ocr_line' id='line_1_83' title="bbox 2056 3677 3703 3750; baseline 0.001 -16"><span class='ocrx_word' id='word_1_636' title='bbox 2056 3680 2135 3734; x_wconf 91' lang='lat' dir='ltr'><strong>vit</strong></span> <span class='ocrx_word' id='word_1_637' title='bbox 2161 3679 2244 3735; x_wconf 88' lang='lat' dir='ltr'><strong>eis</strong></span> <span class='ocrx_word' id='word_1_638' title='bbox 2279 3697 2292 3734; x_wconf 89' lang='lat'>:</span> <span class='ocrx_word' id='word_1_639' title='bbox 2327 3703 2354 3728; x_wconf 90' lang='grc'><strong>‹‹</strong></span> <span class='ocrx_word' id='word_1_640' title='bbox 2390 3679 2606 3750; x_wconf 86' lang='lat' dir='ltr'><strong>eripuit</strong></span> <span class='ocrx_word' id='word_1_641' title='bbox 2641 3702 2667 3727; x_wconf 87' lang='grc'><strong>››</strong></span> <span class='ocrx_word' id='word_1_642' title='bbox 2701 3677 2828 3734; x_wconf 90' lang='lat' dir='ltr'><strong>dico</strong></span> <span class='ocrx_word' id='word_1_643' title='bbox 2861 3703 2888 3730; x_wconf 86' lang='grc'><strong>‹‹</strong></span> <span class='ocrx_word' id='word_1_644' title='bbox 2924 3697 3059 3734; x_wconf 89' lang='lat' dir='ltr'><strong>eum</strong></span> <span class='ocrx_word' id='word_1_645' title='bbox 3109 3679 3548 3750; x_wconf 83' lang='lat' dir='ltr'><strong>tribularentur,</strong></span> <span class='ocrx_word' id='word_1_646' title='bbox 3585 3703 3606 3730; x_wconf 78' lang='grc' dir='ltr'><strong>ιι</strong></span> <span class='ocrx_word' id='word_1_647' title='bbox 3645 3681 3703 3735; x_wconf 91' lang='lat' dir='ltr'><strong>id</strong></span> 
     </span>
    </p>
   </div>
   <div class='ocr_carea' id='block_1_84' title="bbox 2054 3767 3704 3842">
    <p class='ocr_par' dir='ltr' id='par_1_84' title="bbox 2054 3767 3704 3842">
     <span class='ocr_line' id='line_1_84' title="bbox 2054 3767 3704 3842; baseline 0.001 -18"><span class='ocrx_word' id='word_1_648' title='bbox 2054 3773 2142 3824; x_wconf 89' lang='lat' dir='ltr'><strong>est</strong></span> <span class='ocrx_word' id='word_1_649' title='bbox 2175 3786 2308 3824; x_wconf 89' lang='lat' dir='ltr'><strong>cum</strong></span> <span class='ocrx_word' id='word_1_650' title='bbox 2344 3767 2594 3823; x_wconf 82' lang='lat' dir='ltr'><strong>maxime</strong></span> <span class='ocrx_word' id='word_1_651' title='bbox 2626 3767 3108 3839; x_wconf 73' lang='lat' dir='ltr'><strong>angnstiarentur</strong></span> <span class='ocrx_word' id='word_1_652' title='bbox 3141 3769 3470 3842; x_wconf 86' lang='lat' dir='ltr'><strong>ignorantia</strong></span> <span class='ocrx_word' id='word_1_653' title='bbox 3495 3773 3551 3826; x_wconf 90' lang='lat' dir='ltr'><strong>et</strong></span> <span class='ocrx_word' id='word_1_654' title='bbox 3571 3769 3704 3826; x_wconf 89' lang='lat' dir='ltr'><strong>aliis</strong></span> 
     </span>
    </p>
   </div>
   <div class='ocr_carea' id='block_1_85' title="bbox 2055 3857 2780 3929">
    <p class='ocr_par' dir='ltr' id='par_1_85' title="bbox 2055 3857 2780 3929">
     <span class='ocr_line' id='line_1_85' title="bbox 2055 3857 2780 3929; baseline -0.003 -15"><span class='ocrx_word' id='word_1_655' title='bbox 2055 3857 2508 3914; x_wconf 87' lang='lat' dir='ltr'><strong>necessitatibus</strong></span> <span class='ocrx_word' id='word_1_656' title='bbox 2538 3857 2780 3929; x_wconf 88' lang='lat' dir='ltr'><strong>peccati.</strong></span> 
     </span>
    </p>
   </div>
   <div class='ocr_carea' id='block_1_86' title="bbox 2126 3945 3702 4019">
    <p class='ocr_par' dir='ltr' id='par_1_86' title="bbox 2126 3945 3702 4019">
     <span class='ocr_line' id='line_1_86' title="bbox 2126 3945 3702 4019; baseline 0.003 -21"><span class='ocrx_word' id='word_1_657' title='bbox 2126 3971 2154 3998; x_wconf 87' lang='grc'><strong>‹‹</strong></span> <span class='ocrx_word' id='word_1_658' title='bbox 2191 3946 2420 4019; x_wconf 88' lang='lat' dir='ltr'><strong>Eripuit</strong></span> <span class='ocrx_word' id='word_1_659' title='bbox 2451 3971 2472 3998; x_wconf 77' lang='grc' dir='ltr'><strong><em>ι</em></strong></span> <span class='ocrx_word' id='word_1_660' title='bbox 2512 3945 2660 4017; x_wconf 85' lang='lat' dir='ltr'><strong>dico,</strong></span> <span class='ocrx_word' id='word_1_661' title='bbox 2699 3970 2726 3997; x_wconf 77' lang='grc' dir='ltr'><strong>ε(</strong></span> <span class='ocrx_word' id='word_1_662' title='bbox 2759 3952 2812 4002; x_wconf 92' lang='lat' dir='ltr'><strong>et</strong></span> <span class='ocrx_word' id='word_1_663' title='bbox 2849 3970 2870 3995; x_wconf 68' lang='grc' dir='ltr'><strong>ιν</strong></span> <span class='ocrx_word' id='word_1_664' title='bbox 2909 3947 3120 4004; x_wconf 88' lang='lat' dir='ltr'><strong>deinde</strong></span> <span class='ocrx_word' id='word_1_665' title='bbox 3169 3971 3196 3997; x_wconf 87' lang='grc'><strong>‹‹</strong></span> <span class='ocrx_word' id='word_1_666' title='bbox 3231 3946 3472 4003; x_wconf 79' lang='lat' dir='ltr'><strong>deduxit</strong></span> <span class='ocrx_word' id='word_1_667' title='bbox 3515 3965 3614 4005; x_wconf 89' lang='lat' dir='ltr'><strong>eos</strong></span> <span class='ocrx_word' id='word_1_668' title='bbox 3641 3947 3702 4003; x_wconf 89' lang='lat' dir='ltr'><strong>in</strong></span> 
     </span>
    </p>
   </div>
   <div class='ocr_carea' id='block_1_87' title="bbox 2052 4035 3699 4110">
    <p class='ocr_par' dir='ltr' id='par_1_87' title="bbox 2052 4035 3699 4110">
     <span class='ocr_line' id='line_1_87' title="bbox 2052 4035 3699 4110; baseline 0.001 -18"><span class='ocrx_word' id='word_1_669' title='bbox 2052 4037 2205 4092; x_wconf 87' lang='lat' dir='ltr'><strong>viam</strong></span> <span class='ocrx_word' id='word_1_670' title='bbox 2239 4041 2478 4104; x_wconf 84' lang='lat' dir='ltr'><strong>rectam,</strong></span> <span class='ocrx_word' id='word_1_671' title='bbox 2508 4060 2533 4084; x_wconf 74' lang='grc' dir='ltr'><strong>ν</strong></span> <span class='ocrx_word' id='word_1_672' title='bbox 2567 4036 2620 4090; x_wconf 94' lang='lat' dir='ltr'><strong>id</strong></span> <span class='ocrx_word' id='word_1_673' title='bbox 2657 4053 2738 4102; x_wconf 83' lang='lat' dir='ltr'><strong>es,</strong></span> <span class='ocrx_word' id='word_1_674' title='bbox 2783 4035 3178 4110; x_wconf 85' lang='lat' dir='ltr'><strong>cognitionem</strong></span> <span class='ocrx_word' id='word_1_675' title='bbox 3230 4036 3446 4093; x_wconf 88' lang='lat' dir='ltr'><strong>Christi</strong></span> <span class='ocrx_word' id='word_1_676' title='bbox 3500 4041 3556 4094; x_wconf 89' lang='lat' dir='ltr'><strong>et</strong></span> <span class='ocrx_word' id='word_1_677' title='bbox 3604 4054 3699 4093; x_wconf 88' lang='lat' dir='ltr'><strong>ca-</strong></span> 
     </span>
    </p>
   </div>
   <div class='ocr_carea' id='block_1_88' title="bbox 2051 4125 3706 4198">
    <p class='ocr_par' dir='ltr' id='par_1_88' title="bbox 2051 4125 3706 4198">
     <span class='ocr_line' id='line_1_88' title="bbox 2051 4125 3706 4198; baseline -0.001 -17"><span class='ocrx_word' id='word_1_678' title='bbox 2051 4125 2279 4181; x_wconf 65' lang='lat' dir='ltr'><strong>tholica:</strong></span> <span class='ocrx_word' id='word_1_679' title='bbox 2312 4125 2446 4180; x_wconf 88' lang='lat' dir='ltr'><strong>ﬁdei</strong></span> <span class='ocrx_word' id='word_1_680' title='bbox 2481 4125 2790 4196; x_wconf 88' lang='lat' dir='ltr'><strong>inspiravit</strong></span> <span class='ocrx_word' id='word_1_681' title='bbox 2818 4126 2903 4180; x_wconf 91' lang='lat' dir='ltr'><strong>eis</strong></span> <span class='ocrx_word' id='word_1_682' title='bbox 2937 4143 2950 4180; x_wconf 89' lang='lat'><strong>:</strong></span> <span class='ocrx_word' id='word_1_683' title='bbox 2987 4127 3060 4181; x_wconf 87' lang='lat' dir='ltr'><strong>ad</strong></span> <span class='ocrx_word' id='word_1_684' title='bbox 3090 4125 3199 4182; x_wconf 88' lang='lat' dir='ltr'><strong>hoc</strong></span> <span class='ocrx_word' id='word_1_685' title='bbox 3225 4148 3252 4177; x_wconf 85' lang='lat'><strong>«</strong></span> <span class='ocrx_word' id='word_1_686' title='bbox 3278 4131 3342 4182; x_wconf 90' lang='lat' dir='ltr'><strong>ut</strong></span> <span class='ocrx_word' id='word_1_687' title='bbox 3373 4125 3521 4182; x_wconf 91' lang='lat' dir='ltr'><strong>irent</strong></span> <span class='ocrx_word' id='word_1_688' title='bbox 3553 4149 3579 4174; x_wconf 83' lang='lat' dir='ltr'><strong>n</strong></span> <span class='ocrx_word' id='word_1_689' title='bbox 3601 4143 3706 4198; x_wconf 90' lang='lat' dir='ltr'><strong>per</strong></span> 
     </span>
    </p>
   </div>
   <div class='ocr_carea' id='block_1_89' title="bbox 2053 4213 3704 4287">
    <p class='ocr_par' dir='ltr' id='par_1_89' title="bbox 2053 4213 3704 4287">
     <span class='ocr_line' id='line_1_89' title="bbox 2053 4213 3704 4287; baseline -0.001 -16"><span class='ocrx_word' id='word_1_690' title='bbox 2053 4216 2268 4271; x_wconf 88' lang='lat' dir='ltr'><strong>bonam</strong></span> <span class='ocrx_word' id='word_1_691' title='bbox 2301 4214 2696 4287; x_wconf 79' lang='lat' dir='ltr'><strong>operationem</strong></span> <span class='ocrx_word' id='word_1_692' title='bbox 2735 4237 2759 4262; x_wconf 79' lang='grc' dir='ltr'><strong><em>υ</em></strong></span> <span class='ocrx_word' id='word_1_693' title='bbox 2795 4213 2853 4268; x_wconf 93' lang='lat' dir='ltr'><strong>in</strong></span> <span class='ocrx_word' id='word_1_694' title='bbox 2885 4213 3202 4284; x_wconf 70' lang='lat' dir='ltr'><strong>civitatem,</strong></span> <span class='ocrx_word' id='word_1_695' title='bbox 3239 4237 3265 4265; x_wconf 87' lang='grc'><strong>››</strong></span> <span class='ocrx_word' id='word_1_696' title='bbox 3300 4215 3358 4270; x_wconf 89' lang='lat' dir='ltr'><strong>id</strong></span> <span class='ocrx_word' id='word_1_697' title='bbox 3389 4218 3477 4270; x_wconf 91' lang='lat' dir='ltr'><strong>est</strong></span> <span class='ocrx_word' id='word_1_698' title='bbox 3505 4213 3704 4270; x_wconf 84' lang='lat' dir='ltr'><strong>Eccle-</strong></span> 
     </span>
    </p>
   </div>
   <div class='ocr_carea' id='block_1_90' title="bbox 2053 4302 3700 4377">
    <p class='ocr_par' dir='ltr' id='par_1_90' title="bbox 2053 4302 3700 4377">
     <span class='ocr_line' id='line_1_90' title="bbox 2053 4302 3700 4377; baseline -0.002 -16"><span class='ocrx_word' id='word_1_699' title='bbox 2053 4303 2202 4361; x_wconf 88' lang='lat' dir='ltr'><strong>siam</strong></span> <span class='ocrx_word' id='word_1_700' title='bbox 2233 4309 2500 4360; x_wconf 84' lang='lat' dir='ltr'><strong>sanctam</strong></span> <span class='ocrx_word' id='word_1_701' title='bbox 2535 4326 2562 4353; x_wconf 93' lang='grc'><strong>‹‹</strong></span> <span class='ocrx_word' id='word_1_702' title='bbox 2596 4302 2982 4360; x_wconf 86' lang='lat' dir='ltr'><strong>habitationis</strong></span> <span class='ocrx_word' id='word_1_703' title='bbox 3015 4327 3042 4353; x_wconf 84' lang='lat'><strong>»</strong></span> <span class='ocrx_word' id='word_1_704' title='bbox 3075 4304 3134 4360; x_wconf 91' lang='lat' dir='ltr'><strong>in</strong></span> <span class='ocrx_word' id='word_1_705' title='bbox 3161 4322 3280 4377; x_wconf 87' lang='lat' dir='ltr'><strong>qua.</strong></span> <span class='ocrx_word' id='word_1_706' title='bbox 3315 4303 3700 4360; x_wconf 86' lang='lat' dir='ltr'><strong>habitandum</strong></span> 
     </span>
    </p>
   </div>
   <div class='ocr_carea' id='block_1_91' title="bbox 2053 4399 2162 4450">
    <p class='ocr_par' dir='ltr' id='par_1_91' title="bbox 2053 4399 2162 4450">
     <span class='ocr_line' id='line_1_91' title="bbox 2053 4399 2162 4450; baseline -0.018 0"><span class='ocrx_word' id='word_1_707' title='bbox 2053 4399 2162 4450; x_wconf 88' lang='lat' dir='ltr'><strong>est.</strong></span> 
     </span>
    </p>
   </div>
   <div class='ocr_carea' id='block_1_92' title="bbox 2123 4481 3701 4555">
    <p class='ocr_par' dir='ltr' id='par_1_92' title="bbox 2123 4481 3701 4555">
     <span class='ocr_line' id='line_1_92' title="bbox 2123 4481 3701 4555; baseline -0.001 -17"><span class='ocrx_word' id='word_1_708' title='bbox 2123 4507 2148 4531; x_wconf 77' lang='grc' dir='ltr'><strong>ει</strong></span> <span class='ocrx_word' id='word_1_709' title='bbox 2195 4483 2616 4538; x_wconf 83' lang='lat' dir='ltr'><strong>Conﬁteantur.</strong></span> <span class='ocrx_word' id='word_1_710' title='bbox 2671 4504 2698 4530; x_wconf 86' lang='grc'><strong>››</strong></span> <span class='ocrx_word' id='word_1_711' title='bbox 2755 4482 2895 4539; x_wconf 86' lang='lat' dir='ltr'><strong>Pars</strong></span> <span class='ocrx_word' id='word_1_712' title='bbox 2945 4483 3223 4539; x_wconf 87' lang='lat' dir='ltr'><strong>secunda.</strong></span> <span class='ocrx_word' id='word_1_713' title='bbox 3287 4483 3526 4555; x_wconf 88' lang='lat' dir='ltr'><strong>Propter</strong></span> <span class='ocrx_word' id='word_1_714' title='bbox 3579 4481 3701 4536; x_wconf 59' lang='lat' dir='ltr'><strong>hinc</strong></span> 
     </span>
    </p>
   </div>
   <div class='ocr_carea' id='block_1_93' title="bbox 2053 4570 3702 4644">
    <p class='ocr_par' dir='ltr' id='par_1_93' title="bbox 2053 4570 3702 4644">
     <span class='ocr_line' id='line_1_93' title="bbox 2053 4570 3702 4644; baseline -0.001 -18"><span class='ocrx_word' id='word_1_715' title='bbox 2053 4571 2327 4644; x_wconf 69' lang='lat' dir='ltr'><strong>praidicta</strong></span> <span class='ocrx_word' id='word_1_716' title='bbox 2375 4571 2658 4626; x_wconf 88' lang='lat' dir='ltr'><strong>beneﬁcia</strong></span> <span class='ocrx_word' id='word_1_717' title='bbox 2706 4571 2810 4626; x_wconf 88' lang='lat' dir='ltr'><strong>Dei</strong></span> <span class='ocrx_word' id='word_1_718' title='bbox 2857 4572 2986 4627; x_wconf 91' lang='lat' dir='ltr'><strong>dico</strong></span> <span class='ocrx_word' id='word_1_719' title='bbox 3042 4593 3070 4622; x_wconf 89' lang='grc'>‹‹</span> <span class='ocrx_word' id='word_1_720' title='bbox 3117 4570 3536 4627; x_wconf 87' lang='lat' dir='ltr'><strong>Conﬁtemini:</strong></span> <span class='ocrx_word' id='word_1_721' title='bbox 3583 4592 3610 4620; x_wconf 84' lang='lat'><strong>»</strong></span> <span class='ocrx_word' id='word_1_722' title='bbox 3643 4574 3702 4625; x_wconf 89' lang='lat' dir='ltr'><strong>et</strong></span> 
     </span>
    </p>
   </div>
   <div class='ocr_carea' id='block_1_94' title="bbox 283 4655 3702 4740">
    <p class='ocr_par' dir='ltr' id='par_1_94' title="bbox 283 4655 3702 4740">
     <span class='ocr_line' id='line_1_94' title="bbox 283 4655 3702 4740; baseline 0 -28"><span class='ocrx_word' id='word_1_723' title='bbox 283 4655 470 4713; x_wconf 90' lang='lat' dir='ltr'><strong>Deum</strong></span> <span class='ocrx_word' id='word_1_724' title='bbox 501 4655 763 4713; x_wconf 87' lang='lat' dir='ltr'><strong>laudare.</strong></span> <span class='ocrx_word' id='word_1_725' title='bbox 793 4657 863 4712; x_wconf 82' lang='lat' dir='ltr'><strong>Et</strong></span> <span class='ocrx_word' id='word_1_726' title='bbox 891 4657 1038 4713; x_wconf 90' lang='lat' dir='ltr'><strong>bene</strong></span> <span class='ocrx_word' id='word_1_727' title='bbox 1069 4655 1293 4713; x_wconf 90' lang='lat' dir='ltr'><strong>debetis</strong></span> <span class='ocrx_word' id='word_1_728' title='bbox 1325 4656 1435 4712; x_wconf 92' lang='lat' dir='ltr'><strong>hoc</strong></span> <span class='ocrx_word' id='word_1_729' title='bbox 1474 4657 1686 4726; x_wconf 90' lang='lat' dir='ltr'><strong>dicere,</strong></span> <span class='ocrx_word' id='word_1_730' title='bbox 1721 4659 1938 4730; x_wconf 90' lang='lat' dir='ltr'><strong>quiahi</strong></span> <span class='ocrx_word' id='word_1_731' title='bbox 1971 4676 2018 4740; x_wconf 71' lang='grc' dir='ltr'><strong>ι)</strong></span> <span class='ocrx_word' id='word_1_732' title='bbox 2051 4661 2191 4716; x_wconf 88' lang='lat' dir='ltr'><strong>item</strong></span> <span class='ocrx_word' id='word_1_733' title='bbox 2242 4663 2477 4732; x_wconf 77' lang='lat' dir='ltr'><strong>propter</strong></span> <span class='ocrx_word' id='word_1_734' title='bbox 2523 4658 2644 4714; x_wconf 75' lang='lat' dir='ltr'><strong>hzee</strong></span> <span class='ocrx_word' id='word_1_735' title='bbox 2695 4678 2820 4732; x_wconf 70' lang='lat' dir='ltr'><strong>qua:</strong></span> <span class='ocrx_word' id='word_1_736' title='bbox 2871 4664 3202 4732; x_wconf 84' lang='lat' dir='ltr'><strong>sequuntur</strong></span> <span class='ocrx_word' id='word_1_737' title='bbox 3244 4683 3272 4710; x_wconf 88' lang='grc'><strong>‹‹</strong></span> <span class='ocrx_word' id='word_1_738' title='bbox 3307 4660 3702 4715; x_wconf 85' lang='lat' dir='ltr'><strong>Conﬁteantur</strong></span> 
     </span>
    </p>
   </div>
   <div class='ocr_carea' id='block_1_95' title="bbox 284 4744 1940 4819">
    <p class='ocr_par' dir='ltr' id='par_1_95' title="bbox 284 4744 1940 4819">
     <span class='ocr_line' id='line_1_95' title="bbox 284 4744 1940 4819; baseline 0.001 -17"><span class='ocrx_word' id='word_1_739' title='bbox 284 4748 425 4802; x_wconf 88' lang='lat' dir='ltr'><strong>sunt</strong></span> <span class='ocrx_word' id='word_1_740' title='bbox 453 4767 484 4796; x_wconf 69' lang='grc' dir='ltr'><strong>ε(</strong></span> <span class='ocrx_word' id='word_1_741' title='bbox 515 4762 664 4818; x_wconf 87' lang='lat' dir='ltr'><strong>quos</strong></span> <span class='ocrx_word' id='word_1_742' title='bbox 695 4745 940 4802; x_wconf 90' lang='lat' dir='ltr'><strong>redemit</strong></span> <span class='ocrx_word' id='word_1_743' title='bbox 971 4769 998 4792; x_wconf 85' lang='lat'>»</span> <span class='ocrx_word' id='word_1_744' title='bbox 1031 4744 1316 4800; x_wconf 89' lang='lat' dir='ltr'><strong>Dominus</strong></span> <span class='ocrx_word' id='word_1_745' title='bbox 1350 4745 1620 4816; x_wconf 68' lang='lat' dir='ltr'><strong>prretioso</strong></span> <span class='ocrx_word' id='word_1_746' title='bbox 1652 4747 1940 4819; x_wconf 87' lang='lat' dir='ltr'><strong>sanguine</strong></span> 
     </span>
    </p>
   </div>
   <div class='ocr_carea' id='block_1_96' title="bbox 285 4821 1939 4908">
    <p class='ocr_par' dir='ltr' id='par_1_96' title="bbox 285 4821 1939 4908">
     <span class='ocr_line' id='line_1_96' title="bbox 285 4821 1939 4908; baseline 0.002 -18"><span class='ocrx_word' id='word_1_747' title='bbox 285 4832 414 4890; x_wconf 87' lang='lat' dir='ltr'><strong>Filii</strong></span> <span class='ocrx_word' id='word_1_748' title='bbox 447 4833 540 4890; x_wconf 88' lang='lat' dir='ltr'><strong>sui</strong></span> <span class='ocrx_word' id='word_1_749' title='bbox 572 4857 601 4884; x_wconf 90' lang='grc'><strong>‹‹</strong></span> <span class='ocrx_word' id='word_1_750' title='bbox 635 4834 708 4891; x_wconf 89' lang='lat' dir='ltr'><strong>de</strong></span> <span class='ocrx_word' id='word_1_751' title='bbox 739 4851 919 4890; x_wconf 88' lang='lat' dir='ltr'><strong>manu</strong></span> <span class='ocrx_word' id='word_1_752' title='bbox 953 4833 1199 4906; x_wconf 84' lang='lat' dir='ltr'><strong>inimici,</strong></span> <span class='ocrx_word' id='word_1_753' title='bbox 1237 4857 1264 4883; x_wconf 85' lang='lat'>»</span> <span class='ocrx_word' id='word_1_754' title='bbox 1297 4834 1354 4888; x_wconf 90' lang='lat' dir='ltr'><strong>id</strong></span> <span class='ocrx_word' id='word_1_755' title='bbox 1398 4821 1488 4890; x_wconf 74' lang='lat' dir='ltr'><strong>est</strong></span> <span class='ocrx_word' id='word_1_756' title='bbox 1535 4835 1605 4890; x_wconf 91' lang='lat' dir='ltr'><strong>de</strong></span> <span class='ocrx_word' id='word_1_757' title='bbox 1653 4839 1939 4908; x_wconf 76' lang='lat' dir='ltr'><strong>potestate</strong></span> 
     </span>
    </p>
   </div>
   <div class='ocr_carea' id='block_1_97' title="bbox 282 4921 1936 4997">
    <p class='ocr_par' dir='ltr' id='par_1_97' title="bbox 282 4921 1936 4997">
     <span class='ocr_line' id='line_1_97' title="bbox 282 4921 1936 4997; baseline 0.002 -19"><span class='ocrx_word' id='word_1_758' title='bbox 282 4921 500 4978; x_wconf 90' lang='lat' dir='ltr'><strong>diaboli</strong></span> <span class='ocrx_word' id='word_1_759' title='bbox 533 4940 546 4979; x_wconf 88' lang='lat'>:</span> <span class='ocrx_word' id='word_1_760' title='bbox 581 4939 686 4978; x_wconf 90' lang='lat' dir='ltr'><strong>nec</strong></span> <span class='ocrx_word' id='word_1_761' title='bbox 716 4922 889 4997; x_wconf 89' lang='lat' dir='ltr'><strong>pauci</strong></span> <span class='ocrx_word' id='word_1_762' title='bbox 922 4922 1230 4995; x_wconf 76' lang='lat' dir='ltr'><strong>redempti,</strong></span> <span class='ocrx_word' id='word_1_763' title='bbox 1265 4923 1367 4978; x_wconf 89' lang='lat' dir='ltr'><strong>sed</strong></span> <span class='ocrx_word' id='word_1_764' title='bbox 1401 4947 1427 4971; x_wconf 88' lang='grc'><strong>‹‹</strong></span> <span class='ocrx_word' id='word_1_765' title='bbox 1462 4940 1562 4979; x_wconf 90' lang='lat' dir='ltr'><strong>eos</strong></span> <span class='ocrx_word' id='word_1_766' title='bbox 1611 4942 1936 4997; x_wconf 81' lang='lat' dir='ltr'><strong>congrega-</strong></span> 
     </span>
    </p>
   </div>
   <div class='ocr_carea' id='block_1_98' title="bbox 278 5009 1936 5086">
    <p class='ocr_par' dir='ltr' id='par_1_98' title="bbox 278 5009 1936 5086">
     <span class='ocr_line' id='line_1_98' title="bbox 278 5009 1936 5086; baseline 0.002 -19"><span class='ocrx_word' id='word_1_767' title='bbox 278 5009 412 5067; x_wconf 81' lang='lat' dir='ltr'><strong>vit»</strong></span> <span class='ocrx_word' id='word_1_768' title='bbox 441 5011 728 5068; x_wconf 90' lang='lat' dir='ltr'><strong>Dominus</strong></span> <span class='ocrx_word' id='word_1_769' title='bbox 754 5012 812 5068; x_wconf 91' lang='lat' dir='ltr'><strong>in</strong></span> <span class='ocrx_word' id='word_1_770' title='bbox 845 5011 1060 5068; x_wconf 91' lang='lat' dir='ltr'><strong>unione</strong></span> <span class='ocrx_word' id='word_1_771' title='bbox 1093 5009 1226 5066; x_wconf 90' lang='lat' dir='ltr'><strong>ﬁdei</strong></span> <span class='ocrx_word' id='word_1_772' title='bbox 1261 5033 1290 5061; x_wconf 84' lang='lat'><strong>«</strong></span> <span class='ocrx_word' id='word_1_773' title='bbox 1321 5011 1392 5066; x_wconf 93' lang='lat' dir='ltr'><strong>de</strong></span> <span class='ocrx_word' id='word_1_774' title='bbox 1425 5011 1760 5086; x_wconf 88' lang='lat' dir='ltr'><strong>regionibus</strong></span> <span class='ocrx_word' id='word_1_775' title='bbox 1798 5038 1824 5063; x_wconf 78' lang='grc' dir='ltr'><em>η</em></span> <span class='ocrx_word' id='word_1_776' title='bbox 1855 5015 1936 5070; x_wconf 93' lang='lat' dir='ltr'><strong>di-</strong></span> 
     </span>
    </p>
   </div>
   <div class='ocr_carea' id='block_1_99' title="bbox 278 5098 487 5155">
    <p class='ocr_par' dir='ltr' id='par_1_99' title="bbox 278 5098 487 5155">
     <span class='ocr_line' id='line_1_99' title="bbox 278 5098 487 5155; baseline 0 -1"><span class='ocrx_word' id='word_1_777' title='bbox 278 5098 487 5155; x_wconf 89' lang='lat' dir='ltr'><strong>versis.</strong></span> 
     </span>
    </p>
   </div>
   <div class='ocr_carea' id='block_1_100' title="bbox 348 5187 1930 5264">
    <p class='ocr_par' dir='ltr' id='par_1_100' title="bbox 348 5187 1930 5264">
     <span class='ocr_line' id='line_1_100' title="bbox 348 5187 1930 5264; baseline 0.004 -22"><span class='ocrx_word' id='word_1_778' title='bbox 348 5188 502 5244; x_wconf 91' lang='lat' dir='ltr'><strong>Bene</strong></span> <span class='ocrx_word' id='word_1_779' title='bbox 549 5187 700 5256; x_wconf 83' lang='lat' dir='ltr'><strong>dic‘o,</strong></span> <span class='ocrx_word' id='word_1_780' title='bbox 756 5210 784 5238; x_wconf 79' lang='grc' dir='ltr'>α</span> <span class='ocrx_word' id='word_1_781' title='bbox 814 5189 886 5244; x_wconf 91' lang='lat' dir='ltr'><strong>de</strong></span> <span class='ocrx_word' id='word_1_782' title='bbox 937 5188 1295 5262; x_wconf 89' lang='lat' dir='ltr'><strong>regionibus,</strong></span> <span class='ocrx_word' id='word_1_783' title='bbox 1335 5211 1362 5237; x_wconf 85' lang='grc'><strong>››</strong></span> <span class='ocrx_word' id='word_1_784' title='bbox 1415 5187 1554 5261; x_wconf 89' lang='lat' dir='ltr'><strong>quia</strong></span> <span class='ocrx_word' id='word_1_785' title='bbox 1593 5194 1930 5264; x_wconf 82' lang='lat' dir='ltr'><strong>congregati</strong></span> 
     </span>
    </p>
   </div>
   <div class='ocr_carea' id='block_1_101' title="bbox 276 5275 1930 5351">
    <p class='ocr_par' dir='ltr' id='par_1_101' title="bbox 276 5275 1930 5351">
     <span class='ocr_line' id='line_1_101' title="bbox 276 5275 1930 5351; baseline 0.005 -21"><span class='ocrx_word' id='word_1_786' title='bbox 276 5280 418 5330; x_wconf 90' lang='lat' dir='ltr'><strong>sunt</strong></span> <span class='ocrx_word' id='word_1_787' title='bbox 449 5293 484 5331; x_wconf 90' lang='lat' dir='ltr'><strong>a</strong></span> <span class='ocrx_word' id='word_1_788' title='bbox 511 5299 540 5325; x_wconf 89' lang='grc'><strong>‹‹</strong></span> <span class='ocrx_word' id='word_1_789' title='bbox 576 5275 718 5334; x_wconf 88' lang='lat' dir='ltr'><strong>solis</strong></span> <span class='ocrx_word' id='word_1_790' title='bbox 747 5281 900 5344; x_wconf 88' lang='lat' dir='ltr'><strong>ortu,</strong></span> <span class='ocrx_word' id='word_1_791' title='bbox 932 5299 960 5326; x_wconf 81' lang='lat'><strong><em>»</em></strong></span> <span class='ocrx_word' id='word_1_792' title='bbox 997 5277 1052 5333; x_wconf 89' lang='lat' dir='ltr'><strong>id</strong></span> <span class='ocrx_word' id='word_1_793' title='bbox 1094 5281 1184 5334; x_wconf 90' lang='lat' dir='ltr'><strong>est</strong></span> <span class='ocrx_word' id='word_1_794' title='bbox 1232 5277 1306 5332; x_wconf 88' lang='lat' dir='ltr'><strong>ab</strong></span> <span class='ocrx_word' id='word_1_795' title='bbox 1355 5277 1624 5334; x_wconf 84' lang='lat' dir='ltr'><strong>orientali</strong></span> <span class='ocrx_word' id='word_1_796' title='bbox 1676 5280 1930 5351; x_wconf 81' lang='lat' dir='ltr'><strong>regione,</strong></span> 
     </span>
    </p>
   </div>
   <div class='ocr_carea' id='block_1_102' title="bbox 273 5365 1930 5439">
    <p class='ocr_par' dir='ltr' id='par_1_102' title="bbox 273 5365 1930 5439">
     <span class='ocr_line' id='line_1_102' title="bbox 273 5365 1930 5439; baseline 0.005 -22"><span class='ocrx_word' id='word_1_797' title='bbox 273 5384 302 5411; x_wconf 77' lang='grc' dir='ltr'>α</span> <span class='ocrx_word' id='word_1_798' title='bbox 337 5366 393 5417; x_wconf 89' lang='lat' dir='ltr'><strong>et</strong></span> <span class='ocrx_word' id='word_1_799' title='bbox 425 5381 656 5433; x_wconf 85' lang='lat' dir='ltr'><strong>occasu,</strong></span> <span class='ocrx_word' id='word_1_800' title='bbox 691 5365 765 5422; x_wconf 89' lang='lat' dir='ltr'><strong>ab</strong></span> <span class='ocrx_word' id='word_1_801' title='bbox 797 5365 1090 5437; x_wconf 90' lang='lat' dir='ltr'><strong>aquilone,</strong></span> <span class='ocrx_word' id='word_1_802' title='bbox 1131 5389 1156 5415; x_wconf 74' lang='grc' dir='ltr'><strong>ι)</strong></span> <span class='ocrx_word' id='word_1_803' title='bbox 1189 5366 1242 5420; x_wconf 87' lang='lat' dir='ltr'><strong>id</strong></span> <span class='ocrx_word' id='word_1_804' title='bbox 1291 5369 1380 5420; x_wconf 87' lang='lat' dir='ltr'><strong>est</strong></span> <span class='ocrx_word' id='word_1_805' title='bbox 1427 5383 1462 5420; x_wconf 90' lang='lat' dir='ltr'><strong>a</strong></span> <span class='ocrx_word' id='word_1_806' title='bbox 1513 5368 1930 5439; x_wconf 84' lang='lat' dir='ltr'><strong>septentrione,</strong></span> 
     </span>
    </p>
   </div>
   <div class='ocr_carea' id='block_1_103' title="bbox 277 5452 1929 5528">
    <p class='ocr_par' dir='ltr' id='par_1_103' title="bbox 277 5452 1929 5528">
     <span class='ocr_line' id='line_1_103' title="bbox 277 5452 1929 5528; baseline 0.006 -22"><span class='ocrx_word' id='word_1_807' title='bbox 277 5471 304 5499; x_wconf 78' lang='grc' dir='ltr'><strong>«ι</strong></span> <span class='ocrx_word' id='word_1_808' title='bbox 337 5454 396 5506; x_wconf 88' lang='lat' dir='ltr'><strong>et</strong></span> <span class='ocrx_word' id='word_1_809' title='bbox 421 5452 594 5520; x_wconf 88' lang='lat' dir='ltr'><strong>mari,</strong></span> <span class='ocrx_word' id='word_1_810' title='bbox 631 5475 658 5501; x_wconf 72' lang='grc' dir='ltr'><strong>ι)</strong></span> <span class='ocrx_word' id='word_1_811' title='bbox 691 5453 749 5510; x_wconf 93' lang='lat' dir='ltr'><strong>id</strong></span> <span class='ocrx_word' id='word_1_812' title='bbox 789 5458 878 5510; x_wconf 89' lang='lat' dir='ltr'><strong>est</strong></span> <span class='ocrx_word' id='word_1_813' title='bbox 909 5471 942 5508; x_wconf 91' lang='lat' dir='ltr'><strong>a</strong></span> <span class='ocrx_word' id='word_1_814' title='bbox 992 5454 1317 5510; x_wconf 88' lang='lat' dir='ltr'><strong>meridiana</strong></span> <span class='ocrx_word' id='word_1_815' title='bbox 1367 5453 1558 5526; x_wconf 84' lang='lat' dir='ltr'><strong>plaga.</strong></span> <span class='ocrx_word' id='word_1_816' title='bbox 1596 5454 1701 5511; x_wconf 87' lang='lat' dir='ltr'><strong>Per</strong></span> <span class='ocrx_word' id='word_1_817' title='bbox 1751 5476 1929 5528; x_wconf 88' lang='lat' dir='ltr'><strong>mare,</strong></span> 
     </span>
    </p>
   </div>
   <div class='ocr_carea' id='block_1_104' title="bbox 275 5537 1933 5616">
    <p class='ocr_par' dir='ltr' id='par_1_104' title="bbox 275 5537 1933 5616">
     <span class='ocr_line' id='line_1_104' title="bbox 275 5537 1933 5616; baseline 0.008 -25"><span class='ocrx_word' id='word_1_818' title='bbox 275 5537 431 5606; x_wconf 91' lang='lat' dir='ltr'><strong>quod</strong></span> <span class='ocrx_word' id='word_1_819' title='bbox 483 5543 573 5594; x_wconf 89' lang='lat' dir='ltr'><strong>est</strong></span> <span class='ocrx_word' id='word_1_820' title='bbox 626 5540 680 5596; x_wconf 92' lang='lat' dir='ltr'><strong>in</strong></span> <span class='ocrx_word' id='word_1_821' title='bbox 730 5541 979 5597; x_wconf 87' lang='lat' dir='ltr'><strong>circuitu</strong></span> <span class='ocrx_word' id='word_1_822' title='bbox 1037 5544 1319 5598; x_wconf 68' lang='lat' dir='ltr'><strong>universae</strong></span> <span class='ocrx_word' id='word_1_823' title='bbox 1367 5548 1554 5610; x_wconf 48' lang='lat' dir='ltr'><strong>terrai,</strong></span> <span class='ocrx_word' id='word_1_824' title='bbox 1607 5547 1933 5616; x_wconf 87' lang='lat' dir='ltr'><strong>quamlibet</strong></span> 
     </span>
    </p>
   </div>
   <div class='ocr_carea' id='block_1_105' title="bbox 279 5623 1453 5702">
    <p class='ocr_par' dir='ltr' id='par_1_105' title="bbox 279 5623 1453 5702">
     <span class='ocr_line' id='line_1_105' title="bbox 279 5623 1453 5702; baseline 0.009 -29"><span class='ocrx_word' id='word_1_825' title='bbox 279 5623 484 5676; x_wconf 87' lang='lat' dir='ltr'><strong>mundi</strong></span> <span class='ocrx_word' id='word_1_826' title='bbox 517 5631 740 5695; x_wconf 88' lang='lat' dir='ltr'><strong>partem</strong></span> <span class='ocrx_word' id='word_1_827' title='bbox 775 5646 1092 5700; x_wconf 89' lang='lat' dir='ltr'><strong>possumus</strong></span> <span class='ocrx_word' id='word_1_828' title='bbox 1125 5631 1453 5702; x_wconf 88' lang='lat' dir='ltr'><strong>designare.</strong></span> 
     </span>
    </p>
   </div>
   <div class='ocr_carea' id='block_1_106' title="bbox 357 5706 1932 5790">
    <p class='ocr_par' dir='ltr' id='par_1_106' title="bbox 357 5706 1932 5790">
     <span class='ocr_line' id='line_1_106' title="bbox 357 5706 1932 5790; baseline 0.017 -34"><span class='ocrx_word' id='word_1_829' title='bbox 357 5706 618 5768; x_wconf 83' lang='lat' dir='ltr'><strong>Ostendit</strong></span> <span class='ocrx_word' id='word_1_830' title='bbox 649 5717 802 5771; x_wconf 86' lang='lat' dir='ltr'><strong>unde</strong></span> <span class='ocrx_word' id='word_1_831' title='bbox 831 5733 930 5771; x_wconf 89' lang='lat' dir='ltr'><strong>eos</strong></span> <span class='ocrx_word' id='word_1_832' title='bbox 963 5719 1246 5786; x_wconf 89' lang='lat' dir='ltr'><strong>redemit;</strong></span> <span class='ocrx_word' id='word_1_833' title='bbox 1280 5720 1445 5790; x_wconf 88' lang='lat' dir='ltr'><strong>quasi</strong></span> <span class='ocrx_word' id='word_1_834' title='bbox 1481 5719 1697 5777; x_wconf 90' lang='lat' dir='ltr'><strong>diceret</strong></span> <span class='ocrx_word' id='word_1_835' title='bbox 1732 5739 1742 5777; x_wconf 92' lang='lat'>:</span> <span class='ocrx_word' id='word_1_836' title='bbox 1778 5725 1932 5782; x_wconf 68' lang='lat' dir='ltr'><strong>Bone</strong></span> 
     </span>
    </p>
   </div>
   <div class='ocr_carea' id='block_1_107' title="bbox 2051 4747 3696 4820">
    <p class='ocr_par' dir='ltr' id='par_1_107' title="bbox 2051 4747 3696 4820">
     <span class='ocr_line' id='line_1_107' title="bbox 2051 4747 3696 4820; baseline -0.002 -15"><span class='ocrx_word' id='word_1_837' title='bbox 2051 4748 2298 4805; x_wconf 88' lang='lat' dir='ltr'><strong>Domino</strong></span> <span class='ocrx_word' id='word_1_838' title='bbox 2331 4747 2742 4804; x_wconf 77' lang='lat' dir='ltr'><strong>misericordia:</strong></span> <span class='ocrx_word' id='word_1_839' title='bbox 2777 4750 2926 4820; x_wconf 85' lang='lat' dir='ltr'><strong>ejus,</strong></span> <span class='ocrx_word' id='word_1_840' title='bbox 2969 4753 3028 4804; x_wconf 91' lang='lat' dir='ltr'><strong>et</strong></span> <span class='ocrx_word' id='word_1_841' title='bbox 3078 4748 3440 4804; x_wconf 87' lang='lat' dir='ltr'><strong>miserabilia</strong></span> <span class='ocrx_word' id='word_1_842' title='bbox 3483 4748 3629 4818; x_wconf 85' lang='lat' dir='ltr'><strong>ejus,</strong></span> <span class='ocrx_word' id='word_1_843' title='bbox 3669 4769 3696 4796; x_wconf 80' lang='grc'><strong>››</strong></span> 
     </span>
    </p>
   </div>
   <div class='ocr_carea' id='block_1_108' title="bbox 2049 4833 3700 4906">
    <p class='ocr_par' dir='ltr' id='par_1_108' title="bbox 2049 4833 3700 4906">
     <span class='ocr_line' id='line_1_108' title="bbox 2049 4833 3700 4906; baseline -0.002 -14"><span class='ocrx_word' id='word_1_844' title='bbox 2049 4838 2107 4892; x_wconf 92' lang='lat' dir='ltr'><strong>id</strong></span> <span class='ocrx_word' id='word_1_845' title='bbox 2139 4842 2248 4904; x_wconf 83' lang='lat' dir='ltr'><strong>est,</strong></span> <span class='ocrx_word' id='word_1_846' title='bbox 2281 4836 2482 4893; x_wconf 87' lang='lat' dir='ltr'><strong>ﬁdeles</strong></span> <span class='ocrx_word' id='word_1_847' title='bbox 2513 4836 2758 4892; x_wconf 83' lang='lat' dir='ltr'><strong>laudent</strong></span> <span class='ocrx_word' id='word_1_848' title='bbox 2791 4837 3004 4906; x_wconf 88' lang='lat' dir='ltr'><strong>Deum,</strong></span> <span class='ocrx_word' id='word_1_849' title='bbox 3035 4836 3321 4893; x_wconf 87' lang='lat' dir='ltr'><strong>habentes</strong></span> <span class='ocrx_word' id='word_1_850' title='bbox 3355 4853 3562 4892; x_wconf 90' lang='lat' dir='ltr'><strong>causas</strong></span> <span class='ocrx_word' id='word_1_851' title='bbox 3581 4833 3700 4890; x_wconf 82' lang='lat' dir='ltr'><strong>lau-</strong></span> 
     </span>
    </p>
   </div>
   <div class='ocr_carea' id='block_1_109' title="bbox 2047 4925 3696 4997">
    <p class='ocr_par' dir='ltr' id='par_1_109' title="bbox 2047 4925 3696 4997">
     <span class='ocr_line' id='line_1_109' title="bbox 2047 4925 3696 4997; baseline -0.002 -14"><span class='ocrx_word' id='word_1_852' title='bbox 2047 4927 2226 4983; x_wconf 90' lang='lat' dir='ltr'><strong>dandi</strong></span> <span class='ocrx_word' id='word_1_853' title='bbox 2258 4925 2688 4982; x_wconf 86' lang='lat' dir='ltr'><strong>misericordias</strong></span> <span class='ocrx_word' id='word_1_854' title='bbox 2719 4926 2974 4994; x_wconf 89' lang='lat' dir='ltr'><strong>Domini,</strong></span> <span class='ocrx_word' id='word_1_855' title='bbox 3012 4925 3360 4982; x_wconf 88' lang='lat' dir='ltr'><strong>mirabiliter</strong></span> <span class='ocrx_word' id='word_1_856' title='bbox 3402 4925 3696 4997; x_wconf 88' lang='lat' dir='ltr'><strong>impensas</strong></span> 
     </span>
    </p>
   </div>
   <div class='ocr_carea' id='block_1_110' title="bbox 2047 5012 3699 5072">
    <p class='ocr_par' dir='ltr' id='par_1_110' title="bbox 2047 5012 3699 5072">
     <span class='ocr_line' id='line_1_110' title="bbox 2047 5012 3699 5072; baseline -0.001 -2"><span class='ocrx_word' id='word_1_857' title='bbox 2047 5039 2075 5066; x_wconf 87' lang='grc'><strong>‹‹</strong></span> <span class='ocrx_word' id='word_1_858' title='bbox 2107 5015 2245 5070; x_wconf 85' lang='lat' dir='ltr'><strong>ﬁliis</strong></span> <span class='ocrx_word' id='word_1_859' title='bbox 2275 5015 2607 5071; x_wconf 84' lang='lat' dir='ltr'><strong>hominum.</strong></span> <span class='ocrx_word' id='word_1_860' title='bbox 2640 5037 2668 5066; x_wconf 86' lang='lat'><strong>»</strong></span> <span class='ocrx_word' id='word_1_861' title='bbox 2701 5039 2728 5063; x_wconf 76' lang='grc' dir='ltr'><strong>«ι</strong></span> <span class='ocrx_word' id='word_1_862' title='bbox 2761 5015 3166 5072; x_wconf 89' lang='lat' dir='ltr'><strong>Conﬁtcantur</strong></span> <span class='ocrx_word' id='word_1_863' title='bbox 3194 5015 3441 5072; x_wconf 90' lang='lat' dir='ltr'><strong>Domino</strong></span> <span class='ocrx_word' id='word_1_864' title='bbox 3481 5012 3699 5070; x_wconf 89' lang='lat' dir='ltr'><strong>miseri-</strong></span> 
     </span>
    </p>
   </div>
   <div class='ocr_carea' id='block_1_111' title="bbox 2045 5104 3697 5175">
    <p class='ocr_par' dir='ltr' id='par_1_111' title="bbox 2045 5104 3697 5175">
     <span class='ocr_line' id='line_1_111' title="bbox 2045 5104 3697 5175; baseline -0.002 -15"><span class='ocrx_word' id='word_1_865' title='bbox 2045 5105 2256 5161; x_wconf 70' lang='lat' dir='ltr'><strong>cordia:</strong></span> <span class='ocrx_word' id='word_1_866' title='bbox 2287 5105 2436 5175; x_wconf 84' lang='lat' dir='ltr'><strong>ejus,</strong></span> <span class='ocrx_word' id='word_1_867' title='bbox 2472 5127 2499 5153; x_wconf 82' lang='grc'><strong>››</strong></span> <span class='ocrx_word' id='word_1_868' title='bbox 2532 5104 2587 5158; x_wconf 90' lang='lat' dir='ltr'><strong>id</strong></span> <span class='ocrx_word' id='word_1_869' title='bbox 2620 5109 2710 5160; x_wconf 90' lang='lat' dir='ltr'><strong>est</strong></span> <span class='ocrx_word' id='word_1_870' title='bbox 2742 5104 3011 5160; x_wconf 88' lang='lat' dir='ltr'><strong>homines</strong></span> <span class='ocrx_word' id='word_1_871' title='bbox 3063 5105 3308 5161; x_wconf 87' lang='lat' dir='ltr'><strong>laudent</strong></span> <span class='ocrx_word' id='word_1_872' title='bbox 3357 5105 3542 5160; x_wconf 89' lang='lat' dir='ltr'><strong>Deum</strong></span> <span class='ocrx_word' id='word_1_873' title='bbox 3593 5119 3697 5174; x_wconf 91' lang='lat' dir='ltr'><strong>pro</strong></span> 
     </span>
    </p>
   </div>
   <div class='ocr_carea' id='block_1_112' title="bbox 2047 5192 3702 5266">
    <p class='ocr_par' dir='ltr' id='par_1_112' title="bbox 2047 5192 3702 5266">
     <span class='ocr_line' id='line_1_112' title="bbox 2047 5192 3702 5266; baseline -0.002 -17"><span class='ocrx_word' id='word_1_874' title='bbox 2047 5193 2467 5250; x_wconf 87' lang='lat' dir='ltr'><strong>misericordiis</strong></span> <span class='ocrx_word' id='word_1_875' title='bbox 2508 5211 2657 5265; x_wconf 88' lang='lat' dir='ltr'><strong>quas</strong></span> <span class='ocrx_word' id='word_1_876' title='bbox 2707 5193 2844 5248; x_wconf 82' lang='lat' dir='ltr'><strong>fecit</strong></span> <span class='ocrx_word' id='word_1_877' title='bbox 2891 5193 2997 5259; x_wconf 89' lang='lat' dir='ltr'><strong>eis,</strong></span> <span class='ocrx_word' id='word_1_878' title='bbox 3049 5212 3154 5266; x_wconf 92' lang='lat' dir='ltr'><strong>pro</strong></span> <span class='ocrx_word' id='word_1_879' title='bbox 3205 5192 3598 5258; x_wconf 88' lang='lat' dir='ltr'><strong>mirabilibus,</strong></span> <span class='ocrx_word' id='word_1_880' title='bbox 3641 5196 3702 5247; x_wconf 87' lang='lat' dir='ltr'><strong>et</strong></span> 
     </span>
    </p>
   </div>
   <div class='ocr_carea' id='block_1_113' title="bbox 2043 5280 3218 5340">
    <p class='ocr_par' dir='ltr' id='par_1_113' title="bbox 2043 5280 3218 5340">
     <span class='ocr_line' id='line_1_113' title="bbox 2043 5280 3218 5340; baseline -0.002 -2"><span class='ocrx_word' id='word_1_881' title='bbox 2043 5283 2167 5340; x_wconf 65' lang='lat' dir='ltr'><strong>haec</strong></span> <span class='ocrx_word' id='word_1_882' title='bbox 2200 5281 2493 5337; x_wconf 83' lang='lat' dir='ltr'><strong>mirabilia</strong></span> <span class='ocrx_word' id='word_1_883' title='bbox 2524 5283 2677 5336; x_wconf 81' lang='lat' dir='ltr'><strong>facta</strong></span> <span class='ocrx_word' id='word_1_884' title='bbox 2709 5281 2849 5336; x_wconf 89' lang='lat' dir='ltr'><strong>ﬁliis</strong></span> <span class='ocrx_word' id='word_1_885' title='bbox 2881 5280 3218 5338; x_wconf 91' lang='lat' dir='ltr'><strong>hominum.</strong></span> 
     </span>
    </p>
   </div>
   <div class='ocr_carea' id='block_1_114' title="bbox 2069 5367 3701 5442">
    <p class='ocr_par' dir='ltr' id='par_1_114' title="bbox 2069 5367 3701 5442">
     <span class='ocr_line' id='line_1_114' title="bbox 2069 5367 3701 5442; baseline -0.004 -18"><span class='ocrx_word' id='word_1_886' title='bbox 2069 5393 2078 5409; x_wconf 87' lang='lat'><strong>-</strong></span> <span class='ocrx_word' id='word_1_887' title='bbox 2118 5370 2250 5425; x_wconf 80' lang='lat' dir='ltr'><strong>lbeo</strong></span> <span class='ocrx_word' id='word_1_888' title='bbox 2282 5369 2496 5424; x_wconf 82' lang='lat' dir='ltr'><strong>debent</strong></span> <span class='ocrx_word' id='word_1_889' title='bbox 2527 5367 2792 5423; x_wconf 89' lang='lat' dir='ltr'><strong>conﬁteri</strong></span> <span class='ocrx_word' id='word_1_890' title='bbox 2825 5373 2882 5424; x_wconf 91' lang='lat' dir='ltr'><strong>et</strong></span> <span class='ocrx_word' id='word_1_891' title='bbox 2912 5369 3216 5439; x_wconf 80' lang='lat' dir='ltr'><strong>laudare,«</strong></span> <span class='ocrx_word' id='word_1_892' title='bbox 3253 5369 3393 5442; x_wconf 88' lang='lat' dir='ltr'><strong>quia</strong></span> <span class='ocrx_word' id='word_1_893' title='bbox 3421 5369 3701 5424; x_wconf 74' lang='lat' dir='ltr'><strong>satiavit»</strong></span> 
     </span>
    </p>
   </div>
   <div class='ocr_carea' id='block_1_115' title="bbox 2049 5458 3702 5532">
    <p class='ocr_par' dir='ltr' id='par_1_115' title="bbox 2049 5458 3702 5532">
     <span class='ocr_line' id='line_1_115' title="bbox 2049 5458 3702 5532; baseline -0.002 -15"><span class='ocrx_word' id='word_1_894' title='bbox 2049 5459 2328 5517; x_wconf 87' lang='lat' dir='ltr'><strong>Dominus</strong></span> <span class='ocrx_word' id='word_1_895' title='bbox 2359 5459 2530 5514; x_wconf 81' lang='lat' dir='ltr'><strong>verbo</strong></span> <span class='ocrx_word' id='word_1_896' title='bbox 2583 5458 2861 5513; x_wconf 70' lang='lat' dir='ltr'><strong>doctrinm</strong></span> <span class='ocrx_word' id='word_1_897' title='bbox 2893 5459 3248 5532; x_wconf 88' lang='lat' dir='ltr'><strong>spiritualis,</strong></span> <span class='ocrx_word' id='word_1_898' title='bbox 3280 5477 3384 5532; x_wconf 89' lang='lat' dir='ltr'><strong>per</strong></span> <span class='ocrx_word' id='word_1_899' title='bbox 3431 5477 3610 5531; x_wconf 86' lang='lat' dir='ltr'><strong>quam</strong></span> <span class='ocrx_word' id='word_1_900' title='bbox 3642 5459 3702 5513; x_wconf 88' lang='lat' dir='ltr'><strong>in</strong></span> 
     </span>
    </p>
   </div>
   <div class='ocr_carea' id='block_1_116' title="bbox 2042 5547 3701 5618">
    <p class='ocr_par' dir='ltr' id='par_1_116' title="bbox 2042 5547 3701 5618">
     <span class='ocr_line' id='line_1_116' title="bbox 2042 5547 3701 5618; baseline -0.001 -14"><span class='ocrx_word' id='word_1_901' title='bbox 2042 5548 2300 5604; x_wconf 87' lang='lat' dir='ltr'><strong>Ecclesia</strong></span> <span class='ocrx_word' id='word_1_902' title='bbox 2331 5566 2439 5602; x_wconf 86' lang='lat' dir='ltr'><strong>sua</strong></span> <span class='ocrx_word' id='word_1_903' title='bbox 2467 5565 2566 5602; x_wconf 85' lang='lat' dir='ltr'><strong>eos</strong></span> <span class='ocrx_word' id='word_1_904' title='bbox 2587 5547 2918 5618; x_wconf 89' lang='lat' dir='ltr'><strong>composuit</strong></span> <span class='ocrx_word' id='word_1_905' title='bbox 2949 5571 2975 5598; x_wconf 87' lang='grc'><strong><em>‹‹</em></strong></span> <span class='ocrx_word' id='word_1_906' title='bbox 3011 5547 3273 5604; x_wconf 88' lang='lat' dir='ltr'><strong>animam</strong></span> <span class='ocrx_word' id='word_1_907' title='bbox 3309 5549 3566 5615; x_wconf 89' lang='lat' dir='ltr'><strong>inanem,</strong></span> <span class='ocrx_word' id='word_1_908' title='bbox 3587 5571 3616 5596; x_wconf 82' lang='lat'><strong>»</strong></span> <span class='ocrx_word' id='word_1_909' title='bbox 3643 5549 3701 5603; x_wconf 91' lang='lat' dir='ltr'><strong>id</strong></span> 
     </span>
    </p>
   </div>
   <div class='ocr_carea' id='block_1_117' title="bbox 2044 5637 3706 5710">
    <p class='ocr_par' dir='ltr' id='par_1_117' title="bbox 2044 5637 3706 5710">
     <span class='ocr_line' id='line_1_117' title="bbox 2044 5637 3706 5710; baseline 0 -16"><span class='ocrx_word' id='word_1_910' title='bbox 2044 5644 2134 5695; x_wconf 90' lang='lat' dir='ltr'><strong>est</strong></span> <span class='ocrx_word' id='word_1_911' title='bbox 2162 5657 2403 5694; x_wconf 84' lang='lat' dir='ltr'><strong>vacuam</strong></span> <span class='ocrx_word' id='word_1_912' title='bbox 2437 5639 2509 5693; x_wconf 91' lang='lat' dir='ltr'><strong>ab</strong></span> <span class='ocrx_word' id='word_1_913' title='bbox 2541 5637 2701 5692; x_wconf 78' lang='lat' dir='ltr'><strong>omni</strong></span> <span class='ocrx_word' id='word_1_914' title='bbox 2731 5656 2866 5693; x_wconf 87' lang='lat' dir='ltr'><strong>vera</strong></span> <span class='ocrx_word' id='word_1_915' title='bbox 2895 5639 3246 5710; x_wconf 84' lang='lat' dir='ltr'><strong>cognitione,</strong></span> <span class='ocrx_word' id='word_1_916' title='bbox 3279 5639 3454 5694; x_wconf 89' lang='lat' dir='ltr'><strong>veluti</strong></span> <span class='ocrx_word' id='word_1_917' title='bbox 3507 5639 3706 5694; x_wconf 81' lang='lat' dir='ltr'><strong>fatuos</strong></span> 
     </span>
    </p>
   </div>
   <div class='ocr_carea' id='block_1_118' title="bbox 2045 5727 3699 5800">
    <p class='ocr_par' dir='ltr' id='par_1_118' title="bbox 2045 5727 3699 5800">
     <span class='ocr_line' id='line_1_118' title="bbox 2045 5727 3699 5800; baseline 0.002 -18"><span class='ocrx_word' id='word_1_918' title='bbox 2045 5733 2100 5783; x_wconf 90' lang='lat' dir='ltr'><strong>et</strong></span> <span class='ocrx_word' id='word_1_919' title='bbox 2133 5747 2245 5784; x_wconf 89' lang='lat' dir='ltr'><strong>non</strong></span> <span class='ocrx_word' id='word_1_920' title='bbox 2282 5732 2490 5794; x_wconf 71' lang='lat' dir='ltr'><strong>fatuos,</strong></span> <span class='ocrx_word' id='word_1_921' title='bbox 2523 5733 2578 5781; x_wconf 87' lang='lat' dir='ltr'><strong>et</strong></span> <span class='ocrx_word' id='word_1_922' title='bbox 2611 5727 2947 5800; x_wconf 80' lang='lat' dir='ltr'><strong>simplices;</strong></span> <span class='ocrx_word' id='word_1_923' title='bbox 2981 5729 3080 5784; x_wconf 87' lang='lat' dir='ltr'><strong>sed</strong></span> <span class='ocrx_word' id='word_1_924' title='bbox 3128 5753 3138 5776; x_wconf 91' lang='grc'><strong><em>‹</em></strong></span> <span class='ocrx_word' id='word_1_925' title='bbox 3177 5735 3232 5783; x_wconf 89' lang='lat' dir='ltr'><strong>et</strong></span> <span class='ocrx_word' id='word_1_926' title='bbox 3265 5729 3526 5784; x_wconf 86' lang='lat' dir='ltr'><strong>animam</strong></span> <span class='ocrx_word' id='word_1_927' title='bbox 3561 5746 3699 5784; x_wconf 87' lang='lat' dir='ltr'><strong>esu-</strong></span> 
     </span>
    </p>
   </div>
  </div>
