  <div class='ocr_page' id='page_1' title='image "/cluster/home/n/w/nwhite01/storage/ocr_20150623/115-116/uc1.31175006916467/1024.png"; bbox 0 0 3942 6380; ppageno 0'>
   <div class='ocr_carea' id='block_1_1' title="bbox 157 446 270 509">
    <p class='ocr_par' dir='ltr' id='par_1_1' title="bbox 157 446 270 509">
     <span class='ocr_line' id='line_1_1' title="bbox 157 446 270 509; baseline -0.018 0"><span class='ocrx_word' id='word_1_1' title='bbox 157 446 270 509; x_wconf 76' lang='grc'><strong>565</strong></span> 
     </span>
    </p>
   </div>
   <div class='ocr_carea' id='block_1_2' title="bbox 1342 438 2388 507">
    <p class='ocr_par' dir='ltr' id='par_1_2' title="bbox 1342 438 2388 507">
     <span class='ocr_line' id='line_1_2' title="bbox 1342 438 2388 507; baseline 0.005 -5"><span class='ocrx_word' id='word_1_2' title='bbox 1342 438 1836 503; x_wconf 86' lang='lat' dir='ltr'><strong>EXPLANATIO</strong></span> <span class='ocrx_word' id='word_1_3' title='bbox 1878 439 1959 503; x_wconf 88' lang='lat' dir='ltr'><strong>IN</strong></span> <span class='ocrx_word' id='word_1_4' title='bbox 2001 440 2388 507; x_wconf 82' lang='lat' dir='ltr'><strong>PSALMOS.</strong></span> 
     </span>
    </p>
   </div>
   <div class='ocr_carea' id='block_1_3' title="bbox 3452 446 3572 512">
    <p class='ocr_par' dir='ltr' id='par_1_3' title="bbox 3452 446 3572 512">
     <span class='ocr_line' id='line_1_3' title="bbox 3452 446 3572 512; baseline 0 0"><span class='ocrx_word' id='word_1_5' title='bbox 3452 446 3572 512; x_wconf 75' lang='lat'><strong>566</strong></span> 
     </span>
    </p>
   </div>
   <div class='ocr_carea' id='block_1_4' title="bbox 158 571 3568 654">
    <p class='ocr_par' dir='ltr' id='par_1_4' title="bbox 158 571 3568 654">
     <span class='ocr_line' id='line_1_4' title="bbox 158 571 3568 654; baseline 0.001 -19"><span class='ocrx_word' id='word_1_6' title='bbox 158 580 422 643; x_wconf 85' lang='lat' dir='ltr'><strong>rientem,</strong></span> <span class='ocrx_word' id='word_1_7' title='bbox 460 598 487 626; x_wconf 83' lang='lat'>»</span> <span class='ocrx_word' id='word_1_8' title='bbox 518 575 672 633; x_wconf 82' lang='lat' dir='ltr'><strong>sicut</strong></span> <span class='ocrx_word' id='word_1_9' title='bbox 696 573 1101 649; x_wconf 89' lang='lat' dir='ltr'><strong>philosophos,</strong></span> <span class='ocrx_word' id='word_1_10' title='bbox 1136 596 1165 626; x_wconf 87' lang='grc'><strong>‹‹</strong></span> <span class='ocrx_word' id='word_1_11' title='bbox 1196 571 1428 630; x_wconf 82' lang='lat' dir='ltr'><strong>satiavit</strong></span> <span class='ocrx_word' id='word_1_12' title='bbox 1466 573 1656 642; x_wconf 87' lang='lat' dir='ltr'><strong>bonis,</strong></span> <span class='ocrx_word' id='word_1_13' title='bbox 1688 596 1717 623; x_wconf 86' lang='lat'>»</span> <span class='ocrx_word' id='word_1_14' title='bbox 1749 573 1807 629; x_wconf 87' lang='lat' dir='ltr'><strong>id</strong></span> <span class='ocrx_word' id='word_1_15' title='bbox 1837 573 1895 641; x_wconf 74' lang='grc' dir='ltr'><strong>Α</strong></span> <span class='ocrx_word' id='word_1_16' title='bbox 1923 574 2198 631; x_wconf 90' lang='lat' dir='ltr'><strong>eveniunt</strong></span> <span class='ocrx_word' id='word_1_17' title='bbox 2230 592 2244 631; x_wconf 88' lang='lat'><strong>:</strong></span> <span class='ocrx_word' id='word_1_18' title='bbox 2279 582 2338 632; x_wconf 90' lang='lat' dir='ltr'><strong>et</strong></span> <span class='ocrx_word' id='word_1_19' title='bbox 2367 594 2436 633; x_wconf 89' lang='lat' dir='ltr'><strong>ea</strong></span> <span class='ocrx_word' id='word_1_20' title='bbox 2464 594 2593 650; x_wconf 68' lang='lat' dir='ltr'><strong>quae</strong></span> <span class='ocrx_word' id='word_1_21' title='bbox 2624 579 2695 634; x_wconf 93' lang='lat' dir='ltr'><strong>de</strong></span> <span class='ocrx_word' id='word_1_22' title='bbox 2738 578 2865 651; x_wconf 89' lang='lat' dir='ltr'><strong>ipso</strong></span> <span class='ocrx_word' id='word_1_23' title='bbox 2916 579 3149 637; x_wconf 88' lang='lat' dir='ltr'><strong>fastidio</strong></span> <span class='ocrx_word' id='word_1_24' title='bbox 3198 580 3568 654; x_wconf 88' lang='lat' dir='ltr'><strong>proveniunt,</strong></span> 
     </span>
    </p>
   </div>
   <div class='ocr_carea' id='block_1_5' title="bbox 159 663 1205 739">
    <p class='ocr_par' dir='ltr' id='par_1_5' title="bbox 159 663 1205 739">
     <span class='ocr_line' id='line_1_5' title="bbox 159 663 1205 739; baseline -0.008 -13"><span class='ocrx_word' id='word_1_25' title='bbox 159 674 265 735; x_wconf 87' lang='lat' dir='ltr'><strong>est,</strong></span> <span class='ocrx_word' id='word_1_26' title='bbox 298 666 539 739; x_wconf 81' lang='lat' dir='ltr'><strong>replevit</strong></span> <span class='ocrx_word' id='word_1_27' title='bbox 567 664 865 739; x_wconf 89' lang='lat' dir='ltr'><strong>spirituali</strong></span> <span class='ocrx_word' id='word_1_28' title='bbox 896 663 1205 737; x_wconf 82' lang='lat' dir='ltr'><strong>sapientia.</strong></span> 
     </span>
    </p>
   </div>
   <div class='ocr_carea' id='block_1_6' title="bbox 228 752 1807 827">
    <p class='ocr_par' dir='ltr' id='par_1_6' title="bbox 228 752 1807 827">
     <span class='ocr_line' id='line_1_6' title="bbox 228 752 1807 827; baseline -0.003 -17"><span class='ocrx_word' id='word_1_29' title='bbox 228 781 255 810; x_wconf 86' lang='grc'><em>‹‹</em></span> <span class='ocrx_word' id='word_1_30' title='bbox 286 756 531 814; x_wconf 73' lang='lat' dir='ltr'><strong>Batiavit</strong></span> <span class='ocrx_word' id='word_1_31' title='bbox 563 778 590 805; x_wconf 88' lang='grc'><strong>››</strong></span> <span class='ocrx_word' id='word_1_32' title='bbox 622 754 750 811; x_wconf 87' lang='lat' dir='ltr'><strong>dico</strong></span> <span class='ocrx_word' id='word_1_33' title='bbox 782 754 945 827; x_wconf 90' lang='lat' dir='ltr'><strong>ipsos</strong></span> <span class='ocrx_word' id='word_1_34' title='bbox 978 775 1005 804; x_wconf 85' lang='lat'><strong>«</strong></span> <span class='ocrx_word' id='word_1_35' title='bbox 1039 754 1334 817; x_wconf 90' lang='lat' dir='ltr'><strong>sedentes,</strong></span> <span class='ocrx_word' id='word_1_36' title='bbox 1371 775 1399 801; x_wconf 86' lang='grc'><strong>››</strong></span> <span class='ocrx_word' id='word_1_37' title='bbox 1431 752 1489 807; x_wconf 92' lang='lat' dir='ltr'>id</span> <span class='ocrx_word' id='word_1_38' title='bbox 1522 755 1629 819; x_wconf 82' lang='lat' dir='ltr'><strong>est,</strong></span> <span class='ocrx_word' id='word_1_39' title='bbox 1655 768 1807 807; x_wconf 89' lang='lat' dir='ltr'><strong>com-</strong></span> 
     </span>
    </p>
   </div>
   <div class='ocr_carea' id='block_1_7' title="bbox 158 840 1808 913">
    <p class='ocr_par' dir='ltr' id='par_1_7' title="bbox 158 840 1808 913">
     <span class='ocr_line' id='line_1_7' title="bbox 158 840 1808 913; baseline -0.005 -10"><span class='ocrx_word' id='word_1_40' title='bbox 158 850 449 903; x_wconf 90' lang='lat' dir='ltr'><strong>morantes</strong></span> <span class='ocrx_word' id='word_1_41' title='bbox 481 869 508 895; x_wconf 85' lang='grc'><strong><em>‹‹</em></strong></span> <span class='ocrx_word' id='word_1_42' title='bbox 534 845 591 899; x_wconf 90' lang='lat' dir='ltr'><strong>in</strong></span> <span class='ocrx_word' id='word_1_43' title='bbox 626 842 902 910; x_wconf 80' lang='lat' dir='ltr'><strong>tenebris,</strong></span> <span class='ocrx_word' id='word_1_44' title='bbox 927 864 955 891; x_wconf 83' lang='lat'>»</span> <span class='ocrx_word' id='word_1_45' title='bbox 982 842 1037 896; x_wconf 92' lang='lat' dir='ltr'>id</span> <span class='ocrx_word' id='word_1_46' title='bbox 1061 846 1168 906; x_wconf 89' lang='lat' dir='ltr'><strong>est,</strong></span> <span class='ocrx_word' id='word_1_47' title='bbox 1194 841 1252 896; x_wconf 90' lang='lat' dir='ltr'><strong>in</strong></span> <span class='ocrx_word' id='word_1_48' title='bbox 1277 840 1670 913; x_wconf 86' lang='lat' dir='ltr'><strong>ignorantia,a</strong></span> <span class='ocrx_word' id='word_1_49' title='bbox 1690 857 1808 911; x_wconf 90' lang='lat' dir='ltr'><strong>qua</strong></span> 
     </span>
    </p>
   </div>
   <div class='ocr_carea' id='block_1_8' title="bbox 157 929 1805 1006">
    <p class='ocr_par' dir='ltr' id='par_1_8' title="bbox 157 929 1805 1006">
     <span class='ocr_line' id='line_1_8' title="bbox 157 929 1805 1006; baseline -0.005 -15"><span class='ocrx_word' id='word_1_50' title='bbox 157 935 313 992; x_wconf 91' lang='lat' dir='ltr'><strong>nullo</strong></span> <span class='ocrx_word' id='word_1_51' title='bbox 345 934 519 991; x_wconf 93' lang='lat' dir='ltr'><strong>modo</strong></span> <span class='ocrx_word' id='word_1_52' title='bbox 552 949 656 1006; x_wconf 90' lang='lat' dir='ltr'><strong>per</strong></span> <span class='ocrx_word' id='word_1_53' title='bbox 693 949 756 988; x_wconf 90' lang='lat' dir='ltr'><strong>se</strong></span> <span class='ocrx_word' id='word_1_54' title='bbox 800 934 1041 1003; x_wconf 78' lang='lat' dir='ltr'><strong>possent</strong></span> <span class='ocrx_word' id='word_1_55' title='bbox 1084 930 1241 985; x_wconf 84' lang='lat' dir='ltr'><strong>exire</strong></span> <span class='ocrx_word' id='word_1_56' title='bbox 1275 945 1287 985; x_wconf 92' lang='lat'>:</span> <span class='ocrx_word' id='word_1_57' title='bbox 1324 952 1351 979; x_wconf 75' lang='grc' dir='ltr'><strong>ι(</strong></span> <span class='ocrx_word' id='word_1_58' title='bbox 1387 934 1444 984; x_wconf 92' lang='lat' dir='ltr'><strong>et</strong></span> <span class='ocrx_word' id='word_1_59' title='bbox 1474 952 1502 979; x_wconf 84' lang='grc'><strong>››</strong></span> <span class='ocrx_word' id='word_1_60' title='bbox 1537 929 1805 983; x_wconf 79' lang='lat' dir='ltr'><strong>sedentes</strong></span> 
     </span>
    </p>
   </div>
   <div class='ocr_carea' id='block_1_9' title="bbox 157 1018 1808 1089">
    <p class='ocr_par' dir='ltr' id='par_1_9' title="bbox 157 1018 1808 1089">
     <span class='ocr_line' id='line_1_9' title="bbox 157 1018 1808 1089; baseline -0.005 -10"><span class='ocrx_word' id='word_1_61' title='bbox 157 1048 183 1074; x_wconf 89' lang='grc'><strong>‹‹</strong></span> <span class='ocrx_word' id='word_1_62' title='bbox 217 1025 274 1079; x_wconf 90' lang='lat' dir='ltr'><strong>in</strong></span> <span class='ocrx_word' id='word_1_63' title='bbox 306 1024 519 1080; x_wconf 90' lang='lat' dir='ltr'><strong>umbra</strong></span> <span class='ocrx_word' id='word_1_64' title='bbox 544 1020 772 1089; x_wconf 77' lang='lat' dir='ltr'><strong>mortis,</strong></span> <span class='ocrx_word' id='word_1_65' title='bbox 802 1042 830 1069; x_wconf 85' lang='lat'>»</span> <span class='ocrx_word' id='word_1_66' title='bbox 852 1020 909 1075; x_wconf 91' lang='lat' dir='ltr'><strong>id</strong></span> <span class='ocrx_word' id='word_1_67' title='bbox 941 1019 1114 1085; x_wconf 90' lang='lat' dir='ltr'><strong>est,in</strong></span> <span class='ocrx_word' id='word_1_68' title='bbox 1149 1018 1304 1089; x_wconf 80' lang='lat' dir='ltr'><strong>turpi</strong></span> <span class='ocrx_word' id='word_1_69' title='bbox 1340 1018 1479 1082; x_wconf 90' lang='lat' dir='ltr'><strong>vita,</strong></span> <span class='ocrx_word' id='word_1_70' title='bbox 1501 1035 1629 1088; x_wconf 67' lang='lat' dir='ltr'><strong>quae</strong></span> <span class='ocrx_word' id='word_1_71' title='bbox 1652 1021 1808 1072; x_wconf 82' lang='lat' dir='ltr'><strong>esset</strong></span> 
     </span>
    </p>
   </div>
   <div class='ocr_carea' id='block_1_10' title="bbox 157 1104 1804 1176">
    <p class='ocr_par' dir='ltr' id='par_1_10' title="bbox 157 1104 1804 1176">
     <span class='ocr_line' id='line_1_10' title="bbox 157 1104 1804 1176; baseline -0.007 -7"><span class='ocrx_word' id='word_1_72' title='bbox 157 1112 460 1170; x_wconf 69' lang='lat' dir='ltr'><strong>excaecatio</strong></span> <span class='ocrx_word' id='word_1_73' title='bbox 490 1111 594 1175; x_wconf 90' lang='lat' dir='ltr'><strong>eis,</strong></span> <span class='ocrx_word' id='word_1_74' title='bbox 631 1113 689 1165; x_wconf 89' lang='lat' dir='ltr'><strong>et</strong></span> <span class='ocrx_word' id='word_1_75' title='bbox 715 1110 928 1164; x_wconf 88' lang='lat' dir='ltr'><strong>umbra</strong></span> <span class='ocrx_word' id='word_1_76' title='bbox 956 1108 1177 1163; x_wconf 90' lang='lat' dir='ltr'><strong>ducens</strong></span> <span class='ocrx_word' id='word_1_77' title='bbox 1205 1107 1277 1161; x_wconf 90' lang='lat' dir='ltr'><strong>ad</strong></span> <span class='ocrx_word' id='word_1_78' title='bbox 1311 1111 1562 1161; x_wconf 87' lang='lat' dir='ltr'><strong>mortem</strong></span> <span class='ocrx_word' id='word_1_79' title='bbox 1596 1122 1610 1159; x_wconf 88' lang='lat'><strong>:</strong></span> <span class='ocrx_word' id='word_1_80' title='bbox 1644 1104 1804 1176; x_wconf 89' lang='lat' dir='ltr'><strong>ipsos</strong></span> 
     </span>
    </p>
   </div>
   <div class='ocr_carea' id='block_1_11' title="bbox 156 1194 1807 1267">
    <p class='ocr_par' dir='ltr' id='par_1_11' title="bbox 156 1194 1807 1267">
     <span class='ocr_line' id='line_1_11' title="bbox 156 1194 1807 1267; baseline -0.006 -8"><span class='ocrx_word' id='word_1_81' title='bbox 156 1204 284 1259; x_wconf 88' lang='lat' dir='ltr'>dico</span> <span class='ocrx_word' id='word_1_82' title='bbox 314 1225 341 1252; x_wconf 83' lang='lat'><strong><em>«</em></strong></span> <span class='ocrx_word' id='word_1_83' title='bbox 375 1199 604 1257; x_wconf 89' lang='lat' dir='ltr'><strong>vinctos</strong></span> <span class='ocrx_word' id='word_1_84' title='bbox 635 1199 695 1254; x_wconf 91' lang='lat' dir='ltr'><strong>in</strong></span> <span class='ocrx_word' id='word_1_85' title='bbox 728 1197 1124 1264; x_wconf 90' lang='lat' dir='ltr'><strong>mendicitate,</strong></span> <span class='ocrx_word' id='word_1_86' title='bbox 1161 1218 1189 1247; x_wconf 82' lang='grc'><strong>››</strong></span> <span class='ocrx_word' id='word_1_87' title='bbox 1226 1196 1282 1250; x_wconf 90' lang='lat' dir='ltr'><strong>id</strong></span> <span class='ocrx_word' id='word_1_88' title='bbox 1334 1200 1447 1264; x_wconf 89' lang='lat' dir='ltr'><strong>est,</strong></span> <span class='ocrx_word' id='word_1_89' title='bbox 1480 1194 1807 1267; x_wconf 82' lang='lat' dir='ltr'><strong>indigentia</strong></span> 
     </span>
    </p>
   </div>
   <div class='ocr_carea' id='block_1_12' title="bbox 155 1284 1802 1355">
    <p class='ocr_par' dir='ltr' id='par_1_12' title="bbox 155 1284 1802 1355">
     <span class='ocr_line' id='line_1_12' title="bbox 155 1284 1802 1355; baseline -0.006 -9"><span class='ocrx_word' id='word_1_90' title='bbox 155 1290 334 1346; x_wconf 86' lang='lat' dir='ltr'><strong>totius</strong></span> <span class='ocrx_word' id='word_1_91' title='bbox 381 1288 553 1355; x_wconf 90' lang='lat' dir='ltr'><strong>boni;</strong></span> <span class='ocrx_word' id='word_1_92' title='bbox 587 1311 615 1338; x_wconf 80' lang='grc' dir='ltr'>κ</span> <span class='ocrx_word' id='word_1_93' title='bbox 647 1291 706 1342; x_wconf 88' lang='lat' dir='ltr'><strong>et</strong></span> <span class='ocrx_word' id='word_1_94' title='bbox 752 1287 924 1354; x_wconf 89' lang='lat' dir='ltr'><strong>ferro,</strong></span> <span class='ocrx_word' id='word_1_95' title='bbox 960 1307 988 1335; x_wconf 85' lang='grc'><strong>››</strong></span> <span class='ocrx_word' id='word_1_96' title='bbox 1016 1284 1074 1339; x_wconf 93' lang='lat' dir='ltr'><strong>id</strong></span> <span class='ocrx_word' id='word_1_97' title='bbox 1121 1288 1232 1351; x_wconf 90' lang='lat' dir='ltr'><strong>est,</strong></span> <span class='ocrx_word' id='word_1_98' title='bbox 1272 1284 1492 1338; x_wconf 82' lang='lat' dir='ltr'><strong>duritia</strong></span> <span class='ocrx_word' id='word_1_99' title='bbox 1540 1285 1802 1354; x_wconf 88' lang='lat' dir='ltr'><strong>peccato-</strong></span> 
     </span>
    </p>
   </div>
   <div class='ocr_carea' id='block_1_13' title="bbox 155 1396 307 1435">
    <p class='ocr_par' dir='ltr' id='par_1_13' title="bbox 155 1396 307 1435">
     <span class='ocr_line' id='line_1_13' title="bbox 155 1396 307 1435; baseline -0.007 0"><span class='ocrx_word' id='word_1_100' title='bbox 155 1396 307 1435; x_wconf 92' lang='lat' dir='ltr'><strong>rum.</strong></span> 
     </span>
    </p>
   </div>
   <div class='ocr_carea' id='block_1_14' title="bbox 224 1461 1803 1533">
    <p class='ocr_par' dir='ltr' id='par_1_14' title="bbox 224 1461 1803 1533">
     <span class='ocr_line' id='line_1_14' title="bbox 224 1461 1803 1533; baseline -0.007 -8"><span class='ocrx_word' id='word_1_101' title='bbox 224 1469 357 1525; x_wconf 89' lang='lat' dir='ltr'><strong>Ideo</strong></span> <span class='ocrx_word' id='word_1_102' title='bbox 408 1471 575 1523; x_wconf 88' lang='lat' dir='ltr'><strong>erant</strong></span> <span class='ocrx_word' id='word_1_103' title='bbox 617 1465 678 1519; x_wconf 92' lang='lat' dir='ltr'><strong>in</strong></span> <span class='ocrx_word' id='word_1_104' title='bbox 727 1462 1128 1529; x_wconf 82' lang='lat' dir='ltr'><strong>mendicitate,</strong></span> <span class='ocrx_word' id='word_1_105' title='bbox 1164 1461 1366 1533; x_wconf 82' lang='lat' dir='ltr'><strong>«quia</strong></span> <span class='ocrx_word' id='word_1_106' title='bbox 1426 1461 1803 1516; x_wconf 80' lang='lat' dir='ltr'><strong>exacerbave-</strong></span> 
     </span>
    </p>
   </div>
   <div class='ocr_carea' id='block_1_15' title="bbox 153 1548 1807 1626">
    <p class='ocr_par' dir='ltr' id='par_1_15' title="bbox 153 1548 1807 1626">
     <span class='ocr_line' id='line_1_15' title="bbox 153 1548 1807 1626; baseline -0.007 -12"><span class='ocrx_word' id='word_1_107' title='bbox 153 1561 311 1626; x_wconf 89' lang='lat' dir='ltr'><strong>runt,</strong></span> <span class='ocrx_word' id='word_1_108' title='bbox 349 1580 378 1607; x_wconf 79' lang='grc'><strong>››</strong></span> <span class='ocrx_word' id='word_1_109' title='bbox 410 1557 468 1611; x_wconf 91' lang='lat' dir='ltr'><strong>id</strong></span> <span class='ocrx_word' id='word_1_110' title='bbox 499 1559 608 1621; x_wconf 89' lang='lat' dir='ltr'><strong>est,</strong></span> <span class='ocrx_word' id='word_1_111' title='bbox 644 1553 853 1610; x_wconf 89' lang='lat' dir='ltr'><strong>acerba</strong></span> <span class='ocrx_word' id='word_1_112' title='bbox 876 1552 1310 1623; x_wconf 85' lang='lat' dir='ltr'><strong>judicaverunt,</strong></span> <span class='ocrx_word' id='word_1_113' title='bbox 1341 1549 1618 1621; x_wconf 86' lang='lat' dir='ltr'><strong>fugiendo</strong></span> <span class='ocrx_word' id='word_1_114' title='bbox 1640 1573 1666 1598; x_wconf 87' lang='grc'><em>‹‹</em></span> <span class='ocrx_word' id='word_1_115' title='bbox 1691 1548 1807 1604; x_wconf 90' lang='lat' dir='ltr'><strong>elo-</strong></span> 
     </span>
    </p>
   </div>
   <div class='ocr_carea' id='block_1_16' title="bbox 153 1636 1808 1721">
    <p class='ocr_par' dir='ltr' id='par_1_16' title="bbox 153 1636 1808 1721">
     <span class='ocr_line' id='line_1_16' title="bbox 153 1636 1808 1721; baseline -0.007 -17"><span class='ocrx_word' id='word_1_116' title='bbox 153 1648 290 1721; x_wconf 89' lang='lat' dir='ltr'><strong>quia</strong></span> <span class='ocrx_word' id='word_1_117' title='bbox 319 1646 446 1713; x_wconf 90' lang='lat' dir='ltr'><strong>Dei,</strong></span> <span class='ocrx_word' id='word_1_118' title='bbox 474 1667 502 1695; x_wconf 85' lang='lat'>»</span> <span class='ocrx_word' id='word_1_119' title='bbox 521 1644 579 1699; x_wconf 92' lang='lat' dir='ltr'><strong>id</strong></span> <span class='ocrx_word' id='word_1_120' title='bbox 603 1648 712 1711; x_wconf 88' lang='lat' dir='ltr'><strong>est,</strong></span> <span class='ocrx_word' id='word_1_121' title='bbox 737 1645 1028 1715; x_wconf 64' lang='lat' dir='ltr'><strong>praecepta</strong></span> <span class='ocrx_word' id='word_1_122' title='bbox 1046 1639 1148 1695; x_wconf 89' lang='lat' dir='ltr'><strong>Dei</strong></span> <span class='ocrx_word' id='word_1_123' title='bbox 1173 1656 1186 1695; x_wconf 77' lang='grc' dir='ltr'><strong>ε</strong></span> <span class='ocrx_word' id='word_1_124' title='bbox 1215 1639 1357 1711; x_wconf 90' lang='lat' dir='ltr'><strong>quia</strong></span> <span class='ocrx_word' id='word_1_125' title='bbox 1379 1639 1426 1693; x_wconf 89' lang='lat' dir='ltr'><strong>si</strong></span> <span class='ocrx_word' id='word_1_126' title='bbox 1451 1636 1667 1711; x_wconf 77' lang='lat' dir='ltr'><strong>aliquis</strong></span> <span class='ocrx_word' id='word_1_127' title='bbox 1690 1655 1808 1693; x_wconf 90' lang='lat' dir='ltr'><strong>mo-</strong></span> 
     </span>
    </p>
   </div>
   <div class='ocr_carea' id='block_1_17' title="bbox 153 1726 1809 1799">
    <p class='ocr_par' dir='ltr' id='par_1_17' title="bbox 153 1726 1809 1799">
     <span class='ocr_line' id='line_1_17' title="bbox 153 1726 1809 1799; baseline -0.008 -5"><span class='ocrx_word' id='word_1_128' title='bbox 153 1738 325 1793; x_wconf 90' lang='lat' dir='ltr'><strong>nebat</strong></span> <span class='ocrx_word' id='word_1_129' title='bbox 358 1752 457 1791; x_wconf 91' lang='lat' dir='ltr'><strong>eos</strong></span> <span class='ocrx_word' id='word_1_130' title='bbox 487 1735 558 1789; x_wconf 92' lang='lat' dir='ltr'><strong>de</strong></span> <span class='ocrx_word' id='word_1_131' title='bbox 590 1731 875 1789; x_wconf 88' lang='lat' dir='ltr'><strong>charitate</strong></span> <span class='ocrx_word' id='word_1_132' title='bbox 910 1729 999 1785; x_wconf 89' lang='lat' dir='ltr'><strong>vel</strong></span> <span class='ocrx_word' id='word_1_133' title='bbox 1049 1728 1246 1799; x_wconf 90' lang='lat' dir='ltr'><strong>aliquo</strong></span> <span class='ocrx_word' id='word_1_134' title='bbox 1295 1726 1420 1793; x_wconf 88' lang='lat' dir='ltr'><strong>tali,</strong></span> <span class='ocrx_word' id='word_1_135' title='bbox 1455 1727 1809 1798; x_wconf 83' lang='lat' dir='ltr'><strong>reputabant</strong></span> 
     </span>
    </p>
   </div>
   <div class='ocr_carea' id='block_1_18' title="bbox 153 1816 1806 1899">
    <p class='ocr_par' dir='ltr' id='par_1_18' title="bbox 153 1816 1806 1899">
     <span class='ocr_line' id='line_1_18' title="bbox 153 1816 1806 1899; baseline -0.007 -17"><span class='ocrx_word' id='word_1_136' title='bbox 153 1825 582 1899; x_wconf 82' lang='lat' dir='ltr'><strong>fugiendam,et</strong></span> <span class='ocrx_word' id='word_1_137' title='bbox 604 1821 661 1876; x_wconf 88' lang='lat' dir='ltr'><strong>in</strong></span> <span class='ocrx_word' id='word_1_138' title='bbox 685 1818 847 1875; x_wconf 90' lang='lat' dir='ltr'><strong>nullo</strong></span> <span class='ocrx_word' id='word_1_139' title='bbox 869 1817 1094 1874; x_wconf 86' lang='lat' dir='ltr'><strong>moneri</strong></span> <span class='ocrx_word' id='word_1_140' title='bbox 1123 1816 1435 1872; x_wconf 89' lang='lat' dir='ltr'><strong>voluerunt</strong></span> <span class='ocrx_word' id='word_1_141' title='bbox 1460 1833 1472 1871; x_wconf 89' lang='lat'><strong>:</strong></span> <span class='ocrx_word' id='word_1_142' title='bbox 1498 1816 1589 1871; x_wconf 84' lang='lat' dir='ltr'><strong>lex</strong></span> <span class='ocrx_word' id='word_1_143' title='bbox 1607 1820 1806 1871; x_wconf 90' lang='lat' dir='ltr'><strong>tamen</strong></span> 
     </span>
    </p>
   </div>
   <div class='ocr_carea' id='block_1_19' title="bbox 1916 665 3571 743">
    <p class='ocr_par' dir='ltr' id='par_1_19' title="bbox 1916 665 3571 743">
     <span class='ocr_line' id='line_1_19' title="bbox 1916 665 3571 743; baseline 0.006 -24"><span class='ocrx_word' id='word_1_144' title='bbox 1916 665 2081 737; x_wconf 89' lang='lat' dir='ltr'><strong>prius</strong></span> <span class='ocrx_word' id='word_1_145' title='bbox 2110 666 2277 738; x_wconf 89' lang='lat' dir='ltr'><strong>ponit</strong></span> <span class='ocrx_word' id='word_1_146' title='bbox 2306 668 2509 723; x_wconf 88' lang='lat' dir='ltr'><strong>dicens</strong></span> <span class='ocrx_word' id='word_1_147' title='bbox 2543 684 2556 722; x_wconf 90' lang='lat'>:</span> <span class='ocrx_word' id='word_1_148' title='bbox 2592 690 2621 718; x_wconf 86' lang='lat'><strong><em>«</em></strong></span> <span class='ocrx_word' id='word_1_149' title='bbox 2653 669 2795 740; x_wconf 87' lang='lat' dir='ltr'><strong>quia</strong></span> <span class='ocrx_word' id='word_1_150' title='bbox 2823 668 3115 737; x_wconf 88' lang='lat' dir='ltr'><strong>contrivit,</strong></span> <span class='ocrx_word' id='word_1_151' title='bbox 3151 692 3180 719; x_wconf 84' lang='lat'><strong>»</strong></span> <span class='ocrx_word' id='word_1_152' title='bbox 3202 669 3260 726; x_wconf 93' lang='lat' dir='ltr'><strong>id</strong></span> <span class='ocrx_word' id='word_1_153' title='bbox 3282 672 3571 743; x_wconf 86' lang='lat' dir='ltr'><strong>est,anni-</strong></span> 
     </span>
    </p>
   </div>
   <div class='ocr_carea' id='block_1_20' title="bbox 1914 752 3571 834">
    <p class='ocr_par' dir='ltr' id='par_1_20' title="bbox 1914 752 3571 834">
     <span class='ocr_line' id='line_1_20' title="bbox 1914 752 3571 834; baseline 0.004 -25"><span class='ocrx_word' id='word_1_154' title='bbox 1914 752 2139 822; x_wconf 88' lang='lat' dir='ltr'><strong>hilavit,</strong></span> <span class='ocrx_word' id='word_1_155' title='bbox 2174 777 2202 804; x_wconf 91' lang='grc'><strong>‹‹</strong></span> <span class='ocrx_word' id='word_1_156' title='bbox 2236 760 2435 827; x_wconf 87' lang='lat' dir='ltr'><strong>portas</strong></span> <span class='ocrx_word' id='word_1_157' title='bbox 2483 774 2683 823; x_wconf 81' lang='lat' dir='ltr'><strong>aereas,</strong></span> <span class='ocrx_word' id='word_1_158' title='bbox 2721 780 2748 806; x_wconf 83' lang='lat'>»</span> <span class='ocrx_word' id='word_1_159' title='bbox 2780 758 2838 813; x_wconf 92' lang='lat' dir='ltr'><strong>id</strong></span> <span class='ocrx_word' id='word_1_160' title='bbox 2872 762 2981 825; x_wconf 88' lang='lat' dir='ltr'><strong>est,</strong></span> <span class='ocrx_word' id='word_1_161' title='bbox 3017 759 3166 814; x_wconf 89' lang='lat' dir='ltr'><strong>iram</strong></span> <span class='ocrx_word' id='word_1_162' title='bbox 3198 764 3257 814; x_wconf 91' lang='lat' dir='ltr'><strong>et</strong></span> <span class='ocrx_word' id='word_1_163' title='bbox 3293 760 3571 834; x_wconf 86' lang='lat' dir='ltr'><strong>concupi-</strong></span> 
     </span>
    </p>
   </div>
   <div class='ocr_carea' id='block_1_21' title="bbox 1915 844 3570 919">
    <p class='ocr_par' dir='ltr' id='par_1_21' title="bbox 1915 844 3570 919">
     <span class='ocr_line' id='line_1_21' title="bbox 1915 844 3570 919; baseline 0.005 -22"><span class='ocrx_word' id='word_1_164' title='bbox 1915 844 2200 899; x_wconf 89' lang='lat' dir='ltr'><strong>scentiam</strong></span> <span class='ocrx_word' id='word_1_165' title='bbox 2231 845 2522 901; x_wconf 86' lang='lat' dir='ltr'><strong>destruxit</strong></span> <span class='ocrx_word' id='word_1_166' title='bbox 2542 846 2601 899; x_wconf 89' lang='lat' dir='ltr'><strong>in</strong></span> <span class='ocrx_word' id='word_1_167' title='bbox 2624 846 2728 913; x_wconf 91' lang='lat' dir='ltr'><strong>eis,</strong></span> <span class='ocrx_word' id='word_1_168' title='bbox 2753 864 2879 918; x_wconf 70' lang='lat' dir='ltr'><strong>quae</strong></span> <span class='ocrx_word' id='word_1_169' title='bbox 2910 851 3052 902; x_wconf 90' lang='lat' dir='ltr'><strong>sunt</strong></span> <span class='ocrx_word' id='word_1_170' title='bbox 3080 852 3259 919; x_wconf 63' lang='lat' dir='ltr'><strong>portae</strong></span> <span class='ocrx_word' id='word_1_171' title='bbox 3289 847 3570 905; x_wconf 85' lang='lat' dir='ltr'><strong>ducentes</strong></span> 
     </span>
    </p>
   </div>
   <div class='ocr_carea' id='block_1_22' title="bbox 1915 932 3572 1008">
    <p class='ocr_par' dir='ltr' id='par_1_22' title="bbox 1915 932 3572 1008">
     <span class='ocr_line' id='line_1_22' title="bbox 1915 932 3572 1008; baseline 0.004 -20"><span class='ocrx_word' id='word_1_172' title='bbox 1915 933 1988 988; x_wconf 90' lang='lat' dir='ltr'><strong>ad</strong></span> <span class='ocrx_word' id='word_1_173' title='bbox 2018 932 2323 988; x_wconf 89' lang='lat' dir='ltr'><strong>interitum</strong></span> <span class='ocrx_word' id='word_1_174' title='bbox 2351 939 2632 989; x_wconf 63' lang='lat' dir='ltr'><strong>aeternum</strong></span> <span class='ocrx_word' id='word_1_175' title='bbox 2657 951 2670 989; x_wconf 90' lang='lat'><strong>:</strong></span> <span class='ocrx_word' id='word_1_176' title='bbox 2706 952 2882 990; x_wconf 74' lang='lat' dir='ltr'><strong>mreas</strong></span> <span class='ocrx_word' id='word_1_177' title='bbox 2913 939 3098 1002; x_wconf 87' lang='lat' dir='ltr'><strong>vocat,</strong></span> <span class='ocrx_word' id='word_1_178' title='bbox 3127 937 3269 1008; x_wconf 89' lang='lat' dir='ltr'><strong>quia</strong></span> <span class='ocrx_word' id='word_1_179' title='bbox 3290 952 3426 992; x_wconf 91' lang='lat' dir='ltr'><strong>cum</strong></span> <span class='ocrx_word' id='word_1_180' title='bbox 3448 938 3572 994; x_wconf 90' lang='lat' dir='ltr'><strong>sint</strong></span> 
     </span>
    </p>
   </div>
   <div class='ocr_carea' id='block_1_23' title="bbox 1914 1022 3563 1096">
    <p class='ocr_par' dir='ltr' id='par_1_23' title="bbox 1914 1022 3563 1096">
     <span class='ocr_line' id='line_1_23' title="bbox 1914 1022 3563 1096; baseline 0.003 -20"><span class='ocrx_word' id='word_1_181' title='bbox 1914 1022 2259 1077; x_wconf 88' lang='lat' dir='ltr'><strong>naturaliter</strong></span> <span class='ocrx_word' id='word_1_182' title='bbox 2288 1022 2347 1076; x_wconf 91' lang='lat' dir='ltr'>in</span> <span class='ocrx_word' id='word_1_183' title='bbox 2380 1022 2754 1088; x_wconf 83' lang='lat' dir='ltr'><strong>homine,vix</strong></span> <span class='ocrx_word' id='word_1_184' title='bbox 2783 1022 3000 1096; x_wconf 88' lang='lat' dir='ltr'><strong>aliquis</strong></span> <span class='ocrx_word' id='word_1_185' title='bbox 3029 1028 3221 1095; x_wconf 90' lang='lat' dir='ltr'><strong>potest</strong></span> <span class='ocrx_word' id='word_1_186' title='bbox 3250 1024 3563 1081; x_wconf 77' lang='lat' dir='ltr'><strong>dominari.</strong></span> 
     </span>
    </p>
   </div>
   <div class='ocr_carea' id='block_1_24' title="bbox 1851 1110 3563 1187">
    <p class='ocr_par' dir='ltr' id='par_1_24' title="bbox 1851 1110 3563 1187">
     <span class='ocr_line' id='line_1_24' title="bbox 1851 1110 3563 1187; baseline 0.005 -26"><span class='ocrx_word' id='word_1_187' title='bbox 1851 1183 1854 1187; x_wconf 12' lang='lat' dir='ltr'><strong><em>t</em></strong></span> <span class='ocrx_word' id='word_1_188' title='bbox 1917 1131 1947 1161; x_wconf 84' lang='grc'><strong>‹‹</strong></span> <span class='ocrx_word' id='word_1_189' title='bbox 1978 1112 2046 1165; x_wconf 90' lang='lat' dir='ltr'><strong>Et</strong></span> <span class='ocrx_word' id='word_1_190' title='bbox 2074 1116 2266 1166; x_wconf 87' lang='lat' dir='ltr'><strong>vectes</strong></span> <span class='ocrx_word' id='word_1_191' title='bbox 2305 1112 2545 1178; x_wconf 87' lang='lat' dir='ltr'><strong>ferreos,</strong></span> <span class='ocrx_word' id='word_1_192' title='bbox 2578 1133 2608 1160; x_wconf 84' lang='grc'><strong>››</strong></span> <span class='ocrx_word' id='word_1_193' title='bbox 2637 1110 2694 1166; x_wconf 91' lang='lat' dir='ltr'><strong>id</strong></span> <span class='ocrx_word' id='word_1_194' title='bbox 2726 1117 2835 1179; x_wconf 90' lang='lat' dir='ltr'><strong>est,</strong></span> <span class='ocrx_word' id='word_1_195' title='bbox 2871 1112 3279 1185; x_wconf 80' lang='lat' dir='ltr'><strong>suggestiones</strong></span> <span class='ocrx_word' id='word_1_196' title='bbox 3323 1111 3563 1183; x_wconf 89' lang='lat' dir='ltr'><strong>diaboli,</strong></span> 
     </span>
    </p>
   </div>
   <div class='ocr_carea' id='block_1_25' title="bbox 1913 1200 3562 1271">
    <p class='ocr_par' dir='ltr' id='par_1_25' title="bbox 1913 1200 3562 1271">
     <span class='ocr_line' id='line_1_25' title="bbox 1913 1200 3562 1271; baseline 0.001 -16"><span class='ocrx_word' id='word_1_197' title='bbox 1913 1200 2132 1271; x_wconf 87' lang='lat' dir='ltr'><strong>quibus</strong></span> <span class='ocrx_word' id='word_1_198' title='bbox 2158 1200 2428 1255; x_wconf 89' lang='lat' dir='ltr'><strong>ﬁrmatur</strong></span> <span class='ocrx_word' id='word_1_199' title='bbox 2456 1204 2514 1255; x_wconf 89' lang='lat' dir='ltr'><strong>et</strong></span> <span class='ocrx_word' id='word_1_200' title='bbox 2544 1202 2954 1256; x_wconf 87' lang='lat' dir='ltr'><strong>corroboratur</strong></span> <span class='ocrx_word' id='word_1_201' title='bbox 2981 1201 3042 1256; x_wconf 91' lang='lat' dir='ltr'><strong>in</strong></span> <span class='ocrx_word' id='word_1_202' title='bbox 3073 1200 3336 1257; x_wconf 88' lang='lat' dir='ltr'><strong>malum:</strong></span> <span class='ocrx_word' id='word_1_203' title='bbox 3369 1202 3429 1257; x_wconf 89' lang='lat' dir='ltr'><strong>et</strong></span> <span class='ocrx_word' id='word_1_204' title='bbox 3455 1201 3562 1270; x_wconf 85' lang='lat' dir='ltr'><strong>ira,</strong></span> 
     </span>
    </p>
   </div>
   <div class='ocr_carea' id='block_1_26' title="bbox 1913 1288 3568 1361">
    <p class='ocr_par' dir='ltr' id='par_1_26' title="bbox 1913 1288 3568 1361">
     <span class='ocr_line' id='line_1_26' title="bbox 1913 1288 3568 1361; baseline 0.003 -18"><span class='ocrx_word' id='word_1_205' title='bbox 1913 1291 1971 1343; x_wconf 87' lang='lat' dir='ltr'><strong>et</strong></span> <span class='ocrx_word' id='word_1_206' title='bbox 1999 1288 2477 1360; x_wconf 86' lang='lat' dir='ltr'><strong>concupiscentia</strong></span> <span class='ocrx_word' id='word_1_207' title='bbox 2506 1306 2634 1361; x_wconf 58' lang='lat' dir='ltr'><strong>quae</strong></span> <span class='ocrx_word' id='word_1_208' title='bbox 2666 1288 2834 1344; x_wconf 87' lang='lat' dir='ltr'><strong>nobis</strong></span> <span class='ocrx_word' id='word_1_209' title='bbox 2865 1291 3101 1345; x_wconf 88' lang='lat' dir='ltr'><strong>fuerunt</strong></span> <span class='ocrx_word' id='word_1_210' title='bbox 3120 1291 3192 1347; x_wconf 89' lang='lat' dir='ltr'><strong>ad</strong></span> <span class='ocrx_word' id='word_1_211' title='bbox 3215 1290 3400 1348; x_wconf 86' lang='lat' dir='ltr'><strong>bonos</strong></span> <span class='ocrx_word' id='word_1_212' title='bbox 3418 1307 3568 1348; x_wconf 81' lang='lat' dir='ltr'><strong>usus</strong></span> 
     </span>
    </p>
   </div>
   <div class='ocr_carea' id='block_1_27' title="bbox 1914 1376 3562 1452">
    <p class='ocr_par' dir='ltr' id='par_1_27' title="bbox 1914 1376 3562 1452">
     <span class='ocr_line' id='line_1_27' title="bbox 1914 1376 3562 1452; baseline 0.002 -20"><span class='ocrx_word' id='word_1_213' title='bbox 1914 1377 2070 1444; x_wconf 91' lang='lat' dir='ltr'><strong>data,</strong></span> <span class='ocrx_word' id='word_1_214' title='bbox 2106 1376 2331 1433; x_wconf 90' lang='lat' dir='ltr'><strong>scilicet</strong></span> <span class='ocrx_word' id='word_1_215' title='bbox 2359 1381 2425 1431; x_wconf 93' lang='lat' dir='ltr'><strong>ut</strong></span> <span class='ocrx_word' id='word_1_216' title='bbox 2454 1377 2784 1432; x_wconf 89' lang='lat' dir='ltr'><strong>irascamur</strong></span> <span class='ocrx_word' id='word_1_217' title='bbox 2811 1378 3005 1448; x_wconf 90' lang='lat' dir='ltr'><strong>malis,</strong></span> <span class='ocrx_word' id='word_1_218' title='bbox 3041 1380 3196 1435; x_wconf 89' lang='lat' dir='ltr'><strong>bona</strong></span> <span class='ocrx_word' id='word_1_219' title='bbox 3231 1379 3562 1452; x_wconf 88' lang='lat' dir='ltr'><strong>cupiamus.</strong></span> 
     </span>
    </p>
   </div>
   <div class='ocr_carea' id='block_1_28' title="bbox 1913 1465 3568 1539">
    <p class='ocr_par' dir='ltr' id='par_1_28' title="bbox 1913 1465 3568 1539">
     <span class='ocr_line' id='line_1_28' title="bbox 1913 1465 3568 1539; baseline 0.002 -19"><span class='ocrx_word' id='word_1_220' title='bbox 1913 1467 2071 1531; x_wconf 88' lang='lat' dir='ltr'><strong>Quos</strong></span> <span class='ocrx_word' id='word_1_221' title='bbox 2125 1470 2320 1521; x_wconf 86' lang='lat' dir='ltr'><strong>vectes</strong></span> <span class='ocrx_word' id='word_1_222' title='bbox 2355 1487 2383 1515; x_wconf 85' lang='lat'><strong>«</strong></span> <span class='ocrx_word' id='word_1_223' title='bbox 2415 1465 2699 1539; x_wconf 84' lang='lat' dir='ltr'><strong>confregit</strong></span> <span class='ocrx_word' id='word_1_224' title='bbox 2746 1488 2773 1514; x_wconf 82' lang='lat'>»</span> <span class='ocrx_word' id='word_1_225' title='bbox 2820 1466 3125 1533; x_wconf 89' lang='lat' dir='ltr'><strong>Dominus,</strong></span> <span class='ocrx_word' id='word_1_226' title='bbox 3177 1466 3319 1539; x_wconf 89' lang='lat' dir='ltr'><strong>quia</strong></span> <span class='ocrx_word' id='word_1_227' title='bbox 3365 1467 3568 1524; x_wconf 85' lang='lat' dir='ltr'><strong>ﬁdeles</strong></span> 
     </span>
    </p>
   </div>
   <div class='ocr_carea' id='block_1_29' title="bbox 1915 1554 3571 1630">
    <p class='ocr_par' dir='ltr' id='par_1_29' title="bbox 1915 1554 3571 1630">
     <span class='ocr_line' id='line_1_29' title="bbox 1915 1554 3571 1630; baseline 0.001 -21"><span class='ocrx_word' id='word_1_228' title='bbox 1915 1572 2055 1609; x_wconf 90' lang='lat' dir='ltr'><strong>suos</strong></span> <span class='ocrx_word' id='word_1_229' title='bbox 2105 1555 2284 1610; x_wconf 87' lang='lat' dir='ltr'><strong>fortes</strong></span> <span class='ocrx_word' id='word_1_230' title='bbox 2333 1554 2487 1622; x_wconf 85' lang='lat' dir='ltr'><strong>fecit,</strong></span> <span class='ocrx_word' id='word_1_231' title='bbox 2523 1559 2588 1610; x_wconf 92' lang='lat' dir='ltr'><strong>ut</strong></span> <span class='ocrx_word' id='word_1_232' title='bbox 2626 1561 2867 1627; x_wconf 88' lang='lat' dir='ltr'><strong>possent</strong></span> <span class='ocrx_word' id='word_1_233' title='bbox 2922 1573 3200 1628; x_wconf 87' lang='lat' dir='ltr'><strong>superare</strong></span> <span class='ocrx_word' id='word_1_234' title='bbox 3244 1555 3571 1630; x_wconf 84' lang='lat' dir='ltr'><strong>quamlibet</strong></span> 
     </span>
    </p>
   </div>
   <div class='ocr_carea' id='block_1_30' title="bbox 1912 1642 2564 1699">
    <p class='ocr_par' dir='ltr' id='par_1_30' title="bbox 1912 1642 2564 1699">
     <span class='ocr_line' id='line_1_30' title="bbox 1912 1642 2564 1699; baseline 0.003 -2"><span class='ocrx_word' id='word_1_235' title='bbox 1912 1642 2295 1699; x_wconf 88' lang='lat' dir='ltr'><strong>tentationem</strong></span> <span class='ocrx_word' id='word_1_236' title='bbox 2327 1643 2564 1699; x_wconf 91' lang='lat' dir='ltr'><strong>diaboli.</strong></span> 
     </span>
    </p>
   </div>
   <div class='ocr_carea' id='block_1_31' title="bbox 1985 1731 3570 1803">
    <p class='ocr_par' dir='ltr' id='par_1_31' title="bbox 1985 1731 3570 1803">
     <span class='ocr_line' id='line_1_31' title="bbox 1985 1731 3570 1803; baseline 0.003 -18"><span class='ocrx_word' id='word_1_237' title='bbox 1985 1731 2175 1787; x_wconf 90' lang='lat' dir='ltr'><strong>Portis</strong></span> <span class='ocrx_word' id='word_1_238' title='bbox 2205 1732 2541 1803; x_wconf 86' lang='lat' dir='ltr'><strong>confractis,</strong></span> <span class='ocrx_word' id='word_1_239' title='bbox 2573 1736 2631 1787; x_wconf 90' lang='lat' dir='ltr'><strong>et</strong></span> <span class='ocrx_word' id='word_1_240' title='bbox 2658 1734 2921 1789; x_wconf 88' lang='lat' dir='ltr'><strong>vectibus</strong></span> <span class='ocrx_word' id='word_1_241' title='bbox 2953 1734 3289 1801; x_wconf 86' lang='lat' dir='ltr'><strong>destructis,</strong></span> <span class='ocrx_word' id='word_1_242' title='bbox 3313 1755 3343 1784; x_wconf 86' lang='grc'><strong>‹‹</strong></span> <span class='ocrx_word' id='word_1_243' title='bbox 3376 1750 3570 1790; x_wconf 84' lang='lat' dir='ltr'><strong>susce-</strong></span> 
     </span>
    </p>
   </div>
   <div class='ocr_carea' id='block_1_32' title="bbox 1915 1819 3566 1893">
    <p class='ocr_par' dir='ltr' id='par_1_32' title="bbox 1915 1819 3566 1893">
     <span class='ocr_line' id='line_1_32' title="bbox 1915 1819 3566 1893; baseline 0.002 -20"><span class='ocrx_word' id='word_1_244' title='bbox 1915 1819 2002 1892; x_wconf 89' lang='lat' dir='ltr'><strong>pit</strong></span> <span class='ocrx_word' id='word_1_245' title='bbox 2029 1836 2129 1875; x_wconf 91' lang='lat' dir='ltr'><strong>eos</strong></span> <span class='ocrx_word' id='word_1_246' title='bbox 2163 1842 2191 1869; x_wconf 83' lang='lat'><strong>»</strong></span> <span class='ocrx_word' id='word_1_247' title='bbox 2222 1820 2509 1875; x_wconf 89' lang='lat' dir='ltr'><strong>Dominus</strong></span> <span class='ocrx_word' id='word_1_248' title='bbox 2535 1821 2607 1875; x_wconf 88' lang='lat' dir='ltr'><strong>ad</strong></span> <span class='ocrx_word' id='word_1_249' title='bbox 2651 1821 2948 1890; x_wconf 87' lang='lat' dir='ltr'><strong>justitiam</strong></span> <span class='ocrx_word' id='word_1_250' title='bbox 2981 1822 3052 1876; x_wconf 91' lang='lat' dir='ltr'><strong>de</strong></span> <span class='ocrx_word' id='word_1_251' title='bbox 3079 1823 3175 1877; x_wconf 86' lang='lat' dir='ltr'><strong>via</strong></span> <span class='ocrx_word' id='word_1_252' title='bbox 3216 1821 3566 1893; x_wconf 85' lang='lat' dir='ltr'><strong>iniquitatis,</strong></span> 
     </span>
    </p>
   </div>
   <div class='ocr_carea' id='block_1_33' title="bbox 154 1903 3565 2009">
    <p class='ocr_par' dir='ltr' id='par_1_33' title="bbox 154 1903 3565 2009">
     <span class='ocr_line' id='line_1_33' title="bbox 154 1903 3565 2009; baseline -0.002 -37"><span class='ocrx_word' id='word_1_253' title='bbox 154 1913 443 1971; x_wconf 87' lang='lat' dir='ltr'><strong>naturalis</strong></span> <span class='ocrx_word' id='word_1_254' title='bbox 475 1910 776 1968; x_wconf 88' lang='lat' dir='ltr'><strong>indicabat</strong></span> <span class='ocrx_word' id='word_1_255' title='bbox 814 1907 898 1964; x_wconf 90' lang='lat' dir='ltr'><strong>eis</strong></span> <span class='ocrx_word' id='word_1_256' title='bbox 946 1908 1057 1963; x_wconf 90' lang='lat' dir='ltr'><strong>hoc</strong></span> <span class='ocrx_word' id='word_1_257' title='bbox 1107 1922 1223 1960; x_wconf 93' lang='lat' dir='ltr'><strong>non</strong></span> <span class='ocrx_word' id='word_1_258' title='bbox 1271 1921 1402 2009; x_wconf 72' lang='lat' dir='ltr'><strong>esse</strong></span> <span class='ocrx_word' id='word_1_259' title='bbox 1448 1903 1802 2002; x_wconf 79' lang='lat' dir='ltr'><strong>iaciendum.</strong></span> <span class='ocrx_word' id='word_1_260' title='bbox 1836 1944 1883 2009; x_wconf 82' lang='lat' dir='ltr'><strong>B</strong></span> <span class='ocrx_word' id='word_1_261' title='bbox 1915 1908 1974 1963; x_wconf 85' lang='lat' dir='ltr'>id</span> <span class='ocrx_word' id='word_1_262' title='bbox 2004 1914 2112 1977; x_wconf 84' lang='lat' dir='ltr'><strong>est,</strong></span> <span class='ocrx_word' id='word_1_263' title='bbox 2146 1910 2218 1965; x_wconf 87' lang='lat' dir='ltr'><strong>de</strong></span> <span class='ocrx_word' id='word_1_264' title='bbox 2247 1908 2407 1981; x_wconf 88' lang='lat' dir='ltr'><strong>turpi</strong></span> <span class='ocrx_word' id='word_1_265' title='bbox 2438 1908 2579 1977; x_wconf 86' lang='lat' dir='ltr'><strong>vita,</strong></span> <span class='ocrx_word' id='word_1_266' title='bbox 2611 1926 2788 1981; x_wconf 89' lang='lat' dir='ltr'><strong>quam</strong></span> <span class='ocrx_word' id='word_1_267' title='bbox 2820 1910 2879 1965; x_wconf 90' lang='lat' dir='ltr'><strong>in</strong></span> <span class='ocrx_word' id='word_1_268' title='bbox 2923 1910 3180 1981; x_wconf 88' lang='lat' dir='ltr'><strong>peccatis</strong></span> <span class='ocrx_word' id='word_1_269' title='bbox 3227 1911 3520 1967; x_wconf 88' lang='lat' dir='ltr'><strong>ducebant</strong></span> <span class='ocrx_word' id='word_1_270' title='bbox 3550 1927 3565 1967; x_wconf 90' lang='lat'><strong>:</strong></span> 
     </span>
    </p>
   </div>
   <div class='ocr_carea' id='block_1_34' title="bbox 158 1992 1810 2065">
    <p class='ocr_par' dir='ltr' id='par_1_34' title="bbox 158 1992 1810 2065">
     <span class='ocr_line' id='line_1_34' title="bbox 158 1992 1810 2065; baseline -0.01 -4"><span class='ocrx_word' id='word_1_271' title='bbox 158 2026 186 2055; x_wconf 86' lang='grc'><strong>‹‹</strong></span> <span class='ocrx_word' id='word_1_272' title='bbox 216 2005 286 2061; x_wconf 86' lang='lat' dir='ltr'><strong>Et</strong></span> <span class='ocrx_word' id='word_1_273' title='bbox 315 2002 631 2060; x_wconf 83' lang='lat' dir='ltr'><strong>consilium</strong></span> <span class='ocrx_word' id='word_1_274' title='bbox 656 1997 965 2065; x_wconf 88' lang='lat' dir='ltr'><strong>Altissimi,</strong></span> <span class='ocrx_word' id='word_1_275' title='bbox 994 2018 1022 2044; x_wconf 90' lang='grc'><strong>››</strong></span> <span class='ocrx_word' id='word_1_276' title='bbox 1046 1994 1272 2050; x_wconf 89' lang='lat' dir='ltr'><strong>scilicet</strong></span> <span class='ocrx_word' id='word_1_277' title='bbox 1301 1992 1560 2048; x_wconf 75' lang='lat' dir='ltr'><strong>cmlestia</strong></span> <span class='ocrx_word' id='word_1_278' title='bbox 1578 1996 1810 2064; x_wconf 88' lang='lat' dir='ltr'><strong>appete-</strong></span> 
     </span>
    </p>
   </div>
   <div class='ocr_carea' id='block_1_35' title="bbox 154 2082 1809 2163">
    <p class='ocr_par' dir='ltr' id='par_1_35' title="bbox 154 2082 1809 2163">
     <span class='ocr_line' id='line_1_35' title="bbox 154 2082 1809 2163; baseline -0.011 -12"><span class='ocrx_word' id='word_1_279' title='bbox 154 2094 374 2163; x_wconf 72' lang='lat' dir='ltr'><strong>re,hzec</strong></span> <span class='ocrx_word' id='word_1_280' title='bbox 400 2096 632 2147; x_wconf 90' lang='lat' dir='ltr'><strong>terrena</strong></span> <span class='ocrx_word' id='word_1_281' title='bbox 659 2106 778 2144; x_wconf 90' lang='lat' dir='ltr'><strong>non</strong></span> <span class='ocrx_word' id='word_1_282' title='bbox 809 2082 1281 2151; x_wconf 88' lang='lat' dir='ltr'><strong>curarc,Christo</strong></span> <span class='ocrx_word' id='word_1_283' title='bbox 1302 2086 1502 2137; x_wconf 91' lang='lat' dir='ltr'><strong>nostro</strong></span> <span class='ocrx_word' id='word_1_284' title='bbox 1526 2082 1809 2151; x_wconf 82' lang='lat' dir='ltr'><strong>Redemp-</strong></span> 
     </span>
    </p>
   </div>
   <div class='ocr_carea' id='block_1_36' title="bbox 154 2170 1807 2252">
    <p class='ocr_par' dir='ltr' id='par_1_36' title="bbox 154 2170 1807 2252">
     <span class='ocr_line' id='line_1_36' title="bbox 154 2170 1807 2252; baseline -0.009 -14"><span class='ocrx_word' id='word_1_285' title='bbox 154 2182 266 2239; x_wconf 88' lang='lat' dir='ltr'><strong>tori</strong></span> <span class='ocrx_word' id='word_1_286' title='bbox 297 2181 616 2252; x_wconf 66' lang='lat' dir='ltr'><strong>adhaerere,</strong></span> <span class='ocrx_word' id='word_1_287' title='bbox 650 2201 679 2228; x_wconf 87' lang='grc'><strong>‹‹</strong></span> <span class='ocrx_word' id='word_1_288' title='bbox 705 2176 1101 2239; x_wconf 89' lang='lat' dir='ltr'><strong>irritaverunt,</strong></span> <span class='ocrx_word' id='word_1_289' title='bbox 1129 2195 1156 2221; x_wconf 85' lang='grc'><strong>››</strong></span> <span class='ocrx_word' id='word_1_290' title='bbox 1180 2172 1238 2226; x_wconf 91' lang='lat' dir='ltr'><strong>id</strong></span> <span class='ocrx_word' id='word_1_291' title='bbox 1271 2177 1378 2238; x_wconf 87' lang='lat' dir='ltr'><strong>est,</strong></span> <span class='ocrx_word' id='word_1_292' title='bbox 1413 2174 1701 2242; x_wconf 90' lang='lat' dir='ltr'><strong>quantum</strong></span> <span class='ocrx_word' id='word_1_293' title='bbox 1735 2170 1807 2224; x_wconf 87' lang='lat' dir='ltr'><strong>ad</strong></span> 
     </span>
    </p>
   </div>
   <div class='ocr_carea' id='block_1_37' title="bbox 154 2259 1811 2334">
    <p class='ocr_par' dir='ltr' id='par_1_37' title="bbox 154 2259 1811 2334">
     <span class='ocr_line' id='line_1_37' title="bbox 154 2259 1811 2334; baseline -0.009 -5"><span class='ocrx_word' id='word_1_294' title='bbox 154 2289 217 2329; x_wconf 90' lang='lat' dir='ltr'><strong>se</strong></span> <span class='ocrx_word' id='word_1_295' title='bbox 246 2288 465 2328; x_wconf 90' lang='lat' dir='ltr'><strong>vanum</strong></span> <span class='ocrx_word' id='word_1_296' title='bbox 498 2269 778 2334; x_wconf 88' lang='lat' dir='ltr'><strong>fecerunt,</strong></span> <span class='ocrx_word' id='word_1_297' title='bbox 804 2282 939 2321; x_wconf 90' lang='lat' dir='ltr'><strong>cum</strong></span> <span class='ocrx_word' id='word_1_298' title='bbox 968 2264 1027 2318; x_wconf 91' lang='lat' dir='ltr'><strong>in</strong></span> <span class='ocrx_word' id='word_1_299' title='bbox 1059 2261 1240 2318; x_wconf 89' lang='lat' dir='ltr'><strong>nullis</strong></span> <span class='ocrx_word' id='word_1_300' title='bbox 1270 2261 1501 2316; x_wconf 85' lang='lat' dir='ltr'><strong>Christo</strong></span> <span class='ocrx_word' id='word_1_301' title='bbox 1525 2259 1811 2315; x_wconf 86' lang='lat' dir='ltr'><strong>assentire</strong></span> 
     </span>
    </p>
   </div>
   <div class='ocr_carea' id='block_1_38' title="bbox 152 2347 1810 2428">
    <p class='ocr_par' dir='ltr' id='par_1_38' title="bbox 152 2347 1810 2428">
     <span class='ocr_line' id='line_1_38' title="bbox 152 2347 1810 2428; baseline -0.01 -10"><span class='ocrx_word' id='word_1_302' title='bbox 152 2361 489 2425; x_wconf 91' lang='lat' dir='ltr'><strong>voluerunt,</strong></span> <span class='ocrx_word' id='word_1_303' title='bbox 521 2374 628 2413; x_wconf 91' lang='lat' dir='ltr'><strong>nec</strong></span> <span class='ocrx_word' id='word_1_304' title='bbox 658 2357 855 2428; x_wconf 89' lang='lat' dir='ltr'><strong>ipsum</strong></span> <span class='ocrx_word' id='word_1_305' title='bbox 898 2369 1025 2408; x_wconf 89' lang='lat' dir='ltr'><strong>esse</strong></span> <span class='ocrx_word' id='word_1_306' title='bbox 1060 2352 1505 2422; x_wconf 80' lang='lat' dir='ltr'><strong>Redemptorem</strong></span> <span class='ocrx_word' id='word_1_307' title='bbox 1547 2347 1810 2403; x_wconf 85' lang='lat' dir='ltr'><strong>credide-</strong></span> 
     </span>
    </p>
   </div>
   <div class='ocr_carea' id='block_1_39' title="bbox 155 2437 1807 2520">
    <p class='ocr_par' dir='ltr' id='par_1_39' title="bbox 155 2437 1807 2520">
     <span class='ocr_line' id='line_1_39' title="bbox 155 2437 1807 2520; baseline -0.01 -13"><span class='ocrx_word' id='word_1_308' title='bbox 155 2456 297 2507; x_wconf 89' lang='lat' dir='ltr'><strong>runt</strong></span> <span class='ocrx_word' id='word_1_309' title='bbox 325 2466 339 2505; x_wconf 90' lang='lat'>:</span> <span class='ocrx_word' id='word_1_310' title='bbox 374 2448 463 2504; x_wconf 91' lang='lat' dir='ltr'><strong>vel</strong></span> <span class='ocrx_word' id='word_1_311' title='bbox 493 2450 835 2520; x_wconf 89' lang='lat' dir='ltr'><strong>spernentes</strong></span> <span class='ocrx_word' id='word_1_312' title='bbox 865 2440 1179 2499; x_wconf 90' lang='lat' dir='ltr'><strong>consilium</strong></span> <span class='ocrx_word' id='word_1_313' title='bbox 1220 2437 1532 2503; x_wconf 87' lang='lat' dir='ltr'><strong>Altissimi,</strong></span> <span class='ocrx_word' id='word_1_314' title='bbox 1567 2442 1632 2491; x_wconf 89' lang='lat' dir='ltr'><strong>ut</strong></span> <span class='ocrx_word' id='word_1_315' title='bbox 1661 2454 1807 2508; x_wconf 65' lang='lat' dir='ltr'><strong>prae-</strong></span> 
     </span>
    </p>
   </div>
   <div class='ocr_carea' id='block_1_40' title="bbox 154 2524 1810 2605">
    <p class='ocr_par' dir='ltr' id='par_1_40' title="bbox 154 2524 1810 2605">
     <span class='ocr_line' id='line_1_40' title="bbox 154 2524 1810 2605; baseline -0.01 -10"><span class='ocrx_word' id='word_1_316' title='bbox 154 2540 383 2596; x_wconf 91' lang='lat' dir='ltr'><strong>dictum</strong></span> <span class='ocrx_word' id='word_1_317' title='bbox 441 2541 551 2605; x_wconf 90' lang='lat' dir='ltr'><strong>est,</strong></span> <span class='ocrx_word' id='word_1_318' title='bbox 604 2534 998 2600; x_wconf 86' lang='lat' dir='ltr'><strong>irritaverunt,</strong></span> <span class='ocrx_word' id='word_1_319' title='bbox 1050 2530 1108 2585; x_wconf 92' lang='lat' dir='ltr'><strong>id</strong></span> <span class='ocrx_word' id='word_1_320' title='bbox 1168 2533 1277 2597; x_wconf 87' lang='lat' dir='ltr'><strong>est,</strong></span> <span class='ocrx_word' id='word_1_321' title='bbox 1311 2528 1384 2584; x_wconf 90' lang='lat' dir='ltr'><strong>ad</strong></span> <span class='ocrx_word' id='word_1_322' title='bbox 1444 2524 1810 2581; x_wconf 86' lang='lat' dir='ltr'><strong>iracundiam</strong></span> 
     </span>
    </p>
   </div>
   <div class='ocr_carea' id='block_1_41' title="bbox 155 2626 855 2700">
    <p class='ocr_par' dir='ltr' id='par_1_41' title="bbox 155 2626 855 2700">
     <span class='ocr_line' id='line_1_41' title="bbox 155 2626 855 2700; baseline -0.013 -15"><span class='ocrx_word' id='word_1_323' title='bbox 155 2629 344 2685; x_wconf 91' lang='lat' dir='ltr'><strong>Deum</strong></span> <span class='ocrx_word' id='word_1_324' title='bbox 377 2626 855 2700; x_wconf 88' lang='lat' dir='ltr'><strong>provocaverunt.</strong></span> 
     </span>
    </p>
   </div>
   <div class='ocr_carea' id='block_1_42' title="bbox 229 2707 1809 2785">
    <p class='ocr_par' dir='ltr' id='par_1_42' title="bbox 229 2707 1809 2785">
     <span class='ocr_line' id='line_1_42' title="bbox 229 2707 1809 2785; baseline -0.012 -14"><span class='ocrx_word' id='word_1_325' title='bbox 229 2738 257 2765; x_wconf 89' lang='grc'><strong>‹‹</strong></span> <span class='ocrx_word' id='word_1_326' title='bbox 292 2715 366 2771; x_wconf 87' lang='lat' dir='ltr'><strong>Et</strong></span> <span class='ocrx_word' id='word_1_327' title='bbox 399 2736 427 2763; x_wconf 88' lang='grc'>››</span> <span class='ocrx_word' id='word_1_328' title='bbox 460 2711 600 2785; x_wconf 89' lang='lat' dir='ltr'><strong>quia</strong></span> <span class='ocrx_word' id='word_1_329' title='bbox 629 2711 713 2766; x_wconf 85' lang='lat' dir='ltr'><strong>sic</strong></span> <span class='ocrx_word' id='word_1_330' title='bbox 742 2708 1140 2773; x_wconf 87' lang='lat' dir='ltr'><strong>irritaverunt,</strong></span> <span class='ocrx_word' id='word_1_331' title='bbox 1174 2707 1305 2761; x_wconf 91' lang='lat' dir='ltr'><strong>ideo</strong></span> <span class='ocrx_word' id='word_1_332' title='bbox 1328 2729 1355 2755; x_wconf 85' lang='grc'><strong>‹‹</strong></span> <span class='ocrx_word' id='word_1_333' title='bbox 1392 2723 1492 2761; x_wconf 91' lang='lat' dir='ltr'><strong>cor</strong></span> <span class='ocrx_word' id='word_1_334' title='bbox 1520 2721 1745 2771; x_wconf 85' lang='lat' dir='ltr'><strong>eorum,</strong></span> <span class='ocrx_word' id='word_1_335' title='bbox 1782 2726 1809 2752; x_wconf 84' lang='grc'><strong>››</strong></span> 
     </span>
    </p>
   </div>
   <div class='ocr_carea' id='block_1_43' title="bbox 156 2792 1814 2869">
    <p class='ocr_par' dir='ltr' id='par_1_43' title="bbox 156 2792 1814 2869">
     <span class='ocr_line' id='line_1_43' title="bbox 156 2792 1814 2869; baseline -0.008 -9"><span class='ocrx_word' id='word_1_336' title='bbox 156 2804 215 2859; x_wconf 89' lang='lat' dir='ltr'><strong>id</strong></span> <span class='ocrx_word' id='word_1_337' title='bbox 231 2808 344 2869; x_wconf 88' lang='lat' dir='ltr'><strong>est,</strong></span> <span class='ocrx_word' id='word_1_338' title='bbox 361 2802 563 2858; x_wconf 89' lang='lat' dir='ltr'><strong>anima</strong></span> <span class='ocrx_word' id='word_1_339' title='bbox 582 2817 840 2865; x_wconf 80' lang='lat' dir='ltr'><strong>eorum,«</strong></span> <span class='ocrx_word' id='word_1_340' title='bbox 856 2802 946 2853; x_wconf 92' lang='lat' dir='ltr'><strong>est</strong></span> <span class='ocrx_word' id='word_1_341' title='bbox 965 2795 1349 2852; x_wconf 90' lang='lat' dir='ltr'><strong>humiliatum</strong></span> <span class='ocrx_word' id='word_1_342' title='bbox 1372 2794 1430 2848; x_wconf 90' lang='lat' dir='ltr'><strong>in</strong></span> <span class='ocrx_word' id='word_1_343' title='bbox 1453 2792 1814 2859; x_wconf 80' lang='lat' dir='ltr'><strong>laboribus,»</strong></span> 
     </span>
    </p>
   </div>
   <div class='ocr_carea' id='block_1_44' title="bbox 157 2884 1816 2959">
    <p class='ocr_par' dir='ltr' id='par_1_44' title="bbox 157 2884 1816 2959">
     <span class='ocr_line' id='line_1_44' title="bbox 157 2884 1816 2959; baseline -0.007 -12"><span class='ocrx_word' id='word_1_344' title='bbox 157 2893 215 2949; x_wconf 92' lang='lat' dir='ltr'>id</span> <span class='ocrx_word' id='word_1_345' title='bbox 251 2897 365 2959; x_wconf 89' lang='lat' dir='ltr'><strong>est,</strong></span> <span class='ocrx_word' id='word_1_346' title='bbox 392 2891 451 2944; x_wconf 89' lang='lat' dir='ltr'><strong>in</strong></span> <span class='ocrx_word' id='word_1_347' title='bbox 474 2887 782 2945; x_wconf 86' lang='lat' dir='ltr'><strong>conatibus</strong></span> <span class='ocrx_word' id='word_1_348' title='bbox 813 2885 939 2941; x_wconf 87' lang='lat' dir='ltr'><strong>suis</strong></span> <span class='ocrx_word' id='word_1_349' title='bbox 964 2901 977 2939; x_wconf 87' lang='lat'>:</span> <span class='ocrx_word' id='word_1_350' title='bbox 1004 2884 1144 2955; x_wconf 91' lang='lat' dir='ltr'><strong>quia</strong></span> <span class='ocrx_word' id='word_1_351' title='bbox 1164 2886 1693 2955; x_wconf 88' lang='lat' dir='ltr'><strong>quantumcunque</strong></span> <span class='ocrx_word' id='word_1_352' title='bbox 1715 2898 1816 2936; x_wconf 89' lang='lat' dir='ltr'><strong>co-</strong></span> 
     </span>
    </p>
   </div>
   <div class='ocr_carea' id='block_1_45' title="bbox 158 2969 1816 3043">
    <p class='ocr_par' dir='ltr' id='par_1_45' title="bbox 158 2969 1816 3043">
     <span class='ocr_line' id='line_1_45' title="bbox 158 2969 1816 3043; baseline -0.008 -5"><span class='ocrx_word' id='word_1_353' title='bbox 158 2985 472 3043; x_wconf 87' lang='lat' dir='ltr'><strong>narentur,</strong></span> <span class='ocrx_word' id='word_1_354' title='bbox 511 2982 569 3032; x_wconf 91' lang='lat' dir='ltr'><strong>et</strong></span> <span class='ocrx_word' id='word_1_355' title='bbox 608 2976 943 3031; x_wconf 87' lang='lat' dir='ltr'><strong>laborarent</strong></span> <span class='ocrx_word' id='word_1_356' title='bbox 991 2989 1095 3043; x_wconf 90' lang='lat' dir='ltr'><strong>per</strong></span> <span class='ocrx_word' id='word_1_357' title='bbox 1141 2989 1203 3027; x_wconf 90' lang='lat' dir='ltr'><strong>se</strong></span> <span class='ocrx_word' id='word_1_358' title='bbox 1252 2972 1325 3026; x_wconf 89' lang='lat' dir='ltr'><strong>ad</strong></span> <span class='ocrx_word' id='word_1_359' title='bbox 1375 2969 1816 3041; x_wconf 84' lang='lat' dir='ltr'><strong>inquisitionem</strong></span> 
     </span>
    </p>
   </div>
   <div class='ocr_carea' id='block_1_46' title="bbox 154 3057 1819 3132">
    <p class='ocr_par' dir='ltr' id='par_1_46' title="bbox 154 3057 1819 3132">
     <span class='ocr_line' id='line_1_46' title="bbox 154 3057 1819 3132; baseline -0.009 -4"><span class='ocrx_word' id='word_1_360' title='bbox 154 3066 551 3128; x_wconf 88' lang='lat' dir='ltr'><strong>beatitudinis</strong></span> <span class='ocrx_word' id='word_1_361' title='bbox 580 3063 795 3132; x_wconf 88' lang='lat' dir='ltr'><strong>venire,</strong></span> <span class='ocrx_word' id='word_1_362' title='bbox 820 3067 1016 3117; x_wconf 90' lang='lat' dir='ltr'><strong>tamen</strong></span> <span class='ocrx_word' id='word_1_363' title='bbox 1040 3078 1139 3116; x_wconf 90' lang='lat' dir='ltr'><strong>cor</strong></span> <span class='ocrx_word' id='word_1_364' title='bbox 1159 3064 1248 3115; x_wconf 90' lang='lat' dir='ltr'><strong>est</strong></span> <span class='ocrx_word' id='word_1_365' title='bbox 1269 3057 1819 3129; x_wconf 87' lang='lat' dir='ltr'><strong>humiliatum,quia</strong></span> 
     </span>
    </p>
   </div>
   <div class='ocr_carea' id='block_1_47' title="bbox 156 3146 1815 3218">
    <p class='ocr_par' dir='ltr' id='par_1_47' title="bbox 156 3146 1815 3218">
     <span class='ocr_line' id='line_1_47' title="bbox 156 3146 1815 3218; baseline -0.01 -2"><span class='ocrx_word' id='word_1_366' title='bbox 156 3157 526 3216; x_wconf 85' lang='lat' dir='ltr'><strong>defecerunt.</strong></span> <span class='ocrx_word' id='word_1_367' title='bbox 559 3151 687 3218; x_wconf 90' lang='lat' dir='ltr'><strong>Vel,</strong></span> <span class='ocrx_word' id='word_1_368' title='bbox 710 3168 808 3206; x_wconf 90' lang='lat' dir='ltr'><strong>cor</strong></span> <span class='ocrx_word' id='word_1_369' title='bbox 838 3154 926 3205; x_wconf 87' lang='lat' dir='ltr'><strong>est</strong></span> <span class='ocrx_word' id='word_1_370' title='bbox 956 3148 1333 3203; x_wconf 90' lang='lat' dir='ltr'><strong>humiliatum</strong></span> <span class='ocrx_word' id='word_1_371' title='bbox 1360 3151 1419 3202; x_wconf 90' lang='lat' dir='ltr'><strong>et</strong></span> <span class='ocrx_word' id='word_1_372' title='bbox 1447 3146 1733 3202; x_wconf 84' lang='lat' dir='ltr'><strong>afﬂictum</strong></span> <span class='ocrx_word' id='word_1_373' title='bbox 1756 3146 1815 3200; x_wconf 91' lang='lat' dir='ltr'><strong>in</strong></span> 
     </span>
    </p>
   </div>
   <div class='ocr_carea' id='block_1_48' title="bbox 154 3234 1819 3309">
    <p class='ocr_par' dir='ltr' id='par_1_48' title="bbox 154 3234 1819 3309">
     <span class='ocr_line' id='line_1_48' title="bbox 154 3234 1819 3309; baseline -0.01 -5"><span class='ocrx_word' id='word_1_374' title='bbox 154 3246 492 3309; x_wconf 85' lang='lat' dir='ltr'><strong>laboribus,</strong></span> <span class='ocrx_word' id='word_1_375' title='bbox 528 3264 555 3291; x_wconf 85' lang='lat'><strong>»</strong></span> <span class='ocrx_word' id='word_1_376' title='bbox 586 3241 645 3297; x_wconf 90' lang='lat' dir='ltr'><strong>id</strong></span> <span class='ocrx_word' id='word_1_377' title='bbox 678 3244 792 3305; x_wconf 87' lang='lat' dir='ltr'><strong>est,</strong></span> <span class='ocrx_word' id='word_1_378' title='bbox 826 3237 1031 3293; x_wconf 91' lang='lat' dir='ltr'><strong>multis</strong></span> <span class='ocrx_word' id='word_1_379' title='bbox 1065 3236 1343 3303; x_wconf 90' lang='lat' dir='ltr'><strong>miseriis,</strong></span> <span class='ocrx_word' id='word_1_380' title='bbox 1369 3252 1516 3307; x_wconf 91' lang='lat' dir='ltr'><strong>quas</strong></span> <span class='ocrx_word' id='word_1_381' title='bbox 1537 3235 1693 3289; x_wconf 89' lang='lat' dir='ltr'><strong>Deus</strong></span> <span class='ocrx_word' id='word_1_382' title='bbox 1714 3234 1819 3288; x_wconf 88' lang='lat' dir='ltr'><strong>im-</strong></span> 
     </span>
    </p>
   </div>
   <div class='ocr_carea' id='block_1_49' title="bbox 157 3314 1892 3392">
    <p class='ocr_par' dir='ltr' id='par_1_49' title="bbox 157 3314 1892 3392">
     <span class='ocr_line' id='line_1_49' title="bbox 157 3314 1892 3392; baseline -0.007 0"><span class='ocrx_word' id='word_1_383' title='bbox 157 3336 349 3392; x_wconf 85' lang='lat' dir='ltr'><strong>mittit</strong></span> <span class='ocrx_word' id='word_1_384' title='bbox 399 3333 471 3388; x_wconf 91' lang='lat' dir='ltr'><strong>ad</strong></span> <span class='ocrx_word' id='word_1_385' title='bbox 524 3329 942 3386; x_wconf 89' lang='lat' dir='ltr'><strong>correctionem</strong></span> <span class='ocrx_word' id='word_1_386' title='bbox 995 3326 1335 3382; x_wconf 88' lang='lat' dir='ltr'><strong>electorum.</strong></span> <span class='ocrx_word' id='word_1_387' title='bbox 1371 3348 1400 3374; x_wconf 82' lang='lat'><strong><em>«</em></strong></span> <span class='ocrx_word' id='word_1_388' title='bbox 1433 3326 1503 3379; x_wconf 88' lang='lat' dir='ltr'><strong>Et</strong></span> <span class='ocrx_word' id='word_1_389' title='bbox 1532 3323 1811 3379; x_wconf 89' lang='lat' dir='ltr'><strong>inﬁrmati</strong></span> <span class='ocrx_word' id='word_1_390' title='bbox 1848 3314 1892 3380; x_wconf 75' lang='grc' dir='ltr'>Ο</span> 
     </span>
    </p>
   </div>
   <div class='ocr_carea' id='block_1_50' title="bbox 159 3412 1816 3493">
    <p class='ocr_par' dir='ltr' id='par_1_50' title="bbox 159 3412 1816 3493">
     <span class='ocr_line' id='line_1_50' title="bbox 159 3412 1816 3493; baseline -0.004 -21"><span class='ocrx_word' id='word_1_391' title='bbox 159 3428 326 3492; x_wconf 71' lang='lat' dir='ltr'><strong>sunt,</strong></span> <span class='ocrx_word' id='word_1_392' title='bbox 355 3444 385 3471; x_wconf 84' lang='grc'><strong>››</strong></span> <span class='ocrx_word' id='word_1_393' title='bbox 406 3438 440 3476; x_wconf 91' lang='lat' dir='ltr'><strong>a</strong></span> <span class='ocrx_word' id='word_1_394' title='bbox 455 3417 931 3493; x_wconf 63' lang='lat' dir='ltr'><strong>praesumptione,</strong></span> <span class='ocrx_word' id='word_1_395' title='bbox 956 3416 1013 3470; x_wconf 89' lang='lat' dir='ltr'><strong>id</strong></span> <span class='ocrx_word' id='word_1_396' title='bbox 1033 3420 1141 3483; x_wconf 90' lang='lat' dir='ltr'><strong>est,</strong></span> <span class='ocrx_word' id='word_1_397' title='bbox 1166 3417 1563 3485; x_wconf 84' lang='lat' dir='ltr'><strong>cognoverunt</strong></span> <span class='ocrx_word' id='word_1_398' title='bbox 1584 3429 1646 3467; x_wconf 88' lang='lat' dir='ltr'><strong>se</strong></span> <span class='ocrx_word' id='word_1_399' title='bbox 1668 3412 1816 3467; x_wconf 89' lang='lat' dir='ltr'><strong>nihil</strong></span> 
     </span>
    </p>
   </div>
   <div class='ocr_carea' id='block_1_51' title="bbox 158 3502 1816 3588">
    <p class='ocr_par' dir='ltr' id='par_1_51' title="bbox 158 3502 1816 3588">
     <span class='ocr_line' id='line_1_51' title="bbox 158 3502 1816 3588; baseline -0.01 -18"><span class='ocrx_word' id='word_1_400' title='bbox 158 3529 337 3588; x_wconf 90' lang='lat' dir='ltr'><strong>posse</strong></span> <span class='ocrx_word' id='word_1_401' title='bbox 371 3526 475 3583; x_wconf 91' lang='lat' dir='ltr'><strong>per</strong></span> <span class='ocrx_word' id='word_1_402' title='bbox 503 3526 585 3576; x_wconf 89' lang='lat' dir='ltr'><strong>se,</strong></span> <span class='ocrx_word' id='word_1_403' title='bbox 608 3530 636 3557; x_wconf 85' lang='lat'><strong>«</strong></span> <span class='ocrx_word' id='word_1_404' title='bbox 664 3523 769 3562; x_wconf 90' lang='lat' dir='ltr'><strong>nec</strong></span> <span class='ocrx_word' id='word_1_405' title='bbox 790 3506 902 3561; x_wconf 88' lang='lat' dir='ltr'><strong>luit</strong></span> <span class='ocrx_word' id='word_1_406' title='bbox 925 3528 951 3554; x_wconf 88' lang='grc'><strong>››</strong></span> <span class='ocrx_word' id='word_1_407' title='bbox 976 3505 1128 3559; x_wconf 88' lang='lat' dir='ltr'><strong>inter</strong></span> <span class='ocrx_word' id='word_1_408' title='bbox 1158 3520 1257 3558; x_wconf 90' lang='lat' dir='ltr'><strong>cos</strong></span> <span class='ocrx_word' id='word_1_409' title='bbox 1279 3526 1306 3552; x_wconf 83' lang='lat'><strong>«</strong></span> <span class='ocrx_word' id='word_1_410' title='bbox 1332 3502 1433 3573; x_wconf 89' lang='lat' dir='ltr'><strong>qui</strong></span> <span class='ocrx_word' id='word_1_411' title='bbox 1454 3502 1547 3571; x_wconf 88' lang='lat' dir='ltr'><strong>adj</strong></span> <span class='ocrx_word' id='word_1_412' title='bbox 1560 3506 1816 3567; x_wconf 84' lang='lat' dir='ltr'><strong>uvaret,»</strong></span> 
     </span>
    </p>
   </div>
   <div class='ocr_carea' id='block_1_52' title="bbox 158 3590 1818 3670">
    <p class='ocr_par' dir='ltr' id='par_1_52' title="bbox 158 3590 1818 3670">
     <span class='ocr_line' id='line_1_52' title="bbox 158 3590 1818 3670; baseline -0.008 -12"><span class='ocrx_word' id='word_1_413' title='bbox 158 3604 219 3658; x_wconf 92' lang='lat' dir='ltr'><strong>id</strong></span> <span class='ocrx_word' id='word_1_414' title='bbox 252 3606 366 3668; x_wconf 91' lang='lat' dir='ltr'><strong>est,</strong></span> <span class='ocrx_word' id='word_1_415' title='bbox 401 3598 504 3670; x_wconf 86' lang='lat' dir='ltr'><strong>qui</strong></span> <span class='ocrx_word' id='word_1_416' title='bbox 532 3600 730 3669; x_wconf 90' lang='lat' dir='ltr'><strong>posset</strong></span> <span class='ocrx_word' id='word_1_417' title='bbox 777 3612 876 3650; x_wconf 90' lang='lat' dir='ltr'><strong>eos</strong></span> <span class='ocrx_word' id='word_1_418' title='bbox 914 3593 1163 3649; x_wconf 87' lang='lat' dir='ltr'><strong>liberare</strong></span> <span class='ocrx_word' id='word_1_419' title='bbox 1196 3593 1266 3646; x_wconf 90' lang='lat' dir='ltr'><strong>de</strong></span> <span class='ocrx_word' id='word_1_420' title='bbox 1296 3590 1552 3646; x_wconf 88' lang='lat' dir='ltr'><strong>tenebris</strong></span> <span class='ocrx_word' id='word_1_421' title='bbox 1582 3595 1639 3645; x_wconf 91' lang='lat' dir='ltr'><strong>et</strong></span> <span class='ocrx_word' id='word_1_422' title='bbox 1668 3590 1818 3645; x_wconf 89' lang='lat' dir='ltr'><strong>ferro</strong></span> 
     </span>
    </p>
   </div>
   <div class='ocr_carea' id='block_1_53' title="bbox 159 3678 1823 3763">
    <p class='ocr_par' dir='ltr' id='par_1_53' title="bbox 159 3678 1823 3763">
     <span class='ocr_line' id='line_1_53' title="bbox 159 3678 1823 3763; baseline -0.009 -16"><span class='ocrx_word' id='word_1_423' title='bbox 159 3690 385 3763; x_wconf 87' lang='lat' dir='ltr'><strong>quibus</strong></span> <span class='ocrx_word' id='word_1_424' title='bbox 415 3685 528 3758; x_wconf 88' lang='lat' dir='ltr'><strong>ipsi</strong></span> <span class='ocrx_word' id='word_1_425' title='bbox 560 3685 931 3750; x_wconf 90' lang='lat' dir='ltr'><strong>tenebantur,</strong></span> <span class='ocrx_word' id='word_1_426' title='bbox 956 3681 1095 3753; x_wconf 89' lang='lat' dir='ltr'><strong>quia</strong></span> <span class='ocrx_word' id='word_1_427' title='bbox 1123 3698 1229 3736; x_wconf 91' lang='lat' dir='ltr'><strong>nec</strong></span> <span class='ocrx_word' id='word_1_428' title='bbox 1259 3679 1375 3752; x_wconf 89' lang='lat' dir='ltr'><strong>ipsi</strong></span> <span class='ocrx_word' id='word_1_429' title='bbox 1406 3678 1632 3750; x_wconf 91' lang='lat' dir='ltr'><strong>seipsos</strong></span> <span class='ocrx_word' id='word_1_430' title='bbox 1664 3682 1823 3750; x_wconf 90' lang='lat' dir='ltr'><strong>pote-</strong></span> 
     </span>
    </p>
   </div>
   <div class='ocr_carea' id='block_1_54' title="bbox 160 3773 1131 3849">
    <p class='ocr_par' dir='ltr' id='par_1_54' title="bbox 160 3773 1131 3849">
     <span class='ocr_line' id='line_1_54' title="bbox 160 3773 1131 3849; baseline -0.011 -14"><span class='ocrx_word' id='word_1_431' title='bbox 160 3782 297 3835; x_wconf 88' lang='lat' dir='ltr'><strong>rant</strong></span> <span class='ocrx_word' id='word_1_432' title='bbox 327 3774 625 3849; x_wconf 85' lang='lat' dir='ltr'><strong>expedire,</strong></span> <span class='ocrx_word' id='word_1_433' title='bbox 659 3790 765 3829; x_wconf 91' lang='lat' dir='ltr'><strong>nec</strong></span> <span class='ocrx_word' id='word_1_434' title='bbox 796 3773 877 3827; x_wconf 91' lang='lat' dir='ltr'><strong>dii</strong></span> <span class='ocrx_word' id='word_1_435' title='bbox 907 3787 1131 3826; x_wconf 90' lang='lat' dir='ltr'><strong>eorum.</strong></span> 
     </span>
    </p>
   </div>
   <div class='ocr_carea' id='block_1_55' title="bbox 236 3856 1819 3925">
    <p class='ocr_par' dir='ltr' id='par_1_55' title="bbox 236 3856 1819 3925">
     <span class='ocr_line' id='line_1_55' title="bbox 236 3856 1819 3925; baseline -0.011 -2"><span class='ocrx_word' id='word_1_436' title='bbox 236 3889 265 3918; x_wconf 87' lang='lat'><strong><em>«</em></strong></span> <span class='ocrx_word' id='word_1_437' title='bbox 297 3868 371 3923; x_wconf 89' lang='lat' dir='ltr'><strong>Et</strong></span> <span class='ocrx_word' id='word_1_438' title='bbox 406 3887 436 3914; x_wconf 84' lang='lat'><strong>»</strong></span> <span class='ocrx_word' id='word_1_439' title='bbox 486 3864 596 3918; x_wconf 91' lang='lat' dir='ltr'><strong>hac</strong></span> <span class='ocrx_word' id='word_1_440' title='bbox 644 3860 993 3917; x_wconf 88' lang='lat' dir='ltr'><strong>necessitate</strong></span> <span class='ocrx_word' id='word_1_441' title='bbox 1038 3857 1242 3925; x_wconf 90' lang='lat' dir='ltr'><strong>coacti,</strong></span> <span class='ocrx_word' id='word_1_442' title='bbox 1278 3881 1305 3907; x_wconf 83' lang='lat'>«</span> <span class='ocrx_word' id='word_1_443' title='bbox 1337 3856 1755 3924; x_wconf 88' lang='lat' dir='ltr'><strong>clamaverunt,</strong></span> <span class='ocrx_word' id='word_1_444' title='bbox 1792 3876 1819 3905; x_wconf 81' lang='grc'><strong>››</strong></span> 
     </span>
    </p>
   </div>
   <div class='ocr_carea' id='block_1_56' title="bbox 161 3946 1823 4029">
    <p class='ocr_par' dir='ltr' id='par_1_56' title="bbox 161 3946 1823 4029">
     <span class='ocr_line' id='line_1_56' title="bbox 161 3946 1823 4029; baseline -0.008 -17"><span class='ocrx_word' id='word_1_445' title='bbox 161 3954 443 4029; x_wconf 89' lang='lat' dir='ltr'><strong>inspirati</strong></span> <span class='ocrx_word' id='word_1_446' title='bbox 496 3951 736 4024; x_wconf 90' lang='lat' dir='ltr'><strong>quidem</strong></span> <span class='ocrx_word' id='word_1_447' title='bbox 767 3968 801 4005; x_wconf 92' lang='lat' dir='ltr'><strong>a</strong></span> <span class='ocrx_word' id='word_1_448' title='bbox 831 3949 1099 4017; x_wconf 89' lang='lat' dir='ltr'><strong>Domino,</strong></span> <span class='ocrx_word' id='word_1_449' title='bbox 1139 3971 1159 3996; x_wconf 75' lang='grc' dir='ltr'><strong><em>α</em></strong></span> <span class='ocrx_word' id='word_1_450' title='bbox 1196 3947 1269 4002; x_wconf 89' lang='lat' dir='ltr'><strong>ad</strong></span> <span class='ocrx_word' id='word_1_451' title='bbox 1321 3946 1636 4002; x_wconf 89' lang='lat' dir='ltr'><strong>Dominum</strong></span> <span class='ocrx_word' id='word_1_452' title='bbox 1688 3961 1823 3999; x_wconf 91' lang='lat' dir='ltr'><strong>cum</strong></span> 
     </span>
    </p>
   </div>
   <div class='ocr_carea' id='block_1_57' title="bbox 160 4032 1828 4109">
    <p class='ocr_par' dir='ltr' id='par_1_57' title="bbox 160 4032 1828 4109">
     <span class='ocr_line' id='line_1_57' title="bbox 160 4032 1828 4109; baseline -0.008 -8"><span class='ocrx_word' id='word_1_453' title='bbox 160 4043 618 4109; x_wconf 87' lang='lat' dir='ltr'><strong>tribularentur,</strong></span> <span class='ocrx_word' id='word_1_454' title='bbox 651 4044 708 4095; x_wconf 90' lang='lat' dir='ltr'><strong>et</strong></span> <span class='ocrx_word' id='word_1_455' title='bbox 739 4039 810 4094; x_wconf 90' lang='lat' dir='ltr'><strong>de</strong></span> <span class='ocrx_word' id='word_1_456' title='bbox 840 4035 1292 4094; x_wconf 87' lang='lat' dir='ltr'><strong>necessitatibus</strong></span> <span class='ocrx_word' id='word_1_457' title='bbox 1317 4051 1520 4090; x_wconf 89' lang='lat' dir='ltr'><strong>eorum</strong></span> <span class='ocrx_word' id='word_1_458' title='bbox 1560 4032 1828 4089; x_wconf 89' lang='lat' dir='ltr'><strong>liberavit</strong></span> 
     </span>
    </p>
   </div>
   <div class='ocr_carea' id='block_1_58' title="bbox 164 4121 1826 4193">
    <p class='ocr_par' dir='ltr' id='par_1_58' title="bbox 164 4121 1826 4193">
     <span class='ocr_line' id='line_1_58' title="bbox 164 4121 1826 4193; baseline -0.008 -4"><span class='ocrx_word' id='word_1_459' title='bbox 164 4150 266 4189; x_wconf 91' lang='lat' dir='ltr'><strong>eos</strong></span> <span class='ocrx_word' id='word_1_460' title='bbox 302 4155 324 4181; x_wconf 77' lang='grc' dir='ltr'><strong>ι)</strong></span> <span class='ocrx_word' id='word_1_461' title='bbox 363 4128 765 4193; x_wconf 89' lang='lat' dir='ltr'><strong>mendicitate,</strong></span> <span class='ocrx_word' id='word_1_462' title='bbox 798 4126 1060 4182; x_wconf 89' lang='lat' dir='ltr'><strong>tenebris</strong></span> <span class='ocrx_word' id='word_1_463' title='bbox 1104 4128 1161 4180; x_wconf 81' lang='lat' dir='ltr'><strong>et</strong></span> <span class='ocrx_word' id='word_1_464' title='bbox 1208 4123 1343 4178; x_wconf 90' lang='lat' dir='ltr'><strong>aliis</strong></span> <span class='ocrx_word' id='word_1_465' title='bbox 1389 4121 1563 4177; x_wconf 90' lang='lat' dir='ltr'><strong>malis</strong></span> <span class='ocrx_word' id='word_1_466' title='bbox 1611 4122 1669 4176; x_wconf 92' lang='lat' dir='ltr'><strong>in</strong></span> <span class='ocrx_word' id='word_1_467' title='bbox 1717 4122 1826 4177; x_wconf 88' lang='lat' dir='ltr'><strong>hac</strong></span> 
     </span>
    </p>
   </div>
   <div class='ocr_carea' id='block_1_59' title="bbox 164 4210 1827 4294">
    <p class='ocr_par' dir='ltr' id='par_1_59' title="bbox 164 4210 1827 4294">
     <span class='ocr_line' id='line_1_59' title="bbox 164 4210 1827 4294; baseline -0.011 -16"><span class='ocrx_word' id='word_1_468' title='bbox 164 4225 335 4294; x_wconf 89' lang='lat' dir='ltr'><strong>parte</strong></span> <span class='ocrx_word' id='word_1_469' title='bbox 364 4217 599 4291; x_wconf 88' lang='lat' dir='ltr'><strong>positis,</strong></span> <span class='ocrx_word' id='word_1_470' title='bbox 626 4233 753 4288; x_wconf 84' lang='lat' dir='ltr'><strong>quae</strong></span> <span class='ocrx_word' id='word_1_471' title='bbox 776 4232 879 4287; x_wconf 91' lang='lat' dir='ltr'><strong>per</strong></span> <span class='ocrx_word' id='word_1_472' title='bbox 908 4214 1018 4277; x_wconf 87' lang='lat' dir='ltr'><strong>hoc</strong></span> <span class='ocrx_word' id='word_1_473' title='bbox 1048 4213 1315 4268; x_wconf 88' lang='lat' dir='ltr'><strong>nominat</strong></span> <span class='ocrx_word' id='word_1_474' title='bbox 1338 4234 1366 4262; x_wconf 86' lang='grc'><strong>‹‹</strong></span> <span class='ocrx_word' id='word_1_475' title='bbox 1390 4210 1827 4276; x_wconf 78' lang='lat' dir='ltr'><strong>necessitates,»</strong></span> 
     </span>
    </p>
   </div>
   <div class='ocr_carea' id='block_1_60' title="bbox 164 4298 1830 4382">
    <p class='ocr_par' dir='ltr' id='par_1_60' title="bbox 164 4298 1830 4382">
     <span class='ocr_line' id='line_1_60' title="bbox 164 4298 1830 4382; baseline -0.008 -16"><span class='ocrx_word' id='word_1_476' title='bbox 164 4310 311 4382; x_wconf 88' lang='lat' dir='ltr'><strong>quia</strong></span> <span class='ocrx_word' id='word_1_477' title='bbox 338 4325 448 4381; x_wconf 89' lang='lat' dir='ltr'><strong>per</strong></span> <span class='ocrx_word' id='word_1_478' title='bbox 478 4322 540 4361; x_wconf 88' lang='lat' dir='ltr'><strong>se</strong></span> <span class='ocrx_word' id='word_1_479' title='bbox 570 4304 733 4360; x_wconf 91' lang='lat' dir='ltr'><strong>nullo</strong></span> <span class='ocrx_word' id='word_1_480' title='bbox 763 4304 936 4359; x_wconf 92' lang='lat' dir='ltr'><strong>modo</strong></span> <span class='ocrx_word' id='word_1_481' title='bbox 960 4305 1229 4374; x_wconf 88' lang='lat' dir='ltr'><strong>poterant</strong></span> <span class='ocrx_word' id='word_1_482' title='bbox 1250 4300 1387 4355; x_wconf 89' lang='lat' dir='ltr'><strong>inde</strong></span> <span class='ocrx_word' id='word_1_483' title='bbox 1407 4298 1830 4371; x_wconf 83' lang='lat' dir='ltr'><strong>egredi.Osten—</strong></span> 
     </span>
    </p>
   </div>
   <div class='ocr_carea' id='block_1_61' title="bbox 165 4386 1829 4469">
    <p class='ocr_par' dir='ltr' id='par_1_61' title="bbox 165 4386 1829 4469">
     <span class='ocr_line' id='line_1_61' title="bbox 165 4386 1829 4469; baseline -0.008 -15"><span class='ocrx_word' id='word_1_484' title='bbox 165 4398 256 4454; x_wconf 91' lang='lat' dir='ltr'><strong>dit</strong></span> <span class='ocrx_word' id='word_1_485' title='bbox 276 4395 580 4469; x_wconf 90' lang='lat' dir='ltr'><strong>quomodo</strong></span> <span class='ocrx_word' id='word_1_486' title='bbox 604 4392 909 4448; x_wconf 87' lang='lat' dir='ltr'><strong>liberavit:</strong></span> <span class='ocrx_word' id='word_1_487' title='bbox 936 4389 1105 4462; x_wconf 89' lang='lat' dir='ltr'><strong>quasi</strong></span> <span class='ocrx_word' id='word_1_488' title='bbox 1128 4389 1347 4444; x_wconf 90' lang='lat' dir='ltr'><strong>diceret</strong></span> <span class='ocrx_word' id='word_1_489' title='bbox 1371 4405 1384 4443; x_wconf 92' lang='lat'>:</span> <span class='ocrx_word' id='word_1_490' title='bbox 1411 4388 1549 4443; x_wconf 92' lang='lat' dir='ltr'><strong>Dico</strong></span> <span class='ocrx_word' id='word_1_491' title='bbox 1573 4409 1600 4436; x_wconf 93' lang='grc'><strong><em>‹‹</em></strong></span> <span class='ocrx_word' id='word_1_492' title='bbox 1627 4386 1829 4442; x_wconf 87' lang='lat' dir='ltr'><strong>libera-</strong></span> 
     </span>
    </p>
   </div>
   <div class='ocr_carea' id='block_1_62' title="bbox 163 4476 1831 4557">
    <p class='ocr_par' dir='ltr' id='par_1_62' title="bbox 163 4476 1831 4557">
     <span class='ocr_line' id='line_1_62' title="bbox 163 4476 1831 4557; baseline -0.008 -15"><span class='ocrx_word' id='word_1_493' title='bbox 163 4488 268 4557; x_wconf 89' lang='lat' dir='ltr'><strong>vit,</strong></span> <span class='ocrx_word' id='word_1_494' title='bbox 295 4509 325 4537; x_wconf 80' lang='lat'>»</span> <span class='ocrx_word' id='word_1_495' title='bbox 359 4490 419 4542; x_wconf 85' lang='lat' dir='ltr'><strong>et</strong></span> <span class='ocrx_word' id='word_1_496' title='bbox 448 4484 561 4539; x_wconf 88' lang='lat' dir='ltr'><strong>hoc</strong></span> <span class='ocrx_word' id='word_1_497' title='bbox 590 4481 764 4537; x_wconf 92' lang='lat' dir='ltr'><strong>modo</strong></span> <span class='ocrx_word' id='word_1_498' title='bbox 791 4496 803 4534; x_wconf 91' lang='lat'>:</span> <span class='ocrx_word' id='word_1_499' title='bbox 831 4500 861 4530; x_wconf 85' lang='lat'><strong>«</strong></span> <span class='ocrx_word' id='word_1_500' title='bbox 882 4479 1084 4535; x_wconf 85' lang='lat' dir='ltr'><strong>eduxit</strong></span> <span class='ocrx_word' id='word_1_501' title='bbox 1113 4494 1212 4533; x_wconf 90' lang='lat' dir='ltr'><strong>eos</strong></span> <span class='ocrx_word' id='word_1_502' title='bbox 1243 4478 1315 4533; x_wconf 91' lang='lat' dir='ltr'><strong>de</strong></span> <span class='ocrx_word' id='word_1_503' title='bbox 1346 4476 1605 4533; x_wconf 89' lang='lat' dir='ltr'><strong>tenebris</strong></span> <span class='ocrx_word' id='word_1_504' title='bbox 1634 4498 1663 4526; x_wconf 85' lang='lat'>»</span> <span class='ocrx_word' id='word_1_505' title='bbox 1694 4476 1831 4530; x_wconf 88' lang='lat' dir='ltr'><strong>inﬁ-</strong></span> 
     </span>
    </p>
   </div>
   <div class='ocr_carea' id='block_1_63' title="bbox 167 4566 1830 4644">
    <p class='ocr_par' dir='ltr' id='par_1_63' title="bbox 167 4566 1830 4644">
     <span class='ocr_line' id='line_1_63' title="bbox 167 4566 1830 4644; baseline -0.011 -11"><span class='ocrx_word' id='word_1_506' title='bbox 167 4575 454 4641; x_wconf 88' lang='lat' dir='ltr'><strong>delitatis,</strong></span> <span class='ocrx_word' id='word_1_507' title='bbox 491 4569 631 4644; x_wconf 89' lang='lat' dir='ltr'><strong>quia</strong></span> <span class='ocrx_word' id='word_1_508' title='bbox 673 4568 810 4625; x_wconf 91' lang='lat' dir='ltr'><strong>fecit</strong></span> <span class='ocrx_word' id='word_1_509' title='bbox 856 4567 1094 4634; x_wconf 90' lang='lat' dir='ltr'><strong>ﬁdeles;</strong></span> <span class='ocrx_word' id='word_1_510' title='bbox 1128 4589 1156 4616; x_wconf 92' lang='grc'><em>‹‹</em></span> <span class='ocrx_word' id='word_1_511' title='bbox 1192 4571 1249 4621; x_wconf 90' lang='lat' dir='ltr'><strong>et</strong></span> <span class='ocrx_word' id='word_1_512' title='bbox 1277 4566 1491 4622; x_wconf 92' lang='lat' dir='ltr'><strong>umbra</strong></span> <span class='ocrx_word' id='word_1_513' title='bbox 1539 4566 1769 4635; x_wconf 84' lang='lat' dir='ltr'><strong>mortis,</strong></span> <span class='ocrx_word' id='word_1_514' title='bbox 1803 4586 1830 4613; x_wconf 73' lang='grc' dir='ltr'><strong>η</strong></span> 
     </span>
    </p>
   </div>
   <div class='ocr_carea' id='block_1_64' title="bbox 1917 1998 3566 2071">
    <p class='ocr_par' dir='ltr' id='par_1_64' title="bbox 1917 1998 3566 2071">
     <span class='ocr_line' id='line_1_64' title="bbox 1917 1998 3566 2071; baseline 0.002 -19"><span class='ocrx_word' id='word_1_515' title='bbox 1917 2021 1945 2049; x_wconf 88' lang='grc'><strong>‹‹</strong></span> <span class='ocrx_word' id='word_1_516' title='bbox 1979 1999 2073 2053; x_wconf 91' lang='lat' dir='ltr'><strong>via</strong></span> <span class='ocrx_word' id='word_1_517' title='bbox 2102 2020 2130 2047; x_wconf 87' lang='grc'><strong>››</strong></span> <span class='ocrx_word' id='word_1_518' title='bbox 2158 1998 2288 2054; x_wconf 91' lang='lat' dir='ltr'><strong>dico</strong></span> <span class='ocrx_word' id='word_1_519' title='bbox 2319 2021 2347 2049; x_wconf 85' lang='lat'><strong><em>«</em></strong></span> <span class='ocrx_word' id='word_1_520' title='bbox 2382 2014 2605 2065; x_wconf 89' lang='lat' dir='ltr'><strong>eorum,</strong></span> <span class='ocrx_word' id='word_1_521' title='bbox 2628 2019 2656 2047; x_wconf 87' lang='grc'><strong>››</strong></span> <span class='ocrx_word' id='word_1_522' title='bbox 2676 1999 2735 2053; x_wconf 92' lang='lat' dir='ltr'>id</span> <span class='ocrx_word' id='word_1_523' title='bbox 2758 2003 2868 2065; x_wconf 87' lang='lat' dir='ltr'><strong>est,</strong></span> <span class='ocrx_word' id='word_1_524' title='bbox 2893 2015 3070 2070; x_wconf 92' lang='lat' dir='ltr'><strong>quam</strong></span> <span class='ocrx_word' id='word_1_525' title='bbox 3102 1999 3214 2071; x_wconf 91' lang='lat' dir='ltr'><strong>ipsi</strong></span> <span class='ocrx_word' id='word_1_526' title='bbox 3237 2016 3353 2055; x_wconf 91' lang='lat' dir='ltr'><strong>non</strong></span> <span class='ocrx_word' id='word_1_527' title='bbox 3374 2016 3410 2055; x_wconf 89' lang='lat' dir='ltr'><strong>a</strong></span> <span class='ocrx_word' id='word_1_528' title='bbox 3428 1999 3566 2068; x_wconf 92' lang='lat' dir='ltr'><strong>Deo,</strong></span> 
     </span>
    </p>
   </div>
   <div class='ocr_carea' id='block_1_65' title="bbox 1917 2086 3569 2162">
    <p class='ocr_par' dir='ltr' id='par_1_65' title="bbox 1917 2086 3569 2162">
     <span class='ocr_line' id='line_1_65' title="bbox 1917 2086 3569 2162; baseline 0.001 -21"><span class='ocrx_word' id='word_1_529' title='bbox 1917 2088 2018 2162; x_wconf 80' lang='lat' dir='ltr'><strong>sed</strong></span> <span class='ocrx_word' id='word_1_530' title='bbox 2051 2105 2086 2143; x_wconf 90' lang='lat' dir='ltr'><strong>a</strong></span> <span class='ocrx_word' id='word_1_531' title='bbox 2115 2105 2177 2142; x_wconf 89' lang='lat' dir='ltr'><strong>se</strong></span> <span class='ocrx_word' id='word_1_532' title='bbox 2201 2087 2676 2143; x_wconf 89' lang='lat' dir='ltr'><strong>habebant.Bene</strong></span> <span class='ocrx_word' id='word_1_533' title='bbox 2705 2086 2834 2143; x_wconf 92' lang='lat' dir='ltr'>dico</span> <span class='ocrx_word' id='word_1_534' title='bbox 2865 2088 3194 2160; x_wconf 90' lang='lat' dir='ltr'><strong>iniquitatis</strong></span> <span class='ocrx_word' id='word_1_535' title='bbox 3224 2087 3569 2155; x_wconf 86' lang='lat' dir='ltr'><strong>eorum,ha-</strong></span> 
     </span>
    </p>
   </div>
   <div class='ocr_carea' id='block_1_66' title="bbox 1917 2175 3569 2248">
    <p class='ocr_par' dir='ltr' id='par_1_66' title="bbox 1917 2175 3569 2248">
     <span class='ocr_line' id='line_1_66' title="bbox 1917 2175 3569 2248; baseline 0.001 -17"><span class='ocrx_word' id='word_1_536' title='bbox 1917 2176 2135 2231; x_wconf 89' lang='lat' dir='ltr'><strong>bebant</strong></span> <span class='ocrx_word' id='word_1_537' title='bbox 2166 2199 2193 2225; x_wconf 89' lang='grc'><strong>‹‹</strong></span> <span class='ocrx_word' id='word_1_538' title='bbox 2228 2175 2572 2245; x_wconf 86' lang='lat' dir='ltr'><strong>injustitias,</strong></span> <span class='ocrx_word' id='word_1_539' title='bbox 2594 2180 2650 2231; x_wconf 87' lang='lat' dir='ltr'><strong>et</strong></span> <span class='ocrx_word' id='word_1_540' title='bbox 2670 2180 2908 2248; x_wconf 89' lang='lat' dir='ltr'><strong>propter</strong></span> <span class='ocrx_word' id='word_1_541' title='bbox 2933 2198 2960 2225; x_wconf 84' lang='lat'>»</span> <span class='ocrx_word' id='word_1_542' title='bbox 2991 2177 3123 2233; x_wconf 88' lang='lat' dir='ltr'><strong>illas</strong></span> <span class='ocrx_word' id='word_1_543' title='bbox 3156 2198 3184 2229; x_wconf 87' lang='lat'>«</span> <span class='ocrx_word' id='word_1_544' title='bbox 3214 2180 3355 2233; x_wconf 89' lang='lat' dir='ltr'><strong>sunt</strong></span> <span class='ocrx_word' id='word_1_545' title='bbox 3373 2176 3569 2232; x_wconf 88' lang='lat' dir='ltr'><strong>humi-</strong></span> 
     </span>
    </p>
   </div>
   <div class='ocr_carea' id='block_1_67' title="bbox 1918 2264 3574 2338">
    <p class='ocr_par' dir='ltr' id='par_1_67' title="bbox 1918 2264 3574 2338">
     <span class='ocr_line' id='line_1_67' title="bbox 1918 2264 3574 2338; baseline 0.001 -19"><span class='ocrx_word' id='word_1_546' title='bbox 1918 2264 2064 2332; x_wconf 89' lang='lat' dir='ltr'><strong>liati,</strong></span> <span class='ocrx_word' id='word_1_547' title='bbox 2099 2287 2125 2313; x_wconf 86' lang='grc'><strong>››</strong></span> <span class='ocrx_word' id='word_1_548' title='bbox 2158 2265 2215 2319; x_wconf 93' lang='lat' dir='ltr'><strong>id</strong></span> <span class='ocrx_word' id='word_1_549' title='bbox 2248 2268 2357 2330; x_wconf 89' lang='lat' dir='ltr'><strong>est,</strong></span> <span class='ocrx_word' id='word_1_550' title='bbox 2392 2264 2596 2319; x_wconf 84' lang='lat' dir='ltr'><strong>afﬂicti</strong></span> <span class='ocrx_word' id='word_1_551' title='bbox 2629 2281 2663 2319; x_wconf 91' lang='lat' dir='ltr'><strong>a</strong></span> <span class='ocrx_word' id='word_1_552' title='bbox 2692 2265 2830 2332; x_wconf 91' lang='lat' dir='ltr'><strong>Deo,</strong></span> <span class='ocrx_word' id='word_1_553' title='bbox 2863 2269 2930 2320; x_wconf 92' lang='lat' dir='ltr'><strong>ut</strong></span> <span class='ocrx_word' id='word_1_554' title='bbox 2950 2282 3055 2337; x_wconf 90' lang='lat' dir='ltr'><strong>per</strong></span> <span class='ocrx_word' id='word_1_555' title='bbox 3072 2266 3181 2321; x_wconf 89' lang='lat' dir='ltr'><strong>hoc</strong></span> <span class='ocrx_word' id='word_1_556' title='bbox 3202 2281 3574 2338; x_wconf 81' lang='lat' dir='ltr'><strong>recognosce-</strong></span> 
     </span>
    </p>
   </div>
   <div class='ocr_carea' id='block_1_68' title="bbox 1921 2352 3577 2427">
    <p class='ocr_par' dir='ltr' id='par_1_68' title="bbox 1921 2352 3577 2427">
     <span class='ocr_line' id='line_1_68' title="bbox 1921 2352 3577 2427; baseline 0.001 -19"><span class='ocrx_word' id='word_1_557' title='bbox 1921 2357 2050 2408; x_wconf 90' lang='lat' dir='ltr'><strong>rent</strong></span> <span class='ocrx_word' id='word_1_558' title='bbox 2080 2358 2337 2426; x_wconf 86' lang='lat' dir='ltr'><strong>peccata.</strong></span> <span class='ocrx_word' id='word_1_559' title='bbox 2362 2352 2464 2408; x_wconf 90' lang='lat' dir='ltr'><strong>Vel</strong></span> <span class='ocrx_word' id='word_1_560' title='bbox 2496 2353 2625 2408; x_wconf 87' lang='lat' dir='ltr'><strong>ideo</strong></span> <span class='ocrx_word' id='word_1_561' title='bbox 2657 2352 2919 2425; x_wconf 88' lang='lat' dir='ltr'><strong>suscepit</strong></span> <span class='ocrx_word' id='word_1_562' title='bbox 2947 2371 3067 2420; x_wconf 87' lang='lat' dir='ltr'><strong>eos,</strong></span> <span class='ocrx_word' id='word_1_563' title='bbox 3100 2355 3242 2426; x_wconf 89' lang='lat' dir='ltr'><strong>quia</strong></span> <span class='ocrx_word' id='word_1_564' title='bbox 3270 2354 3385 2427; x_wconf 89' lang='lat' dir='ltr'><strong>ipsi</strong></span> <span class='ocrx_word' id='word_1_565' title='bbox 3433 2357 3577 2410; x_wconf 86' lang='lat' dir='ltr'><strong>sunt</strong></span> 
     </span>
    </p>
   </div>
   <div class='ocr_carea' id='block_1_69' title="bbox 1921 2441 3573 2516">
    <p class='ocr_par' dir='ltr' id='par_1_69' title="bbox 1921 2441 3573 2516">
     <span class='ocr_line' id='line_1_69' title="bbox 1921 2441 3573 2516; baseline -0.001 -18"><span class='ocrx_word' id='word_1_566' title='bbox 1921 2442 2237 2508; x_wconf 88' lang='lat' dir='ltr'><strong>humiliati,</strong></span> <span class='ocrx_word' id='word_1_567' title='bbox 2272 2442 2329 2496; x_wconf 91' lang='lat' dir='ltr'><strong>id</strong></span> <span class='ocrx_word' id='word_1_568' title='bbox 2365 2448 2472 2509; x_wconf 89' lang='lat' dir='ltr'><strong>est,</strong></span> <span class='ocrx_word' id='word_1_569' title='bbox 2506 2441 2762 2497; x_wconf 88' lang='lat' dir='ltr'><strong>humiles</strong></span> <span class='ocrx_word' id='word_1_570' title='bbox 2793 2443 2953 2513; x_wconf 88' lang='lat' dir='ltr'><strong>facti,</strong></span> <span class='ocrx_word' id='word_1_571' title='bbox 2976 2447 3033 2496; x_wconf 92' lang='lat' dir='ltr'><strong>et</strong></span> <span class='ocrx_word' id='word_1_572' title='bbox 3062 2442 3393 2516; x_wconf 81' lang='lat' dir='ltr'><strong>at&#39;ﬁigentes</strong></span> <span class='ocrx_word' id='word_1_573' title='bbox 3420 2460 3483 2500; x_wconf 87' lang='lat' dir='ltr'><strong>se</strong></span> <span class='ocrx_word' id='word_1_574' title='bbox 3513 2443 3573 2498; x_wconf 91' lang='lat' dir='ltr'><strong>in</strong></span> 
     </span>
    </p>
   </div>
   <div class='ocr_carea' id='block_1_70' title="bbox 1922 2522 3578 2604">
    <p class='ocr_par' dir='ltr' id='par_1_70' title="bbox 1922 2522 3578 2604">
     <span class='ocr_line' id='line_1_70' title="bbox 1922 2522 3578 2604; baseline 0.001 -18"><span class='ocrx_word' id='word_1_575' title='bbox 1922 2534 2238 2602; x_wconf 86' lang='lat' dir='ltr'><strong>conspectu</strong></span> <span class='ocrx_word' id='word_1_576' title='bbox 2270 2530 2503 2586; x_wconf 89' lang='lat' dir='ltr'><strong>Domini</strong></span> <span class='ocrx_word' id='word_1_577' title='bbox 2545 2535 2782 2603; x_wconf 90' lang='lat' dir='ltr'><strong>prepter</strong></span> <span class='ocrx_word' id='word_1_578' title='bbox 2828 2522 3172 2602; x_wconf 82' lang='lat' dir='ltr'><strong>injustitias,</strong></span> <span class='ocrx_word' id='word_1_579' title='bbox 3207 2533 3264 2588; x_wconf 90' lang='lat' dir='ltr'><strong>id</strong></span> <span class='ocrx_word' id='word_1_580' title='bbox 3296 2536 3405 2600; x_wconf 89' lang='lat' dir='ltr'><strong>est,</strong></span> <span class='ocrx_word' id='word_1_581' title='bbox 3437 2531 3578 2604; x_wconf 87' lang='lat' dir='ltr'><strong>quia</strong></span> 
     </span>
    </p>
   </div>
   <div class='ocr_carea' id='block_1_71' title="bbox 1923 2618 3574 2691">
    <p class='ocr_par' dir='ltr' id='par_1_71' title="bbox 1923 2618 3574 2691">
     <span class='ocr_line' id='line_1_71' title="bbox 1923 2618 3574 2691; baseline 0.001 -16"><span class='ocrx_word' id='word_1_582' title='bbox 1923 2624 2286 2690; x_wconf 85' lang='lat' dir='ltr'><strong>cognoscunt</strong></span> <span class='ocrx_word' id='word_1_583' title='bbox 2312 2636 2374 2674; x_wconf 91' lang='lat' dir='ltr'><strong>se</strong></span> <span class='ocrx_word' id='word_1_584' title='bbox 2407 2620 2591 2675; x_wconf 89' lang='lat' dir='ltr'><strong>Deum</strong></span> <span class='ocrx_word' id='word_1_585' title='bbox 2624 2618 2682 2674; x_wconf 90' lang='lat' dir='ltr'><strong>in</strong></span> <span class='ocrx_word' id='word_1_586' title='bbox 2718 2618 2923 2675; x_wconf 90' lang='lat' dir='ltr'><strong>multis</strong></span> <span class='ocrx_word' id='word_1_587' title='bbox 2953 2622 3210 2691; x_wconf 89' lang='lat' dir='ltr'><strong>peccatis</strong></span> <span class='ocrx_word' id='word_1_588' title='bbox 3239 2620 3574 2677; x_wconf 77' lang='lat' dir='ltr'><strong>offendisse.</strong></span> 
     </span>
    </p>
   </div>
   <div class='ocr_carea' id='block_1_72' title="bbox 1997 2708 3578 2781">
    <p class='ocr_par' dir='ltr' id='par_1_72' title="bbox 1997 2708 3578 2781">
     <span class='ocr_line' id='line_1_72' title="bbox 1997 2708 3578 2781; baseline 0.001 -19"><span class='ocrx_word' id='word_1_589' title='bbox 1997 2708 2129 2763; x_wconf 90' lang='lat' dir='ltr'><strong>Ideo</strong></span> <span class='ocrx_word' id='word_1_590' title='bbox 2162 2708 2499 2762; x_wconf 86' lang='lat' dir='ltr'><strong>habuerunt</strong></span> <span class='ocrx_word' id='word_1_591' title='bbox 2522 2709 2831 2779; x_wconf 65' lang='lat' dir='ltr'><strong>praedictas</strong></span> <span class='ocrx_word' id='word_1_592' title='bbox 2862 2713 3081 2779; x_wconf 91' lang='lat' dir='ltr'><strong>portas,</strong></span> <span class='ocrx_word' id='word_1_593' title='bbox 3105 2713 3162 2764; x_wconf 89' lang='lat' dir='ltr'><strong>et</strong></span> <span class='ocrx_word' id='word_1_594' title='bbox 3190 2708 3284 2764; x_wconf 91' lang='lat' dir='ltr'><strong>via</strong></span> <span class='ocrx_word' id='word_1_595' title='bbox 3311 2708 3578 2781; x_wconf 88' lang='lat' dir='ltr'><strong>ipsorum</strong></span> 
     </span>
    </p>
   </div>
   <div class='ocr_carea' id='block_1_73' title="bbox 1924 2795 3582 2867">
    <p class='ocr_par' dir='ltr' id='par_1_73' title="bbox 1924 2795 3582 2867">
     <span class='ocr_line' id='line_1_73' title="bbox 1924 2795 3582 2867; baseline -0.001 -15"><span class='ocrx_word' id='word_1_596' title='bbox 1924 2797 2035 2852; x_wconf 84' lang='lat' dir='ltr'><strong>fuit</strong></span> <span class='ocrx_word' id='word_1_597' title='bbox 2066 2796 2367 2867; x_wconf 90' lang='lat' dir='ltr'><strong>iniquitas,</strong></span> <span class='ocrx_word' id='word_1_598' title='bbox 2403 2796 2542 2867; x_wconf 86' lang='lat' dir='ltr'><strong>quia</strong></span> <span class='ocrx_word' id='word_1_599' title='bbox 2574 2818 2602 2845; x_wconf 89' lang='grc'><strong>‹‹</strong></span> <span class='ocrx_word' id='word_1_600' title='bbox 2635 2797 2833 2851; x_wconf 89' lang='lat' dir='ltr'><strong>anima</strong></span> <span class='ocrx_word' id='word_1_601' title='bbox 2871 2812 3076 2851; x_wconf 89' lang='lat' dir='ltr'><strong>eorum</strong></span> <span class='ocrx_word' id='word_1_602' title='bbox 3124 2795 3462 2853; x_wconf 82' lang='lat' dir='ltr'><strong>abominata</strong></span> <span class='ocrx_word' id='word_1_603' title='bbox 3490 2800 3582 2852; x_wconf 84' lang='lat' dir='ltr'><strong>est</strong></span> 
     </span>
    </p>
   </div>
   <div class='ocr_carea' id='block_1_74' title="bbox 1925 2882 3579 2956">
    <p class='ocr_par' dir='ltr' id='par_1_74' title="bbox 1925 2882 3579 2956">
     <span class='ocr_line' id='line_1_74' title="bbox 1925 2882 3579 2956; baseline -0.001 -16"><span class='ocrx_word' id='word_1_604' title='bbox 1925 2901 2160 2941; x_wconf 91' lang='lat' dir='ltr'><strong>omnem</strong></span> <span class='ocrx_word' id='word_1_605' title='bbox 2191 2901 2410 2952; x_wconf 91' lang='lat' dir='ltr'><strong>escam,</strong></span> <span class='ocrx_word' id='word_1_606' title='bbox 2444 2906 2472 2933; x_wconf 84' lang='lat'><strong>»</strong></span> <span class='ocrx_word' id='word_1_607' title='bbox 2498 2884 2555 2938; x_wconf 91' lang='lat' dir='ltr'><strong>id</strong></span> <span class='ocrx_word' id='word_1_608' title='bbox 2588 2889 2702 2948; x_wconf 88' lang='lat' dir='ltr'><strong>est,</strong></span> <span class='ocrx_word' id='word_1_609' title='bbox 2732 2900 2967 2939; x_wconf 90' lang='lat' dir='ltr'><strong>omnem</strong></span> <span class='ocrx_word' id='word_1_610' title='bbox 3001 2883 3375 2939; x_wconf 84' lang='lat' dir='ltr'><strong>refectionem</strong></span> <span class='ocrx_word' id='word_1_611' title='bbox 3406 2882 3579 2956; x_wconf 89' lang='lat' dir='ltr'><strong>spiri-</strong></span> 
     </span>
    </p>
   </div>
   <div class='ocr_carea' id='block_1_75' title="bbox 1926 2971 3581 3045">
    <p class='ocr_par' dir='ltr' id='par_1_75' title="bbox 1926 2971 3581 3045">
     <span class='ocr_line' id='line_1_75' title="bbox 1926 2971 3581 3045; baseline 0.001 -17"><span class='ocrx_word' id='word_1_612' title='bbox 1926 2973 2104 3029; x_wconf 89' lang='lat' dir='ltr'><strong>tualis</strong></span> <span class='ocrx_word' id='word_1_613' title='bbox 2135 2972 2435 3039; x_wconf 63' lang='lat' dir='ltr'><strong>doctrinae,</strong></span> <span class='ocrx_word' id='word_1_614' title='bbox 2469 2996 2497 3024; x_wconf 90' lang='grc'><strong>‹‹</strong></span> <span class='ocrx_word' id='word_1_615' title='bbox 2532 2977 2590 3028; x_wconf 92' lang='lat' dir='ltr'><strong>et</strong></span> <span class='ocrx_word' id='word_1_616' title='bbox 2624 2995 2652 3022; x_wconf 85' lang='grc'><strong>››</strong></span> <span class='ocrx_word' id='word_1_617' title='bbox 2684 2977 2993 3045; x_wconf 87' lang='lat' dir='ltr'><strong>propterea</strong></span> <span class='ocrx_word' id='word_1_618' title='bbox 3025 2994 3052 3023; x_wconf 85' lang='grc'><strong>‹‹</strong></span> <span class='ocrx_word' id='word_1_619' title='bbox 3081 2971 3581 3045; x_wconf 86' lang='lat' dir='ltr'><strong>appropinquave-</strong></span> 
     </span>
    </p>
   </div>
   <div class='ocr_carea' id='block_1_76' title="bbox 1928 3061 3581 3134">
    <p class='ocr_par' dir='ltr' id='par_1_76' title="bbox 1928 3061 3581 3134">
     <span class='ocr_line' id='line_1_76' title="bbox 1928 3061 3581 3134; baseline 0 -16"><span class='ocrx_word' id='word_1_620' title='bbox 1928 3066 2066 3118; x_wconf 90' lang='lat' dir='ltr'><strong>runt</strong></span> <span class='ocrx_word' id='word_1_621' title='bbox 2094 3077 2282 3134; x_wconf 90' lang='lat' dir='ltr'><strong>usque</strong></span> <span class='ocrx_word' id='word_1_622' title='bbox 2304 3062 2374 3117; x_wconf 90' lang='lat' dir='ltr'><strong>ad</strong></span> <span class='ocrx_word' id='word_1_623' title='bbox 2408 3066 2607 3133; x_wconf 90' lang='lat' dir='ltr'><strong>portas</strong></span> <span class='ocrx_word' id='word_1_624' title='bbox 2639 3061 2866 3128; x_wconf 91' lang='lat' dir='ltr'><strong>mortis,</strong></span> <span class='ocrx_word' id='word_1_625' title='bbox 2886 3082 2915 3112; x_wconf 69' lang='grc' dir='ltr'><strong><em>υ</em></strong></span> <span class='ocrx_word' id='word_1_626' title='bbox 2946 3061 3002 3116; x_wconf 93' lang='lat' dir='ltr'>id</span> <span class='ocrx_word' id='word_1_627' title='bbox 3026 3066 3135 3128; x_wconf 90' lang='lat' dir='ltr'><strong>est,</strong></span> <span class='ocrx_word' id='word_1_628' title='bbox 3156 3061 3275 3116; x_wconf 89' lang='lat' dir='ltr'><strong>fere</strong></span> <span class='ocrx_word' id='word_1_629' title='bbox 3295 3065 3581 3118; x_wconf 86' lang='lat' dir='ltr'><strong>venerunt</strong></span> 
     </span>
    </p>
   </div>
   <div class='ocr_carea' id='block_1_77' title="bbox 1925 3148 3576 3223">
    <p class='ocr_par' dir='ltr' id='par_1_77' title="bbox 1925 3148 3576 3223">
     <span class='ocr_line' id='line_1_77' title="bbox 1925 3148 3576 3223; baseline 0 -17"><span class='ocrx_word' id='word_1_630' title='bbox 1925 3151 1987 3206; x_wconf 92' lang='lat' dir='ltr'><strong>in</strong></span> <span class='ocrx_word' id='word_1_631' title='bbox 2018 3150 2506 3223; x_wconf 88' lang='lat' dir='ltr'><strong>desperationem,</strong></span> <span class='ocrx_word' id='word_1_632' title='bbox 2540 3168 2669 3222; x_wconf 70' lang='lat' dir='ltr'><strong>quae</strong></span> <span class='ocrx_word' id='word_1_633' title='bbox 2700 3154 2857 3204; x_wconf 87' lang='lat' dir='ltr'><strong>recta</strong></span> <span class='ocrx_word' id='word_1_634' title='bbox 2885 3149 2980 3205; x_wconf 90' lang='lat' dir='ltr'><strong>via</strong></span> <span class='ocrx_word' id='word_1_635' title='bbox 3009 3148 3172 3206; x_wconf 90' lang='lat' dir='ltr'><strong>ducit</strong></span> <span class='ocrx_word' id='word_1_636' title='bbox 3201 3149 3472 3206; x_wconf 86' lang='lat' dir='ltr'><strong>homines</strong></span> <span class='ocrx_word' id='word_1_637' title='bbox 3503 3151 3576 3206; x_wconf 87' lang='lat' dir='ltr'><strong>ad</strong></span> 
     </span>
    </p>
   </div>
   <div class='ocr_carea' id='block_1_78' title="bbox 1925 3244 2504 3296">
    <p class='ocr_par' dir='ltr' id='par_1_78' title="bbox 1925 3244 2504 3296">
     <span class='ocr_line' id='line_1_78' title="bbox 1925 3244 2504 3296; baseline 0 -1"><span class='ocrx_word' id='word_1_638' title='bbox 1925 3245 2200 3295; x_wconf 78' lang='lat' dir='ltr'><strong>aeternam</strong></span> <span class='ocrx_word' id='word_1_639' title='bbox 2233 3244 2504 3296; x_wconf 91' lang='lat' dir='ltr'><strong>mortem.</strong></span> 
     </span>
    </p>
   </div>
   <div class='ocr_carea' id='block_1_79' title="bbox 2001 3327 3578 3396">
    <p class='ocr_par' dir='ltr' id='par_1_79' title="bbox 2001 3327 3578 3396">
     <span class='ocr_line' id='line_1_79' title="bbox 2001 3327 3578 3396; baseline -0.001 -10"><span class='ocrx_word' id='word_1_640' title='bbox 2001 3331 2119 3386; x_wconf 87' lang='lat' dir='ltr'><strong>Hac</strong></span> <span class='ocrx_word' id='word_1_641' title='bbox 2148 3331 2497 3386; x_wconf 85' lang='lat' dir='ltr'><strong>necessitate</strong></span> <span class='ocrx_word' id='word_1_642' title='bbox 2542 3329 2748 3396; x_wconf 89' lang='lat' dir='ltr'><strong>coacti,</strong></span> <span class='ocrx_word' id='word_1_643' title='bbox 2783 3353 2809 3379; x_wconf 84' lang='lat'><strong>«</strong></span> <span class='ocrx_word' id='word_1_644' title='bbox 2844 3330 3245 3386; x_wconf 89' lang='lat' dir='ltr'><strong>elamaverunt</strong></span> <span class='ocrx_word' id='word_1_645' title='bbox 3273 3328 3349 3384; x_wconf 87' lang='lat' dir='ltr'><strong>ad</strong></span> <span class='ocrx_word' id='word_1_646' title='bbox 3379 3327 3578 3385; x_wconf 90' lang='lat' dir='ltr'><strong>Domi-</strong></span> 
     </span>
    </p>
   </div>
   <div class='ocr_carea' id='block_1_80' title="bbox 1928 3418 3576 3492">
    <p class='ocr_par' dir='ltr' id='par_1_80' title="bbox 1928 3418 3576 3492">
     <span class='ocr_line' id='line_1_80' title="bbox 1928 3418 3576 3492; baseline -0.001 -17"><span class='ocrx_word' id='word_1_647' title='bbox 1928 3438 2069 3475; x_wconf 89' lang='lat' dir='ltr'><strong>num</strong></span> <span class='ocrx_word' id='word_1_648' title='bbox 2092 3436 2104 3474; x_wconf 92' lang='lat'><strong>:</strong></span> <span class='ocrx_word' id='word_1_649' title='bbox 2126 3442 2151 3469; x_wconf 81' lang='grc'><strong>››</strong></span> <span class='ocrx_word' id='word_1_650' title='bbox 2176 3437 2279 3476; x_wconf 91' lang='lat' dir='ltr'><strong>nec</strong></span> <span class='ocrx_word' id='word_1_651' title='bbox 2296 3425 2491 3475; x_wconf 90' lang='lat' dir='ltr'><strong>tamen</strong></span> <span class='ocrx_word' id='word_1_652' title='bbox 2515 3419 2767 3475; x_wconf 89' lang='lat' dir='ltr'><strong>clamare</strong></span> <span class='ocrx_word' id='word_1_653' title='bbox 2800 3419 3151 3492; x_wconf 87' lang='lat' dir='ltr'><strong>potuissent,</strong></span> <span class='ocrx_word' id='word_1_654' title='bbox 3172 3418 3286 3475; x_wconf 88' lang='lat' dir='ltr'><strong>nisi</strong></span> <span class='ocrx_word' id='word_1_655' title='bbox 3304 3419 3576 3491; x_wconf 64' lang='lat' dir='ltr'><strong>praventi</strong></span> 
     </span>
    </p>
   </div>
   <div class='ocr_carea' id='block_1_81' title="bbox 1927 3506 3582 3575">
    <p class='ocr_par' dir='ltr' id='par_1_81' title="bbox 1927 3506 3582 3575">
     <span class='ocr_line' id='line_1_81' title="bbox 1927 3506 3582 3575; baseline 0 -12"><span class='ocrx_word' id='word_1_656' title='bbox 1927 3509 2126 3564; x_wconf 84' lang='lat' dir='ltr'><strong>divina</strong></span> <span class='ocrx_word' id='word_1_657' title='bbox 2154 3508 2559 3564; x_wconf 87' lang='lat' dir='ltr'><strong>misericordia</strong></span> <span class='ocrx_word' id='word_1_658' title='bbox 2586 3531 2614 3557; x_wconf 87' lang='lat'><strong><em>«</em></strong></span> <span class='ocrx_word' id='word_1_659' title='bbox 2648 3526 2783 3563; x_wconf 91' lang='lat' dir='ltr'><strong>cum</strong></span> <span class='ocrx_word' id='word_1_660' title='bbox 2819 3507 3264 3575; x_wconf 87' lang='lat' dir='ltr'><strong>tribularentur,</strong></span> <span class='ocrx_word' id='word_1_661' title='bbox 3297 3510 3354 3562; x_wconf 89' lang='lat' dir='ltr'><strong>et</strong></span> <span class='ocrx_word' id='word_1_662' title='bbox 3382 3506 3454 3563; x_wconf 89' lang='lat' dir='ltr'><strong>de</strong></span> <span class='ocrx_word' id='word_1_663' title='bbox 3480 3523 3582 3563; x_wconf 83' lang='lat' dir='ltr'><strong>ne-</strong></span> 
     </span>
    </p>
   </div>
   <div class='ocr_carea' id='block_1_82' title="bbox 1928 3594 3583 3668">
    <p class='ocr_par' dir='ltr' id='par_1_82' title="bbox 1928 3594 3583 3668">
     <span class='ocr_line' id='line_1_82' title="bbox 1928 3594 3583 3668; baseline 0 -16"><span class='ocrx_word' id='word_1_664' title='bbox 1928 3597 2308 3652; x_wconf 81' lang='lat' dir='ltr'><strong>cessitatibus</strong></span> <span class='ocrx_word' id='word_1_665' title='bbox 2338 3614 2540 3651; x_wconf 86' lang='lat' dir='ltr'><strong>eorum</strong></span> <span class='ocrx_word' id='word_1_666' title='bbox 2572 3596 2842 3651; x_wconf 84' lang='lat' dir='ltr'><strong>liberavit</strong></span> <span class='ocrx_word' id='word_1_667' title='bbox 2867 3613 2987 3651; x_wconf 90' lang='lat' dir='ltr'><strong>eos.</strong></span> <span class='ocrx_word' id='word_1_668' title='bbox 3024 3618 3051 3645; x_wconf 85' lang='grc'><strong>››</strong></span> <span class='ocrx_word' id='word_1_669' title='bbox 3084 3594 3186 3651; x_wconf 89' lang='lat' dir='ltr'><strong>Hic</strong></span> <span class='ocrx_word' id='word_1_670' title='bbox 3225 3611 3458 3668; x_wconf 87' lang='lat' dir='ltr'><strong>quoque</strong></span> <span class='ocrx_word' id='word_1_671' title='bbox 3490 3612 3583 3652; x_wconf 91' lang='lat' dir='ltr'><strong>ac-</strong></span> 
     </span>
    </p>
   </div>
   <div class='ocr_carea' id='block_1_83' title="bbox 1930 3675 3614 3757">
    <p class='ocr_par' dir='ltr' id='par_1_83' title="bbox 1930 3675 3614 3757">
     <span class='ocr_line' id='line_1_83' title="bbox 1930 3675 3614 3757; baseline -0.001 -16"><span class='ocrx_word' id='word_1_672' title='bbox 1930 3685 2083 3756; x_wconf 77' lang='lat' dir='ltr'><strong>cepit</strong></span> <span class='ocrx_word' id='word_1_673' title='bbox 2112 3687 2543 3751; x_wconf 87' lang='lat' dir='ltr'><strong>necessitatem,</strong></span> <span class='ocrx_word' id='word_1_674' title='bbox 2579 3689 2817 3757; x_wconf 84' lang='lat' dir='ltr'><strong>peccata</strong></span> <span class='ocrx_word' id='word_1_675' title='bbox 2848 3685 2906 3739; x_wconf 91' lang='lat' dir='ltr'><strong>in</strong></span> <span class='ocrx_word' id='word_1_676' title='bbox 2940 3684 3047 3739; x_wconf 88' lang='lat' dir='ltr'><strong>hac</strong></span> <span class='ocrx_word' id='word_1_677' title='bbox 3079 3688 3244 3756; x_wconf 89' lang='lat' dir='ltr'><strong>parte</strong></span> <span class='ocrx_word' id='word_1_678' title='bbox 3275 3675 3614 3756; x_wconf 40' lang='lat' dir='ltr'><strong>posita,ve—&#39;</strong></span> 
     </span>
    </p>
   </div>
   <div class='ocr_carea' id='block_1_84' title="bbox 1931 3771 3588 3845">
    <p class='ocr_par' dir='ltr' id='par_1_84' title="bbox 1931 3771 3588 3845">
     <span class='ocr_line' id='line_1_84' title="bbox 1931 3771 3588 3845; baseline -0.001 -16"><span class='ocrx_word' id='word_1_679' title='bbox 1931 3773 2037 3829; x_wconf 88' lang='lat' dir='ltr'><strong>luti</strong></span> <span class='ocrx_word' id='word_1_680' title='bbox 2070 3775 2227 3844; x_wconf 90' lang='lat' dir='ltr'><strong>quod</strong></span> <span class='ocrx_word' id='word_1_681' title='bbox 2255 3774 2425 3828; x_wconf 84' lang='lat' dir='ltr'><strong>duxit</strong></span> <span class='ocrx_word' id='word_1_682' title='bbox 2453 3774 2748 3845; x_wconf 89' lang='lat' dir='ltr'><strong>superius,</strong></span> <span class='ocrx_word' id='word_1_683' title='bbox 2775 3777 2994 3844; x_wconf 87' lang='lat' dir='ltr'><strong>portas,</strong></span> <span class='ocrx_word' id='word_1_684' title='bbox 3017 3776 3234 3840; x_wconf 89' lang='lat' dir='ltr'><strong>vectes,</strong></span> <span class='ocrx_word' id='word_1_685' title='bbox 3256 3775 3315 3827; x_wconf 88' lang='lat' dir='ltr'><strong>et</strong></span> <span class='ocrx_word' id='word_1_686' title='bbox 3344 3771 3588 3828; x_wconf 89' lang='lat' dir='ltr'><strong>similia.</strong></span> 
     </span>
    </p>
   </div>
   <div class='ocr_carea' id='block_1_85' title="bbox 2004 3854 3591 3931">
    <p class='ocr_par' dir='ltr' id='par_1_85' title="bbox 2004 3854 3591 3931">
     <span class='ocr_line' id='line_1_85' title="bbox 2004 3854 3591 3931; baseline -0.001 -14"><span class='ocrx_word' id='word_1_687' title='bbox 2004 3863 2122 3917; x_wconf 89' lang='lat' dir='ltr'><strong>Hoc</strong></span> <span class='ocrx_word' id='word_1_688' title='bbox 2153 3862 2327 3917; x_wconf 92' lang='lat' dir='ltr'><strong>modo</strong></span> <span class='ocrx_word' id='word_1_689' title='bbox 2360 3862 2628 3916; x_wconf 86' lang='lat' dir='ltr'><strong>liberavit</strong></span> <span class='ocrx_word' id='word_1_690' title='bbox 2655 3878 2668 3914; x_wconf 91' lang='lat'>:</span> <span class='ocrx_word' id='word_1_691' title='bbox 2704 3884 2732 3910; x_wconf 88' lang='grc'><em>‹‹</em></span> <span class='ocrx_word' id='word_1_692' title='bbox 2768 3860 2932 3915; x_wconf 92' lang='lat' dir='ltr'><strong>misit</strong></span> <span class='ocrx_word' id='word_1_693' title='bbox 2959 3859 3218 3915; x_wconf 89' lang='lat' dir='ltr'><strong>Verbum</strong></span> <span class='ocrx_word' id='word_1_694' title='bbox 3251 3854 3502 3931; x_wconf 84' lang='lat' dir='ltr'><strong>suum,»</strong></span> <span class='ocrx_word' id='word_1_695' title='bbox 3532 3860 3591 3915; x_wconf 90' lang='lat' dir='ltr'><strong>id</strong></span> 
     </span>
    </p>
   </div>
   <div class='ocr_carea' id='block_1_86' title="bbox 1933 3947 3592 4020">
    <p class='ocr_par' dir='ltr' id='par_1_86' title="bbox 1933 3947 3592 4020">
     <span class='ocr_line' id='line_1_86' title="bbox 1933 3947 3592 4020; baseline -0.002 -14"><span class='ocrx_word' id='word_1_696' title='bbox 1933 3956 2041 4019; x_wconf 91' lang='lat' dir='ltr'><strong>est,</strong></span> <span class='ocrx_word' id='word_1_697' title='bbox 2092 3949 2303 4005; x_wconf 86' lang='lat' dir='ltr'><strong>Filium</strong></span> <span class='ocrx_word' id='word_1_698' title='bbox 2362 3966 2538 4004; x_wconf 87' lang='lat' dir='ltr'><strong>suum</strong></span> <span class='ocrx_word' id='word_1_699' title='bbox 2583 3949 2721 4003; x_wconf 88' lang='lat' dir='ltr'><strong>fecit</strong></span> <span class='ocrx_word' id='word_1_700' title='bbox 2768 3947 3085 4014; x_wconf 90' lang='lat' dir='ltr'><strong>incarnari,</strong></span> <span class='ocrx_word' id='word_1_701' title='bbox 3120 3970 3148 3998; x_wconf 86' lang='grc'><strong>‹‹</strong></span> <span class='ocrx_word' id='word_1_702' title='bbox 3182 3951 3241 4003; x_wconf 89' lang='lat' dir='ltr'><strong>et</strong></span> <span class='ocrx_word' id='word_1_703' title='bbox 3273 3969 3302 3997; x_wconf 89' lang='grc'><strong>››</strong></span> <span class='ocrx_word' id='word_1_704' title='bbox 3332 3962 3439 4020; x_wconf 91' lang='lat' dir='ltr'><strong>per</strong></span> <span class='ocrx_word' id='word_1_705' title='bbox 3481 3947 3592 4003; x_wconf 90' lang='lat' dir='ltr'><strong>hoc</strong></span> 
     </span>
    </p>
   </div>
   <div class='ocr_carea' id='block_1_87' title="bbox 1938 4035 3592 4106">
    <p class='ocr_par' dir='ltr' id='par_1_87' title="bbox 1938 4035 3592 4106">
     <span class='ocr_line' id='line_1_87' title="bbox 1938 4035 3592 4106; baseline -0.003 -10"><span class='ocrx_word' id='word_1_706' title='bbox 1938 4062 1966 4091; x_wconf 89' lang='lat'>«</span> <span class='ocrx_word' id='word_1_707' title='bbox 1998 4039 2227 4096; x_wconf 89' lang='lat' dir='ltr'><strong>sanavit</strong></span> <span class='ocrx_word' id='word_1_708' title='bbox 2254 4055 2374 4106; x_wconf 91' lang='lat' dir='ltr'><strong>eos,</strong></span> <span class='ocrx_word' id='word_1_709' title='bbox 2404 4060 2430 4086; x_wconf 74' lang='grc' dir='ltr'><strong>η</strong></span> <span class='ocrx_word' id='word_1_710' title='bbox 2463 4038 2520 4092; x_wconf 92' lang='lat' dir='ltr'><strong>id</strong></span> <span class='ocrx_word' id='word_1_711' title='bbox 2550 4041 2639 4093; x_wconf 90' lang='lat' dir='ltr'><strong>est</strong></span> <span class='ocrx_word' id='word_1_712' title='bbox 2671 4036 2917 4092; x_wconf 90' lang='lat' dir='ltr'><strong>removit</strong></span> <span class='ocrx_word' id='word_1_713' title='bbox 2946 4037 3018 4090; x_wconf 91' lang='lat' dir='ltr'><strong>ab</strong></span> <span class='ocrx_word' id='word_1_714' title='bbox 3050 4035 3135 4092; x_wconf 89' lang='lat' dir='ltr'><strong>eis</strong></span> <span class='ocrx_word' id='word_1_715' title='bbox 3167 4035 3471 4092; x_wconf 80' lang='lat' dir='ltr'><strong>fastidium</strong></span> <span class='ocrx_word' id='word_1_716' title='bbox 3503 4037 3592 4091; x_wconf 85' lang='lat' dir='ltr'><strong>di-</strong></span> 
     </span>
    </p>
   </div>
   <div class='ocr_carea' id='block_1_88' title="bbox 1934 4124 3590 4197">
    <p class='ocr_par' dir='ltr' id='par_1_88' title="bbox 1934 4124 3590 4197">
     <span class='ocr_line' id='line_1_88' title="bbox 1934 4124 3590 4197; baseline -0.002 -14"><span class='ocrx_word' id='word_1_717' title='bbox 1934 4127 2053 4183; x_wconf 88' lang='lat' dir='ltr'><strong>vini</strong></span> <span class='ocrx_word' id='word_1_718' title='bbox 2080 4128 2260 4183; x_wconf 83' lang='lat' dir='ltr'><strong>verbi.</strong></span> <span class='ocrx_word' id='word_1_719' title='bbox 2293 4126 2415 4196; x_wconf 88' lang='lat' dir='ltr'><strong>Vel,</strong></span> <span class='ocrx_word' id='word_1_720' title='bbox 2438 4126 2704 4191; x_wconf 87' lang='lat' dir='ltr'><strong>verbum,</strong></span> <span class='ocrx_word' id='word_1_721' title='bbox 2721 4125 2779 4179; x_wconf 94' lang='lat' dir='ltr'><strong>id</strong></span> <span class='ocrx_word' id='word_1_722' title='bbox 2806 4128 3278 4197; x_wconf 71' lang='lat' dir='ltr'><strong>est,pra3ceptum</strong></span> <span class='ocrx_word' id='word_1_723' title='bbox 3300 4124 3590 4193; x_wconf 89' lang='lat' dir='ltr'><strong>divinum,</strong></span> 
     </span>
    </p>
   </div>
   <div class='ocr_carea' id='block_1_89' title="bbox 1936 4212 3590 4288">
    <p class='ocr_par' dir='ltr' id='par_1_89' title="bbox 1936 4212 3590 4288">
     <span class='ocr_line' id='line_1_89' title="bbox 1936 4212 3590 4288; baseline -0.002 -15"><span class='ocrx_word' id='word_1_724' title='bbox 1936 4222 1994 4273; x_wconf 90' lang='lat' dir='ltr'><strong>et</strong></span> <span class='ocrx_word' id='word_1_725' title='bbox 2024 4215 2338 4288; x_wconf 90' lang='lat' dir='ltr'><strong>imperium</strong></span> <span class='ocrx_word' id='word_1_726' title='bbox 2373 4232 2572 4285; x_wconf 89' lang='lat' dir='ltr'><strong>suum,</strong></span> <span class='ocrx_word' id='word_1_727' title='bbox 2606 4219 2664 4269; x_wconf 88' lang='lat' dir='ltr'><strong>et</strong></span> <span class='ocrx_word' id='word_1_728' title='bbox 2694 4214 2924 4270; x_wconf 88' lang='lat' dir='ltr'><strong>sanavit</strong></span> <span class='ocrx_word' id='word_1_729' title='bbox 2947 4231 3047 4269; x_wconf 90' lang='lat' dir='ltr'><strong>eos</strong></span> <span class='ocrx_word' id='word_1_730' title='bbox 3077 4231 3091 4269; x_wconf 90' lang='lat'><strong>:</strong></span> <span class='ocrx_word' id='word_1_731' title='bbox 3128 4213 3283 4270; x_wconf 91' lang='lat' dir='ltr'><strong>sicut</strong></span> <span class='ocrx_word' id='word_1_732' title='bbox 3309 4212 3371 4269; x_wconf 92' lang='lat' dir='ltr'><strong>in</strong></span> <span class='ocrx_word' id='word_1_733' title='bbox 3401 4214 3590 4270; x_wconf 84' lang='lat' dir='ltr'><strong>Evan-</strong></span> 
     </span>
    </p>
   </div>
   <div class='ocr_carea' id='block_1_90' title="bbox 1938 4302 3595 4379">
    <p class='ocr_par' dir='ltr' id='par_1_90' title="bbox 1938 4302 3595 4379">
     <span class='ocr_line' id='line_1_90' title="bbox 1938 4302 3595 4379; baseline -0.002 -17"><span class='ocrx_word' id='word_1_734' title='bbox 1938 4305 2089 4379; x_wconf 86' lang='lat' dir='ltr'><strong>gelio</strong></span> <span class='ocrx_word' id='word_1_735' title='bbox 2120 4303 2334 4359; x_wconf 91' lang='lat' dir='ltr'><strong>dicitur</strong></span> <span class='ocrx_word' id='word_1_736' title='bbox 2356 4321 2369 4359; x_wconf 91' lang='lat'>:</span> <span class='ocrx_word' id='word_1_737' title='bbox 2395 4327 2423 4353; x_wconf 88' lang='grc'><strong>‹‹</strong></span> <span class='ocrx_word' id='word_1_738' title='bbox 2448 4304 2550 4359; x_wconf 92' lang='lat' dir='ltr'><strong>Dic</strong></span> <span class='ocrx_word' id='word_1_739' title='bbox 2571 4306 2799 4358; x_wconf 88' lang='lat' dir='ltr'><strong>tantum</strong></span> <span class='ocrx_word' id='word_1_740' title='bbox 2831 4303 3026 4371; x_wconf 90' lang='lat' dir='ltr'><strong>verbo,</strong></span> <span class='ocrx_word' id='word_1_741' title='bbox 3046 4306 3103 4358; x_wconf 90' lang='lat' dir='ltr'><strong>et</strong></span> <span class='ocrx_word' id='word_1_742' title='bbox 3121 4302 3431 4359; x_wconf 89' lang='lat' dir='ltr'><strong>sanabitur</strong></span> <span class='ocrx_word' id='word_1_743' title='bbox 3449 4318 3595 4374; x_wconf 87' lang='lat' dir='ltr'><strong>puer</strong></span> 
     </span>
    </p>
   </div>
   <div class='ocr_carea' id='block_1_91' title="bbox 1941 4390 3594 4463">
    <p class='ocr_par' dir='ltr' id='par_1_91' title="bbox 1941 4390 3594 4463">
     <span class='ocr_line' id='line_1_91' title="bbox 1941 4390 3594 4463; baseline -0.002 -13"><span class='ocrx_word' id='word_1_744' title='bbox 1941 4412 2108 4450; x_wconf 90' lang='lat' dir='ltr'><strong>meus</strong></span> <span class='ocrx_word' id='word_1_745' title='bbox 2134 4396 2285 4463; x_wconf 85' lang='lat' dir='ltr'><strong>(Luc.</strong></span> <span class='ocrx_word' id='word_1_746' title='bbox 2318 4397 2417 4461; x_wconf 85' lang='lat' dir='ltr'><strong>vn)</strong></span> <span class='ocrx_word' id='word_1_747' title='bbox 2447 4411 2461 4448; x_wconf 90' lang='lat'><strong>:</strong></span> <span class='ocrx_word' id='word_1_748' title='bbox 2491 4414 2517 4441; x_wconf 74' lang='grc' dir='ltr'><strong>υ</strong></span> <span class='ocrx_word' id='word_1_749' title='bbox 2548 4397 2606 4447; x_wconf 89' lang='lat' dir='ltr'><strong>et</strong></span> <span class='ocrx_word' id='word_1_750' title='bbox 2632 4392 2716 4447; x_wconf 90' lang='lat' dir='ltr'><strong>ita</strong></span> <span class='ocrx_word' id='word_1_751' title='bbox 2749 4391 3030 4459; x_wconf 88' lang='lat' dir='ltr'><strong>liberatis,</strong></span> <span class='ocrx_word' id='word_1_752' title='bbox 3065 4395 3123 4448; x_wconf 89' lang='lat' dir='ltr'><strong>et</strong></span> <span class='ocrx_word' id='word_1_753' title='bbox 3152 4409 3187 4448; x_wconf 90' lang='lat' dir='ltr'><strong>a</strong></span> <span class='ocrx_word' id='word_1_754' title='bbox 3215 4390 3452 4448; x_wconf 86' lang='lat' dir='ltr'><strong>fastidio</strong></span> <span class='ocrx_word' id='word_1_755' title='bbox 3501 4407 3594 4447; x_wconf 83' lang='lat' dir='ltr'><strong>sa-</strong></span> 
     </span>
    </p>
   </div>
   <div class='ocr_carea' id='block_1_92' title="bbox 1940 4478 3594 4554">
    <p class='ocr_par' dir='ltr' id='par_1_92' title="bbox 1940 4478 3594 4554">
     <span class='ocr_line' id='line_1_92' title="bbox 1940 4478 3594 4554; baseline -0.003 -15"><span class='ocrx_word' id='word_1_756' title='bbox 1940 4483 2120 4551; x_wconf 84' lang='lat' dir='ltr'><strong>natis,</strong></span> <span class='ocrx_word' id='word_1_757' title='bbox 2150 4506 2179 4532; x_wconf 82' lang='grc'><strong>‹‹</strong></span> <span class='ocrx_word' id='word_1_758' title='bbox 2211 4486 2269 4537; x_wconf 89' lang='lat' dir='ltr'><strong>et</strong></span> <span class='ocrx_word' id='word_1_759' title='bbox 2296 4482 2512 4554; x_wconf 90' lang='lat' dir='ltr'><strong>eripuit</strong></span> <span class='ocrx_word' id='word_1_760' title='bbox 2534 4497 2634 4536; x_wconf 89' lang='lat' dir='ltr'><strong>eos</strong></span> <span class='ocrx_word' id='word_1_761' title='bbox 2659 4481 2732 4535; x_wconf 91' lang='lat' dir='ltr'><strong>de</strong></span> <span class='ocrx_word' id='word_1_762' title='bbox 2762 4479 3199 4536; x_wconf 89' lang='lat' dir='ltr'><strong>interitionibus</strong></span> <span class='ocrx_word' id='word_1_763' title='bbox 3228 4496 3454 4548; x_wconf 90' lang='lat' dir='ltr'><strong>eorum,</strong></span> <span class='ocrx_word' id='word_1_764' title='bbox 3485 4502 3514 4529; x_wconf 86' lang='lat'><strong>»</strong></span> <span class='ocrx_word' id='word_1_765' title='bbox 3535 4478 3594 4534; x_wconf 90' lang='lat' dir='ltr'><strong>id</strong></span> 
     </span>
    </p>
   </div>
   <div class='ocr_carea' id='block_1_93' title="bbox 1941 4567 3597 4640">
    <p class='ocr_par' dir='ltr' id='par_1_93' title="bbox 1941 4567 3597 4640">
     <span class='ocr_line' id='line_1_93' title="bbox 1941 4567 3597 4640; baseline -0.003 -12"><span class='ocrx_word' id='word_1_766' title='bbox 1941 4576 2030 4629; x_wconf 90' lang='lat' dir='ltr'><strong>est</strong></span> <span class='ocrx_word' id='word_1_767' title='bbox 2058 4573 2129 4627; x_wconf 93' lang='lat' dir='ltr'><strong>de</strong></span> <span class='ocrx_word' id='word_1_768' title='bbox 2160 4575 2378 4626; x_wconf 64' lang='lat' dir='ltr'><strong>aeterna</strong></span> <span class='ocrx_word' id='word_1_769' title='bbox 2406 4569 2804 4635; x_wconf 91' lang='lat' dir='ltr'><strong>damnatione,</strong></span> <span class='ocrx_word' id='word_1_770' title='bbox 2835 4585 2967 4640; x_wconf 60' lang='lat' dir='ltr'><strong>quae</strong></span> <span class='ocrx_word' id='word_1_771' title='bbox 3006 4568 3336 4640; x_wconf 90' lang='lat' dir='ltr'><strong>proveniret</strong></span> <span class='ocrx_word' id='word_1_772' title='bbox 3381 4585 3451 4624; x_wconf 85' lang='lat' dir='ltr'><strong>ex</strong></span> <span class='ocrx_word' id='word_1_773' title='bbox 3494 4567 3597 4623; x_wconf 92' lang='lat' dir='ltr'><strong>illo</strong></span> 
     </span>
    </p>
   </div>
   <div class='ocr_carea' id='block_1_94' title="bbox 167 4647 3599 4748">
    <p class='ocr_par' dir='ltr' id='par_1_94' title="bbox 167 4647 3599 4748">
     <span class='ocr_line' id='line_1_94' title="bbox 167 4647 3599 4748; baseline -0.002 -28"><span class='ocrx_word' id='word_1_774' title='bbox 167 4665 313 4737; x_wconf 89' lang='lat' dir='ltr'><strong>quia</strong></span> <span class='ocrx_word' id='word_1_775' title='bbox 336 4664 470 4735; x_wconf 89' lang='lat' dir='ltr'><strong>jam</strong></span> <span class='ocrx_word' id='word_1_776' title='bbox 504 4676 621 4715; x_wconf 90' lang='lat' dir='ltr'><strong>non</strong></span> <span class='ocrx_word' id='word_1_777' title='bbox 650 4657 1109 4729; x_wconf 89' lang='lat' dir='ltr'><strong>inquinaverunt</strong></span> <span class='ocrx_word' id='word_1_778' title='bbox 1137 4655 1318 4711; x_wconf 90' lang='lat' dir='ltr'><strong>vitam</strong></span> <span class='ocrx_word' id='word_1_779' title='bbox 1359 4647 1528 4709; x_wconf 82' lang='lat' dir='ltr'><strong>suam</strong></span> <span class='ocrx_word' id='word_1_780' title='bbox 1560 4654 1620 4708; x_wconf 89' lang='lat' dir='ltr'><strong>in</strong></span> <span class='ocrx_word' id='word_1_781' title='bbox 1647 4653 1832 4725; x_wconf 87' lang='lat' dir='ltr'><strong>turpi-</strong></span> <span class='ocrx_word' id='word_1_782' title='bbox 1863 4683 1910 4748; x_wconf 68' lang='grc' dir='ltr'><strong>Β</strong></span> <span class='ocrx_word' id='word_1_783' title='bbox 1942 4660 2177 4717; x_wconf 83' lang='lat' dir='ltr'><strong>fastidio</strong></span> <span class='ocrx_word' id='word_1_784' title='bbox 2208 4660 2363 4716; x_wconf 89' lang='lat' dir='ltr'><strong>sicut</strong></span> <span class='ocrx_word' id='word_1_785' title='bbox 2394 4675 2553 4714; x_wconf 90' lang='lat' dir='ltr'><strong>mors</strong></span> <span class='ocrx_word' id='word_1_786' title='bbox 2583 4657 2903 4729; x_wconf 89' lang='lat' dir='ltr'><strong>corporalis</strong></span> <span class='ocrx_word' id='word_1_787' title='bbox 2933 4657 3196 4729; x_wconf 91' lang='lat' dir='ltr'><strong>procedit</strong></span> <span class='ocrx_word' id='word_1_788' title='bbox 3244 4672 3315 4713; x_wconf 85' lang='lat' dir='ltr'><strong>ex</strong></span> <span class='ocrx_word' id='word_1_789' title='bbox 3362 4655 3599 4713; x_wconf 85' lang='lat' dir='ltr'><strong>fastidio</strong></span> 
     </span>
    </p>
   </div>
   <div class='ocr_carea' id='block_1_95' title="bbox 166 4741 1831 4816">
    <p class='ocr_par' dir='ltr' id='par_1_95' title="bbox 166 4741 1831 4816">
     <span class='ocr_line' id='line_1_95' title="bbox 166 4741 1831 4816; baseline -0.007 -7"><span class='ocrx_word' id='word_1_790' title='bbox 166 4753 283 4809; x_wconf 90' lang='lat' dir='ltr'><strong>bus</strong></span> <span class='ocrx_word' id='word_1_791' title='bbox 318 4750 533 4816; x_wconf 85' lang='lat' dir='ltr'><strong>factis;</strong></span> <span class='ocrx_word' id='word_1_792' title='bbox 566 4770 593 4798; x_wconf 88' lang='grc'><strong>‹‹</strong></span> <span class='ocrx_word' id='word_1_793' title='bbox 628 4750 686 4803; x_wconf 92' lang='lat' dir='ltr'><strong>et</strong></span> <span class='ocrx_word' id='word_1_794' title='bbox 711 4744 948 4802; x_wconf 90' lang='lat' dir='ltr'><strong>vincula</strong></span> <span class='ocrx_word' id='word_1_795' title='bbox 993 4761 1219 4811; x_wconf 88' lang='lat' dir='ltr'><strong>eorum,</strong></span> <span class='ocrx_word' id='word_1_796' title='bbox 1256 4766 1284 4793; x_wconf 86' lang='grc'><strong>››</strong></span> <span class='ocrx_word' id='word_1_797' title='bbox 1319 4743 1377 4798; x_wconf 91' lang='lat' dir='ltr'><strong>id</strong></span> <span class='ocrx_word' id='word_1_798' title='bbox 1408 4748 1518 4809; x_wconf 90' lang='lat' dir='ltr'><strong>est,</strong></span> <span class='ocrx_word' id='word_1_799' title='bbox 1552 4741 1831 4798; x_wconf 89' lang='lat' dir='ltr'><strong>duritiam</strong></span> 
     </span>
    </p>
   </div>
   <div class='ocr_carea' id='block_1_96' title="bbox 167 4830 1831 4914">
    <p class='ocr_par' dir='ltr' id='par_1_96' title="bbox 167 4830 1831 4914">
     <span class='ocr_line' id='line_1_96' title="bbox 167 4830 1831 4914; baseline -0.01 -15"><span class='ocrx_word' id='word_1_800' title='bbox 167 4840 424 4914; x_wconf 87' lang='lat' dir='ltr'><strong>peccati,</strong></span> <span class='ocrx_word' id='word_1_801' title='bbox 460 4854 580 4910; x_wconf 88' lang='lat' dir='ltr'><strong>qua</strong></span> <span class='ocrx_word' id='word_1_802' title='bbox 610 4836 775 4908; x_wconf 90' lang='lat' dir='ltr'><strong>prius</strong></span> <span class='ocrx_word' id='word_1_803' title='bbox 804 4834 1159 4889; x_wconf 89' lang='lat' dir='ltr'><strong>tenebantur</strong></span> <span class='ocrx_word' id='word_1_804' title='bbox 1206 4831 1396 4904; x_wconf 87' lang='lat' dir='ltr'><strong>ligati,</strong></span> <span class='ocrx_word' id='word_1_805' title='bbox 1429 4854 1457 4880; x_wconf 90' lang='grc'><strong>‹‹</strong></span> <span class='ocrx_word' id='word_1_806' title='bbox 1492 4830 1768 4903; x_wconf 83' lang='lat' dir='ltr'><strong>disrupit,</strong></span> <span class='ocrx_word' id='word_1_807' title='bbox 1801 4854 1831 4881; x_wconf 86' lang='grc'><strong>››</strong></span> 
     </span>
    </p>
   </div>
   <div class='ocr_carea' id='block_1_97' title="bbox 168 4920 1831 5003">
    <p class='ocr_par' dir='ltr' id='par_1_97' title="bbox 168 4920 1831 5003">
     <span class='ocr_line' id='line_1_97' title="bbox 168 4920 1831 5003; baseline -0.007 -17"><span class='ocrx_word' id='word_1_808' title='bbox 168 4933 313 5003; x_wconf 89' lang='lat' dir='ltr'><strong>quia</strong></span> <span class='ocrx_word' id='word_1_809' title='bbox 344 4926 629 4984; x_wconf 90' lang='lat' dir='ltr'><strong>cordibus</strong></span> <span class='ocrx_word' id='word_1_810' title='bbox 673 4921 1188 4996; x_wconf 88' lang='lat' dir='ltr'><strong>compunctionem</strong></span> <span class='ocrx_word' id='word_1_811' title='bbox 1220 4920 1489 4987; x_wconf 89' lang='lat' dir='ltr'><strong>immisit,</strong></span> <span class='ocrx_word' id='word_1_812' title='bbox 1520 4925 1579 4974; x_wconf 91' lang='lat' dir='ltr'><strong>et</strong></span> <span class='ocrx_word' id='word_1_813' title='bbox 1608 4921 1680 4975; x_wconf 90' lang='lat' dir='ltr'><strong>ad</strong></span> <span class='ocrx_word' id='word_1_814' title='bbox 1713 4938 1831 4993; x_wconf 70' lang='lat' dir='ltr'><strong>pa:-</strong></span> 
     </span>
    </p>
   </div>
   <div class='ocr_carea' id='block_1_98' title="bbox 171 5013 914 5075">
    <p class='ocr_par' dir='ltr' id='par_1_98' title="bbox 171 5013 914 5075">
     <span class='ocr_line' id='line_1_98' title="bbox 171 5013 914 5075; baseline -0.013 1"><span class='ocrx_word' id='word_1_815' title='bbox 171 5017 493 5075; x_wconf 90' lang='lat' dir='ltr'><strong>nitentiam</strong></span> <span class='ocrx_word' id='word_1_816' title='bbox 523 5030 624 5070; x_wconf 91' lang='lat' dir='ltr'><strong>eos</strong></span> <span class='ocrx_word' id='word_1_817' title='bbox 654 5013 914 5068; x_wconf 81' lang='lat' dir='ltr'><strong>adduxit.</strong></span> 
     </span>
    </p>
   </div>
   <div class='ocr_carea' id='block_1_99' title="bbox 244 5097 1833 5164">
    <p class='ocr_par' dir='ltr' id='par_1_99' title="bbox 244 5097 1833 5164">
     <span class='ocr_line' id='line_1_99' title="bbox 244 5097 1833 5164; baseline -0.003 -6"><span class='ocrx_word' id='word_1_818' title='bbox 244 5130 273 5158; x_wconf 85' lang='grc'><strong>‹‹</strong></span> <span class='ocrx_word' id='word_1_819' title='bbox 309 5105 743 5163; x_wconf 84' lang='lat' dir='ltr'><strong>Conﬁteantur.</strong></span> <span class='ocrx_word' id='word_1_820' title='bbox 779 5124 807 5151; x_wconf 85' lang='lat'>»</span> <span class='ocrx_word' id='word_1_821' title='bbox 838 5101 978 5156; x_wconf 87' lang='lat' dir='ltr'><strong>Pars</strong></span> <span class='ocrx_word' id='word_1_822' title='bbox 1010 5098 1204 5156; x_wconf 87' lang='lat' dir='ltr'><strong>tertia.</strong></span> <span class='ocrx_word' id='word_1_823' title='bbox 1237 5097 1415 5164; x_wconf 87' lang='lat' dir='ltr'><strong>Quasi</strong></span> <span class='ocrx_word' id='word_1_824' title='bbox 1446 5098 1666 5153; x_wconf 90' lang='lat' dir='ltr'><strong>diceret</strong></span> <span class='ocrx_word' id='word_1_825' title='bbox 1697 5117 1709 5154; x_wconf 93' lang='lat'>:</span> <span class='ocrx_word' id='word_1_826' title='bbox 1745 5099 1833 5154; x_wconf 89' lang='lat' dir='ltr'><strong>Si-</strong></span> 
     </span>
    </p>
   </div>
   <div class='ocr_carea' id='block_1_100' title="bbox 172 5187 1838 5268">
    <p class='ocr_par' dir='ltr' id='par_1_100' title="bbox 172 5187 1838 5268">
     <span class='ocr_line' id='line_1_100' title="bbox 172 5187 1838 5268; baseline -0.006 -15"><span class='ocrx_word' id='word_1_827' title='bbox 172 5201 276 5253; x_wconf 90' lang='lat' dir='ltr'><strong>cut</strong></span> <span class='ocrx_word' id='word_1_828' title='bbox 306 5197 554 5268; x_wconf 86' lang='lat' dir='ltr'><strong>prepter</strong></span> <span class='ocrx_word' id='word_1_829' title='bbox 585 5189 867 5247; x_wconf 88' lang='lat' dir='ltr'><strong>beneﬁcia</strong></span> <span class='ocrx_word' id='word_1_830' title='bbox 895 5191 997 5247; x_wconf 91' lang='lat' dir='ltr'><strong>Dei</strong></span> <span class='ocrx_word' id='word_1_831' title='bbox 1047 5188 1325 5260; x_wconf 63' lang='lat' dir='ltr'><strong>praedicta</strong></span> <span class='ocrx_word' id='word_1_832' title='bbox 1373 5187 1621 5259; x_wconf 81' lang='lat' dir='ltr'><strong>dignum</strong></span> <span class='ocrx_word' id='word_1_833' title='bbox 1652 5193 1741 5243; x_wconf 89' lang='lat' dir='ltr'><strong>est</strong></span> <span class='ocrx_word' id='word_1_834' title='bbox 1773 5194 1838 5243; x_wconf 93' lang='lat' dir='ltr'><strong>ut</strong></span> 
     </span>
    </p>
   </div>
   <div class='ocr_carea' id='block_1_101' title="bbox 173 5277 1842 5350">
    <p class='ocr_par' dir='ltr' id='par_1_101' title="bbox 173 5277 1842 5350">
     <span class='ocr_line' id='line_1_101' title="bbox 173 5277 1842 5350; baseline -0.006 -8"><span class='ocrx_word' id='word_1_835' title='bbox 173 5286 580 5343; x_wconf 88' lang='lat' dir='ltr'><strong>conﬁteantur</strong></span> <span class='ocrx_word' id='word_1_836' title='bbox 620 5279 890 5347; x_wconf 91' lang='lat' dir='ltr'><strong>Domino,</strong></span> <span class='ocrx_word' id='word_1_837' title='bbox 920 5279 1006 5334; x_wconf 89' lang='lat' dir='ltr'><strong>ita</strong></span> <span class='ocrx_word' id='word_1_838' title='bbox 1049 5296 1152 5350; x_wconf 90' lang='lat' dir='ltr'><strong>pro</strong></span> <span class='ocrx_word' id='word_1_839' title='bbox 1203 5277 1288 5332; x_wconf 90' lang='lat' dir='ltr'><strong>eis</strong></span> <span class='ocrx_word' id='word_1_840' title='bbox 1338 5293 1466 5348; x_wconf 67' lang='lat' dir='ltr'><strong>quae</strong></span> <span class='ocrx_word' id='word_1_841' title='bbox 1512 5282 1842 5349; x_wconf 87' lang='lat' dir='ltr'><strong>sequuntur</strong></span> 
     </span>
    </p>
   </div>
   <div class='ocr_carea' id='block_1_102' title="bbox 176 5365 1839 5437">
    <p class='ocr_par' dir='ltr' id='par_1_102' title="bbox 176 5365 1839 5437">
     <span class='ocr_line' id='line_1_102' title="bbox 176 5365 1839 5437; baseline -0.002 -13"><span class='ocrx_word' id='word_1_842' title='bbox 176 5399 203 5425; x_wconf 87' lang='grc'><strong>‹‹</strong></span> <span class='ocrx_word' id='word_1_843' title='bbox 241 5373 644 5431; x_wconf 88' lang='lat' dir='ltr'><strong>conﬁteantur</strong></span> <span class='ocrx_word' id='word_1_844' title='bbox 668 5370 917 5425; x_wconf 90' lang='lat' dir='ltr'><strong>Domino</strong></span> <span class='ocrx_word' id='word_1_845' title='bbox 949 5365 1363 5424; x_wconf 78' lang='lat' dir='ltr'><strong>misericordiae</strong></span> <span class='ocrx_word' id='word_1_846' title='bbox 1392 5366 1542 5437; x_wconf 85' lang='lat' dir='ltr'><strong>ejus,</strong></span> <span class='ocrx_word' id='word_1_847' title='bbox 1575 5370 1637 5422; x_wconf 90' lang='lat' dir='ltr'><strong>et</strong></span> <span class='ocrx_word' id='word_1_848' title='bbox 1664 5367 1839 5422; x_wconf 89' lang='lat' dir='ltr'><strong>mira-</strong></span> 
     </span>
    </p>
   </div>
   <div class='ocr_carea' id='block_1_103' title="bbox 175 5458 1092 5532">
    <p class='ocr_par' dir='ltr' id='par_1_103' title="bbox 175 5458 1092 5532">
     <span class='ocr_line' id='line_1_103' title="bbox 175 5458 1092 5532; baseline -0.009 -13"><span class='ocrx_word' id='word_1_849' title='bbox 175 5463 324 5520; x_wconf 89' lang='lat' dir='ltr'><strong>bilia</strong></span> <span class='ocrx_word' id='word_1_850' title='bbox 356 5462 493 5532; x_wconf 89' lang='lat' dir='ltr'><strong>ejus</strong></span> <span class='ocrx_word' id='word_1_851' title='bbox 523 5458 664 5515; x_wconf 88' lang='lat' dir='ltr'><strong>ﬁliis</strong></span> <span class='ocrx_word' id='word_1_852' title='bbox 694 5459 1029 5514; x_wconf 92' lang='lat' dir='ltr'><strong>hominum.</strong></span> <span class='ocrx_word' id='word_1_853' title='bbox 1065 5479 1092 5506; x_wconf 85' lang='lat'>»</span> 
     </span>
    </p>
   </div>
   <div class='ocr_carea' id='block_1_104' title="bbox 247 5544 1840 5618">
    <p class='ocr_par' dir='ltr' id='par_1_104' title="bbox 247 5544 1840 5618">
     <span class='ocr_line' id='line_1_104' title="bbox 247 5544 1840 5618; baseline -0.003 -12"><span class='ocrx_word' id='word_1_854' title='bbox 247 5553 322 5607; x_wconf 89' lang='lat' dir='ltr'><strong>Et</strong></span> <span class='ocrx_word' id='word_1_855' title='bbox 344 5550 568 5605; x_wconf 90' lang='lat' dir='ltr'><strong>debent</strong></span> <span class='ocrx_word' id='word_1_856' title='bbox 589 5548 876 5616; x_wconf 87' lang='lat' dir='ltr'><strong>conﬁteri,</strong></span> <span class='ocrx_word' id='word_1_857' title='bbox 901 5546 1040 5618; x_wconf 86' lang='lat' dir='ltr'><strong>quia</strong></span> <span class='ocrx_word' id='word_1_858' title='bbox 1071 5561 1208 5602; x_wconf 90' lang='lat' dir='ltr'><strong>cum</strong></span> <span class='ocrx_word' id='word_1_859' title='bbox 1241 5544 1438 5599; x_wconf 89' lang='lat' dir='ltr'><strong>anima</strong></span> <span class='ocrx_word' id='word_1_860' title='bbox 1468 5561 1669 5600; x_wconf 90' lang='lat' dir='ltr'><strong>eorum</strong></span> <span class='ocrx_word' id='word_1_861' title='bbox 1696 5546 1840 5601; x_wconf 87' lang='lat' dir='ltr'><strong>abo-</strong></span> 
     </span>
    </p>
   </div>
   <div class='ocr_carea' id='block_1_105' title="bbox 179 5634 1842 5701">
    <p class='ocr_par' dir='ltr' id='par_1_105' title="bbox 179 5634 1842 5701">
     <span class='ocr_line' id='line_1_105' title="bbox 179 5634 1842 5701; baseline -0.003 -5"><span class='ocrx_word' id='word_1_862' title='bbox 179 5640 415 5696; x_wconf 90' lang='lat' dir='ltr'><strong>minata</strong></span> <span class='ocrx_word' id='word_1_863' title='bbox 447 5636 528 5692; x_wconf 90' lang='lat' dir='ltr'><strong>sit</strong></span> <span class='ocrx_word' id='word_1_864' title='bbox 556 5653 792 5691; x_wconf 88' lang='lat' dir='ltr'><strong>omnem</strong></span> <span class='ocrx_word' id='word_1_865' title='bbox 816 5652 1033 5701; x_wconf 88' lang='lat' dir='ltr'><strong>escam,</strong></span> <span class='ocrx_word' id='word_1_866' title='bbox 1059 5634 1344 5690; x_wconf 87' lang='lat' dir='ltr'><strong>Dominus</strong></span> <span class='ocrx_word' id='word_1_867' title='bbox 1365 5634 1555 5689; x_wconf 88' lang='lat' dir='ltr'><strong>aufert</strong></span> <span class='ocrx_word' id='word_1_868' title='bbox 1574 5651 1690 5689; x_wconf 91' lang='lat' dir='ltr'><strong>non</strong></span> <span class='ocrx_word' id='word_1_869' title='bbox 1714 5638 1842 5691; x_wconf 89' lang='lat' dir='ltr'><strong>tan-</strong></span> 
     </span>
    </p>
   </div>
   <div class='ocr_carea' id='block_1_106' title="bbox 179 5722 1845 5795">
    <p class='ocr_par' dir='ltr' id='par_1_106' title="bbox 179 5722 1845 5795">
     <span class='ocr_line' id='line_1_106' title="bbox 179 5722 1845 5795; baseline -0.003 -9"><span class='ocrx_word' id='word_1_870' title='bbox 179 5733 313 5786; x_wconf 91' lang='lat' dir='ltr'><strong>tum</strong></span> <span class='ocrx_word' id='word_1_871' title='bbox 342 5726 512 5783; x_wconf 88' lang='lat' dir='ltr'><strong>illam</strong></span> <span class='ocrx_word' id='word_1_872' title='bbox 555 5724 1030 5795; x_wconf 88' lang='lat' dir='ltr'><strong>satietatem,sed</strong></span> <span class='ocrx_word' id='word_1_873' title='bbox 1081 5723 1280 5780; x_wconf 85' lang='lat' dir='ltr'><strong>omnia</strong></span> <span class='ocrx_word' id='word_1_874' title='bbox 1328 5722 1484 5780; x_wconf 89' lang='lat' dir='ltr'><strong>mala</strong></span> <span class='ocrx_word' id='word_1_875' title='bbox 1535 5739 1661 5794; x_wconf 81' lang='lat' dir='ltr'><strong>quae</strong></span> <span class='ocrx_word' id='word_1_876' title='bbox 1710 5724 1845 5782; x_wconf 89' lang='lat' dir='ltr'><strong>inde</strong></span> 
     </span>
    </p>
   </div>
   <div class='ocr_carea' id='block_1_107' title="bbox 1942 4746 2427 4821">
    <p class='ocr_par' dir='ltr' id='par_1_107' title="bbox 1942 4746 2427 4821">
     <span class='ocr_line' id='line_1_107' title="bbox 1942 4746 2427 4821; baseline -0.006 -17"><span class='ocrx_word' id='word_1_877' title='bbox 1942 4749 2057 4805; x_wconf 91' lang='lat' dir='ltr'><strong>cibi</strong></span> <span class='ocrx_word' id='word_1_878' title='bbox 2087 4746 2427 4821; x_wconf 90' lang='lat' dir='ltr'><strong>corporalis.</strong></span> 
     </span>
    </p>
   </div>
   <div class='ocr_carea' id='block_1_108' title="bbox 2014 4833 3605 4905">
    <p class='ocr_par' dir='ltr' id='par_1_108' title="bbox 2014 4833 3605 4905">
     <span class='ocr_line' id='line_1_108' title="bbox 2014 4833 3605 4905; baseline 0 -16"><span class='ocrx_word' id='word_1_879' title='bbox 2014 4860 2042 4889; x_wconf 83' lang='lat'>«</span> <span class='ocrx_word' id='word_1_880' title='bbox 2075 4838 2477 4892; x_wconf 86' lang='lat' dir='ltr'><strong>Conﬁteantur</strong></span> <span class='ocrx_word' id='word_1_881' title='bbox 2508 4833 2776 4890; x_wconf 91' lang='lat' dir='ltr'><strong>Domino.</strong></span> <span class='ocrx_word' id='word_1_882' title='bbox 2801 4855 2830 4884; x_wconf 73' lang='grc' dir='ltr'><strong>η</strong></span> <span class='ocrx_word' id='word_1_883' title='bbox 2862 4835 3001 4890; x_wconf 85' lang='lat' dir='ltr'><strong>Pars</strong></span> <span class='ocrx_word' id='word_1_884' title='bbox 3032 4836 3262 4905; x_wconf 88' lang='lat' dir='ltr'><strong>quarta.</strong></span> <span class='ocrx_word' id='word_1_885' title='bbox 3290 4833 3605 4889; x_wconf 86' lang='lat' dir='ltr'><strong>Continua-</strong></span> 
     </span>
    </p>
   </div>
   <div class='ocr_carea' id='block_1_109' title="bbox 1942 4921 3604 4996">
    <p class='ocr_par' dir='ltr' id='par_1_109' title="bbox 1942 4921 3604 4996">
     <span class='ocr_line' id='line_1_109' title="bbox 1942 4921 3604 4996; baseline -0.004 -14"><span class='ocrx_word' id='word_1_886' title='bbox 1942 4927 2023 4983; x_wconf 91' lang='lat' dir='ltr'><strong>tio</strong></span> <span class='ocrx_word' id='word_1_887' title='bbox 2049 4944 2061 4982; x_wconf 91' lang='lat'>:</span> <span class='ocrx_word' id='word_1_888' title='bbox 2086 4927 2250 4982; x_wconf 91' lang='lat' dir='ltr'><strong>Sicut</strong></span> <span class='ocrx_word' id='word_1_889' title='bbox 2280 4925 2480 4981; x_wconf 89' lang='lat' dir='ltr'><strong>monui</strong></span> <span class='ocrx_word' id='word_1_890' title='bbox 2518 4928 2755 4996; x_wconf 89' lang='lat' dir='ltr'><strong>propter</strong></span> <span class='ocrx_word' id='word_1_891' title='bbox 2783 4927 2990 4979; x_wconf 64' lang='lat' dir='ltr'><strong>castera</strong></span> <span class='ocrx_word' id='word_1_892' title='bbox 3021 4923 3306 4979; x_wconf 86' lang='lat' dir='ltr'><strong>beneficia</strong></span> <span class='ocrx_word' id='word_1_893' title='bbox 3327 4921 3604 4995; x_wconf 69' lang='lat' dir='ltr'><strong>praedicta</strong></span> 
     </span>
    </p>
   </div>
   <div class='ocr_carea' id='block_1_110' title="bbox 1944 5013 3604 5087">
    <p class='ocr_par' dir='ltr' id='par_1_110' title="bbox 1944 5013 3604 5087">
     <span class='ocr_line' id='line_1_110' title="bbox 1944 5013 3604 5087; baseline -0.004 -14"><span class='ocrx_word' id='word_1_894' title='bbox 1944 5020 2011 5072; x_wconf 88' lang='lat' dir='ltr'><strong>ut</strong></span> <span class='ocrx_word' id='word_1_895' title='bbox 2039 5014 2539 5083; x_wconf 87' lang='lat' dir='ltr'><strong>conﬁteantur,ita</strong></span> <span class='ocrx_word' id='word_1_896' title='bbox 2555 5018 2615 5069; x_wconf 88' lang='lat' dir='ltr'><strong>et</strong></span> <span class='ocrx_word' id='word_1_897' title='bbox 2630 5018 2872 5087; x_wconf 88' lang='lat' dir='ltr'><strong>propter</strong></span> <span class='ocrx_word' id='word_1_898' title='bbox 2887 5031 2956 5070; x_wconf 88' lang='lat' dir='ltr'><strong>ea</strong></span> <span class='ocrx_word' id='word_1_899' title='bbox 2969 5030 3099 5086; x_wconf 66' lang='lat' dir='ltr'><strong>qum</strong></span> <span class='ocrx_word' id='word_1_900' title='bbox 3116 5014 3290 5070; x_wconf 91' lang='lat' dir='ltr'><strong>modo</strong></span> <span class='ocrx_word' id='word_1_901' title='bbox 3311 5013 3604 5082; x_wconf 83' lang='lat' dir='ltr'><strong>dicentur,</strong></span> 
     </span>
    </p>
   </div>
   <div class='ocr_carea' id='block_1_111' title="bbox 1945 5100 3604 5179">
    <p class='ocr_par' dir='ltr' id='par_1_111' title="bbox 1945 5100 3604 5179">
     <span class='ocr_line' id='line_1_111' title="bbox 1945 5100 3604 5179; baseline -0.004 -18"><span class='ocrx_word' id='word_1_902' title='bbox 1945 5106 2190 5179; x_wconf 85' lang='lat' dir='ltr'><strong>dignum</strong></span> <span class='ocrx_word' id='word_1_903' title='bbox 2223 5107 2313 5159; x_wconf 90' lang='lat' dir='ltr'><strong>est</strong></span> <span class='ocrx_word' id='word_1_904' title='bbox 2341 5108 2407 5158; x_wconf 94' lang='lat' dir='ltr'><strong>ut</strong></span> <span class='ocrx_word' id='word_1_905' title='bbox 2427 5126 2456 5153; x_wconf 83' lang='lat'><strong><em>«</em></strong></span> <span class='ocrx_word' id='word_1_906' title='bbox 2491 5103 2884 5158; x_wconf 89' lang='lat' dir='ltr'><strong>conﬁteantur</strong></span> <span class='ocrx_word' id='word_1_907' title='bbox 2912 5101 3159 5158; x_wconf 91' lang='lat' dir='ltr'><strong>Domino</strong></span> <span class='ocrx_word' id='word_1_908' title='bbox 3190 5100 3604 5159; x_wconf 64' lang='lat' dir='ltr'><strong>misericordia)</strong></span> 
     </span>
    </p>
   </div>
   <div class='ocr_carea' id='block_1_112' title="bbox 1945 5190 3610 5267">
    <p class='ocr_par' dir='ltr' id='par_1_112' title="bbox 1945 5190 3610 5267">
     <span class='ocr_line' id='line_1_112' title="bbox 1945 5190 3610 5267; baseline -0.004 -14"><span class='ocrx_word' id='word_1_909' title='bbox 1945 5197 2095 5267; x_wconf 85' lang='lat' dir='ltr'><strong>ejus,</strong></span> <span class='ocrx_word' id='word_1_910' title='bbox 2118 5198 2175 5250; x_wconf 89' lang='lat' dir='ltr'><strong>et</strong></span> <span class='ocrx_word' id='word_1_911' title='bbox 2204 5192 2499 5249; x_wconf 89' lang='lat' dir='ltr'><strong>mirabilia</strong></span> <span class='ocrx_word' id='word_1_912' title='bbox 2524 5192 2653 5263; x_wconf 89' lang='lat' dir='ltr'><strong>ejus</strong></span> <span class='ocrx_word' id='word_1_913' title='bbox 2676 5190 2814 5246; x_wconf 88' lang='lat' dir='ltr'><strong>ﬁliis</strong></span> <span class='ocrx_word' id='word_1_914' title='bbox 2836 5190 3170 5259; x_wconf 86' lang='lat' dir='ltr'><strong>hominum,</strong></span> <span class='ocrx_word' id='word_1_915' title='bbox 3195 5213 3225 5241; x_wconf 83' lang='lat'><strong>»</strong></span> <span class='ocrx_word' id='word_1_916' title='bbox 3251 5190 3408 5246; x_wconf 88' lang='lat' dir='ltr'><strong>sicut</strong></span> <span class='ocrx_word' id='word_1_917' title='bbox 3426 5205 3610 5262; x_wconf 86' lang='lat' dir='ltr'><strong>supra</strong></span> 
     </span>
    </p>
   </div>
   <div class='ocr_carea' id='block_1_113' title="bbox 1949 5284 2424 5357">
    <p class='ocr_par' dir='ltr' id='par_1_113' title="bbox 1949 5284 2424 5357">
     <span class='ocr_line' id='line_1_113' title="bbox 1949 5284 2424 5357; baseline -0.008 -17"><span class='ocrx_word' id='word_1_918' title='bbox 1949 5284 2281 5357; x_wconf 85' lang='lat' dir='ltr'><strong>expositum</strong></span> <span class='ocrx_word' id='word_1_919' title='bbox 2314 5287 2424 5338; x_wconf 90' lang='lat' dir='ltr'><strong>est.</strong></span> 
     </span>
    </p>
   </div>
   <div class='ocr_carea' id='block_1_114' title="bbox 2021 5366 3609 5437">
    <p class='ocr_par' dir='ltr' id='par_1_114' title="bbox 2021 5366 3609 5437">
     <span class='ocr_line' id='line_1_114' title="bbox 2021 5366 3609 5437; baseline -0.003 -9"><span class='ocrx_word' id='word_1_920' title='bbox 2021 5374 2162 5428; x_wconf 91' lang='lat' dir='ltr'><strong>Dico</strong></span> <span class='ocrx_word' id='word_1_921' title='bbox 2194 5394 2220 5421; x_wconf 90' lang='grc'><strong>‹‹</strong></span> <span class='ocrx_word' id='word_1_922' title='bbox 2256 5372 2667 5437; x_wconf 87' lang='lat' dir='ltr'><strong>conﬁteantur,</strong></span> <span class='ocrx_word' id='word_1_923' title='bbox 2696 5392 2722 5417; x_wconf 85' lang='grc'><strong>››</strong></span> <span class='ocrx_word' id='word_1_924' title='bbox 2754 5372 2811 5424; x_wconf 91' lang='lat' dir='ltr'><strong>et</strong></span> <span class='ocrx_word' id='word_1_925' title='bbox 2841 5369 3173 5424; x_wconf 89' lang='lat' dir='ltr'><strong>sacriﬁcent</strong></span> <span class='ocrx_word' id='word_1_926' title='bbox 3194 5369 3455 5436; x_wconf 91' lang='lat' dir='ltr'><strong>Deo,non</strong></span> <span class='ocrx_word' id='word_1_927' title='bbox 3478 5366 3609 5423; x_wconf 90' lang='lat' dir='ltr'><strong>dico</strong></span> 
     </span>
    </p>
   </div>
   <div class='ocr_carea' id='block_1_115' title="bbox 1952 5456 3606 5530">
    <p class='ocr_par' dir='ltr' id='par_1_115' title="bbox 1952 5456 3606 5530">
     <span class='ocr_line' id='line_1_115' title="bbox 1952 5456 3606 5530; baseline -0.002 -14"><span class='ocrx_word' id='word_1_928' title='bbox 1952 5461 2180 5516; x_wconf 89' lang='lat' dir='ltr'><strong>hircum</strong></span> <span class='ocrx_word' id='word_1_929' title='bbox 2208 5459 2298 5515; x_wconf 93' lang='lat' dir='ltr'><strong>vel</strong></span> <span class='ocrx_word' id='word_1_930' title='bbox 2340 5459 2575 5530; x_wconf 87' lang='lat' dir='ltr'><strong>aliquod</strong></span> <span class='ocrx_word' id='word_1_931' title='bbox 2626 5457 2759 5524; x_wconf 89' lang='lat' dir='ltr'><strong>tale,</strong></span> <span class='ocrx_word' id='word_1_932' title='bbox 2791 5459 2894 5513; x_wconf 91' lang='lat' dir='ltr'><strong>sed</strong></span> <span class='ocrx_word' id='word_1_933' title='bbox 2938 5457 3196 5529; x_wconf 86' lang='lat' dir='ltr'><strong>laudem,</strong></span> <span class='ocrx_word' id='word_1_934' title='bbox 3230 5462 3289 5513; x_wconf 92' lang='lat' dir='ltr'><strong>et</strong></span> <span class='ocrx_word' id='word_1_935' title='bbox 3337 5456 3449 5512; x_wconf 87' lang='lat' dir='ltr'><strong>hoc</strong></span> <span class='ocrx_word' id='word_1_936' title='bbox 3496 5458 3606 5525; x_wconf 86' lang='lat' dir='ltr'><strong>est,</strong></span> 
     </span>
    </p>
   </div>
   <div class='ocr_carea' id='block_1_116' title="bbox 1955 5545 3610 5614">
    <p class='ocr_par' dir='ltr' id='par_1_116' title="bbox 1955 5545 3610 5614">
     <span class='ocr_line' id='line_1_116' title="bbox 1955 5545 3610 5614; baseline -0.001 -12"><span class='ocrx_word' id='word_1_937' title='bbox 1955 5573 1985 5602; x_wconf 81' lang='grc'><strong>‹‹</strong></span> <span class='ocrx_word' id='word_1_938' title='bbox 2017 5549 2373 5605; x_wconf 89' lang='lat' dir='ltr'><strong>sacriﬁcium</strong></span> <span class='ocrx_word' id='word_1_939' title='bbox 2400 5547 2614 5614; x_wconf 90' lang='lat' dir='ltr'><strong>laudis,</strong></span> <span class='ocrx_word' id='word_1_940' title='bbox 2648 5569 2674 5595; x_wconf 85' lang='grc'><strong>››</strong></span> <span class='ocrx_word' id='word_1_941' title='bbox 2708 5546 2765 5602; x_wconf 89' lang='lat' dir='ltr'><strong>id</strong></span> <span class='ocrx_word' id='word_1_942' title='bbox 2794 5551 2884 5602; x_wconf 90' lang='lat' dir='ltr'><strong>est</strong></span> <span class='ocrx_word' id='word_1_943' title='bbox 2913 5547 3089 5603; x_wconf 89' lang='lat' dir='ltr'><strong>dictis</strong></span> <span class='ocrx_word' id='word_1_944' title='bbox 3117 5551 3176 5603; x_wconf 90' lang='lat' dir='ltr'><strong>et</strong></span> <span class='ocrx_word' id='word_1_945' title='bbox 3206 5545 3376 5604; x_wconf 81' lang='lat' dir='ltr'><strong>factis</strong></span> <span class='ocrx_word' id='word_1_946' title='bbox 3413 5549 3610 5603; x_wconf 85' lang='lat' dir='ltr'><strong>osten-</strong></span> 
     </span>
    </p>
   </div>
   <div class='ocr_carea' id='block_1_117' title="bbox 1954 5635 3613 5703">
    <p class='ocr_par' dir='ltr' id='par_1_117' title="bbox 1954 5635 3613 5703">
     <span class='ocr_line' id='line_1_117' title="bbox 1954 5635 3613 5703; baseline -0.003 -8"><span class='ocrx_word' id='word_1_947' title='bbox 1954 5640 2098 5696; x_wconf 90' lang='lat' dir='ltr'><strong>dant</strong></span> <span class='ocrx_word' id='word_1_948' title='bbox 2129 5639 2312 5693; x_wconf 83' lang='lat' dir='ltr'><strong>Deum</strong></span> <span class='ocrx_word' id='word_1_949' title='bbox 2344 5635 2724 5703; x_wconf 89' lang='lat' dir='ltr'><strong>laudabilem,</strong></span> <span class='ocrx_word' id='word_1_950' title='bbox 2758 5636 3081 5691; x_wconf 88' lang='lat' dir='ltr'><strong>secundum</strong></span> <span class='ocrx_word' id='word_1_951' title='bbox 3114 5635 3224 5692; x_wconf 91' lang='lat' dir='ltr'><strong>hoc</strong></span> <span class='ocrx_word' id='word_1_952' title='bbox 3251 5653 3264 5691; x_wconf 92' lang='lat'><strong>:</strong></span> <span class='ocrx_word' id='word_1_953' title='bbox 3290 5658 3319 5686; x_wconf 88' lang='lat'><strong>«</strong></span> <span class='ocrx_word' id='word_1_954' title='bbox 3354 5635 3613 5691; x_wconf 89' lang='lat' dir='ltr'><strong>Luceant</strong></span> 
     </span>
    </p>
   </div>
   <div class='ocr_carea' id='block_1_118' title="bbox 1956 5724 3611 5802">
    <p class='ocr_par' dir='ltr' id='par_1_118' title="bbox 1956 5724 3611 5802">
     <span class='ocr_line' id='line_1_118' title="bbox 1956 5724 3611 5802; baseline -0.002 -16"><span class='ocrx_word' id='word_1_955' title='bbox 1956 5746 2131 5802; x_wconf 89' lang='lat' dir='ltr'><strong>opera</strong></span> <span class='ocrx_word' id='word_1_956' title='bbox 2162 5731 2357 5784; x_wconf 87' lang='lat' dir='ltr'><strong>vestra</strong></span> <span class='ocrx_word' id='word_1_957' title='bbox 2404 5726 2560 5782; x_wconf 85' lang='lat' dir='ltr'><strong>bona</strong></span> <span class='ocrx_word' id='word_1_958' title='bbox 2606 5742 2803 5782; x_wconf 89' lang='lat' dir='ltr'><strong>coram</strong></span> <span class='ocrx_word' id='word_1_959' title='bbox 2854 5724 3218 5795; x_wconf 78' lang='lat' dir='ltr'><strong>hominibus,</strong></span> <span class='ocrx_word' id='word_1_960' title='bbox 3250 5730 3317 5782; x_wconf 90' lang='lat' dir='ltr'><strong>ut</strong></span> <span class='ocrx_word' id='word_1_961' title='bbox 3347 5724 3611 5783; x_wconf 83' lang='lat' dir='ltr'><strong>videntes</strong></span> 
     </span>
    </p>
   </div>
  </div>
