3942 6390
369 431 486 492 367

776 428 1182 491 HAYMONIS
1224 423 1763 487 HALBERSTAT.
1798 422 2004 483 EPISC

2193 425 2248 484 [).
2281 426 2510 486 PARS.
2545 428 2592 488 Ι.
2626 462 2703 471 -
2732 428 3141 489 ΟΟΜΜΕΝΤ.
3182 429 3384 489 BIBL.

3673 430 3789 489 568

366 576 544 637 opera
570 566 785 630 vestra,
816 565 875 616 et
901 560 1228 631 gloriﬁcent
1258 558 1487 613 Patrem
1522 559 1779 610 vestrum
1813 554 2019 624 (Matth.
2053 557 2111 625 Α
2139 556 2302 612 illam
2344 576 2549 615 auram
2583 582 2610 609 ‹‹
2646 559 2937 615 siluerunt
2985 562 3203 616 fluctus
3249 562 3378 632 ejus
3412 582 3440 610 ››
3466 562 3671 631 maris,
3702 562 3787 619 vel

365 656 451 722 v,)
479 676 507 703 α
541 657 600 708 et
643 651 996 708 annuntient
1043 665 1220 720 opera
1266 647 1395 718 ejus
1428 668 1456 693 ››
1489 645 1612 711 Dei,
1641 643 1818 699 veluti
1869 643 2025 715 quod

367 745 604 814 peccata
630 738 875 795 dimittit
903 741 962 793 et
987 738 1096 793 alia
1129 741 1345 792 cuncta
1375 735 1528 788 bona
1555 732 1713 799 facit,
1737 736 1793 786 et
1814 731 1924 787 hoc
1950 731 2027 785 fa-

368 830 528 886 ciant
554 852 581 879 ‹‹
616 829 676 883 in
707 826 1116 892 exsultatione,
1152 847 1180 875 ››
1211 823 1627 879 cxsultandum
1668 820 1902 892 quidem
1937 822 2027 875 est

369 919 507 983 illis,
541 916 642 990 qui
665 917 786 974 Ι]ωο
808 934 981 989 opera
1012 914 1116 971 Dei
1149 914 1484 969 attendunt.

438 1008 580 1064 Dico
595 1031 622 1058 «
642 1005 1017 1072 annuntient,
1040 1028 1066 1054 ››
1088 1020 1274 1075 neque
1297 1002 1407 1057 hoc
1428 1000 1706 1056 omnibus
1729 995 2022 1069 praecipio,

256 1082 261 1085 η
368 1098 469 1155 sed
502 1097 832 1156 rectoribus
859 1094 1150 1160 Ecclesiae,
1178 1094 1250 1149 de
1280 1091 1497 1164 quibus
1527 1088 1689 1154 dicit,
1724 1111 1752 1138 ‹‹
1788 1086 1888 1159 qui
1921 1087 2024 1140 de-

366 1188 681 1253 scendunt,
718 1207 749 1235 »
790 1186 862 1242 de
907 1183 1271 1242 sublimitate
1324 1197 1443 1236 suae
1490 1174 2023 1248 contemplationis,

368 1300 398 1329 ‹‹
432 1293 616 1345 mare,
651 1298 679 1327 »ι
711 1275 773 1331 id
799 1279 909 1344 est,
942 1274 1101 1331 istud
1134 1270 1435 1338 saeculum,
1460 1268 1615 1340 quod
1648 1264 1857 1320 multis
1889 1264 2027 1318 ﬂuc-

366 1364 530 1423 tibus
559 1364 851 1439 agitatur;
884 1364 957 1421 ad
989 1363 1145 1436 quod
1178 1359 1544 1416 descendunt
1573 1380 1600 1405 ‹‹
1626 1354 1687 1409 in
1716 1352 1963 1408 navibus
1997 1374 2025 1400 ››

367 1455 669 1528 regendis,
694 1454 755 1510 id
784 1458 875 1512 est
903 1454 962 1509 in
991 1452 1288 1518 Ecclesiis,
1323 1465 1454 1521 qua:
1499 1445 1942 1502 circumdantur
1969 1446 2027 1497 et

369 1545 817 1601 contunduntur
844 1543 1121 1599 fluctibus
1142 1545 1200 1597 et
1225 1536 1613 1596 seditionibus
1641 1534 1822 1605 hujus
1852 1548 2027 1587 saecu-

368 1632 432 1701 li,
464 1632 645 1689 veluti
676 1650 853 1689 naves
884 1632 1165 1687 ﬂuetibus
1194 1628 1411 1695 maris;
1443 1625 1554 1697 ipsi
1587 1624 1718 1678 dico
1758 1620 1859 1694 qui
1893 1621 2023 1675 des-

367 1722 648 1790 cendunt,
683 1744 712 1772 α
746 1721 1025 1777 facientes
1051 1719 1472 1792 operationem,
1507 1735 1536 1764 ››
1570 1711 1794 1768 scilicet
1823 1708 2028 1782 prmdi-

367 1810 620 1867 cationis
642 1814 702 1867 et
730 1808 1136 1875 confessionis,
1156 1812 1212 1863 et
1228 1806 1342 1862 alia
1359 1804 1459 1860 Dei
1482 1800 1765 1858 beneﬁcia
1795 1799 2026 1870 dispen-

368 1902 570 1956 santes
599 1923 627 1950 «
659 1899 721 1955 in
750 1899 921 1971 aquis
952 1897 1179 1965 multis,
1204 1918 1229 1945 ››
1250 1895 1306 1950 id
1329 1897 1439 1961 est,
1461 1893 1518 1947 in
1542 1888 1749 1945 multis
1767 1886 2020 1960 populis.

441 2012 469 2040 ‹‹
506 1987 622 2062 Ipsi
652 2011 687 2040 ν
731 1993 984 2045 rectores
1032 1985 1324 2052 Ecclesiae,
1359 1982 1460 2054 qui
1511 1980 1593 2035 ita
1638 1977 2023 2043 descendunt,

367 2101 397 2129 «ι
428 2078 707 2135 viderunt
735 2094 913 2152 Opera
941 2075 1197 2142 Domini,
1222 2079 1279 2130 et
1300 2068 1597 2128 mirabilia
1626 2069 1775 2139 ejus,
1804 2090 1830 2115 ››
1856 2066 1912 2120 id
1937 2068 2027 2120 est

368 2167 672 2224 mirabiles
715 2166 1082 2239 operationes
1133 2165 1262 2236 ejus
1308 2161 1707 2234 cognoverunt
1737 2180 1763 2206 ‹‹
1799 2156 1859 2210 in
1892 2172 2024 2227 pro-

369 2256 553 2313 fundo
586 2278 615 2307 ››
646 2257 841 2312 cordis
868 2271 881 2311 :
913 2255 1024 2320 vel,
1057 2255 1239 2310 factas
1270 2252 1331 2307 in
1365 2249 1675 2323 profundo,
1708 2246 1768 2301 id
1799 2249 1907 2313 cst,
1942 2243 2028 2299 in-

367 2345 673 2402 ecrntabili
704 2345 950 2402 consilio
980 2344 1102 2401 Dei.

443 2438 599 2493 Bene
627 2436 757 2492 dico
790 2459 817 2485 ‹‹
853 2452 1050 2506 opera,
1075 2455 1102 2482 ››
1125 2430 1265 2505 quia
1288 2430 1409 2485 haec
1430 2444 1606 2500 opera
1626 2426 1725 2481 Dei
1752 2425 1904 2481 inter
1924 2442 2025 2479 cae-

368 2529 498 2582 tera
525 2529 920 2599 cognoverunt
951 2523 1107 2595 quod
1139 2522 1264 2594 ipse
1294 2542 1324 2569 «
1357 2517 1522 2587 dixit,
1550 2539 1576 2565 »
1608 2515 1665 2569 id
1698 2519 1788 2570 cst
1817 2514 2019 2582 voluit,

375 2638 405 2668 α
429 2619 491 2672 et
517 2613 762 2687 spiritus
793 2611 1083 2686 procellae,
1108 2632 1134 2660 ››
1158 2610 1215 2665 id
1249 2613 1338 2666 est
1366 2605 1765 2676 diabolus,qui
1786 2622 2021 2659 omnem

371 2707 566 2761 movet
591 2702 925 2776 procellam,
959 2702 1017 2758 id
1050 2704 1159 2769 est,
1194 2700 1601 2771 tempestatem
1632 2696 2020 2751 tentationum

368 2795 550 2867 hujus
580 2793 732 2862 vitaz,
767 2815 795 2843 «
829 2791 1009 2860 stetit,
1035 2791 1136 2846 nid
1154 2794 1263 2858 est,
1285 2787 1514 2844 horruit
1543 2790 1747 2842 contra
1770 2790 2022 2842 restores

366 2883 659 2953 Ecclesiae,
692 2887 749 2939 et
778 2882 838 2938 in
874 2882 1021 2955 ipsis
1069 2878 1383 2954 procellam
1433 2895 1603 2933 suam
1655 2876 1971 2932 commovit
2006 2892 2018 2930 :

367 2996 399 3025 ‹‹
432 2975 502 3029 Et
537 2994 562 3024 η
612 2989 719 3047 per
764 2972 875 3028 hoc
907 2996 933 3022 ι(
970 2972 1184 3027 ﬂuctus
1242 2969 1370 3040 ejus
1406 2991 1432 3018 »
1464 2966 1749 3040 procellze,
1804 2967 1863 3020 id
1911 2969 2020 3034 est,

366 3064 749 3120 adversitates
790 3061 879 3118 vel
912 3063 1314 3132 tempestates,
1338 3061 1396 3114 et
1425 3055 1861 3130 prosperitates,
1894 3073 2023 3127 qua:

366 3154 624 3210 maxime
653 3151 1000 3209 concutiunt
1028 3150 1206 3205 corda
1234 3147 1565 3218 hominum,
1590 3170 1615 3197 ‹‹
1642 3149 1784 3203 sunt
1813 3146 2026 3201 exalta-

365 3242 433 3311 ti,
470 3264 499 3292 »
528 3242 586 3298 id
619 3245 727 3307 est,
761 3238 1131 3311 multiplicati
1164 3237 1223 3292 in
1254 3237 1338 3293 eis
1370 3254 1383 3292 :
1417 3240 1602 3293 tentat
1631 3237 1789 3291 enim
1822 3236 2021 3291 diabo-

367 3331 464 3387 lus
492 3330 653 3403 ipsos
702 3334 954 3386 rectores
1002 3327 1292 3395 Ecclesiae,
1327 3329 1384 3381 ct
1413 3344 1517 3397 per
1567 3343 1706 3381 suas
1755 3325 2023 3398 proprias
2055 3314 2101 3380 C

370 3418 789 3494 prosperitates
820 3421 879 3473 et
906 3417 1173 3489 proprias
1200 3416 1471 3473 similiter
1499 3415 1903 3472 adversitatcs.

444 3526 474 3559 α
508 3504 748 3563 Fluctus
777 3510 918 3563 sunt
949 3506 1204 3573 exaltati,
1233 3528 1260 3554 ››
1283 3509 1340 3561 et
1364 3523 1467 3577 per
1494 3504 1603 3560 hoc
1631 3504 1715 3559 illi
1747 3508 2020 3569 rectores,

371 3612 522 3671 quos
552 3596 637 3652 illi
669 3595 982 3668 impellunt
1027 3596 1263 3666 ﬂuctus,
1294 3618 1321 3644 ‹‹
1358 3595 1684 3650 ascendunt
1731 3611 1919 3665 usque
1950 3596 2021 3650 ad

368 3686 567 3755 ccelos,
601 3708 630 3737 »
661 3685 884 3743 scilicet
912 3702 1016 3757 per
1042 3684 1260 3740 multas
1292 3685 1704 3757 prosperitates
1727 3685 2025 3739 ducuntur

368 3778 429 3833 in
460 3776 708 3833 nimiam
746 3774 1081 3832 altitudinis
1128 3773 1473 3839 elationem;
1508 3797 1536 3823 ‹‹
1573 3777 1630 3828 et
1660 3774 2024 3830 descendunt

367 3880 556 3938 usque
584 3865 662 3921 ab
688 3865 953 3938 abyssos,
992 3887 1017 3912 »
1039 3863 1208 3935 quia,
1241 3861 1502 3934 depressi
1546 3862 1605 3916 in
1640 3861 2021 3918 multitudine

364 3955 809 4023 adversitatum,
843 3955 1143 4009 ducuntur
1187 3967 1375 4025 usque
1414 3951 1471 4006 in
1503 3950 1969 4023 desperationem
2004 3969 2018 4007 :

363 4049 423 4102 et
450 4060 553 4118 per
576 4043 687 4100 hoc
716 4067 744 4093 ‹‹
777 4043 979 4100 anima
1007 4060 1209 4098 eorum
1242 4041 1597 4108 tabescebat,
1623 4063 1649 4089 ››
1680 4039 1740 4095 id
1773 4042 2023 4108 est,de{i-

362 4133 575 4202 ciebat,
609 4157 637 4184 α
672 4133 730 4188 in
764 4132 959 4205 malis,
995 4154 1023 4181 ››
1055 4133 1115 4187 id
1162 4135 1252 4187 est
1297 4134 1532 4203 propter
1581 4129 1738 4184 mala
1784 4148 1913 4202 qua:
1961 4130 2019 4185 in

362 4224 515 4297 ipsis
559 4223 875 4279 movebant
911 4221 1269 4276 tentationes
1317 4218 1649 4289 deficiebat,
1682 4218 1821 4291 quia
1872 4219 2017 4275 nihil

362 4312 502 4370 boni
533 4312 722 4369 facere
749 4310 1042 4367 valebant.

432 4422 463 4453 «
495 4399 687 4458 Etiam
718 4398 939 4456 turbati
969 4402 1128 4468 sunt,
1166 4422 1195 4447 η
1226 4398 1282 4453 id
1314 4403 1423 4464 est,
1457 4398 1732 4471 ignorant
1760 4397 1902 4470 quid
1934 4399 2017 4453 fa-

360 4492 638 4547 ciendum
659 4490 737 4546 sit
755 4490 860 4558 eis,
880 4488 1037 4545 sicut
1065 4492 1321 4544 rectores
1354 4486 1587 4543 navium
1620 4487 1936 4543 turbantur
1957 4486 2015 4541 in

360 4580 532 4649 mari,
566 4579 876 4653 ingruente
920 4576 1250 4634 vehementi
1301 4581 1681 4648 tempestate;
1716 4600 1743 4626 «
1778 4581 1835 4632 et
1874 4578 2017 4631 moti

2057 1939 2106 2002 B

2137 648 2379 722 Spiritus
2410 650 2651 723 maligni
2686 649 2785 722 qui
2818 649 2980 721 prius
3011 650 3298 722 impetum
3344 650 3783 707 immittebant:

2137 739 2277 811 quia
2322 738 2689 795 inhabitants
2736 758 2836 795 eos
2886 739 3109 812 Spiritu
3159 744 3383 807 sancto,
3417 740 3546 811 jam
3593 740 3787 797 nullus

2137 831 2372 896 ﬂuctus,
2404 829 2607 885 nullus
2639 830 2894 902 impetus
2916 829 3133 885 diaboli
3158 828 3349 901 potuit
3369 830 3657 885 dominari
3682 831 3783 886 eis.

2208 943 2233 969 ‹‹
2270 921 2338 974 Et
2370 919 2542 974 laetati
2575 923 2716 974 sunt
2748 918 2886 990 quia
2917 917 3229 987 siluerunt,
3260 921 3318 974 et
3337 940 3365 968 ››
3391 918 3475 974 sic
3498 942 3526 968 «
3555 918 3793 973 deduxit

2136 1027 2236 1065 eos
2267 1009 2326 1062 in
2361 1012 2592 1081 portum
2625 1008 2945 1064 voluntatis
2973 1025 3199 1077 eorum,
3234 1030 3262 1059 «
3294 1008 3351 1064 id
3383 1011 3490 1076 est,
3522 1007 3582 1063 in
3614 1026 3790 1080 quan-

2135 1102 2257 1154 tam
2281 1097 2593 1153 voluerunt
2621 1098 3021 1154 securitatem.

2207 1212 2233 1237 ‹‹
2271 1188 2689 1243 Coufiteantur.
2726 1210 2752 1235 ››
2789 1188 2928 1243 Pars
2973 1187 3199 1259 quinta.
3233 1188 3303 1242 Et
3349 1186 3502 1243 sicut
3548 1186 3609 1241 in
3657 1186 3787 1241 aliis

2136 1277 2444 1349 proposuit
2474 1277 2938 1332 admonitionem
2972 1276 3166 1332 laudis
3187 1275 3677 1349 prosequentibus
3699 1276 3791 1330 be-

2137 1366 2381 1437 neficiis,
2413 1366 2495 1421 ita
2524 1366 2641 1432 hic,
2674 1382 2809 1421 cum
2842 1365 3020 1420 dicit:
3063 1383 3085 1412 ι
3114 1365 3513 1420 Confiteantur
3543 1364 3790 1420 Domino

2136 1456 2552 1511 misericordia:
2601 1455 2750 1527 ejus,
2783 1459 2841 1511 et
2887 1454 3184 1510 mirabilia
3231 1455 3361 1525 ejus
3412 1452 3551 1510 ﬁliis
3596 1453 3787 1509 homi-

2136 1562 2302 1613 num,
2336 1570 2355 1597 ι
2396 1550 2461 1600 ut
2491 1562 2689 1617 supra.

2213 1656 2235 1683 α
2271 1636 2341 1690 Et
2368 1634 2623 1691 exaltent
2651 1651 2786 1690 cum
2819 1634 2877 1688 in
2900 1633 3157 1689 Ecclesia
3177 1632 3365 1705 plebis
3391 1656 3414 1685 ι
3441 1636 3500 1689 et
3518 1635 3638 1688 tota
3660 1646 3793 1687 con-

2136 1723 2394 1796 gregatio
2426 1722 2623 1795 populi
2654 1722 2895 1778 laudent
2922 1739 3058 1777 eum
3090 1721 3505 1789 communiter,
3524 1726 3581 1776 et
3608 1721 3789 1776 etiam

2134 1813 2216 1868 illi
2252 1813 2508 1885 przelati;
2540 1817 2598 1869 et
2623 1813 2733 1868 hoc
2764 1816 2852 1869 est
2885 1829 2898 1868 :
2942 1833 2969 1866 α
2998 1816 3058 1869 et
3085 1811 3145 1867 in
3177 1811 3454 1867 cathedra
3484 1809 3787 1867 seniorum

2135 1902 2375 1958 laudent
2404 1920 2561 1971 eum,
2600 1925 2621 1953 ιι
2658 1902 2715 1957 id
2747 1905 2855 1974 est,
2888 1901 2969 1957 illi
3002 1901 3102 1974 qui
3126 1901 3347 1957 habent
3380 1899 3794 1974 magisterium

2136 2009 2314 2064 super
2343 1992 2510 2048 alios.

2207 2082 2493 2148 Exaltcnt,
2525 2082 2789 2151 laudent,
2813 2081 2941 2137 ideo
2963 2080 3105 2153 quia
3125 2080 3250 2152 ipse
3276 2102 3298 2128 ι
3324 2078 3521 2152 posuit
3540 2076 3796 2133 ﬂumina

2136 2172 2195 2227 in
2227 2173 2547 2239 desertum,
2580 2194 2600 2221 ι»
2628 2171 2685 2226 id
2719 2175 2827 2242 est,
2856 2171 3154 2225 doctrinas
3184 2166 3478 2241 Evangelii
3510 2166 3710 2239 posuit
3729 2166 3792 2221 in

2135 2265 2356 2335 gentes,
2392 2261 2609 2333 quibus
2640 2260 2817 2315 corda
2845 2275 3047 2315 eorum
3073 2257 3428 2329 irrigantur;
3467 2275 3490 2304 ι
3524 2260 3582 2311 et
3598 2254 3796 2311 exitus

2136 2368 2446 2423 aquarum,
2464 2376 2484 2403 ι)
2505 2351 2563 2405 id
2576 2354 2683 2418 est,
2700 2350 2889 2422 ipsam
2903 2345 3562 2404 doctrinam‘manifeste
3581 2361 3795 2400 exeun-

2133 2444 2251 2496 tem
2281 2441 2352 2496 de
2381 2440 2584 2495 Judma
2615 2456 2719 2511 per
2748 2436 3218 2511 praadicationem
3248 2433 3655 2507 apostolorum
3686 2450 3789 2506 po-

2134 2530 2254 2587 suit
2291 2551 2312 2579 α
2347 2531 2403 2585 in
2438 2529 2622 2597 sitim,
2661 2551 2682 2579 ι
2718 2528 2776 2583 id
2807 2532 2918 2596 est,
2954 2528 3014 2582 in
3046 2528 3265 2600 gentes,
3298 2523 3399 2596 qui
3430 2523 3667 2580 interna
3694 2539 3790 2578 as-

2133 2620 2422 2692 piratione
2453 2618 2747 2673 caelestem
2776 2616 3104 2672 doctrinam
3135 2613 3438 2670 sitiebant.

2210 2731 2230 2758 ι
2267 2710 2507 2764 Terram
2540 2724 2674 2763 vero
2706 2705 3086 2771 fructiferam,
3114 2726 3136 2755 1
3160 2702 3221 2758 id
3251 2706 3338 2759 est
3368 2702 3787 2772 Judzram,que2

2134 2798 2299 2871 prius
2329 2800 2454 2854 erat
2474 2797 2791 2863 fructifera,
2813 2795 3011 2867 posuit
3034 2816 3054 2844 ι
3079 2792 3140 2848 in
3162 2790 3573 2865 salsuginem»
3595 2788 3654 2844 id
3672 2793 3787 2855 est,

2134 2886 2193 2941 in
2217 2885 2721 2943 sterilitatem.Per
2742 2882 3106 2955 salsuginem
3128 2879 3491 2936 sterilitatem
3520 2875 3788 2947 intelligi-

2134 2976 2395 3047 tur,quia
2416 2974 2463 3030 si
2488 2972 2724 3046 salsugo
2746 2977 2909 3027 terra:
2928 2971 3401 3036 misceatur,eam
3419 2965 3651 3039 penitus
3668 2968 3783 3019 ste-

2134 3065 2303 3121 rilem
2338 3065 2476 3120 facit
2499 3081 2511 3119 :
2537 3067 2595 3117 et
2623 3064 2731 3118 hoc
2758 3061 2894 3117 fecit
2924 3080 2944 3109 ι
2970 3078 3006 3116 a
3038 3058 3284 3125 malitia,
3310 3080 3329 3106 η
3358 3056 3416 3112 id
3438 3058 3783 3127 est,propter

2137 3154 2420 3210 malitiam
2458 3174 2485 3206 α
2516 3150 2976 3208 inhabitantium
3009 3151 3068 3205 in
3102 3167 3191 3214 ea,
3217 3170 3237 3196 ι
3263 3147 3372 3202 hoc
3401 3143 3781 3215 est,justoju-

2135 3244 2286 3300 dicio
2320 3261 2426 3299 suo
2458 3241 2764 3298 exececavit
2792 3239 3049 3305 Judzeos,
3081 3242 3139 3294 et
3166 3240 3369 3310 gentes
3391 3232 3725 3290 introduxit.

2215 3354 2237 3381 ε
2272 3333 2473 3389 Posuit
2515 3332 2668 3387 dico.
2706 3354 2727 3380 η
2759 3328 3151 3386 Continuatio.
3185 3327 3447 3383 Judaeum
3499 3321 3694 3396 posuit
3723 3322 3781 3377 in

2134 3423 2516 3496 salsuginem.
2549 3443 2569 3472 α
2594 3422 2902 3476 Desertum
2926 3439 2953 3470 η
2982 3422 3199 3483 autem,
3219 3416 3277 3471 id
3298 3419 3388 3470 est
3408 3412 3781 3487 gentiles,qui

2133 3512 2297 3584 prius
2354 3515 2521 3566 erant
2569 3510 2781 3565 deserti
2816 3527 2850 3564 a
2880 3507 3209 3581 cognitione
3254 3503 3381 3570 Dei,
3415 3523 3439 3552 ι
3480 3500 3676 3573 posuit
3724 3501 3781 3556 in

2133 3607 2345 3675 stagna
2374 3618 2684 3672 aquarum,
2722 3622 2743 3652 ι
2781 3598 2836 3653 id
2871 3602 2960 3653 est
2990 3598 3049 3652 in
3083 3593 3554 3664 Ecclesiam,quaz
3575 3592 3664 3646 est
3694 3589 3784 3645 lo-

2133 3708 2238 3746 cus
2268 3691 2326 3745 in
2360 3707 2476 3761 quo
2506 3689 2632 3744 loco
2665 3691 2827 3743 stant
2853 3703 3040 3758 aqua,
3070 3685 3130 3740 id
3161 3687 3253 3739 est
3276 3677 3784 3753 baptismaNeldn

2133 3786 2337 3851 stagna
2372 3796 2659 3851 aquarum
2693 3776 2908 3849 posuit,
2942 3776 3001 3830 id
3033 3776 3141 3839 est,
3175 3773 3236 3827 in
3267 3788 3335 3827 ea
3363 3774 3516 3825 stare
3563 3766 3702 3825 fecit
3727 3770 3786 3823 et

2133 3885 2502 3942 perseverare
2551 3884 2755 3939 aquas,
2806 3866 2862 3920 id
2912 3869 3004 3921 est
3050 3859 3386 3935 spirituales
3441 3856 3781 3913 doctrinas:

2138 3978 2165 4011 si
2195 3962 2252 4014 et
2284 3980 2302 4006 η
2339 3958 2607 4012 eamdem
2645 3960 2913 4010 «terram
2966 3976 2987 4003 ιι
3043 3969 3170 4025 qua:
3218 3949 3381 4023 prius
3424 3951 3549 4004 erat
3599 3967 3620 3997 ι
3657 3946 3784 4001 sine

2131 4065 2306 4121 aqua,
2337 4068 2357 4098 ι
2384 4047 2438 4102 id
2468 4051 2556 4103 est
2577 4045 2845 4118 gentiles,
2869 4042 3066 4116 posuit
3096 4060 3117 4091 ι
3144 4042 3203 4096 in
3224 4040 3416 4095 exitus
3445 4052 3731 4108 aquarum
3754 4060 3777 4087 1

2131 4143 2197 4194 ut
2226 4138 2401 4193 etiam
2434 4137 2505 4191 de
2533 4135 2679 4207 ipsis
2708 4135 2781 4189 ad
2804 4131 2958 4189 alios
2990 4130 3257 4187 doctrina
3280 4128 3610 4200 proflueret.

2209 4248 2235 4280 α
2265 4226 2334 4280 Et
2357 4224 2497 4293 illic,
2537 4245 2559 4274 ι)
2598 4223 2655 4277 id
2690 4227 2799 4283 est,
2832 4222 2891 4275 in
2927 4220 3097 4292 aquis
3147 4218 3329 4284 illius,
3364 4239 3386 4266 ι
3421 4213 3722 4271 collocavit
3748 4230 3777 4262 η

2130 4317 2285 4372 Deus
2322 4338 2344 4366 α
2378 4314 2725 4379 esurientes,
2752 4336 2775 4364 ι
2814 4312 2871 4367 id
2901 4315 3009 4376 est,
3044 4309 3444 4365 desiderantes
3475 4302 3633 4359 refici
3663 4302 3781 4375 spi-

2129 4404 2443 4460 ritualibus
2474 4401 2758 4457 doctrinis
2782 4417 2794 4455 :
2827 4421 2848 4450 ι
2875 4405 2933 4455 et
2960 4422 2980 4449 ι
3003 4398 3117 4471 ipsi
3138 4395 3401 4454 collocati
3424 4415 3446 4446 ι
3472 4392 3784 4449 constitue-

2129 4498 2266 4549 runt
2297 4492 2648 4559 civitatem,»
2681 4489 2739 4545 id
2772 4493 2880 4554 est,
2907 4486 3251 4552 Ecclesium,
3281 4503 3304 4533 ι
3328 4480 3775 4543 habitationis,-

2127 4582 2184 4637 id
2218 4586 2325 4648 est,
2362 4581 2420 4635 in
2455 4597 2571 4652 qua
2602 4578 2726 4635 sola
2754 4576 3141 4633 habitandum
3174 4579 3284 4631 est.

356 4670 501 4725 sunt
529 4691 563 4721 π
590 4669 663 4724 ad
696 4669 844 4724 iram
878 4669 1159 4723 adversus
1192 4667 1481 4733 subditos,
1508 4689 1534 4715 ‹‹
1560 4666 1714 4721 sicut
1733 4666 2018 4731 ebrius,et
2046 4687 2094 4753 Β
2204 4689 2232 4721 a
2262 4671 2331 4723 Et
2364 4692 2387 4720 ν
2424 4667 2532 4738 ipsi
2561 4666 2777 4722 ibidem
2806 4666 3006 4738 positi,
3034 4686 3056 4714 ι
3086 4663 3520 4719 seminaverunt
3550 4674 3775 4731 agros,-

357 4758 442 4815 sic
472 4757 669 4815 omnis
698 4755 986 4829 sapientia
1015 4772 1217 4811 eorum
1257 4757 1532 4812 devorata
1579 4758 1686 4821 est,
1725 4778 1752 4803 »
1785 4754 1923 4827 quia
1953 4754 2011 4808 in

350 4847 540 4903 nullis
576 4847 727 4902 bene
773 4850 1024 4902 utuntur
1072 4846 1316 4913 ratione,
1347 4861 1537 4916 neque
1585 4861 1720 4899 cum
1770 4848 2016 4899 utuntur

356 4936 674 5010 prosperis,
709 4952 898 5008 neque
928 4950 1064 4989 cum
1096 4935 1450 5008 franguntur
1479 4934 1762 4989 advorsis.

428 5025 576 5093 Quia
606 5023 1058 5080 necessitatibus
1090 5023 1271 5079 coacti
1303 5026 1463 5091 sunt,
1487 5046 1514 5073 ι(
1546 5030 1602 5077 et
1628 5046 1655 5071 ι)
1688 5024 1817 5077 ideo
1851 5044 1878 5073 «
1905 5022 2018 5078 ela-

358 5117 668 5171 maverunt
697 5115 767 5169 ad
798 5113 1115 5169 Dominum
1141 5130 1276 5168 cum
1299 5112 1810 5181 tribularentur,et
1831 5113 1901 5167 de
1921 5129 2015 5168 ne-

355 5202 736 5259 cessitatibus
766 5219 969 5259 eorum
1001 5202 1203 5257 eduxit
1230 5219 1351 5258 eos.
1381 5225 1406 5250 η
1430 5202 1699 5256 Ostendit
1719 5203 2013 5273 quomodo

357 5292 559 5347 eduxit
587 5309 705 5360 eos,
738 5292 941 5347 dicens
972 5308 984 5344 :
1023 5313 1050 5341 ‹‹
1082 5292 1149 5346 Et
1178 5291 1388 5347 statuit
1431 5289 1747 5362 procellam
1798 5292 1949 5361 ejus,
1981 5314 2009 5343 »

357 5378 560 5451 maris,
578 5381 634 5436 id
664 5385 775 5450 est,
797 5380 1150 5436 tentationes
1174 5386 1232 5436 et
1252 5378 1545 5435 tumultus
1577 5379 1757 5451 hujus
1790 5381 2005 5451 szeculi,

355 5488 384 5515 ‹‹
417 5467 478 5521 in
510 5482 713 5525 auram
744 5491 772 5520 ι»
805 5485 1067 5536 suavem,
1100 5488 1227 5541 quae
1277 5470 1423 5524 bene
1471 5474 1757 5525 recrearet
1796 5487 1914 5538 eos,
1949 5470 2007 5526 id

354 5558 462 5618 est,
481 5557 730 5625 gratiam
751 5556 1140 5631 spiritualem,
1169 5558 1392 5614 scilicet
1412 5559 1507 5611 ubi
1534 5558 1698 5630 prius
1729 5561 2011 5631 regnabat

356 5640 607 5706 procella
634 5650 692 5700 et
720 5644 1022 5718 persuasio
1044 5645 1462 5714 diaboli,modo
1485 5646 1860 5719 posuit—Deus
1877 5650 2005 5721 Spi-

358 5723 534 5779 ritum
568 5739 861 5801 sanctum,
896 5732 996 5801 qui
1028 5732 1188 5791 intus
1221 5737 1500 5791 refoveret
1529 5751 1628 5791 eos
1661 5752 1672 5789 :
1705 5758 1733 5784 «
1767 5743 1821 5793 et
1853 5760 1880 5787 ››
1907 5756 2008 5810 per

2124 4760 2178 4814 id
2214 4762 2321 4825 est,
2355 4760 2770 4812 converterunt
2800 4754 3089 4826 quosdam
3122 4752 3249 4808 sine
3272 4749 3454 4806 multo
3472 4748 3669 4804 labore
3687 4762 3779 4801 se-

2127 4848 2406 4904 minando
2432 4846 2674 4900 verbum
2708 4844 2841 4913 Dei;
2874 4865 2895 4895 ι
2925 4847 2983 4899 et
3003 4841 3414 4915 plantaverunt
3441 4838 3692 4903 vineas,»
3720 4836 3779 4891 id

2126 4941 2236 5004 est,
2269 4935 2558 5007 quosdam
2592 4950 2726 4989 cum
2760 4948 2975 5004 magno
3007 4931 3205 4987 labore
3231 4928 3693 4991 zediilcaverunt;
3724 4929 3783 4979 et

2124 5024 2237 5097 ipsi
2272 5022 2545 5081 seminati
2582 5044 2603 5074 α
2639 5026 2697 5077 et
2727 5043 2752 5073 ι
2789 5019 3090 5093 plantati,u
3118 5020 3385 5075 fecerunt
3408 5017 3661 5072 fructum
3682 5031 3783 5070 na-

2123 5114 2389 5180 tivitatis,
2424 5135 2445 5161 ιι
2482 5112 2539 5166 id
2572 5115 2683 5178 est,
2714 5109 3042 5165 doctrinam
3083 5108 3499 5181 magistrorum
3550 5103 3778 5161 suntin

2124 5202 2400 5275 operibus
2434 5199 2666 5254 imitati.
2700 5198 2802 5255 Ille
2823 5198 2964 5254 facit
2985 5199 3240 5253 fructum
3264 5191 3701 5259 nativitatis,eui
3726 5191 3777 5246 si

2124 5292 2475 5364 praedicatur
2504 5290 2768 5353 castitas,
2801 5293 2957 5344 caste
2987 5286 3161 5344 vivit:
3185 5285 3284 5341 ille
3316 5298 3426 5341 non
3479 5281 3618 5338 facit
3646 5281 3774 5335 fru-

2120 5386 2280 5435 ctum
2314 5378 2659 5445 nativitatis,
2683 5376 2741 5430 in
2777 5392 2892 5448 quo
2924 5375 2975 5431 si
3007 5375 3307 5448 plantatur
3331 5371 3570 5428 castitas
3597 5369 3774 5425 verbo

2119 5466 2556 5543 prmdicatorisﬁ
2566 5482 2667 5538 pse
2690 5470 2885 5520 tamen
2910 5464 3351 5519 fornicationem
3375 5459 3598 5516 reddit:
3623 5458 3776 5514 sicut

2119 5575 2257 5630 ager
2300 5557 2428 5629 qui,
2462 5558 2694 5626 recepto
2739 5554 3054 5621 frumento,
3088 5551 3308 5608 zizania
3352 5549 3564 5617 reddit,
3598 5558 3657 5603 et
3695 5547 3776 5601 ita

2121 5665 2233 5702 non
2269 5647 2408 5702 facit
2434 5646 2688 5699 fructum
2716 5642 3058 5699 nativitatis.

2196 5760 2215 5785 (ι
2254 5738 2321 5790 Et
2351 5732 2643 5790 benedixit
2679 5754 2699 5781 υ
2737 5732 2890 5787 Deus
2931 5756 2950 5782 ιι
2989 5733 3126 5797 eis,»
3161 5732 3215 5785 id
3250 5725 3773 5798 est,multiplicavit
