3942 6400
165 460 286 520 569

1352 458 1851 520 EXPLANATIO
1892 457 1974 519 IN
2017 458 2403 522 PSALMOS.

3463 462 3582 525 5'70

163 588 514 657 virtutibus;
541 612 561 639 (ι
582 593 640 644 et
659 588 1033 661 multiplicati
1064 593 1237 645 sunt:
1267 608 1508 646 numero
1536 614 1557 641 α
1583 590 1814 657 nimis,»
1847 588 1905 656 Α
1934 591 1992 646 in
2022 595 2078 647 te
2110 592 2350 647 confidit
2397 592 2593 648 anima
2642 608 2773 649 mea
2821 592 2987 665 (Psal.
3038 594 3170 661 LVI).
3204 616 3233 644 »
3269 592 3418 649 Illud
3448 610 3582 651 vero

168 678 425 734 multum
460 694 472 732 :
505 678 615 743 vel,
665 701 685 727 α
721 678 920 741 nimis,
961 701 982 728 η
1018 678 1077 733 id
1125 683 1235 745 est,
1287 697 1466 750 supra
1512 698 1823 736 numerum

167 768 517 824 electorum:
543 767 725 823 sicut:
761 769 1015 823 Tantum
1048 768 1421 840 multiplicati
1455 772 1594 822 sunt
1615 768 1825 839 pisces,

167 857 326 929 quod
358 856 612 913 scissum
656 860 746 913 est
784 860 959 921 recte,
992 860 1049 912 et
1078 856 1162 911 illi
1196 856 1298 928 qui
1329 857 1609 928 superflui
1641 861 1825 923 erant,

167 946 434 1003 exierunt
453 947 605 1014 (Luc.
640 963 712 1014 v;
743 947 901 1002 Joan.
933 948 1053 1013 xxx)
1087 962 1099 1001 :
1134 946 1459 1001 secundum
1500 962 1647 1017 quos
1682 948 1827 1023 figu-

168 1036 279 1092 rati
302 1033 687 1105 hmretici,qui
716 1035 789 1089 ab
819 1034 1079 1090 Ecclesia
1111 1035 1407 1090 recedunt.
1427 1036 1537 1089 «Et
1559 1036 1832 1105 jumenta

168 1141 428 1189 eorum,»
466 1123 525 1178 id
557 1127 664 1187 est,
698 1121 999 1194 simplices
1029 1123 1099 1176 de
1132 1122 1411 1188 Ecclesia,
1444 1144 1465 1173 ι
1494 1140 1607 1177 non
1643 1124 1829 1179 mino-

169 1213 373 1278 ravit,-
410 1212 469 1267 id
498 1215 609 1278 est,
634 1229 748 1267 non
781 1212 917 1267 fecit
948 1211 1193 1266 minoris
1227 1210 1395 1283 pretii
1428 1228 1605 1283 quam
1638 1199 1852 1267 essent

169 1301 259 1357 illi
283 1300 602 1373 sapientes,
635 1302 737 1355 sed
798 1301 992 1372 potius
1038 1299 1100 1355 in
1148 1298 1233 1356 eis
1276 1300 1519 1355 virtutes
1550 1300 1833 1372 multipli-

176 1390 353 1447 cavit.
543 1446 551 1457 ,

249 1481 379 1553 Ipse
436 1478 732 1534 benedixit
786 1479 893 1545 eis,
946 1502 967 1529 ι
1002 1483 1061 1534 et
1094 1502 1121 1528 ››
1172 1483 1368 1533 tamen
1422 1498 1443 1529 ι
1480 1480 1651 1551 pauci
1700 1480 1835 1535 facti

175 1574 353 1628 sunt»
374 1570 447 1625 ad
470 1568 967 1640 comparationem
999 1566 1319 1633 malorum;
1353 1590 1379 1616 ‹‹
1404 1571 1463 1621 et
1492 1569 1676 1622 vexati
1700 1572 1839 1624 sunt

175 1678 214 1716 a
244 1656 621 1714 tribulatione
666 1656 977 1723 malorum,
1011 1661 1068 1712 et
1102 1678 1124 1705 ι
1160 1655 1338 1711 etiam
1393 1657 1581 1711 vexati
1637 1662 1779 1713 sunt
1806 1673 1841 1712 a

182 1772 209 1798 ι
245 1747 447 1804 dolore
478 1770 504 1801 ιι
538 1762 715 1820 quem
768 1746 1068 1802 habebant
1118 1750 1354 1817 propter
1408 1750 1649 1817 peccata
1706 1746 1841 1803 alio-

173 1854 334 1893 rum.

1936 682 2089 753 quod
2114 682 2382 754 sequitur
2401 686 2860 754 postea,mutuat
2879 684 2948 737 de
2972 682 3197 754 psalmo
3220 682 3316 739 illo
3333 699 3345 737 :
3365 684 3580 754 «Deus,

1937 770 2203 842 repnlisti
2239 787 2344 825 nos
2377 771 2545 841 (Psal.
2583 774 2715 837 le).
2741 793 2768 819 »
2804 771 2936 825 Ideo
2968 774 3161 826 autem
3193 770 3375 825 voluit
3405 788 3473 825 ex
3504 772 3587 827 di-

1936 860 2118 913 versis
2152 859 2396 930 psalmis
2427 860 2607 914 istum
2640 858 2934 931 psalmum
2969 860 3483 931 componere,quia
3509 861 3589 916 vi-

1940 947 2027 1002 dit
2058 952 2252 1019 partes
2281 948 2414 1003 illas
2444 948 2887 1020 psalmorumin
2921 946 3152 1003 Christo
3182 948 3589 1004 convenirezet

1941 1053 2069 1108 qua:
2101 1053 2203 1108 per
2231 1054 2293 1091 se
2319 1038 2391 1092 ad
2422 1037 2657 1092 laudem
2689 1036 2789 1092 Dei
2839 1040 3007 1108 grata
3056 1040 3245 1101 erant,
3275 1037 3590 1107 conjuncta

1941 1125 2196 1199 gratiora
2236 1125 2415 1180 fuere.
2451 1126 2582 1180 Ideo
2632 1125 2807 1180 etiam
2853 1125 2911 1178 in
2964 1123 3221 1180 Ecclesia
3246 1142 3315 1180 ex
3346 1123 3589 1180 diversis

1942 1214 2188 1287 psalmis
2216 1214 2304 1269 vel
2338 1214 2614 1269 laudibus
2663 1213 2984 1285 antiphona
3022 1213 3108 1269 vel
3140 1218 3347 1269 cantus
3378 1213 3591 1285 aliquis

1944 1304 2342 1375 conjungitur.
2378 1303 2623 1359 Materia
2662 1303 2842 1374 hujus
2887 1301 3095 1375 psalmi
3130 1307 3219 1357 est
3246 1302 3591 1375 gloriﬁcatio

1944 1392 2160 1447 Christi
2195 1395 2251 1446 et
2279 1392 2496 1464 passio.
2531 1392 2740 1447 Modus
2771 1410 2784 1446 :
2820 1392 2881 1447 In
2914 1391 3107 1464 prima
3145 1396 3309 1463 parte
3339 1391 3595 1447 ostendit

1945 1479 2449 1551 gloriﬁcationem,
2484 1485 2542 1536 et
2573 1479 2779 1535 inserit
2808 1479 3030 1552 aliquid
3062 1480 3134 1534 de
3165 1479 3592 1535 humiliatione.

1948 1570 2011 1624 In
2044 1570 2303 1624 secunda
2333 1573 2517 1641 parte,
2545 1586 2673 1641 quae
2705 1567 2949 1641 incipit:
2987 1590 3015 1619 ‹‹
3058 1568 3131 1623 Ut
3162 1568 3485 1624 liberentur
3514 1568 3599 1623 di-

1947 1656 2081 1713 lecti
2112 1658 2218 1724 tui,
2252 1678 2279 1707 »
2312 1656 2784 1712 humiliationem
2841 1658 3203 1728 exsequitur,
3261 1660 3319 1712 et
3374 1657 3601 1713 inducit

1949 1747 2145 1818 ipsum
2164 1746 2345 1801 Deum
2367 1746 2803 1817 promittentem
2826 1743 3230 1800 liberationem
3253 1745 3596 1814 electorum,

1950 1851 2079 1906 quae
2101 1833 2391 1905 completa
2413 1834 2523 1888 fuit
2542 1848 2647 1905 per
2672 1833 2868 1905 ipsum
2893 1832 3215 1888 Christum.
3239 1832 3487 1888 Intentio
3507 1837 3601 1889 est

250 1926 490 1999 Propter
518 1926 629 1981 hoc
660 1948 680 1975 α
718 1924 1019 1980 contentio
1068 1928 1161 1980 est
1210 1924 1396 1980 effusa
1425 1940 1604 1996 super
1632 1923 1841 1996 princi-
1870 1961 1918 2026 Β
1951 1922 2196 1978 invitare
2217 1926 2417 1989 nos,ut
2445 1921 2709 1993 exemplo
2740 1921 2833 1976 sui
2864 1920 3166 1977 humiliter
3192 1922 3510 1993 patiamur,
3542 1924 3601 1978 et

174 2031 303 2090 pes,
341 2036 365 2065 ι
398 2015 456 2070 id
488 2017 597 2081 est,
630 2031 809 2086 super
857 2013 1297 2079 haeresiarchas,
1331 2012 1431 2085 qui
1478 2014 1841 2069 contendunt

175 2107 383 2159 contra
401 2101 722 2158 Ecclesiam
745 2102 845 2157 Dei
864 2100 1000 2165 :vel,
1027 2121 1049 2148 ι
1066 2119 1244 2173 super
1259 2101 1577 2174 principes,
1598 2124 1627 2150 »
1648 2101 1705 2155 id
1728 2106 1837 2169 est,

177 2208 357 2262 super
403 2194 669 2263 potentes
715 2190 894 2261 hujus
951 2189 1170 2255 saeculi,
1207 2212 1235 2241 «
1267 2194 1324 2246 et
1354 2206 1453 2245 eos
1485 2214 1508 2242 ι
1548 2190 1839 2262 principes

184 2301 210 2329 α
244 2280 379 2335 fecit
412 2303 439 2329 »
468 2280 622 2335 Deus
658 2302 680 2329 ι
711 2295 905 2335 errare
940 2279 997 2333 in
1031 2278 1184 2334 invio
1232 2283 1291 2334 et
1340 2296 1456 2334 non
1490 2279 1548 2333 in
1580 2278 1692 2346 via,
1727 2301 1748 2328 ι
1781 2279 1839 2334 id

177 2373 293 2432 est,
327 2372 489 2424 extra
518 2370 695 2424 fidem
730 2385 743 2422 :
777 2372 834 2423 et
864 2386 978 2423 non
1012 2368 1094 2423 ita
1135 2372 1201 2423 ut
1233 2372 1591 2433 revocentur,
1626 2369 1728 2423 sed
1759 2368 1843 2423 ita

178 2458 337 2530 quod
356 2448 516 2513 ultra
537 2456 651 2512 no‘n
684 2456 935 2513 eruntin
958 2457 1070 2526 via,
1093 2456 1152 2512 id
1177 2460 1285 2524 est,
1310 2456 1369 2511 in
1393 2456 1680 2513 catholica
1706 2458 1838 2523 ﬁde,

181 2565 309 2620 qua:
341 2550 431 2601 est
456 2547 551 2601 via
573 2545 725 2602 vitta.

256 2637 404 2692 Istos
434 2635 758 2703 excmcavit,
798 2658 817 2686 α
854 2640 912 2690 et
939 2654 968 2688 ιι
1003 2653 1035 2691 e
1065 2639 1270 2692 contra
1299 2658 1327 2686 «
1362 2636 1587 2707 adjuvit
1618 2653 1838 2708 paupe-

180 2742 307 2781 rem
343 2746 371 2774 »
402 2741 605 2782 verum
636 2748 665 2774 ‹‹
699 2725 769 2779 de
818 2724 1035 2797 inopia,
1067 2745 1095 2778 ι
1130 2725 1189 2781 id
1237 2729 1347 2793 est,
1396 2725 1687 2797 supplevit
1715 2726 1842 2795 ejus

182 2812 445 2885 inopiam
477 2813 549 2868 de
577 2811 906 2885 cognitione
939 2812 1363 2881 sui,conferens
1383 2813 1435 2868 ei
1469 2813 1841 2885 sapientiam,

181 2905 252 2957 ut
271 2904 470 2973 posset
500 2899 771 2955 resistere
809 2899 1128 2955 haereticis:
1158 2922 1185 2950 ‹‹
1199 2904 1255 2955 et
1276 2923 1298 2951 ι
1334 2917 1438 2972 per
1466 2900 1663 2973 ipsum
1696 2920 1845 2974 pau-

174 3006 384 3063 perem
411 3009 438 3040 α
459 2986 657 3059 posuit
687 2987 959 3048 familias.
993 3006 1020 3040 »
1052 2988 1110 3042 id
1142 2992 1251 3059 est,
1296 2988 1493 3060 plures
1536 3007 1845 3064 congrega-

175 3079 376 3135 tiones
407 3076 465 3129 in
510 3075 807 3142 Ecclesiis,
843 3074 1110 3132 faciendo
1160 3093 1260 3132 eas
1295 3098 1317 3127 ι
1350 3076 1506 3133 sicut
1533 3094 1687 3145 oves,
1722 3101 1749 3128 »
1786 3080 1843 3136 id

173 3170 273 3225 est
305 3165 669 3219 innocentes.

258 3256 330 3309 Et
347 3254 457 3309 hoc
474 3254 630 3326 quod
662 3254 817 3309 Deus
850 3254 933 3309 ita
962 3254 1200 3326 adjuvat
1230 3270 1567 3325 pauperem,
1601 3260 1849 3312 excaecat

1947 2012 2076 2085 ipsa
2091 2010 2658 2085 patientiavirtutem
2673 2014 2729 2064 et
2745 2010 3117 2066 securitatem
3136 2014 3396 2065 nostram
3414 2011 3598 2066 Deum

1948 2100 2434 2157 faciamus.Unde
2464 2099 2610 2154 dicit
2636 2099 2695 2153 in
2728 2100 2843 2155 ﬁne
2869 2099 3080 2172 psalmi
3108 2117 3121 2154 :
3147 2100 3255 2155 «In
3279 2099 3394 2155 Deo
3424 2099 3598 2155 facia-

1946 2207 2083 2245 mus
2112 2189 2447 2256 virtutem,»
2478 2189 2665 2243 etc.Et
2688 2188 2797 2244 iste
2819 2187 3089 2244 Psalmus
3118 2193 3207 2245 est
3224 2205 3379 2245 unus
3397 2191 3466 2244 de
3483 2189 3601 2245 illis

1949 2279 2049 2350 qui
2082 2278 2380 2334 Christum
2413 2278 2597 2333 Deum
2630 2282 2688 2332 et
2716 2277 3014 2333 hominem
3047 2276 3601 2334 demonstrant.Ubi

1949 2369 2107 2424 enim
2140 2385 2275 2424 eum
2308 2368 2566 2423 ostendit
2594 2367 2913 2423 exaltatum
2936 2385 3113 2440 super
3143 2368 3604 2435 cmlos,ostendit

1949 2475 2086 2514 eum
2107 2474 2239 2513 vero
2266 2457 2449 2513 Deum
2473 2474 2784 2513 esseznam
2817 2457 2866 2513 si
2898 2461 3131 2513 tantum
3160 2456 3338 2512 homo
3370 2456 3600 2525 fuisset,

1951 2546 2291 2602 nullatenus
2312 2546 2395 2601 ita
2414 2546 2705 2602 exaltatus
2736 2545 3077 2601 fuisset.Ubi
3113 2550 3308 2601 autem
3341 2560 3476 2599 eum
3500 2545 3604 2600 hu-

1950 2636 2243 2690 miliatum
2269 2636 2685 2702 ostendit,eum
2698 2652 2898 2691 verum
2912 2639 3074 2707 patet
3084 2634 3266 2690 fuisse
3278 2634 3599 2690 hominem.

2027 2723 2237 2779 Volcns
2262 2740 2403 2797 ergo
2434 2723 2735 2779 Christum
2767 2723 3013 2796 dignum
3058 2722 3479 2796 glorificatione
3507 2739 3599 2778 os-

1951 2814 2211 2879 tendere,
2242 2811 2533 2883 promittit
2562 2828 2624 2866 se
2655 2811 2715 2866 in
2751 2811 2909 2867 omni
2941 2811 3276 2866 humilitate
3313 2811 3429 2865 Deo
3459 2811 3598 2865 obe—
3632 2848 3637 2851 ι

1953 2900 2525 2967 dientem,dieens:0
2555 2921 2581 2949 «
2608 2901 2889 2967 Deus,cor
2918 2916 3114 2955 meum
3146 2902 3236 2953 est
3264 2901 3535 2970 paratum
3567 2920 3597 2949 »

1953 2995 2189 3046 cantare
2222 2989 2324 3045 tibi
2353 2993 2447 3044 :et
2478 2992 2543 3043 ut
2572 2990 2844 3043 ostendat
2876 3006 2938 3044 se
2962 2992 3233 3060 paratum
3282 3003 3410 3042 esse
3443 2986 3601 3042 ultra

1956 3081 2196 3136 modum
2219 3079 2465 3134 aliorum
2489 3076 3411 3149 hominum,ingeminat,dicens:
3448 3097 3476 3125 ‹‹
3498 3092 3599 3148 pa-

1956 3175 2148 3225 ratum
2180 3186 2279 3224 cor
2322 3185 2543 3238 meum,
2577 3188 2607 3217 »
2643 3167 2700 3222 id
2753 3171 2860 3233 est,
2915 3166 2999 3221 sic
3047 3169 3138 3220 est
3185 3168 3454 3237 paratum
3503 3181 3602 3221 cor

1955 3275 2174 3325 meum,
2210 3262 2275 3312 ut
2305 3256 2466 3312 nullo
2496 3256 2668 3311 modo
2699 3259 2935 3327 peccato
2966 3253 3322 3327 impediatur
3349 3269 3361 3307 :
3395 3270 3494 3308 cor
3513 3256 3603 3308 est

180 3343 537 3419 principem,
565 3365 587 3393 σι
607 3344 890 3399 videbunt
919 3342 1056 3399 recti
1088 3346 1145 3398 et
1174 3343 1550 3411 laetabuntur,
1570 3349 1628 3399 et
1652 3346 1845 3403 omnis
1874 3331 1917 3400 C
1957 3351 2312 3421 paratum,et
2342 3348 2411 3401 ad
2446 3346 2598 3418 quod
2633 3349 2722 3401 est
2751 3342 3221 3415 complebo,quia
3254 3342 3549 3398 «cantabo
3569 3364 3598 3392 »

181 3432 472 3503 iniquitas
502 3432 788 3503 oppilabit
817 3449 883 3487 os
915 3449 1156 3500 suum,»
1190 3430 1247 3486 id
1280 3435 1369 3487 est
1397 3433 1687 3489 obstruet:
1709 3435 1848 3507 quia

176 3522 311 3593 jam
344 3520 489 3575 nihil
523 3521 735 3593 poterit
764 3520 1076 3587 oblatrare,
1110 3538 1244 3577 cum
1275 3538 1414 3577 suos
1440 3522 1755 3594 complices
1787 3525 1844 3581 in

186 3609 346 3665 invio
372 3608 569 3665 videat
597 3626 961 3681 permanere.

258 3699 503 3765 Quando
550 3699 789 3770 quidem
837 3702 1005 3754 tanta
1043 3700 1196 3755 bona
1227 3698 1384 3767 facit,
1416 3717 1553 3773 ergo
1588 3723 1616 3750 ‹‹
1647 3702 1782 3773 quis
1819 3726 1842 3753 ι)

180 3791 281 3843 est
313 3807 335 3835 ι
359 3787 670 3860 sapiens‘h
696 3787 755 3843 Si
781 3788 916 3859 quis
945 3788 1245 3861 dicat,Ego
1279 3807 1411 3844 sum
1444 3791 1846 3862 sapiens,tunc

184 3876 309 3931 scio
342 3875 485 3948 quia
512 3900 539 3926 «ι
575 3881 632 3931 et
662 3877 954 3931 custodiet
982 3877 1105 3931 haec
1140 3900 1165 3926 »
1198 3894 1326 3948 quae
1376 3879 1653 3950 przedieta
1683 3885 1842 3947 sunt,

182 3965 657 4021 commendando
692 3965 986 4020 memoria:
1009 3966 1164 4037 quod
1192 3966 1346 4021 Deus
1377 3983 1663 4038 pauperes
1683 3969 1848 4039 adju-

179 4056 301 4121 vat,
333 4052 542 4109 divites
571 4057 854 4108 excaecat:
893 4076 920 4104 (ι
943 4057 997 4108 et
1024 4076 1050 4103 »
1085 4057 1223 4109 tunc
1257 4054 1595 4127 «intelliget
1623 4056 1848 4112 miseri-

182 4140 418 4197 cordias
449 4141 751 4208 Domini,»
785 4141 1029 4208 scilicet,
1062 4143 1218 4214 quod
1246 4142 1400 4197 Deus
1434 4143 1571 4199 facit
1597 4162 1713 4199 non
1744 4163 1849 4217 per

180 4229 396 4287 merita
424 4229 755 4299 hominum,
788 4233 888 4287 sed
922 4247 1025 4303 per
1056 4231 1488 4289 misericordias
1521 4251 1681 4291 suas.
1701 4235 1846 4291 Alle-

180 4319 328 4375 ΠΜ
680 4391 750 4447 IN
792 4392 1141 4449 PSALMUM
1183 4393 1348 4450 cvu.

419 4480 689 4536 Trruws.
721 4483 1011 4538 Canticum
1039 4484 1242 4554 psalmi
1274 4485 1383 4556 ipsi
1411 4485 1609 4541 David.

255 4610 284 4637 ‹‹
320 4587 594 4643 Paratum
624 4606 725 4644 eor
753 4605 975 4658 meum,
1009 4591 1184 4648 Deus.
1214 4614 1243 4641 »
1274 4591 1543 4648 Psalmus
1567 4592 1677 4649 iste
1706 4610 1841 4649 con-

372 4675 579 4771 David,
607 4677 665 4732 id
697 4681 807 4746 est,
840 4679 1091 4771 Christo,
1127 4680 1227 4771 qui
1271 4681 1364 4736 hic
1408 4680 1708 4753 loquitur:
1743 4682 1841 4753 qui
1876 4708 1923 4771 Β

179 4764 401 4822 dicitur
427 4767 892 4839 canticum,quia
910 4768 1181 4841 proponit
1202 4786 1480 4842 magnam
1513 4771 1853 4827 exsultatio-

177 4853 569 4922 nem,scilicet
588 4855 804 4912 Christi
835 4856 1527 4930 gloriﬁcatiouem,quam
1559 4860 1846 4931 prepheta

174 4943 278 5000 hic
328 4942 695 5000 exsultanter
746 4945 1077 5001 annuntiat.
1121 4946 1394 5003 Psalmus
1440 4947 1673 5014 dicitur,
1706 4949 1845 5020 quia

177 5032 372 5105 ipsius
400 5032 617 5089 Christi
649 5033 865 5090 bonam
895 5036 1290 5106 operationem
1323 5036 1846 5108 proponit,sci1icet

178 5120 800 5195 humiliationem,qua
825 5141 1014 5196 genus
1046 5124 1461 5195 humanum,id
1488 5129 1580 5180 est
1597 5125 1843 5182 dilectos

179 5226 343 5276 suos,
376 5208 665 5266 liberavit.
701 5212 783 5266 Ex
813 5229 931 5284 qua
959 5212 1393 5279 humiliatione,
1418 5213 1477 5267 id
1509 5219 1600 5268 est
1640 5232 1842 5287 opera-

176 5300 360 5366 tione,
379 5298 664 5370 processit
692 5299 838 5356 illud
872 5301 1190 5370 canticum,
1214 5302 1352 5375 quia
1368 5318 1436 5357 ex
1452 5302 1662 5358 militia
1685 5304 1845 5359 Chri-

180 5389 282 5455 sti,
316 5387 493 5460 digne
521 5392 580 5443 et
609 5392 731 5445 tam
761 5389 1076 5463 diligenter
1102 5392 1658 5464 peracta,proccssit
1674 5393 1846 5465 glori-

179 5476 376 5532 ﬁcatio
407 5475 1068 5547 ipsius.Attendendum'
1088 5481 1244 5552 quod
1265 5480 1325 5534 in
1356 5480 1466 5536 hoc
1487 5480 1715 5552 psalmo
1747 5500 1844 5539 no-

179 5565 268 5622 vis
293 5565 489 5622 verbis
520 5584 637 5622 non
663 5568 851 5624 utitur
878 5569 1184 5641 propheta,
1207 5569 1309 5626 sed
1342 5569 1592 5642 primam
1618 5575 1840 5643 partem

181 5672 311 5726 quae
332 5657 450 5710 est:
466 5654 539 5711 Ut
558 5655 890 5713 liberentur
908 5658 1103 5713 dilecti
1124 5659 1479 5727 tui,mutuat
1510 5660 1580 5714 de
1614 5660 1843 5731 psalmo

181 5742 282 5801 illo
316 5761 330 5800 :
369 5765 392 5793 σ
427 5743 701 5801 Miserere
728 5746 863 5814 mei,
891 5747 1064 5812 Deus,
1091 5748 1367 5805 miserere
1396 5748 1531 5817 mei,
1565 5749 1841 5821 quoniam

1954 3437 2258 3493 devotione
2289 3434 2583 3507 spirituali
2614 3438 2673 3489 et
2702 3431 3193 3505 contemplatione
3224 3431 3474 3487 laudabo
3504 3434 3596 3499 te;

1959 3549 1980 3576 α
2007 3531 2063 3581 et
2092 3525 2339 3598 psallam
2369 3548 2394 3573 »
2428 3524 2556 3589 tibi,
2590 3523 2646 3577 id
2679 3527 2787 3590 est,
2822 3523 2969 3577 bene
3000 3521 3284 3593 operabor
3313 3522 3385 3576 ad
3414 3520 3599 3575 hono-

1953 3633 2078 3671 rem
2100 3620 2268 3670 tuum
2298 3632 2311 3682 ;
2349 3636 2375 3663 ‹‹
2398 3613 2457 3667 in
2490 3612 2677 3685 gloria
2709 3629 2892 3677 mea,»
2922 3610 2979 3664 id
3012 3614 3120 3675 est,
3149 3609 3208 3664 in
3240 3608 3516 3682 psalterio
3547 3612 3605 3665 et

1954 3703 2274 3772 cithara,id
2308 3706 2416 3768 est,
2449 3701 2507 3756 in
2540 3699 2906 3757 humanitate
2939 3716 2952 3753 :
2988 3716 3114 3771 qua:
3148 3697 3486 3755 humanitas
3515 3701 3605 3754 est

1955 3792 2140 3867 gloria
2171 3810 2319 3859 mea,
2353 3790 2493 3862 quia
2522 3807 2624 3861 per
2671 3787 3062 3862 obedientiam
3093 3804 3273 3859 quam
3303 3788 3364 3842 in
3396 3803 3465 3842 ea
3487 3787 3602 3843 Deo

1954 3882 2313 3948 exhibui,me
2342 3881 2589 3952 dignum
2621 3877 2807 3951 gloria
2833 3874 3360 3932 demonstravi.Vel
3393 3897 3420 3925 ‹‹
3444 3876 3601 3947 psal-

1954 3971 2094 4036 lam,
2124 3993 2150 4021 »
2186 3971 2243 4025 id
2276 3974 2383 4032 est,
2417 3970 2562 4023 bene
2593 3967 2875 4038 operabor
2902 3965 2962 4019 in
2994 3963 3183 4037 gloria
3213 3981 3363 4029 mea,
3397 3963 3454 4018 id
3487 3968 3597 4033 est,

1954 4059 2013 4114 in
2049 4056 2514 4116 consideratione
2546 4056 2754 4109 futura:
2785 4051 2983 4125 gloriae
3013 4069 3191 4124 quam
3222 4055 3510 4124 exspecto.

2025 4148 2164 4203 Dico
2199 4169 2220 4195 α
2253 4144 2500 4218 psallam
2532 4143 2591 4198 in
2624 4141 2810 4216 gloria
2839 4159 2991 4210 mea,
3029 4164 3057 4191 »
3088 4145 3146 4196 et
3175 4158 3207 4196 o
3238 4140 3425 4213 gloria
3449 4158 3599 4209 mea,

1954 4238 2012 4292 id
2044 4240 2151 4303 est,
2187 4257 2215 4284 ‹‹
2247 4232 2589 4306 psalterium
2636 4235 2695 4287 et
2739 4230 2986 4297 cithara,
3040 4247 3286 4303 exsurge
3318 4252 3347 4279 »
3380 4229 3440 4284 id
3491 4233 3600 4298 est,

1954 4342 2146 4382 cresce
2174 4324 2233 4378 in
2267 4323 2419 4377 bona
2449 4320 2804 4393 operatione.
2842 4319 3193 4375 Psalterium
3240 4322 3406 4374 vocat
3436 4312 3629 4373 Chri?

1954 4419 2083 4471 stus
2114 4428 2283 4469 suam
2306 4408 3091 4479 humanitatem,secundum
3114 4408 3222 4464 hoc
3244 4407 3399 4480 quod
3417 4407 3490 4461 de
3512 4424 3605 4463 su-

1953 4502 2280 4577 perioribus
2311 4502 2565 4567 resonat,
2605 4497 2829 4553 scilicet
2877 4499 3032 4569 quod
3077 4497 3274 4552 divina
3320 4498 3607 4568 praacepta

1953 4586 2858 4664 spiritualiterimplet,sicutfuit
2879 4586 3014 4641 ante
3039 4588 3271 4656 tempus
3288 4583 3602 4657 passionis.

1953 4681 2251 4737 Citharam
2282 4680 2451 4732 vocat
2480 4676 2746 4731 eamdem
2796 4674 3227 4729 humanitatem
3280 4672 3604 4729 secundum

1961 4766 2473 4824 mortificationem
2500 4762 2714 4829 carnis,
2739 4762 2894 4818 sicut
2924 4762 3034 4818 fuit
3054 4763 3113 4816 in
3136 4761 3441 4834 passione:
3476 4761 3605 4817 ideo

1956 4857 2085 4913 dico
2106 4871 2353 4928 exsurge
2375 4855 2447 4909 ad
2470 4855 2616 4909 bene
2637 4852 3170 4925 operandum,quia
3195 4868 3297 4925 per
3320 4851 3473 4906 hanc
3503 4851 3604 4907 ho-

1954 4964 2093 5003 nam
2113 4945 2511 5019 operationem
2536 4945 2731 4998 certus
2753 4959 2885 4996 sum
2910 4943 2981 4997 de
3002 4958 3134 4996 mea
3149 4940 3601 4997 resurrectione:

1954 5042 2011 5094 et
2040 5038 2150 5092 hoc
2182 5039 2293 5101 est,
2329 5054 2357 5084 «
2386 5048 2698 5106 exsurgam
2760 5030 3023 5088 diluculo
3060 5054 3081 5080 ι
3117 5031 3175 5086 id
3205 5034 3314 5097 est,
3347 5030 3408 5086 in
3435 5046 3607 5087 mane

1955 5145 2085 5184 resu
2095 5143 2258 5200 rgam
2269 5166 2281 5179 .

2024 5217 2094 5270 Et
2124 5219 2255 5288 post
2284 5212 2769 5268 resurrectionem
2794 5233 2821 5259 «
2840 5211 3158 5266 conﬁtebor
3188 5211 3315 5278 tibi,
3336 5209 3601 5277 Domine,

1953 5306 2013 5360 in
2044 5304 2296 5378 populis,
2335 5326 2361 5351 »
2392 5301 2449 5356 id
2483 5304 2590 5369 est,
2626 5300 2843 5355 multos
2890 5301 3227 5356 Judacorum
3270 5300 3341 5354 de
3372 5295 3602 5371 populis

1952 5395 2162 5450 faciam
2203 5391 2309 5447 tibi
2358 5388 2620 5446 conﬁteri
2651 5393 2708 5444 et
2738 5389 2978 5445 laudare
3007 5393 3099 5444 te:
3127 5413 3154 5438 ‹‹
3181 5388 3314 5445 etin
3350 5387 3602 5443 nationi-

1953 5486 2122 5553 bus,»
2154 5483 2213 5537 id
2240 5481 2415 5551 est,in
2448 5477 2755 5544 Gentibus,
2777 5495 2904 5551 quae
2936 5478 3085 5534 tales
3116 5480 3423 5533 remanent
3452 5493 3590 5548 qua-

1950 5572 2037 5627 les
2059 5573 2199 5626 sunt
2218 5572 2366 5623 natae
2390 5566 2681 5638 «psallam
2710 5565 2873 5635 tibi,»
2908 5566 2967 5621 id
2999 5571 3107 5635 est,
3127 5566 3338 5623 faciam
3370 5569 3424 5621 te
3456 5565 3604 5621 bene

1954 5659 2200 5734 operari.

2026 5750 2157 5805 Ideo
2188 5746 2510 5805 conﬁtebor
2537 5745 2664 5814 tibi,
2701 5768 2728 5796 ε(
2760 5746 2900 5818 quia
2959 5745 3362 5803 misericordia
3417 5750 3538 5815 tua,
3574 5767 3601 5801 η
