3942 6308
258 414 266 423 ’
329 403 443 466 571

752 398 1161 462 HAYMONIS
1194 393 1740 458 HALBERSTAT.
1774 387 2020 451 EPISC.
2054 388 2225 451 OPP.
2263 389 2463 451 PARS
2495 390 2545 451 Ι.
2577 423 2654 433 -
2683 390 3091 453 COMMENT.
3125 389 3323 451 BIBL.

3618 389 3734 450 572

328 542 438 606 est,
471 536 652 593 Filius
685 539 845 600 tuus,
878 550 981 605 per
1030 547 1205 603 quem
1254 525 1713 583 misericorditer
1742 538 1980 596 reparas
2009 522 2065 589 Α
2094 525 2222 580 sine
2253 522 2378 596 lege
2409 529 2595 592 erant,
2620 529 2759 581 sunt
2786 548 2807 575 α
2832 524 2992 580 lebes
3030 525 3154 597 spei
3200 542 3363 591 meas,
3394 545 3420 572 »
3446 522 3501 578 id
3524 525 3629 587 θεῖ,
3653 540 3739 580 se-

328 644 515 701 genus
546 626 895 689 humanum,
917 646 942 670 ‹‹
966 637 1181 691 magna
1202 623 1291 673 est
1313 634 1490 689 super
1510 615 1706 679 cmlos,
1727 637 1754 664 ››
1782 614 1837 668 id
1870 618 1977 679 est,

329 734 506 789 super
528 714 790 769 caelestes
813 716 1132 775 creaturas,
1159 707 1383 763 scilicet
1414 723 1593 777 super
1623 705 1781 776 ipsos
1813 719 1984 773 ange-

329 804 552 875 los,qui
588 820 690 875 per
722 802 917 873 ipsum
951 798 1288 854 subsistunt
1319 820 1345 845 α
1380 799 1436 850 et
1464 794 1679 849 veritas
1708 797 1826 859 tua,
1858 812 1885 844 ιι
1922 790 1981 845 id

331 898 439 961 est,
474 890 655 948 Filius
686 893 842 955 tuus,
876 888 975 960 qui
1004 891 1060 942 te
1090 902 1350 941 veracem
1398 900 1525 940 esse
1558 880 1815 938 ostendit
1843 878 1983 951 quia

326 1000 430 1054 per
450 981 644 1053 ipsum
670 977 1089 1051 promissiones
1112 980 1225 1031 tua:
1241 973 1491 1045 impleta:
1506 976 1643 1027 sunt
1659 971 1713 1025 in
1738 970 1978 1036 mundo,

326 1075 416 1127 est
438 1086 653 1142 magna
679 1092 704 1119 α
729 1085 917 1140 usque
939 1067 1010 1122 ad
1035 1066 1223 1120 nubes
1251 1087 1276 1112 ››
1305 1061 1767 1125 constituendas,
1792 1058 1844 1113 id
1871 1062 1978 1124 est,

327 1164 562 1217 sanctos
589 1154 1129 1231 prazdicatores,qui
1152 1151 1502 1223 coxnpluunt
1532 1148 1851 1204 Ecclesium
1878 1165 1983 1201 coe-

325 1249 456 1306 lesti
491 1265 664 1321 aqua.

396 1341 465 1395 Et
482 1336 960 1413 quandoquidem
995 1331 1397 1388 misericordia
1420 1334 1521 1384 tua
1544 1343 1757 1397 magna
1779 1328 1866 1380 est
1884 1342 1981 1378 su-

327 1445 432 1500 per
456 1426 652 1491 cwlos,
686 1440 823 1495 ergo
857 1447 884 1472 «
919 1427 1008 1487 tu,
1039 1422 1213 1486 Deus,
1247 1418 1498 1473 exaltare
1540 1433 1715 1487 super
1745 1414 1921 1469 cados
1952 1436 1980 1463 ››

327 1516 386 1571 id
419 1515 657 1581 est,duc
689 1511 987 1567 hominem
1016 1510 1121 1565 tibi
1157 1509 1389 1563 unitum
1424 1523 1601 1578 super
1630 1521 1864 1559 onmem
1889 1520 1987 1557 an-

325 1604 575 1678 gelicam
608 1600 1129 1666 creaturam,sicut
1160 1598 1217 1651 in
1251 1596 1594 1652 ascensione
1625 1590 1984 1663 completum

325 1698 417 1752 est
448 1710 461 1748 :
501 1714 531 1746 α
560 1697 619 1748 et
654 1714 680 1740 ››
715 1709 817 1763 per
846 1690 956 1744 hoc
990 1711 1019 1738 «
1052 1686 1239 1757 gloria
1264 1690 1418 1750 tua,»
1456 1686 1511 1739 id
1539 1687 1648 1749 est,
1674 1683 1832 1737 fama
1861 1683 1983 1747 tua,

327 1784 437 1840 erit
465 1808 485 1833 α
514 1799 694 1853 super
722 1794 958 1835 omnem
990 1783 1269 1841 terram,»
1305 1774 1445 1846 quia
1474 1777 1535 1828 tu
1570 1771 1861 1844 gloriosus
1884 1786 1983 1840 ap-

326 1872 563 1947 parebis
594 1888 696 1942 per
729 1874 916 1924 totum
950 1866 1262 1921 mundum.

399 1962 540 2017 Pars
589 1958 866 2015 secunda.
898 1957 968 2011 Et
998 1961 1064 2010 ut
1095 1953 1201 2009 tibi
1235 1952 1313 2008 sit
1343 1952 1551 2024 gloria,
1581 1949 1764 2004 libera
1793 1949 1864 2002 de
1889 1964 1984 2019 po-

327 2053 535 2106 testate
561 2047 783 2103 inimici
811 2046 1055 2100 dilectos
1087 2041 1379 2099 tuosznisi
1403 2040 1561 2102 enim
1590 2037 1700 2110 ipsi
1724 2038 1990 2093 auferan-

326 2143 424 2195 tur
453 2157 487 2194 a
507 2139 653 2210 jugo
680 2135 920 2205 diaboli,
954 2136 1109 2190 Deus
1140 2132 1197 2188 in
1232 2130 1509 2186 omnibus
1551 2127 1834 2183 creaturis
1865 2126 1991 2181 suis

328 2227 555 2284 nullam
586 2225 834 2297 gloriam
875 2222 1116 2279 habebit
1150 2238 1162 2275 :
1197 2226 1253 2275 et
1288 2243 1314 2270 ‹‹
1348 2225 1411 2274 υῖ
1443 2218 1764 2273 liberentur
1795 2214 1990 2269 dilecti

331 2315 678 2382 tui,salvuni
704 2314 845 2368 fac»
881 2330 974 2367 me
1007 2310 1435 2374 resuscitando,
1469 2325 1571 2378 per
1600 2306 1771 2375 cujus
1804 2322 1992 2359 resur-

330 2405 647 2460 rectionem
694 2403 893 2457 futura
925 2406 1013 2455 est
1045 2399 1387 2453 dilectorum
1418 2394 1704 2451 liberatio.
1739 2393 1992 2448 Dilectos

331 2498 499 2549 vocat
517 2510 553 2548 a
575 2493 689 2547 Deo
714 2490 1069 2563 praeelcctos,
1102 2505 1209 2543 nec
1237 2487 1483 2541 aliorum
1519 2483 1663 2555 petit
1694 2482 1988 2537 liberatio-

334 2599 490 2637 nem.
528 2581 657 2653 Ipse
707 2578 863 2633 enim
915 2577 1136 2632 sciebat
1185 2574 1285 2646 qui
1322 2574 1520 2628 essent
1549 2570 1772 2635 dilecti,
1805 2574 1863 2623 et
1889 2586 1991 2640 pro

336 2669 485 2744 ipsis
507 2670 737 2725 orabat:
759 2665 1017 2722 Ecclesia
1050 2682 1203 2729 vero,
1239 2663 1380 2734 quia
1410 2678 1524 2715 non
1557 2658 1858 2729 cognoscit
1888 2658 1993 2711 de-

336 2758 646 2815 terminate
678 2756 778 2827 qui
813 2758 952 2810 sunt
982 2752 1268 2820 salvandi,
1303 2768 1407 2823 pro
1448 2748 1724 2805 omnibus
1755 2750 1883 2802 orat
1911 2745 1995 2799 in-

336 2848 606 2904 discrete.
637 2869 663 2895 ‹‹
701 2844 938 2901 Salvum
985 2844 1074 2897 fac
1106 2865 1133 2893 »
1161 2841 1312 2907 dico,
1364 2862 1391 2889 ‹‹
1428 2840 1662 2894 dextera
1712 2839 1832 2902 tua,
1871 2857 1899 2883 ››
1934 2834 1989 2888 id

338 2941 446 3004 est,
481 2934 741 3008 potentia
796 2938 920 3000 tua,
955 2956 976 2981 α
1010 2935 1068 2987 et
1114 2930 1320 2986 exaudi
1368 2945 1461 2983 me
1494 2950 1519 2977 ››
1555 2929 1889 2999 precantem
1922 2924 1994 2979 de

339 3025 687 3081 dilectorum
712 3021 1077 3088 liberatione,
1110 3019 1335 3074 scilicet
1364 3022 1420 3072 et
1451 3034 1552 3089 per
1582 3031 1775 3070 meam
1806 3030 1995 3067 resur-

339 3114 677 3180 rectionem,
715 3116 774 3167 et
802 3129 905 3182 per
944 3126 1135 3165 meam
1177 3106 1500 3164 orationem
1523 3104 1706 3159 libera
1728 3103 1992 3158 dilectos.

412 3204 547 3258 Peto
574 3207 637 3257 ut
658 3201 886 3257 salvum
909 3216 1001 3254 me
1025 3197 1297 3263 facias,ut
1319 3195 1403 3251 sic
1425 3195 1747 3249 liberentur
1768 3190 1992 3246 dilecti:

340 3296 397 3349 et
435 3293 507 3347 de
541 3308 672 3345 mea
699 3287 1046 3343 liberatione
1076 3287 1224 3341 bene
1255 3288 1451 3339 certus
1483 3298 1615 3336 sum
1647 3285 1705 3336 et
1735 3281 1806 3335 de
1839 3280 1992 3351 ipso-
2027 3266 2069 3333 C

341 3399 471 3437 rum
505 3378 719 3447 salute,
737 3376 877 3448 quia
912 3376 1109 3429 «Deus
1140 3373 1372 3428 locutus
1393 3370 1560 3427 estin
1590 3393 1615 3418 ››
1642 3388 1734 3423 me
1756 3367 1995 3440 speciali

345 3490 373 3519 ‹‹
404 3470 606 3524 sancto
639 3482 775 3532 suo;
798 3487 816 3511 υ
845 3462 1069 3518 scilicet
1098 3461 1333 3517 locutus
1364 3463 1453 3515 est
1483 3476 1494 3513 :
1530 3482 1556 3506 ‹‹
1592 3457 1910 3512 Exsultabo
1941 3460 1999 3511 et

342 3556 602 3612 dividam
626 3552 973 3615 Siehimam,
995 3573 1021 3599 ››
1058 3550 1112 3604 id
1149 3554 1255 3616 est,
1291 3548 1589 3614 humeros,
1624 3545 1847 3600 scilicet
1874 3562 2001 3616 gra-

343 3644 487 3700 tiam
525 3660 717 3697 meam
742 3640 989 3695 diversis
1014 3641 1445 3709 confcram,per
1464 3653 1641 3707 quam
1667 3635 1873 3689 faciam
1898 3634 2003 3687 hu-

347 3748 611 3789 merosos
640 3734 698 3785 et
731 3731 909 3785 fortes
940 3729 1011 3783 ad
1046 3727 1276 3782 labores
1308 3725 1706 3780 sustinendos.
1731 3725 1842 3778 «Et
1872 3740 2004 3776 con-

344 3821 555 3878 vallem
588 3817 1122 3883 tabernaculorum,
1150 3838 1176 3866 »
1212 3815 1265 3870 id
1301 3818 1407 3880 est,
1444 3812 1698 3867 humiles
1729 3812 1787 3866 in
1820 3813 2006 3866 taber-

348 3909 575 3968 naculis
626 3908 774 3964 meis
821 3906 1170 3973 militantes,
1221 3926 1248 3953 ‹‹
1282 3903 1557 3959 dimetiar
1587 3924 1615 3953 »
1672 3901 1728 3955 id
1779 3906 1888 3969 est,
1943 3899 2002 3953 in

349 4005 574 4073 partem
606 3996 750 4053 mihi
783 4014 919 4052 assu
929 4013 1108 4050 mam.

420 4088 611 4144 Etiam
645 4111 671 4136 ‹‹
695 4085 981 4150 Galaad,»
1015 4085 1071 4139 id
1104 4087 1212 4150 est,
1246 4098 1486 4137 acervus
1520 4077 1860 4146 testimonii,
1892 4078 2005 4131 sie-

350 4178 435 4235 uti
487 4176 671 4233 sancti
726 4178 1012 4247 martyres
1062 4173 1165 4245 qui
1218 4173 1361 4226 dant
1412 4170 1637 4241 seipsos
1685 4167 1855 4223 morti
1904 4185 2008 4239 pro

351 4264 689 4323 testimonio
720 4262 1003 4328 veritatis,
1029 4286 1053 4310 ‹‹
1074 4266 1163 4316 θεῖ
1195 4277 1384 4323 meus,
1414 4283 1433 4308 ι
1464 4258 1519 4312 id
1544 4262 1652 4323 est,
1677 4255 1733 4311 in
1764 4254 2008 4311 numero

354 4356 768 4414 salvandorum
804 4352 1119 4425 repositus.
1159 4374 1179 4399 ι
1216 4351 1284 4404 Et
1314 4366 1481 4404 meus
1512 4352 1601 4402 est
1630 4347 1953 4412 Manasses,
1980 4369 2007 4396 »

354 4446 412 4501 id
445 4449 555 4509 est,
588 4441 669 4498 illi
720 4441 822 4514 qui
879 4440 1043 4496 obliti
1104 4444 1243 4495 sunt
1280 4437 1492 4493 veteris
1522 4435 1648 4491 vita:
1677 4435 1831 4490 sicut
1861 4435 2015 4490 Psal-

290 4570 293 4573 -
356 4534 534 4589 mista
563 4530 703 4587 alibi
736 4530 924 4585 dicit:
982 4528 1338 4585 Obliviscerc
1394 4524 1679 4598 populum
1742 4529 1910 4579 tuum
1957 4528 2016 4580 et

356 4623 598 4678 domum
615 4619 801 4692 patris
815 4619 897 4674 tui
914 4620 1143 4690 (Psalm.
1159 4621 1330 4685 XLIV).
1348 4639 1373 4666 ‹‹
1392 4613 1771 4685 EtEphraim,
1793 4635 1814 4664 ι
1834 4614 1890 4668 id
1904 4618 2011 4681 est,

358 4710 782 4766 fructificantes
794 4708 853 4763 in
867 4707 1037 4764 bonis
1051 4706 1443 4778 Operibus,est
1455 4727 1481 4754 ‹‹
1498 4702 1794 4774 susceptio
1808 4702 2017 4773 capitis

362 4798 533 4867 mei,»
567 4798 625 4853 id
656 4803 767 4863 est,
791 4795 1115 4852 divinitatis
1148 4812 1311 4857 mem,
1336 4793 1477 4864 quia
1507 4792 1568 4845 in
1599 4790 1717 4845 illis
1748 4792 1847 4862 qui
1879 4795 2020 4846 sunt

358 4887 441 4943 ita
455 4888 875 4942 fructificantes
899 4884 1215 4957 quiescitet
1234 4880 1697 4951 delectaturipsa
1709 4879 2015 4935 Divinitas.

360 4975 487 5046 Vel,
531 4997 551 5022 κ
576 4975 878 5047 Ephraiin,
915 4997 943 5023 ››
976 4973 1035 5028 id
1066 4977 1174 5039 est,
1210 4971 1414 5043 spinea
1470 4985 1705 5031 corona,
1757 4986 1885 5039 qum
1932 4972 2023 5023 est

362 5062 905 5135 fructificatio,quia
934 5060 1186 5133 acquirit
1216 5060 1332 5115 Deo
1363 5074 1638 5113 coronam
1671 5057 1741 5111 de
1772 5057 2021 5112 circuitu

364 5153 545 5208 totius
578 5154 782 5208 mundi
820 5168 834 5207 :
870 5169 985 5206 non
1035 5154 1124 5205 est
1167 5148 1422 5203 dedecus
1453 5150 1509 5201 et
1537 5145 1838 5216 depressio
1870 5162 2019 5212 mea,

367 5242 521 5298 sicut
552 5243 793 5313 quidam
827 5241 1053 5305 dicunt,
1087 5238 1187 5294 sed
1221 5234 1515 5307 susceptio
1554 5233 1765 5305 capitis
1798 5234 1931 5301 mei,
1965 5235 2020 5290 id

367 5336 457 5385 est
487 5330 626 5385 facit
675 5348 873 5385 meum
923 5331 1123 5399 caput,
1158 5326 1211 5380 id
1246 5330 1354 5391 est,
1388 5341 1579 5377 meam
1627 5321 2022 5389 altitudinem,

369 5419 588 5489 suscipi
620 5437 719 5489 per
748 5423 937 5473 totum
971 5416 1258 5470 mundum
1285 5411 1692 5483 etjucundum
1728 5410 1949 5467 haberi.

445 5530 471 5555 ‹‹
503 5508 662 5562 Juda
682 5511 771 5560 est
790 5524 887 5560 rex
909 5523 1135 5569 meus,»
1171 5503 1227 5557 id
1259 5507 1369 5568 est,
1405 5501 1692 5567 Christus,
1718 5518 1892 5571 quem
1920 5518 2026 5573 ego

373 5594 645 5651 constitui
695 5613 871 5665 super
916 5610 1121 5647 omnes
1171 5590 1392 5656 fideles,
1422 5594 1510 5644 est
1552 5589 1624 5642 de
1664 5588 1817 5643 tribu
1849 5591 2023 5645 Juda.

378 5700 403 5726 «
439 5682 628 5743 Moab,
662 5681 716 5734 id
750 5687 858 5746 est,
894 5683 1143 5736 abutens
1194 5678 1339 5749 lege,
1376 5678 1428 5732 id
1481 5681 1587 5743 est,
1622 5677 1890 5746 gentiles,
1925 5680 2025 5750 qui

2090 617 2251 690 ipsos
2280 621 2427 676 bene
2465 620 2878 691 decoquentes,
2913 622 2970 675 et
3001 618 3280 675 facientes
3323 615 3525 673 dulces
3556 616 3736 685 cibos,

2092 711 2163 765 de
2181 728 2213 781 q
2225 710 2397 765 uibus
2410 726 2515 781 ego
2530 709 2675 764 mihi
2696 710 3067 765 refectionem
3091 706 3698 780 capiam.Vel,«Moab,
3710 728 3737 752 η

2092 799 2151 853 id
2177 804 2285 867 est,
2320 798 2612 863 diabolus,
2646 800 2744 870 qui
2775 803 2865 855 est
2895 800 3147 854 abutens
3176 798 3302 872 lege
3332 801 3389 851 et
3419 795 3544 852 sine
3575 795 3741 850 Patre

2092 889 2209 959 Deo
2227 906 2239 943 :
2257 894 2346 944 est
2366 888 2548 954 lebes,
2571 888 2627 943 id
2653 893 2760 954 est,
2786 888 2971 944 eoetio
2989 893 3045 943 et
3067 887 3225 943 ustio
3248 885 3370 958 spei
3393 902 3533 940 meae
3557 902 3570 940 :
3604 882 3743 955 quia

2092 995 2196 1051 per
2224 978 2358 1035 illas
2388 979 2725 1035 exustiones
2756 982 3083 1051 purgantur
3129 976 3215 1033 illi
3258 992 3407 1049 quos
3437 990 3542 1047 ego
3574 988 3742 1046 spero

2093 1084 2187 1123 me
2217 1068 2585 1124 habiturum.

2162 1158 2368 1213 Adhuc
2388 1160 2461 1213 de
2481 1158 2675 1213 verbis
2697 1158 2820 1213 Dei.
2845 1159 2914 1213 Et
2934 1157 3074 1230 quia
3114 1173 3281 1211 meus
3314 1158 3407 1210 est
3427 1151 3663 1213 Galaad,
3687 1152 3748 1205 et

2093 1243 2240 1301 alios
2271 1245 2417 1300 tales
2448 1245 2655 1312 habeo,
2688 1262 2825 1315 ergo
2858 1269 2885 1296 ‹‹
2919 1245 3232 1300 extendam
3283 1242 3746 1298 calceamentum

2093 1350 2314 1403 meum,
2344 1334 2460 1387 noid
2492 1338 2599 1399 est,
2633 1338 2904 1389 sanctum
2938 1331 3314 1404 Evangelium
3347 1348 3463 1403 quo
3492 1327 3752 1384 calcean-

2091 1426 2191 1478 tur
2220 1424 2418 1493 pedes,
2451 1423 2508 1477 id
2563 1426 2671 1487 est,
2705 1421 3044 1477 affectiones
3093 1417 3644 1491 evangelizantium,
3677 1430 3754 1470 ne

2093 1516 2436 1585 pungantur
2464 1511 2652 1583 spinis
2679 1510 3190 1582 concupiscentia,
3224 1525 3367 1563 neve
3396 1506 3596 1578 aliquo
3627 1503 3752 1558 luto

2095 1601 2514 1673 inquinentur:
2537 1600 2845 1656 extendam
2871 1600 3001 1655 dico
3022 1622 3049 1647 ‹‹
3077 1597 3136 1652 in
3162 1598 3537 1657 Idummam,»
3558 1593 3619 1648 id
3643 1596 3754 1655 est,

2094 1691 2363 1756 terrenis,
2383 1690 2542 1745 velut
2572 1690 2630 1744 in
2666 1689 2941 1761 gentibus
2966 1687 3177 1742 faciam
3211 1682 3548 1741 annuntiari
3573 1682 3758 1737 Evan-

2096 1780 2314 1851 gelium
2350 1796 2363 1834 :
2395 1784 2452 1835 et
2482 1796 2584 1849 per
2613 1777 3123 1832 annuntiationem
3163 1771 3459 1845 Evangelii
3491 1793 3521 1820 «
3554 1768 3755 1825 alieni-

2018 1895 2064 1959 B
2098 1885 2281 1959 genae,
2316 1867 2600 1959 niscilicet
2646 1864 2945 1937 Allophili,
2980 1864 3040 1918 id
3072 1867 3181 1927 est,
3217 1860 3451 1932 potione
3482 1862 3541 1914 et
3571 1856 3759 1931 gloria

2099 1957 2280 2028 hujus
2308 1958 2438 2012 vitze
2471 1958 2767 2019 cadentes,
2803 1976 2831 2005 ‹‹
2864 1957 3007 2009 sunt
3056 1952 3201 2007 mihi
3236 1950 3372 2006 facti
3406 1948 3599 2014 amici,
3631 1967 3657 1999 ι
3694 1948 3757 2003 id

2100 2051 2189 2103 est
2219 2047 2581 2102 obedientes.

2146 2136 2434 2192 ν-Οεῒθῐιείε
2467 2133 2961 2206 promissionibus
2985 2131 3107 2198 Dei,
3134 2129 3382 2185 resumit
3410 2129 3585 2184 verba
3603 2126 3761 2182 Chri-

2102 2228 2249 2289 stus,
2284 2222 2453 2295 quasi
2487 2224 2567 2278 ita
2596 2222 2755 2278 dicat
2787 2238 2799 2275 :
2834 2219 3313 2291 quandoquidem
3366 2222 3525 2272 Deus
3567 2215 3706 2271 dicit
3739 2229 3753 2267 :

2102 2336 2130 2363 ‹‹
2166 2313 2485 2368 Extendam
2518 2310 2982 2365 calceamentum
3038 2324 3237 2364 meum
3267 2307 3324 2361 in
3356 2307 3692 2375 Idumaeam,
3727 2326 3755 2353 ›ι

2102 2404 2201 2456 sed
2234 2425 2262 2451 ‹‹
2297 2402 2432 2473 quis
2475 2400 2723 2455 deducet
2753 2414 2847 2454 me
2877 2397 2937 2453 in
2969 2397 3264 2452 civitatem
3297 2394 3611 2460 munitam,
3643 2417 3665 2445 ι
3697 2392 3757 2447 id

2102 2494 2285 2557 est,ut
2311 2506 2419 2561 ego
2443 2489 2653 2545 faciam
2687 2490 2758 2544 de
2792 2486 3065 2543 Idummis
3092 2485 3387 2541 civitatem
3416 2487 3617 2539 contra
3644 2481 3763 2536 dia-

2102 2579 2324 2635 bolicas
2356 2577 2708 2633 tentationes
2739 2576 3072 2632 munitam?
3097 2578 3154 2629 et
3177 2597 3204 2623 ‹‹
3231 2574 3365 2646 quis
3395 2589 3489 2628 me
3518 2571 3765 2627 deducet

2103 2686 2292 2741 usque
2313 2669 2369 2722 in
2396 2666 2797 2722 Idumzeam?»
2829 2665 2888 2720 id
2930 2669 3037 2729 est,
3069 2664 3223 2719 inter
3261 2666 3539 2725 terrenos,
3563 2659 3618 2714 id
3650 2660 3759 2716 est.

2103 2763 2170 2812 ut
2194 2758 2265 2814 ab
2297 2757 2382 2813 eis
2422 2774 2637 2812 nomen
2669 2772 2868 2810 meum
2909 2757 3319 2826 cognoscatur,
3343 2755 3401 2807 et
3430 2750 3488 2805 in
3514 2748 3658 2821 ipsis
3687 2746 3764 2802 ci-

2101 2847 2340 2903 vitatem
2364 2846 2722 2902 constituere
2750 2844 3000 2900 valeam.
3022 2841 3148 2909 Vel,
3176 2861 3205 2892 «
3227 2840 3361 2913 quis
3393 2839 3640 2895 deducet
3668 2853 3762 2891 me

2104 2937 2165 2991 in
2197 2936 2492 2991 civitatem
2524 2934 2817 2989 munitam
2836 2933 2865 2988 7
2891 2956 2912 2983 ιι
2942 2931 3000 2987 id
3031 2934 3141 2996 est,
3173 2929 3327 2986 inter
3356 2933 3635 2991 terrenos,
3659 2924 3761 2995 qui

2104 3029 2246 3082 sunt
2275 3025 2448 3079 modo
2479 3023 2683 3079 civitas
2713 3026 2919 3078 contra
2950 3037 3044 3076 me
3075 3018 3328 3087 munita,
3360 3023 3427 3073 ut
3455 3015 3763 3073 annuntia-

2104 3114 2261 3170 tione
2293 3114 2406 3169 mei
2451 3112 2809 3169 munitiones
2858 3126 3139 3182 perversa:
3182 3107 3344 3163 illius
3391 3105 3639 3162 civitatis
3667 3103 3762 3159 de-

2107 3207 2438 3259 struantur:
2455 3206 2512 3257 et
2525 3229 2548 3251 ‹‹
2564 3202 2697 3274 quis
2711 3202 2959 3257 deducet
2979 3216 3072 3254 me
3095 3214 3281 3270 usque
3304 3197 3362 3251 in
3386 3196 3755 3255 Idumaeam,»

2106 3292 2164 3348 id
2185 3297 2294 3359 est,
2318 3297 2384 3348 ut
2407 3293 2695 3347 Idumzeos
2719 3290 2864 3346 mihi
2890 3285 3340 3361 acquiram?Vel
3359 3283 3556 3341 aliter:
3584 3301 3609 3332 α
3631 3279 3765 3353 quis

2106 3382 2355 3437 deducet
2375 3397 2469 3436 me
2489 3381 2546 3435 in
2581 3380 2877 3435 civitatem
2912 3376 3200 3432 munitam
3220 3374 3289 3429 ?»
3313 3373 3373 3428 id
3402 3370 3575 3439 est,in
3597 3369 3768 3424 infer-

2108 3472 2379 3543 num,qui
2415 3474 2504 3525 est
2525 3468 2757 3524 munita
2787 3466 3012 3533 civitas,
3038 3467 3110 3520 ad
3140 3463 3474 3520 retinendos
3497 3458 3768 3515 homines

2108 3560 2166 3614 in
2195 3556 2881 3630 captivitate,utspoliem
2906 3572 3039 3610 eum
3065 3555 3137 3609 de
3158 3552 3469 3609 animabus
3484 3547 3765 3604 fidelium:

2109 3653 2167 3704 et
2186 3648 2318 3720 quis
2333 3652 2534 3719 postea
2546 3647 2793 3701 deducet
2807 3662 2898 3700 me
2912 3660 3099 3715 usque
3112 3643 3172 3697 in
3188 3635 3770 3708 Iduma:am,utipsos

2110 3742 2373 3793 terrenos
2406 3739 2537 3807 post
2564 3733 2935 3806 triumphum
2969 3749 3110 3787 meis
3139 3729 3395 3787 victoria:
3426 3722 3769 3798 acquiram?

2112 3825 2322 3881 Nullus
2354 3824 2580 3897 utique,
2605 3822 2719 3877 nisi
2744 3826 2806 3877 tu
2831 3826 3011 3889 Deus;
3031 3819 3217 3876 ethoc
3239 3823 3328 3875 est
3349 3816 3502 3889 quod
3526 3810 3728 3870 subdit
3752 3826 3765 3864 :

2192 3934 2214 3962 ι
2240 3915 2444 3970 Nonne
2464 3917 2551 3979 tu,
2572 3912 2781 3977 Deus,»
2806 3910 3011 3982 utique
3039 3913 3126 3975 tu,
3152 3907 3251 3980 qui
3287 3901 3646 3960 contrarium
3677 3904 3769 3955 ta-

2115 4020 2250 4059 men
2280 4002 2497 4057 videris
2528 4002 2715 4057 facere
2741 4017 2755 4054 :
2787 4016 2811 4042 α
2844 3999 2945 4071 qui
2975 3995 3243 4070 repulisti
3273 4010 3432 4057 nos,»
3467 3992 3523 4047 id
3555 3995 3663 4057 est,
3692 3986 3770 4041 vi-

2116 4093 2272 4149 deris
2304 4091 2592 4163 repulisse
2638 4107 2733 4145 me
2786 4093 2844 4144 et
2886 4104 3070 4154 meos,
3105 4087 3248 4142 dum
3297 4080 3587 4155 permittis
3616 4076 3770 4133 vilis-

2108 4184 2266 4237 sime
2307 4179 2578 4236 tribulari
2612 4196 2626 4234 :
2661 4184 2721 4234 et
2764 4178 2823 4233 in
2874 4177 2985 4233 hoc
3035 4173 3251 4230 videris
3301 4168 3606 4242 repulisse,
3639 4165 3775 4238 quia

2123 4293 2150 4322 «
2183 4288 2296 4325 non
2346 4268 2684 4340 egredieris,
2730 4267 2906 4333 Deus,
2939 4284 2965 4309 ἰ
3000 4263 3252 4320 ulterius
3284 4281 3308 4306 η
3356 4258 3415 4314 in
3464 4254 3774 4313 virtutibus

2120 4359 2391 4423 nostris,.
2426 4357 2481 4412 id
2516 4361 2747 4423 est,uon
2779 4353 3090 4427 apparebis
3122 4351 3399 4420 deinceps
3429 4343 3775 4401 manifestus

2120 4447 2181 4502 in
2204 4446 2422 4502 nostris
2453 4439 3186 4513 exercitibus,sicutfecisti
3208 4435 3468 4508 antiquis
3490 4431 3774 4489 Patribus.

2121 4536 2250 4592 Alia
2278 4533 2586 4590 translatio
2613 4532 2811 4598 habet,
2846 4548 2873 4578 α
2903 4531 2963 4586 in
2993 4527 3345 4586 exercitibus
3376 4543 3399 4567 ι»

2199 4624 2484 4689 Dico,non
2514 4620 2852 4695 egredieris,
2878 4636 2986 4676 nec
3017 4635 3126 4673 nos
3156 4615 3433 4690 petimus,
3456 4611 3557 4667 sed
3588 4607 3779 4681 potius

2128 4715 2204 4770 da
2231 4694 2673 4768 tribulationem
2709 4726 2722 4764 :
2771 4713 2830 4764 et
2864 4732 2887 4756 α
2919 4708 2989 4762 de
3019 4725 3044 4749 ν»
3079 4707 3209 4777 ipsa
3240 4723 3264 4748 ‹‹
3297 4697 3668 4757 tribulatione
3711 4694 3783 4750 da

2127 4802 2299 4857 nobis
2324 4799 2632 4863 auxilium,
2653 4817 2676 4841 η
2705 4797 2763 4851 id
2795 4801 2906 4863 est,
2932 4800 2999 4850 ut
3027 4794 3167 4867 ipsa:
3199 4787 3609 4865 tribula‘tiones
3637 4800 3783 4855 quas

2128 4891 2411 4964 patimur,
2451 4888 2623 4944 nobis
2670 4888 2743 4942 ad
2788 4885 3053 4940 futuram
3104 4880 3350 4955 gloriam
3385 4874 3780 4933 auxiliantur:

2129 4980 2260 5035 ideo
2294 4983 2425 5051 peto
2457 4975 2740 5032 auxilium
2773 4975 2845 5029 de
2875 4969 3255 5028 tribulatione
3303 4982 3422 5022 non
3459 4964 3785 5051 humanum

2133 5067 2441 5130 auxilium,
2475 5093 2498 5118 ‹‹
2531 5064 2673 5136 quia
2702 5063 2864 5119 salus
2894 5059 3206 5124 hominis,»
3226 5056 3285 5112 id
3315 5048 3784 5120 est,subsidium,

2132 5156 2291 5229 quod
2342 5158 2534 5226 potest
2577 5152 2753 5207 homo
2803 5153 3097 5223 praestare,
3152 5149 3244 5201 est
3274 5163 3297 5188 α
3331 5158 3500 5209 vana,
3528 5164 3554 5189 η
3589 5137 3647 5193 id
3679 5139 3784 5206 est,

2133 5250 2260 5301 tran
2271 5243 2496 5299 sitoria.

2210 5356 2236 5382 ‹‹
2261 5333 2323 5386 In
2352 5332 2483 5386 Deo.
2520 5360 2542 5381 η
2584 5330 2654 5384 Et
2692 5328 2833 5399 quia
2863 5326 3026 5382 salus
3058 5322 3317 5380 hominis
3346 5323 3434 5376 est
3462 5333 3631 5381 vana,
3664 5314 3788 5369 ideo

2139 5439 2167 5471 ιι
2197 5419 2485 5474 faciemus
2513 5416 2788 5472 virtutem
2828 5413 2888 5468 in
2920 5414 3060 5483 Deo,
3092 5434 3117 5457 η
3146 5412 3205 5467 id
3238 5414 3347 5475 est,
3381 5408 3575 5479 ipsum
3610 5403 3789 5458 Deum

2139 5505 2550 5579 reputabimus
2567 5503 2839 5559 virtutem
2862 5506 2921 5556 et
2941 5499 3332 5557 constantiam
3357 5487 3790 5557 nostram,nihil

2137 5578 2401 5651 inrnobis
2430 5593 2810 5655 confidentes,
2836 5591 2936 5645 sed
2962 5590 3163 5645 omnia
3191 5606 3226 5642 a
3258 5580 3663 5641 misericordia
3696 5578 3789 5634 Dei

2144 5688 2468 5755 sperantes.
2504 5700 2525 5721 «ι
2557 5681 2623 5734 Et
2654 5679 2777 5751 ipse
2809 5678 2881 5739 ad
2932 5676 3206 5733 nihilum'
3228 5674 3478 5731 deducet
3526 5667 3792 5725 inimicos
