3942 6388
377 448 495 509 575
586 504 598 515 .

765 445 1174 507 HAYMONIS
1208 442 1761 504 HALBERSTAT.
1798 437 2040 500 EPISC.
2078 437 2254 498 OPP.
2295 440 2522 502 PARS.
2558 441 2605 502 Ι.
2640 475 2717 485 ——
2746 442 3154 504 COMMENT.
3189 444 3388 505 BIBL.

3696 446 3811 506 576

371 599 517 638 uxor
562 581 712 653 ejus,
742 602 763 629 ιο
798 579 986 643 Judze,
1018 576 1105 631 vel
1160 574 1341 632 totius
1392 573 1591 647 populi
1642 574 1868 629 Judzeot
1885 590 2024 642 um;
2059 570 2113 637 Α
2142 572 2429 645 accipitur
2450 575 2546 630 hic
2578 575 2832 649 speciale
2864 575 3011 633 illud
3054 579 3383 649 peccatum,
3417 579 3489 635 de
3537 597 3804 653 persecu-

372 696 400 722 ‹‹
432 670 627 736 vidua,
667 692 693 718 »
724 667 809 723 vel
846 664 1076 721 maritis
1111 663 1470 731 carnalibus,
1505 663 1593 719 vel
1628 663 1754 735 ipso
1778 664 1894 718 Deo
1917 680 2040 718 ma-

371 760 481 816 rito
513 756 802 831 spirituali
834 760 892 812 et
923 773 1058 810 vero
1094 753 1483 810 consolatore.
1512 753 1670 809 Licet
1697 754 1753 807 in
1789 754 2042 827 Evange-

370 848 447 904 lio
479 865 593 902 non
626 847 873 918 legatur,
908 849 1105 900 tamen
1142 843 1438 899 credimus
1464 845 1680 901 Judam
1714 861 1952 899 uxorem
1983 848 2041 900 et

375 936 527 991 filios
560 935 860 991 habuisse.

441 1025 682 1096 Propter
702 1023 824 1078 haec
849 1022 1008 1077 mala
1043 1044 1070 1072 «
1094 1023 1529 1078 transferantur
1550 1021 1688 1077 ﬁliis
1704 1023 1853 1095 ejus,
1880 1046 1906 1073 »
1933 1023 2037 1079 sci-

367 1113 723 1180 licet,Judae,
750 1112 839 1167 vel
873 1111 1273 1167 communiter
1304 1111 1486 1166 totius
1520 1112 1740 1185 populi,
1766 1114 1835 1169 de
1860 1131 2037 1187 regno

369 1222 506 1271 suo;
544 1226 572 1254 «
604 1206 886 1258 nutantes
908 1224 935 1250 »
956 1201 1261 1256 instabiles
1283 1205 1339 1256 et
1361 1201 1818 1275 vagi,videlicet,
1844 1208 2036 1259 trans-

368 1293 493 1361 lati,
516 1291 741 1348 nullius
772 1294 939 1347 terrae
964 1289 1292 1345 dominium
1315 1291 1651 1360 obtineant;
1677 1316 1705 1342 «
1730 1297 1787 1347 et
1816 1294 2036 1349 mendi-

367 1386 519 1450 cent,
548 1404 575 1431 »
607 1382 665 1436 id
699 1384 808 1446 est,
844 1380 1058 1436 deserti
1092 1398 1127 1436 a
1157 1380 1293 1449 Deo,
1320 1380 1624 1453 indigeant
1653 1382 1831 1438 etiam
1879 1387 2035 1438 exte-

369 1471 631 1527 rioribus
664 1487 677 1525 :
720 1492 739 1520 a
769 1470 1208 1526 transferuntur
1241 1492 1267 1519 »
1301 1469 1569 1535 dico,nec
1601 1471 1711 1526 hoc
1737 1472 1923 1543 famae,
1947 1473 2035 1528 vel

367 1558 708 1627 voluntarii,
741 1560 841 1614 sed
874 1557 929 1613 vi
962 1559 1346 1630 expellantur.
1380 1560 1499 1615 Hoc
1531 1563 1620 1615 est
1651 1561 1805 1632 quod
1839 1561 1985 1617 dicit
2016 1580 2030 1618 :

348 1673 395 1699 .‹‹
431 1647 758 1721 Ejiciantur
789 1649 859 1703 de
891 1648 1358 1705 habitationibus
1390 1648 1566 1717 suis,»
1598 1650 1753 1706 sicut
1783 1652 2033 1725 comple-

366 1742 493 1794 tum
525 1740 617 1794 est
644 1755 750 1810 per
781 1736 978 1793 Titum
1012 1742 1069 1793 et
1095 1738 1550 1811 Vespasianum.

441 1849 468 1877 «
502 1828 811 1883 Scrutetur
829 1826 1008 1882 etiam
1044 1827 1399 1896 fenerator,»
1424 1828 1480 1883 id
1505 1833 1611 1897 est,
1633 1830 2031 1904 diabolus,qui

2150 662 2309 719 tione
2327 665 2626 736 justorum
2650 684 2662 734 ;
2689 666 2845 721 unde
2868 669 2926 722 et
2947 665 3083 722 alibi
3107 666 3322 722 dicitur
3354 683 3367 722 :
3401 667 3609 724 Veniat
3632 687 3809 743 super

2149 770 2251 808 vos
2282 754 2478 810 omnis
2510 754 2754 827 sanguis
2774 756 2981 827 justus
3012 755 3114 827 qui
3145 757 3371 813 effusus
3391 761 3480 814 est
3509 775 3685 830 super
3704 762 3810 814 ter-

2151 860 2350 913 ram,a
2379 844 2669 915 sanguine
2727 843 2869 900 Abel
2911 844 3293 918 justi,usque
3337 847 3409 902 ad
3461 848 3806 920 sanguinem

2147 931 2438 987 Zacharia:
2474 931 2579 987 filii
2613 932 2909 988 Barachiaz
2939 933 3148 1003 (Matth.
3181 934 3364 1008 xxm).

2208 1043 2247 1101 qu
2284 1020 2593 1076 Peccatum
2646 1021 2858 1077 matris
2912 1040 3029 1077 non
3068 1022 3352 1095 deleatur,
3388 1045 3415 1073 »
3448 1026 3550 1082 sed
3608 1026 3806 1097 potius

2148 1132 2175 1158 «
2210 1109 2356 1165 ﬁant
2385 1114 2588 1165 contra
2620 1110 2937 1166 Dominum
2969 1128 3219 1184 semper,
3258 1135 3281 1163 ι
3317 1112 3540 1169 scilicet
3564 1118 3627 1171 ut
3653 1116 3805 1171 sicut

2146 1198 2205 1253 in
2238 1199 2346 1255 hac
2364 1200 2484 1255 vita
2501 1203 2640 1257 sunt
2658 1200 2934 1256 contrarii
2964 1200 3210 1258 Domino
3234 1218 3337 1275 per
3356 1202 3801 1262 similitudinem

2144 1288 2295 1357 vitm,
2314 1288 2396 1344 ita
2425 1288 2483 1344 in
2516 1288 2633 1345 alia
2661 1289 2780 1346 vita
2807 1294 2982 1346 erunt
3008 1292 3316 1362 contrarii;
3342 1294 3576 1365 quando
3608 1294 3801 1351 Domi-

2147 1395 2258 1433 nus
2288 1377 2348 1432 in
2379 1377 2565 1450 gloria
2595 1378 2855 1450 quiescet
2885 1395 3019 1434 cum
3051 1380 3198 1450 suis,
3217 1380 3331 1455 ipsi
3375 1383 3804 1456 torquebantur

2145 1467 2376 1523 aeternis
2407 1467 2735 1540 suppliciis.
2767 1487 2789 1515 ε
2822 1470 2893 1524 Et
2923 1469 3230 1541 despereat
3258 1472 3331 1527 de
3382 1474 3538 1528 terra
3558 1493 3586 1524 »
3619 1472 3804 1529 viven-

2145 1557 2294 1612 tium
2332 1578 2359 1607 ‹‹
2384 1556 2667 1612 memoria
2687 1573 2951 1627 eorum,»
2976 1557 3203 1615 scilicet
3224 1561 3378 1631 quod
3403 1559 3607 1618 nullus
3620 1560 3807 1633 justo-

2144 1664 2273 1703 rum
2308 1646 2506 1719 aliqua
2532 1645 2629 1718 pia
2659 1647 2965 1703 affectione
2994 1652 3300 1705 moveatur
3319 1666 3499 1723 super
3518 1666 3641 1707 eos.
3675 1651 3803 1708 Hec

2142 1753 2242 1791 oro
2269 1736 2354 1791 eis
2383 1757 2411 1785 «
2441 1753 2546 1807 pro
2577 1753 2643 1791 eo
2678 1758 2705 1785 »
2738 1737 2910 1806 facto,
2944 1761 2973 1788 «
3008 1738 3166 1810 quod
3200 1755 3315 1795 non
3367 1742 3457 1795 est
3488 1762 3516 1789 »
3549 1740 3801 1814 populus

2142 1824 2238 1879 ille
2269 1848 2297 1874 «
2333 1826 2673 1881 recordatus
2704 1827 2895 1882 facere
2926 1823 3420 1895 misericordiam,
3439 1848 3466 1881 η
3505 1827 3565 1884 id
3594 1834 3683 1887 est
3696 1829 3799 1886 ali-

367 1916 584 1972 dicitur
614 1916 905 1972 fenerator
936 1915 1076 1988 quia
1104 1916 1249 1973 vitia
1296 1918 1616 1976 commissa
1661 1920 1834 1976 alicui
1878 1919 2029 1975 mul-
2059 1947 2107 2012 Β
2141 1913 2281 1986 quid
2317 1931 2422 1987 pro
2455 1931 2571 1986 quo
2603 1915 2841 1971 deberet
2867 1915 3332 1973 misericordiam
3382 1916 3659 1974 invenire.
3694 1912 3801 1978 Re-

362 2005 627 2079 tiplicata
659 2004 922 2078 requirit,
957 2006 1099 2079 quia
1141 2006 1200 2062 in
1233 2006 1380 2079 ipsis
1428 2008 1607 2064 etiam
1651 2010 2030 2083 multiplicari

364 2094 521 2164 facit,
549 2098 606 2151 et
636 2112 740 2168 pro
767 2094 913 2167 ipsis
944 2112 1147 2167 poenas
1168 2096 1367 2166 solvit;
1397 2120 1425 2149 «
1465 2115 1702 2154 omnem
1750 2100 2025 2155 substan-

363 2185 505 2241 tiam
520 2186 707 2256 ejus,»
722 2185 887 2241 Judae
905 2188 961 2240 et
981 2184 1228 2241 aliorum
1251 2187 2025 2244 JudaeorumSubstantiam

361 2290 565 2330 eorum
596 2272 811 2345 accipit
838 2273 1148 2341 rationem,
1182 2292 1287 2348 per
1314 2294 1495 2349 quam
1542 2277 1654 2349 ipsi
1696 2278 1910 2332 debent
1939 2277 2023 2332 vi-

361 2380 512 2430 vere,
547 2367 604 2418 et
633 2362 691 2417 in
725 2363 895 2419 bonis
927 2364 1201 2436 operibus
1233 2366 1551 2421 sustentari
1580 2383 1593 2420 :
1620 2366 1772 2421 hanc
1802 2370 2027 2422 scruta-

361 2456 460 2508 tur
484 2451 777 2519 diabolus,
800 2454 1035 2525 quando
1066 2470 1102 2508 a
1129 2453 1282 2510 bono
1314 2472 1412 2509 eos
1443 2454 1708 2524 retrahit,
1744 2459 1801 2511 et
1843 2456 2021 2511 ratio-

363 2558 501 2597 nem
521 2558 724 2597 eorum
747 2540 807 2596 in
839 2559 1048 2614 pravos
1070 2560 1218 2599 usus
1256 2544 1560 2599 convertit.
1580 2543 1678 2599 Vel
1700 2567 1727 2594 «
1754 2546 2023 2601 substan-

360 2630 505 2686 tiam
538 2631 686 2702 ejus,
718 2653 745 2681 »
777 2630 1014 2698 diaboli,
1044 2632 1100 2686 id
1134 2635 1241 2698 est,
1268 2631 1577 2699 malitiam,
1602 2632 1661 2688 in
1695 2651 1812 2705 qua
1831 2638 1888 2690 et
1921 2652 2023 2706 per

366 2736 543 2792 quam
578 2719 704 2793 ipse
736 2719 1025 2776 subsistit.
1059 2743 1079 2771 α
1104 2720 1472 2789 Scrutetur,»
1506 2720 1561 2777 id
1590 2721 2022 2794 est,diligenter

356 2808 636 2881 inquirat,
652 2811 717 2865 ut
738 2827 841 2882 pro
865 2809 1118 2882 singulis
1149 2808 1391 2864 malitiis
1423 2827 1570 2882 quas
1610 2816 2015 2880 exercuerunt,

358 2900 563 2954 reddat
587 2899 672 2955 eis
703 2896 973 2955 diabolus
1004 2897 1360 2970 multiplices
1391 2917 1613 2971 pcnnas.
1659 2923 1686 2950 «
1730 2900 1799 2955 Et
1841 2900 2014 2956 alieni

357 2986 636 3060 diripiant
665 2988 896 3044 labores
927 2989 1077 3059 ejus,
1102 3011 1128 3036 »
1161 2987 1314 3043 sicut
1337 2989 1579 3044 Romani
1614 2990 1670 3044 in
1702 2991 2019 3061 possessio-

355 3077 532 3133 nibus
564 3094 766 3133 eorum
790 3076 1298 3133 hmreditaverunt.
1321 3078 1445 3146 Vel,
1482 3102 1510 3129 ‹‹
1533 3079 1729 3146 alieni,
1751 3100 1776 3131 υ
1817 3080 1872 3135 id
1904 3084 2014 3150 est,

353 3165 913 3239 gentiles,diripiant
932 3166 1162 3222 labores
1187 3166 1334 3239 ejus,
1353 3168 1407 3222 id
1432 3172 1539 3233 est,
1557 3168 1742 3241 legem
1757 3169 2010 3239 Domini,

353 3255 413 3311 in
446 3273 566 3328 qua
596 3256 760 3328 prius
790 3254 977 3312 Judaei
1010 3255 1437 3312 laboraverunt.

2142 2003 2419 2058 cordatus
2442 2003 2573 2059 ideo
2605 2003 2927 2076 dicit,quia
2956 2004 3066 2060 etsi
3100 2005 3265 2078 prius
3296 2020 3413 2062 non
3448 2006 3679 2064 fecisset
3698 2009 3804 2064 mi-

2139 2090 2542 2159 sericordiam,
2559 2096 2759 2164 posset
2780 2096 2978 2148 tamen
3001 2097 3207 2166 postea
3234 2093 3572 2168 resipuisse,
3604 2100 3660 2153 et
3688 2096 3792 2153 mi-

2139 2180 2458 2236 sericordia
2487 2181 2832 2238 fecisse.Vcl
2864 2182 2994 2239 ideo
3016 2183 3159 2239 dicit
3191 2206 3219 2235 «
3241 2185 3630 2255 recordatus,»
3659 2186 3801 2259 quia

2138 2269 2187 2325 si
2218 2270 2316 2325 alii
2342 2270 2619 2326 fecissent
2648 2270 2805 2327 mala
2825 2271 3204 2345 Christo,ipsi
3230 2275 3508 2330 deberent
3538 2276 3801 2333 defende-

2137 2360 2306 2426 re,de
2336 2376 2589 2431 quorum
2620 2360 2897 2433 progenie
2928 2361 3053 2434 ipse
3075 2366 3219 2432 erat,
3234 2366 3291 2419 et
3316 2381 3465 2436 quos
3493 2365 3800 2437 praesentia

2134 2466 2243 2504 sua
2271 2449 2398 2521 ipse
2423 2449 2789 2505 visitaverat.

2207 2561 2235 2589 «
2265 2538 2391 2594 Non
2421 2541 2511 2594 est
2544 2539 2884 2597 recordatus
2915 2542 3105 2597 facere
3135 2541 3656 2611 misericordiam,»
3681 2545 3784 2601 sed

2131 2628 2328 2700 potius
2346 2651 2365 2675 «
2376 2632 2721 2700 persecutus
2732 2630 3133 2687 esthominem
3149 2631 3504 2705 inopempid
3518 2633 3799 2701 est,nulla

2129 2716 2437 2789 temporali
2490 2717 2659 2789 copia
2707 2719 3135 2788 abundantem,
3164 2740 3196 2773 ι
3226 2725 3285 2777 et
3316 2741 3347 2773 ι
3378 2737 3472 2777 me
3501 2743 3528 2771 «
3562 2722 3789 2779 mendi-

2129 2824 2288 2875 cum,
2322 2826 2349 2859 ι)
2378 2807 2434 2861 id
2487 2811 2598 2875 est,
2621 2807 2861 2864 aliunde
2909 2810 3243 2867 necessaria
3285 2814 3599 2884 petentem,
3630 2812 3789 2869 sicut

2129 2896 2253 2968 ipse
2268 2913 2482 2969 aquam
2499 2896 2852 2953 mendicavit
2874 2916 2908 2953 a
2929 2898 3177 2956 muliere
3206 2899 3574 2955 Samaritana
3602 2901 3788 2969 (Joan.

2126 2987 2244 3053 1v):
2280 3008 2301 3034 α
2336 2989 2394 3041 et
2426 3008 2448 3038 ι
2486 3002 2580 3041 me
2616 3008 2650 3035 cr
2673 2991 3096 3059 compunctum
3128 2988 3353 3057 corde,»
3393 2988 3450 3044 id
3471 2989 3789 3060 est,dolen-

2125 3077 2243 3130 tem
2264 3076 2335 3129 de
2360 3075 2614 3148 peccatis
2635 3092 2839 3131 eorum
2869 3092 2883 3132 :
2909 3093 3015 3132 nec
3037 3081 3177 3133 sunt
3191 3077 3479 3149 persecuti
3502 3078 3575 3134 ad
3592 3078 3703 3134 hoc
3720 3083 3784 3134 ut

2125 3162 2348 3235 aliquid
2373 3165 2443 3219 de
2466 3165 2890 3237 temporalibus
2911 3165 3054 3221 mihi
3082 3166 3397 3235 auferrent,
3414 3167 3513 3222 sed
3544 3189 3566 3217 α
3588 3168 3787 3223 morti-

2124 3252 2319 3320 ﬁcere,
2355 3276 2382 3302 »
2416 3254 2472 3309 id
2507 3258 2615 3322 est,
2651 3255 2722 3310 ad
2755 3254 2866 3311 hoc
2897 3259 2962 3310 ut
2993 3272 3086 3311 me
3118 3256 3561 3322 mortiﬁcarent,
3592 3256 3699 3312 Vel
3734 3258 3785 3313 si

424 3345 493 3399 Et
524 3361 661 3399 eum
693 3344 787 3399 his
819 3345 1012 3401 modis
1044 3349 1381 3402 conteratur
1406 3346 1665 3418 populus
1699 3346 1814 3415 iilo,
1843 3372 1869 3397 ‹‹
1897 3366 2011 3405 non
2044 3323 2086 3389 Ο
2129 3364 2156 3392 ‹‹
2187 3347 2611 3414 compunctum
2640 3366 2659 3393 υ
2689 3343 2922 3417 proprie
2942 3343 3325 3416 accipiamus,
3349 3344 3567 3401 scilicet
3586 3345 3788 3403 dolen-

366 3431 446 3488 sit
473 3430 556 3486 illi
586 3432 840 3501 adjutor,
869 3454 895 3479 »
929 3432 985 3486 id
1019 3437 1126 3500 est,
1162 3450 1276 3488 non
1301 3435 1379 3489 sit
1409 3435 1625 3506 aliquis
1642 3434 1893 3508 populus
1915 3437 2014 3509 qui

352 3520 622 3590 insurgat
653 3519 725 3573 ad
757 3519 1155 3575 defensionem
1189 3522 1319 3592 ejus
1353 3540 1365 3577 :
1400 3522 1489 3577 vel
1543 3523 1667 3595 ipse
1709 3529 1880 3596 Deus,
1912 3527 2012 3599 qui

351 3607 604 3663 aliorum
633 3606 887 3663 miseriis
920 3608 1133 3663 moveri
1169 3609 1316 3665 solet
1369 3615 1425 3665 et
1475 3612 1773 3683 adjuvare,
1798 3632 1911 3669 non
1937 3616 2015 3671 sit

352 3695 588 3768 adjutor
612 3694 695 3750 illi
730 3695 966 3769 populo,
1000 3715 1103 3753 nec
1134 3698 1309 3753 etiam
1357 3698 1493 3756 ﬁliis
1526 3718 1748 3757 eorum.
1786 3705 1856 3758 Et
1905 3704 2014 3760 hoc

351 3784 494 3842 dicit
527 3803 539 3840 :
579 3808 599 3830 η
638 3802 752 3840 non
782 3785 860 3841 sit
890 3786 991 3858 qui
1015 3786 1364 3843 misereatur
1393 3789 1635 3863 pupillis
1664 3791 1813 3862 ejus.
1842 3785 1896 3841 »i

427 3898 449 3924 κ
480 3875 604 3930 Non
635 3873 713 3930 sit
733 3874 833 3947 qui
868 3875 1281 3946 misereatur,»
1314 3879 1415 3933 sed
1441 3879 1637 3951 potius
1660 3904 1687 3929 ‹‹
1717 3880 1860 3936 [iant
1892 3882 2011 3937 nati

350 3965 478 4037 ejus
507 3988 531 4011 »
560 3963 759 4037 populi
775 3963 1257 4034 «ininteritum,»
1283 3966 1341 4022 id
1365 3968 2013 4037 est,m0rianturmorte

351 4053 680 4127 temporali.
717 4077 745 4104 ‹‹
780 4055 842 4110 In
874 4054 1251 4127 generatione
1300 4075 1419 4112 una
1477 4058 1741 4114 deleatur
1797 4078 2011 4117 nomen

349 4146 499 4216 ejus,
533 4167 562 4195 ››
591 4142 650 4200 id
683 4148 793 4217 est,
828 4161 943 4200 non
989 4142 1244 4201 habeant
1292 4148 1791 4219 regenerationem
1832 4168 2010 4222 quam

348 4233 570 4290 habent
592 4232 906 4290 Christiani
926 4252 994 4290 ex
1010 4235 1169 4290 unda
1187 4235 1596 4307 baptismi,sed
1622 4255 1800 4293 unam
1825 4238 2009 4295 solam

349 4320 1041 4397 generationem,scilicet
1053 4322 1556 4397 carnalem,quam
1570 4326 1905 4399 quicunque
1924 4346 2009 4384 so-

348 4412 466 4469 lam
491 4412 730 4480 habent,
750 4415 977 4468 interna:
1004 4411 1204 4484 patria;
1246 4412 1603 4469 habitatores
1648 4432 1763 4471 non
1796 4421 2005 4472 erunt:

349 4503 556 4558 eadem
575 4502 871 4557 sententia
887 4506 1080 4575 potest
1100 4501 1323 4571 haberi,
1341 4501 1389 4558 si
1408 4503 1479 4558 de
1503 4502 1536 4557 J
1542 4503 1657 4559 uda
1680 4504 2012 4577 specialiter

351 4590 617 4646 dicatur:
643 4589 729 4646 vel
754 4590 877 4647 hinc
908 4589 1045 4659 alia,
1071 4591 1181 4645 «in
1213 4591 1588 4663 generatione
1611 4610 1727 4648 una
1749 4593 2013 4651 deleatur

2124 3434 2242 3485 tem
2273 3431 2345 3485 de
2375 3432 2629 3503 propriis
2653 3432 2937 3504 peccatis;
2972 3433 3238 3490 dicemus
3269 3451 3382 3489 non
3431 3434 3503 3490 de
3546 3435 3789 3507 propria

2124 3535 2376 3590 persona
2400 3519 2635 3588 Christi,
2662 3522 2764 3576 sed
2795 3523 2866 3577 de
2898 3522 3043 3578 suis.
3079 3523 3174 3578 Sic
3205 3521 3493 3596 persecuti
3517 3526 3659 3579 sunt
3689 3541 3786 3582 me

2124 3606 2356 3679 inopem
2390 3608 2689 3665 hominem
2720 3614 2779 3666 et
2800 3627 3000 3681 meos;
3036 3611 3145 3666 hoc
3191 3615 3281 3668 est
3327 3611 3482 3685 quod
3528 3611 3731 3669 subdit
3765 3632 3779 3669 :

2131 3717 2158 3749 ι
2189 3702 2574 3769 eompunctos
2606 3699 2798 3755 corde.
2837 3722 2864 3751 ››

2195 3810 2223 3837 ‹‹
2253 3788 2322 3842 Et
2353 3787 2555 3843 dilexit
2582 3788 3079 3865 maledictionem,
3111 3813 3139 3843 »
3173 3789 3349 3847 veluti
3399 3807 3531 3847 cum
3584 3790 3733 3847 dixit
3764 3810 3778 3847 :

2127 3874 2443 3950 «Sanguis
2474 3878 2603 3949 ejus
2657 3896 2836 3951 super
2868 3898 2975 3936 nos
3023 3884 3081 3937 et
3130 3896 3309 3953 super
3352 3878 3503 3936 ﬁlios
3552 3885 3785 3937 nostros

2122 3964 2330 4039 (Matth.
2359 3970 2533 4034 xxvu)
2559 3983 2573 4022 :
2606 3989 2633 4016 »
2671 3990 2691 4017 ι
2718 3972 2775 4023 et
2802 3969 2995 4025 veniet
3026 3969 3076 4025 ei
3103 3992 3130 4019 »
3162 3968 3376 4041 populo
3407 3968 3509 4025 illa
3537 3968 3782 4025 maledi-

2122 4054 2257 4123 ctio,
2282 4054 2419 4128 quia
2436 4055 2614 4111 etiam
2638 4060 2877 4129 propter
2896 4056 3041 4114 illud
3068 4061 3371 4131 peccatum
3405 4060 3544 4115 sunt
3586 4058 3784 4115 adhuc

2120 4146 2294 4202 hodie
2315 4144 2583 4200 excaecati
2616 4144 2718 4200 filii
2750 4162 2976 4202 eorum.
3014 4166 3037 4196 ι
3068 4148 3139 4201 Et
3180 4144 3370 4202 noluit
3417 4146 3783 4204 benedictio-

2121 4252 2278 4302 nem,
2304 4256 2332 4284 »
2367 4234 2604 4305 quando
2637 4250 2826 4290 caecus
2857 4234 3230 4291 illuminatus
3253 4234 3398 4290 dixit
3419 4234 3503 4290 eis
3526 4251 3539 4290 :
3570 4258 3591 4281 σ
3615 4235 3781 4291 Nun-

2121 4324 2263 4398 quid
2297 4326 2355 4379 et
2374 4339 2474 4379 vos
2496 4322 2773 4395 discipuli
2806 4324 2935 4394 ejus
2955 4323 3133 4380 vultis
3174 4323 3340 4379 ﬁeri?
3361 4323 3783 4381 Maledixerunt

2121 4413 2269 4480 ei,et
2300 4411 2574 4467 dixerunt
2607 4429 2619 4466 :
2656 4412 2743 4467 Tu
2778 4411 3109 4485 discipulus
3143 4412 3272 4484 ejus
3304 4411 3406 4481 sis,
3440 4428 3554 4467 non
3604 4412 3781 4469 disci-

2121 4501 2243 4576 puli
2277 4519 2486 4557 sumus
2517 4500 2702 4574 Moysi
2753 4501 2928 4574 (Joan.
2960 4505 3062 4573 1x).
3100 4526 3121 4555 η
3158 4502 3230 4558 Et
3277 4502 3404 4573 ipsa
3453 4501 3779 4559 benedictio

2122 4616 2149 4642 ‹‹
2185 4591 2558 4664 elongabitur
2579 4591 2650 4646 ab
2672 4608 2738 4647 eo
2764 4615 2786 4645 ι
2814 4590 3522 4665 ρορυ10,‹]υἱθ.,θχοωοαῐίε
3537 4588 3778 4657 Judaeis,

353 4697 564 4735 nomen
598 4679 747 4750 ejus,
786 4702 811 4728 »
846 4677 902 4734 id
936 4684 1045 4748 est,
1082 4697 1197 4735 non
1227 4679 1441 4735 habeat
1489 4679 1739 4737 multam
1782 4700 2013 4740 succes-
2042 4700 2092 4767 D
2125 4678 2402 4737 transibit
2434 4678 2791 4737 illuminatio
2825 4681 2897 4736 ad
2927 4684 3155 4753 gentes.

353 4769 580 4825 sionem
614 4766 1013 4837 ﬁliorum,sed
1042 4768 1169 4823 sine
1200 4768 1361 4840 prole
1378 4768 1479 4823 filii
1511 4770 1638 4841 ejus
1666 4770 2008 4831 moriantur.

422 4859 495 4913 Et
526 4861 760 4930 propter
778 4858 900 4913 haec
931 4856 1087 4913 mala
1117 4881 1143 4907 ‹‹
1170 4857 1452 4930 iniquitas
1475 4864 1710 4931 patrum
1743 4862 1931 4933 ejus,»
1951 4863 2007 4918 id

351 4950 459 5014 est,
494 4945 804 5019 originalia
834 4950 1094 5019 peccata,
1129 4968 1156 4996 «
1188 4947 1385 5002 redeat
1416 4948 1473 5003 in
1507 4951 1876 5021 memoriam,
1898 4975 1925 5001 »
1950 4952 2009 5008 id

352 5040 442 5091 est
471 5051 675 5107 pmnas
704 5052 805 5091 eos
835 5034 1059 5108 afﬂigat
1087 5053 1190 5107 pro
1208 5036 1461 5109 peccatis
1483 5042 1719 5110 patrum
1741 5058 2006 5109 suorum,

353 5141 468 5180 non
497 5123 688 5180 solum
724 5143 826 5197 pro
848 5124 1101 5201 propriis
1132 5126 1504 5183 commissis:
1539 5151 1566 5179 ‹‹
1599 5130 1847 5184 redeat»
1879 5130 2008 5185 dico

352 5237 378 5263 ‹‹
414 5213 473 5268 in
508 5218 822 5286 conspectu
859 5213 1111 5281 Domini,
1153 5237 1171 5264 ι
1208 5213 1262 5269 id
1298 5220 1407 5282 est,
1436 5216 1493 5270 in
1520 5206 1745 5288 judicio
1784 5216 1844 5272 in
1893 5237 2008 5291 quo

352 5302 639 5358 Dominus
660 5305 733 5357 ab
755 5304 1031 5359 omnibus
1064 5303 1457 5377 conspicietur
1482 5322 1494 5361 :
1518 5310 1756 5379 propter
1784 5307 1894 5364 hoc
1917 5309 2009 5363 di-

351 5390 450 5455 cit,
491 5411 518 5441 a
551 5392 742 5448 redeat
776 5392 833 5447 in
868 5393 1282 5462 memoriam,»
1306 5394 1446 5465 quia
1475 5395 1704 5451 videtur
1723 5396 2009 5455 Dominus

351 5475 571 5530 oblitus
603 5479 869 5534 omnium
892 5484 1266 5551 peccatorum
1291 5499 1492 5538 eorum
1520 5484 1576 5538 in
1599 5483 1707 5540 hoc
1725 5486 1867 5541 dum
1892 5503 2007 5543 non

351 5561 523 5637 punit
550 5580 669 5621 eos.
693 5591 719 5615 «
740 5569 809 5623 Et
838 5572 1144 5639 peccatum
1169 5570 1374 5627 matris
1395 5573 1583 5643 ejus,»
1617 5574 1676 5629 id
1698 5578 1807 5649 est,
1832 5576 2009 5648 Syna-

352 5662 533 5734 gogaa,
550 5649 609 5703 in
631 5670 747 5725 qua
773 5659 915 5711 sunt
938 5655 1248 5713 carnaliter
1271 5659 1463 5731 multi,
1492 5684 1519 5711 «
1546 5678 1661 5718 non
1686 5663 2008 5734 deleatur,»

355 5732 455 5785 sed
488 5736 678 5800 potius
710 5760 812 5812 pro
834 5742 1088 5811 peccatis
1119 5744 1433 5819 Synagoga:
1460 5749 1564 5805 lilii
1587 5738 1893 5807 deleantur
1916 5770 1928 5807 :
1955 5732 2011 5809 et

2202 4793 2223 4820 α
2258 4770 2329 4825 Et
2357 4768 2551 4825 induit
2578 4788 2604 4820 η
2644 4768 2900 4842 populus
2944 4768 3041 4826 ille
3076 4790 3103 4822 (ί
3133 4767 3624 4834 maledictionem,
3655 4785 3682 4818 ν
3716 4766 3774 4821 id

2118 4864 2209 4917 est
2236 4862 2540 4932 peccatum
2574 4875 2715 4914 mea:
2748 4858 2983 4928 mortis;
3025 4878 3054 4912 α
3084 4858 3237 4914 sicut
3278 4855 3710 4921 vestimentum,
3749 4877 3775 4901 »

2119 4949 2259 5022 quia
2279 4949 2569 5021 putabant
2589 4950 2786 5003 tamen
2808 4944 3306 5019 apparerevicinis
3325 4942 3490 4999 valde
3509 4940 3696 4997 ornati
3723 4944 3778 4996 et

2119 5037 2333 5094 decori.
2374 5056 2398 5087 ι
2432 5037 2503 5092 Et
2531 5036 2659 5109 ipsa
2708 5035 3042 5092 maledictio
3101 5033 3339 5091 intravit
3391 5032 3450 5087 in
3503 5029 3776 5086 interiore

2118 5128 2168 5198 ej
2179 5145 2300 5196 us,»
2329 5127 2457 5197 jam
2491 5126 2691 5183 valens
2714 5127 2785 5182 ad
2816 5130 3067 5182 mortem
3089 5141 3293 5181 eorum
3318 5139 3331 5180 :
3361 5142 3383 5172 ι
3402 5121 3556 5178 sicut
3575 5136 3728 5192 aqua
3746 5142 3773 5167 »

2119 5220 2432 5288 penetrans
2463 5216 2533 5271 ad
2570 5215 2880 5285 interiora;
2919 5237 2941 5265 α
2969 5219 3027 5271 et
3059 5215 3212 5272 sicut
3236 5212 3428 5269 oleum
3453 5210 3509 5265 in
3542 5209 3774 5265 ossibus

2119 5302 2247 5375 ejus
2282 5322 2292 5360 :
2325 5328 2344 5355 ι
2373 5302 2511 5376 quia
2532 5305 2894 5360 sicutoleum
2918 5304 3165 5359 hilarem
3190 5306 3247 5357 et
3269 5301 3459 5356 lzetam
3486 5295 3676 5353 reddit
3702 5298 3774 5351 l'a-

2119 5395 2292 5463 ciem,
2314 5394 2396 5449 ita
2427 5394 2537 5465 ipsi
2570 5393 2690 5449 lata
2722 5396 2793 5449 de
2824 5412 2955 5451 mea
2987 5398 3174 5450 morte
3206 5389 3645 5475 fuerunt.'l‘unc
3668 5385 3775 5441 fuit

2119 5487 2424 5557 peccatum
2447 5482 2591 5538 illud
2606 5484 2773 5555 quasi
2797 5484 3217 5540 vestimentum
3240 5479 3520 5537 accedens
3552 5475 3624 5533 ad
3654 5492 3773 5545 eos,

2119 5574 2353 5645 quando
2384 5573 2761 5644 persuadenti
2794 5572 3022 5629 diabolo
3055 5571 3456 5629 assenserunt.
3479 5567 3643 5621 Tunc
3667 5562 3777 5619 fuit

2119 5663 2287 5735 quasi
2312 5679 2468 5734 aqua
2487 5666 2799 5733 penetrans
2822 5663 2893 5718 ad
2918 5658 3456 5732 interiora,quando
3478 5653 3774 5711 laborave-

2119 5755 2275 5820 runt,
2301 5755 2357 5808 et
2389 5752 2766 5824 corporaliter
2786 5752 3146 5825 qumsierunt
3166 5752 3230 5808 ut
3251 5765 3343 5805 me
3384 5742 3558 5802 morti
3592 5741 3778 5798 trade-
