3944 6410
407 326 500 380 191

1491 323 1848 380 ANGELOMI
1886 314 2340 376 LUXOVIENSIS
2378 315 2719 373 MONACHI.

3718 316 3822 370 192

401 445 670 519 accipere
698 462 967 502 uxorem.
999 448 1067 502 Et
1093 447 1402 519 quomodo
1429 447 1738 503 Abraham
1763 445 1931 502 illam
1960 459 2051 500 so-
2079 443 2130 498 A
2156 441 2272 497 bus
2301 439 2645 496 dicitlaias:
2681 441 2753 496 In
2769 439 3074 510 foramine
3103 436 3348 506 aspidis,
3374 441 3431 493 et
3457 436 3523 492 in
3556 451 3823 494 caverna

397 551 597 592 rorem
627 551 803 590 suam
841 551 972 590 esse
1001 535 1234 598 dixerit,
1265 535 1359 591 vel
1407 536 1574 608 quod
1617 533 2052 608 compescuerit

401 627 556 680 Deus
595 622 938 679 Abimelech
985 628 1227 696 propter
1271 624 1456 681 illam.
1503 625 1653 681 Puto
1696 639 1839 693 ergo
1885 620 2053 695 quod

402 715 610 776 Saraa,
649 727 786 784 quas
811 712 1231 785 interpretatur
1252 715 1557 785 princeps,
1603 712 1896 784 signiﬁcet
1940 711 2054 766 vir-

399 807 586 859 tutem
651 801 857 858 animi.
931 803 1068 858 Haec
1131 819 1274 860 vero
1335 804 1523 861 virtus
1573 803 1899 875 conjuncta
1966 803 2055 856 est

398 892 526 948 viro
580 890 852 962 sapienti.
895 893 1161 964 Denique
1203 893 1492 950 Dominus
1533 893 1674 950 dicit
1707 909 1720 948 :
1772 893 2057 960 Quacun—

398 995 510 1052 que
557 980 779 1036 ducerit
835 981 963 1050 tibi,
1020 982 1169 1038 audi
1216 997 1414 1039 vocem
1462 984 1628 1039 illius
1670 983 1734 1038 in
1782 979 2054 1037 omnibus

398 1070 462 1124 in
489 1069 703 1141 quibus
750 1071 1066 1126 consilium
1118 1069 1347 1127 dederit
1395 1071 1521 1128 tibi.
1571 1075 1696 1128 Non
1741 1070 1866 1126 vult
1912 1084 2053 1139 ergo

397 1157 706 1213 Abraham
735 1157 1015 1214 virtutem
1049 1175 1300 1215 uxorem
1326 1176 1502 1216 suam
1531 1160 1686 1229 dici;
1727 1158 1919 1215 donec
1950 1159 2051 1230 [Z.,

398 1245 546 1302 dum
571 1247 757 1318 enim]
781 1247 942 1303 enim
970 1247 1157 1304 virtus
1185 1265 1324 1305 cum
1365 1249 1494 1305 aliis
1542 1247 1888 1322 participari
1931 1263 2054 1302 non

397 1339 614 1409 potest,
645 1352 720 1392 ne
751 1352 902 1392 uxor
931 1336 1224 1409 appellari
1248 1337 1426 1394 valet.
1461 1341 1609 1395 Cum
1636 1354 1778 1394 vero
1812 1337 1888 1392 ad
1919 1353 2052 1410 per-

399 1424 624 1480 fectum
651 1425 1013 1496 venerimus,
1061 1429 1126 1482 ut
1165 1427 1352 1482 simus
1397 1427 1596 1483 idonei
1643 1431 1698 1483 et
1746 1426 1896 1483 alios
1944 1425 2053 1481 do-

402 1527 555 1575 cere,
585 1528 709 1568 non
734 1513 864 1584 jam
898 1514 1169 1571 virtutem
1191 1520 1245 1571 et
1285 1532 1535 1572 uxorem
1563 1516 1720 1572 intra
1759 1515 2054 1586 gremium

403 1600 860 1672 concludamus,
887 1603 993 1658 sed
1022 1609 1084 1661 ut
1122 1622 1387 1661 sororem
1431 1606 1609 1662 etiam
1652 1605 1782 1661 aliis
1810 1603 2054 1660 volenti-

403 1688 520 1744 bus
549 1690 920 1762 copulemus.
956 1693 1117 1749 Unde
1164 1694 1448 1765 scriptum
1493 1699 1620 1750 est:
1671 1695 1782 1750 Dic
1818 1695 2052 1762 sapien-

405 1778 550 1834 tiam
577 1795 835 1836 sororem
859 1787 1022 1838 tuam
1055 1798 1174 1839 esse
1202 1785 1405 1853 (Prov.
1446 1801 1544 1851 vn,
1578 1784 1653 1854 4).
1713 1783 2054 1840 Secundum
2087 1799 2124 1851 Β

404 1865 519 1921 hoc
541 1867 717 1937 igitur
736 1869 1042 1925 Abraham
1067 1874 1316 1927 Saraam
1334 1888 1598 1928 sororem
1623 1888 1797 1928 suam
1815 1887 1949 1926 esse
1972 1870 2057 1925 di-

404 1955 596 2010 cebat.
633 1956 818 2013 Voluit
847 1973 988 2027 ergo
1018 1963 1074 2014 et
1105 1960 1339 2016 Pharao
1362 1961 1688 2034 aliquando
1709 1960 1933 2016 habere
1959 1962 2059 2016 Sa-

401 2058 574 2099 raam
601 2060 724 2100 non
753 2045 812 2101 in
843 2047 1020 2103 corde
1053 2049 1301 2106 mundo.
1340 2050 1452 2106 Sed
1510 2050 1699 2105 virtus
1748 2049 1864 2104 nisi
1916 2065 2056 2104 cum

401 2131 597 2187 cordis
627 2134 924 2192 munditia
971 2153 1093 2192 non
1123 2143 1318 2210 potest
1346 2139 1684 2195 convenire.
1716 2141 1915 2209 Longe
1947 2154 2055 2194 au-

400 2219 520 2272 tem
575 2217 786 2290 (aliter)
834 2221 955 2292 agit
1005 2221 1349 2279 Abimelech
1409 2224 1518 2279 iste
1574 2239 1762 2296 quam
1805 2223 2055 2280 Pharao.

403 2307 566 2363 Unde
595 2308 827 2365 videtur
861 2311 1010 2368 mihi
1037 2313 1378 2369 Abimelech
1410 2314 1516 2370 iste
1568 2312 1828 2370 formam
1859 2318 2060 2371 teneat

401 2397 805 2456 studiosorum
827 2406 885 2457 et
907 2402 1266 2474 sapientium
1293 2403 1524 2470 mundi,
1539 2404 1644 2476 qui
1663 2403 2058 2477 philosophiae

401 2497 649 2554 operam
679 2483 915 2552 dantes,
946 2486 1082 2542 licet
1134 2503 1256 2543 non
1287 2489 1587 2557 integram
1632 2493 1688 2543 et
1732 2487 2056 2560 perfectam

400 2572 672 2641 regulam
703 2573 939 2646 pietatis
963 2576 1281 2646 attigerint,
1309 2581 1626 2633 senserunt
1646 2583 1847 2633 tamen
1872 2581 2059 2633 Deum

402 2666 458 2717 et
483 2678 687 2732 regem
715 2665 1008 2721 omnium.
1039 2668 1135 2723 Isti
1155 2684 1320 2736 ergo,
1344 2673 1639 2740 quantum
1663 2669 1742 2724 ad
1769 2669 2058 2725 moralem

401 2753 851 2826 philosophiam
883 2763 1127 2829 spectat.
1163 2759 1341 2814 etiam
1367 2759 1661 2833 puriﬁcati
1693 2761 1889 2817 cordis
1919 2776 2058 2833 ope-

403 2853 534 2894 ram
569 2838 806 2895 dedisse
833 2844 1338 2914 comprobantur;
1371 2844 1477 2899 sed
1503 2845 1658 2900 hanc
1688 2861 1811 2900 non
1842 2846 2060 2919 permi-

407 2927 480 2984 sit
507 2929 664 2984 Deus
717 2929 846 2986 illos
898 2934 1261 3003 contingere.
1297 2937 1429 2990 Haec
1485 2935 1644 2991 enim
1703 2937 1894 3006 gratia
1933 2952 2058 2992 non

403 3011 730 3078 Abraham.
762 3015 867 3071 sed
900 3033 1007 3090 per
1053 3019 1346 3074 Christum
1400 3019 1550 3076 tradi
1580 3021 1856 3092 gentibus
1885 3037 2058 3093 para-

399 3101 596 3159 batur.
656 3107 835 3163 Sanat
873 3112 1075 3164 autem
1124 3109 1275 3164 Deus
1324 3110 1687 3174 Abimelech,
1717 3116 1774 3167 et
1805 3127 2056 3168 uxorem

399 3192 576 3265 illius,
603 3199 660 3250 et
685 3196 950 3264 ancillas,
983 3214 1136 3271 quas
1164 3204 1449 3272 putamus
1479 3200 1814 3258 naturalem
1862 3201 2055 3274 philo-

403 3279 682 3351 sophiam
708 3281 945 3338 diversa
971 3288 1027 3340 et
1051 3285 1218 3342 varia
1263 3286 1655 3342 sectationum
1689 3291 2054 3343 commenta.

402 3368 630 3424 Interea
672 3370 976 3427 Abraham
1028 3373 1313 3447 impertiri
1365 3376 1528 3448 cupit
1556 3376 1786 3432 donum
1818 3375 1920 3448 [Z.,
1953 3376 2060 3434 do-

402 3459 592 3528 mum]
624 3474 761 3514 cum
793 3461 1069 3530 gentibus
1095 3463 1310 3520 divinae
1353 3465 1602 3521 virtutis.
1640 3466 1755 3521 Sed
1780 3468 2056 3524 nondum

403 3545 495 3597 est
520 3546 759 3614 tempus
791 3560 826 3599 a
857 3545 1037 3617 priori
1061 3549 1287 3620 populo
1311 3550 1562 3606 transire
1583 3551 1661 3606 ad
1692 3556 1898 3620 gentes
1928 3568 2058 3622 gra-

403 3630 547 3686 tiam
570 3631 687 3688 Dei.
716 3635 1056 3692 Secundum
1084 3637 1241 3694 hanc
1269 3653 1412 3708 ergo
1433 3639 1781 3710 allegoriam
1804 3641 2056 3710 Pharao,

402 3721 506 3792 qui
564 3723 983 3796 interpretatur
1035 3730 1491 3796 exterminator,
1542 3733 1815 3800 Saraam,
1860 3729 1921 3785 id
1971 3735 2058 3786 est

400 3811 700 3884 virtutem,
735 3815 1004 3887 accipere
1044 3834 1167 3873 non
1220 3821 1430 3890 potuit.
1463 3823 1656 3876 Manet
1699 3835 1844 3889 ergo
1893 3821 2057 3894 apud

402 3900 712 3959 Abraham
760 3905 964 3976 virtus,
1001 3915 1203 3964 manet
1249 3910 1311 3965 in
1361 3910 1832 3980 circumcisione,
1863 3911 2057 3967 donec

401 3988 640 4058 tempus
681 3990 879 4046 veniat
927 3996 991 4047 ut
1034 3993 1093 4048 in
1124 3994 1352 4050 Christo
1407 3996 1548 4050 Jesu
1575 3994 1838 4067 perfecta
1868 3995 2054 4051 virtus

401 4069 482 4125 ad
513 4071 833 4129 Ecclesiam
867 4078 1133 4144 gentium
1166 4080 1460 4136 transiret.
1487 4081 1649 4135 Tunc
1677 4080 1898 4135 domus
1925 4080 2059 4135 Abi-

400 4159 631 4216 melech
657 4167 714 4218 et
741 4165 956 4221 ancilla
981 4167 1138 4222 illius
1170 4169 1412 4241 pariunt
1439 4168 1709 4224 Ecclesiae
1734 4169 1908 4226 ﬁiios.
1939 4173 2056 4226 Hoc

402 4249 558 4305 enim
593 4254 855 4325 tempus,
887 4271 1009 4327 quo
1063 4258 1274 4313 sterilis
1303 4258 1478 4331 parit,
1525 4262 1581 4313 et
1610 4265 1816 4314 orante
1869 4260 2056 4317 Abra-

399 4332 563 4402 ham,
597 4335 710 4392 hoc
737 4343 828 4393 est
850 4340 1096 4411 populo,
1128 4358 1234 4414 per
1264 4341 1676 4414 patriarchias,
1707 4349 1765 4398 et
1794 4346 2054 4416 prophe-

399 4423 489 4474 tas
515 4420 960 4492 prophetantes.
1001 4425 1162 4481 Unde
1193 4431 1249 4481 et
1277 4426 1393 4481 illic
1422 4426 1635 4482 dicitur
1659 4445 1671 4482 :
1696 4429 1897 4483 Redde
1925 4431 2054 4485 viro

398 4523 507 4563 suo
535 4523 782 4566 uxorem
830 4515 972 4583 quia
1010 4517 1306 4584 propheta
1350 4521 1455 4583 est,
1487 4521 1540 4571 et
1593 4516 1786 4571 orabit
1814 4533 1928 4586 pro
1979 4524 2047 4575 te.
2089 4496 2134 4548 D

401 4602 456 4652 et
489 4599 663 4655 vives.
724 4603 929 4657 Postea
981 4602 1194 4672 intulit,
1239 4609 1453 4659 orante
1498 4611 1696 4660 autem
1741 4606 2052 4664 Abraham

397 4685 635 4739 sanavit
666 4685 822 4740 Deus
853 4686 1212 4753 Abimelech,
1245 4692 1301 4743 et
1337 4687 1588 4760 reliqua.

1023 4776 1262 4832 CAPUT
1304 4778 1434 4832 XX.

468 4864 636 4918 Vens.
661 4866 788 4918 8.-
811 4865 1093 4936 Fecitque
1117 4865 1426 4922 Abraham
1458 4867 1691 4937 grande
1719 4872 2054 4928 convivium

399 4954 463 5008 in
494 4954 590 5008 die
611 4955 1033 5011 ablactationis
1062 4957 1180 5024 ﬁlii
1207 4958 1318 5011 sui.
1355 4959 1548 5021 Quare
1575 4958 1635 5013 in
1661 4959 1756 5014 die
1794 4961 2054 5018 ablacta-

397 5043 576 5099 tionis
599 5045 785 5098 Isaac.
811 5050 868 5099 et
896 5061 1019 5100 non
1067 5045 1129 5100 in
1160 5046 1254 5101 die
1280 5048 1601 5103 nativitatis
1631 5051 1723 5105 vel
1751 5051 2054 5108 circumci-

399 5133 582 5189 sionis
597 5133 732 5188 fecit
745 5135 1088 5189 convivium
1103 5136 1328 5204 grande
1339 5139 1366 5193 ?
1390 5141 1457 5194 Ut
1469 5138 1868 5198 adverteretur
1886 5145 2052 5216 quod

398 5223 514 5279 nisi
543 5223 624 5279 ad
655 5222 923 5293 aliquam
947 5224 1274 5295 spiritalem
1303 5228 1802 5297 signiﬁcationem
1832 5234 2050 5290 refera-

398 5312 695 5383 tur,nulla
722 5310 937 5367 solutio
959 5315 1306 5385 quaestionis
1341 5324 1447 5375 est.
1475 5322 1623 5377 Fecit
1656 5322 1856 5396 itaque
1881 5330 2052 5397 pater

397 5403 669 5460 excelsus
699 5401 1042 5460 convivium
1064 5422 1200 5462 cum
1223 5423 1259 5464 a
1278 5408 1427 5465 lacte
1448 5410 1762 5483 depellitur
1786 5416 1974 5485 Isaac,
1995 5420 2050 5472 et

396 5491 464 5546 ﬁt
490 5490 691 5544 laetitia
722 5504 946 5560 magna
971 5495 1114 5565 quia
1145 5513 1385 5554 summo
1428 5499 1657 5557 doctori
1709 5501 1784 5558 de
1831 5504 1924 5558 his
1986 5505 2051 5562 ﬁt

398 5579 696 5666 gaudium,
717 5579 820 5651 qui
845 5580 970 5650 jam
993 5583 1140 5642 lacte
1165 5603 1288 5644 non
1314 5589 1602 5659 indigent,
1635 5593 1741 5647 sed
1772 5593 1906 5649 cibo
1929 5596 2049 5666 spi-

396 5662 570 5729 ritali,
597 5664 700 5736 qui
730 5665 1119 5736 possibilitate
1144 5673 1420 5729 sumendi
1450 5675 1801 5732 exercitatos
1823 5662 2052 5735 habent

398 5767 630 5825 sensus,
680 5757 738 5810 et
793 5752 1208 5817 discretionem
1264 5763 1411 5820 boni
1469 5768 1529 5821 et
1555 5764 1733 5833 mali;
1789 5766 1864 5823 de
1923 5769 2050 5841 qui-

2159 532 2359 601 reguli
2384 531 2575 587 mittet
2594 546 2839 586 manum
2863 544 3033 585 suam
3059 529 3167 600 qui
3191 527 3536 584 ablactatus
3551 533 3641 584 est
3667 529 3823 585 lacte

2158 620 2299 692 (Isa.
2333 636 2406 688 x1,
2429 624 2506 684 9).
2540 621 2730 692 Super
2757 618 2850 674 his
2883 623 3084 674 autem
3111 617 3454 673 convivium
3484 632 3611 674 non
3625 621 3822 689 potest

2160 709 2258 780 agi
2285 709 2517 771 laetitias,
2550 707 2626 764 de
2664 707 2885 780 quibus
2915 705 3057 762 dicit
3085 705 3442 779 Apostolus:
3495 707 3620 763 Lac
3658 706 3819 763 vobis

2154 805 2364 870 potum
2395 799 2551 866 dedi,
2580 813 2700 854 non
2726 812 2916 854 escam
2949 797 3008 866 (Ι
3034 797 3172 852 Cor.
3204 811 3284 863 in,
3311 796 3388 868 2).

2235 887 2348 944 Sed
2377 886 2805 959 requirendum
2833 884 3069 940 videtur
3097 884 3270 955 juxta
3297 883 3636 949 historiam,
3685 888 3823 956 post

2161 979 2308 1049 quot
2338 991 2530 1032 annos
2558 975 2729 1048 pueri
2748 973 3041 1030 ablactari
3067 971 3318 1028 soleant.
3349 973 3506 1028 Inter
3536 971 3822 1028 Hebrwos

2163 1069 2365 1121 autem
2412 1065 2576 1120 varia
2610 1063 2814 1136 opinio
2857 1065 2966 1129 est,
3010 1061 3414 1117 asserentibus
3447 1061 3577 1116 aliis
3608 1061 3824 1134 quinto

2162 1167 2344 1220 anno,
2396 1151 2524 1207 aliis
2573 1149 2933 1206 duodecimo
2981 1148 3396 1205 ablactationis
3426 1152 3668 1221 tempus
3713 1149 3822 1204 im-

2160 1242 2330 1316 pleri,
2356 1240 2521 1315 quod
2552 1240 2712 1314 apud
2747 1256 2860 1296 nos
2889 1253 3013 1295 non
3042 1239 3126 1294 ita
3172 1238 3357 1295 teneri
3408 1237 3666 1304 videtur,
3716 1238 3823 1294 sed

2161 1335 2267 1387 aut
2293 1331 2483 1397 tertio,
2505 1334 2816 1403 quartove,
2850 1327 3179 1401 aliquando
3201 1333 3403 1384 autem
3425 1327 3635 1400 quinto
3659 1343 3824 1384 anno

2163 1419 2519 1477 ablactatur.
2552 1418 2829 1490 Sequitur
2861 1435 2874 1473 :

2233 1513 2400 1566 Vens.
2433 1513 2586 1565 9-13.
2609 1540 2666 1549 —
2691 1508 2838 1564 Cum
2868 1508 3107 1564 vidisset
3131 1507 3329 1563 Saraa
3358 1508 3552 1575 ﬁlium
3572 1507 3825 1577 zEgyp-

2164 1601 2259 1656 tia
2277 1599 2451 1670 Agar
2477 1599 2775 1654 ludentem
2802 1613 2933 1653 cum
2966 1598 3160 1662 Isaac,
3184 1595 3329 1651 dicit
3359 1595 3440 1651 ad
3460 1595 3777 1651 Abraham
3808 1613 3822 1650 :

2161 1691 2331 1760 Ejice
2372 1689 2660 1745 ancillam
2712 1686 2888 1752 hanc,
2942 1692 2995 1742 et
3046 1687 3239 1754 ﬁlium
3290 1686 3437 1754 ejus,
3481 1689 3538 1740 et
3589 1684 3831 1756 reliqua

2166 1793 2353 1850 usque
2388 1794 2400 1832 :
2453 1778 2596 1848 quia
2623 1777 2687 1831 in
2727 1777 2901 1831 Isaac
2951 1775 3266 1831 vocabitur
3304 1774 3416 1829 tibi
3449 1789 3667 1830 semen.
3709 1773 3830 1829 Sed

2165 1874 2218 1924 et
2248 1867 2440 1936 ﬁlium
2472 1866 2712 1922 ancillae
2729 1865 2955 1934 faciam
2978 1865 3041 1920 in
3063 1868 3294 1934 gentem
3315 1878 3622 1934 magnam.
3649 1861 3831 1928 Quod

2164 1955 2406 2011 duobus
2440 1953 2635 2009 modis
2674 1952 2918 2022 intelligi
2944 1956 3160 2026 potest,
3190 1951 3306 2007 hoc
3337 1956 3425 2007 est
3455 1968 3467 2007 :
3503 1950 3626 2006 sive
3658 1949 3832 2022 quod

2164 2044 2427 2118 populus
2452 2043 2800 2098 Judmorum
2830 2041 3110 2113 copiosus
3152 2045 3313 2098 esset
3356 2041 3417 2097 in
3465 2040 3688 2096 smeulo
3732 2055 3829 2094 re-

2165 2139 2477 2204 gnaturus,
2499 2132 2619 2187 sive
2645 2130 2788 2204 quia
2816 2130 3068 2186 caelestis
3097 2130 3265 2199 regni
3313 2129 3568 2201 gloriam
3613 2145 3831 2185 conse-

2165 2222 2357 2280 cuturi
2383 2225 2583 2278 essent
2609 2221 2714 2293 qui
2743 2236 2816 2276 ex
2856 2220 2942 2276 eis
2973 2219 3363 2276 credidissent
3389 2219 3452 2275 in
3499 2219 3832 2274 Christum.

2166 2311 2280 2368 Sed
2301 2311 2443 2366 libet
2473 2314 2679 2366 notare
2708 2309 2770 2364 in
2799 2323 2924 2381 quo
2953 2307 3097 2364 ludo
3128 2309 3326 2379 arguit
3353 2308 3540 2364 Saraa
3585 2307 3830 2374 Ismael,

2165 2401 2356 2456 ﬁlium
2387 2405 2562 2468 Agar.
2605 2397 2926 2470 Dupliciter
2952 2397 3155 2470 itaque
3185 2397 3300 2453 hoc
3329 2395 3406 2452 ab
3429 2395 3701 2452 Hebraeis
3731 2412 3835 2452 ex-

2167 2489 2459 2563 primitur.
2488 2487 2616 2544 Sive
2645 2487 2812 2560 quod
2849 2486 3253 2560 idolothytum
3279 2485 3415 2542 fecit
3457 2486 3634 2556 juxta
3679 2485 3834 2542 illud

2166 2578 2333 2652 quod
2364 2576 2505 2633 alibi
2529 2576 2817 2649 scriptum
2855 2581 2944 2633 est
2970 2592 2984 2631 :
3033 2575 3199 2632 Sedit
3229 2576 3491 2646 populus
3521 2576 3834 2633 comedere

2167 2673 2222 2725 et
2249 2667 2464 2737 bibere,
2490 2671 2546 2722 et
2583 2671 2981 2721 surrexerunt
3031 2665 3236 2722 ludere
3285 2665 3502 2735 (Exod.
3549 2668 3721 2733 xxxii,
3750 2669 3828 2734 6).

2167 2757 2298 2812 Sive
2328 2753 2494 2828 quod
2545 2754 2870 2811 adversum
2915 2758 3081 2811 Isaac
3121 2754 3298 2828 quasi
3344 2753 3594 2825 majoris
3636 2755 3833 2810 aetatis

2166 2846 2300 2902 loco
2350 2844 2462 2899 sibi
2507 2848 2563 2900 et
2608 2843 2753 2899 ludo
2808 2843 3213 2917 primogenita
3253 2843 3603 2900 vindicaret.
3653 2843 3834 2910 Quod

2167 2935 2412 3008 quidem
2443 2934 2631 2990 Saraa
2659 2933 2911 2990 audiens
2937 2949 3059 2990 non
3092 2933 3240 2990 tulit.
3271 2936 3337 2990 Et
3378 2933 3495 2989 hoc
3524 2949 3600 2989 ex
3636 2933 3832 3005 ipsius

2167 3021 2539 3096 approbatur
2591 3037 2870 3078 sermone
2925 3022 3174 3079 dicentis
3227 3039 3240 3078 :
3306 3023 3478 3093 Ejice
3531 3023 3833 3080 ancillam

2169 3112 2327 3169 hanc
2351 3126 2486 3166 cum
2514 3112 2642 3180 ﬁlio
2667 3126 2792 3177 suo,
2818 3114 2927 3166 etc.

2236 3201 2956 3257 Vzas.14-20.—Surre.rit
2980 3201 3182 3272 itaque
3203 3200 3515 3258 Abraham
3541 3216 3742 3270 mane,
3777 3209 3834 3258 et

2167 3291 2379 3347 tollens
2406 3305 2624 3359 panem
2652 3294 2706 3345 et
2730 3295 2922 3345 utrem
2945 3303 3136 3360 aquae,
3163 3290 3443 3359 imposuit
3467 3291 3532 3346 in
3570 3292 3836 3360 scapula

2167 3382 2314 3449 ejus,
2348 3383 2403 3435 et
2431 3377 2682 3450 reliqua.
2719 3377 2775 3434 Si
2804 3377 3089 3434 tredecim
3121 3393 3422 3434 annorum
3452 3383 3582 3434 erat
3610 3379 3835 3435 Ismael

2165 3467 2414 3540 quando
2445 3472 2623 3522 natus
2656 3469 2743 3522 est
2765 3467 2957 3528 Isaac,
2981 3466 3404 3539 adjunctisque
3432 3471 3605 3524 {etate
3629 3467 3838 3525 ablac-

2166 3555 2407 3611 tationis
2471 3555 2670 3624 annis,
2721 3553 3032 3626 quomodo
3081 3554 3359 3610 convenit
3405 3558 3588 3611 tantae
3635 3558 3834 3612 aetatis

2168 3643 2609 3700 adolescentem
2636 3643 2845 3698 matris
2871 3641 3098 3698 sedisse
3136 3642 3462 3699 cervicibus
3492 3643 3642 3700 dum
3686 3645 3836 3701 dici-

2164 3737 2262 3789 tur
2293 3749 2306 3788 :
2343 3732 2609 3805 Sumpsit
2635 3732 2940 3788 Abraham
2971 3747 3162 3804 panes
3188 3736 3245 3787 et
3281 3737 3475 3788 utrem
3519 3749 3719 3807 aqum,
3773 3740 3834 3791 et

2165 3821 2329 3878 dedit
2356 3826 2513 3891 Agar
2542 3836 2774 3893 ponens
2804 3836 2984 3894 super
3012 3820 3336 3877 humerum
3366 3821 3590 3893 ejus,et
3609 3839 3834 3894 parvu-

2163 3909 2313 3978 lum,
2344 3915 2402 3965 et
2443 3910 2669 3967 dimisit
2713 3910 2896 3966 eam?
2929 3909 3132 3966 Omnis
3185 3909 3362 3980 igitur
3402 3910 3564 3966 ﬁlius
3613 3928 3832 3968 secun-

2165 3998 2314 4054 dum
2345 3997 2571 4054 idioma
2595 3998 2812 4067 linguae
2861 3998 3248 4054 Hebraeorum
3298 3999 3376 4055 ad
3425 4002 3835 4072 comparatio-

2164 4103 2302 4143 nem
2333 4092 2654 4160 parentum
2684 4085 2882 4142 infans
2909 4091 3153 4142 vocatur
3191 4091 3247 4142 et
3276 4087 3587 4160 parvulus.
3642 4092 3708 4145 Et
3737 4096 3835 4148 est

2165 4190 2377 4232 sensus
2407 4192 2421 4231 :
2451 4175 2651 4248 posuit
2677 4191 2821 4244 ergo
2852 4175 3156 4231 Abraham
3182 4192 3370 4248 panes
3397 4181 3451 4232 et
3502 4182 3699 4234 utrem
3732 4196 3835 4235 su-

2163 4281 2271 4338 per
2293 4264 2615 4320 humerum
2659 4267 2842 4334 Agar,
2891 4269 2948 4320 et
2993 4265 3108 4320 hoc
3149 4264 3307 4321 facto
3354 4265 3519 4322 dedit
3564 4283 3834 4339 puerum

2164 4353 2362 4423 matri,
2391 4353 2505 4408 hoc
2534 4357 2641 4423 est,
2673 4353 2734 4408 in
2766 4369 3017 4409 manum
3051 4358 3180 4424 ejus
3207 4369 3347 4409 eum
3373 4354 3641 4426 tradidit,
3665 4374 3836 4414 com-

2166 4441 2492 4504 mendavit,
2525 4446 2580 4497 et
2607 4442 2689 4497 ita
2719 4442 2914 4497 emisit
2944 4458 2974 4497 e
3002 4442 3223 4510 domo;
3257 4443 3424 4514 quod
3468 4442 3530 4499 in
3572 4461 3836 4517 sequen-

2168 4531 2322 4586 tibus
2345 4529 2703 4598 declaratur,
2723 4531 2870 4586 dum
2891 4531 3106 4587 dicitur
3121 4549 3132 4586 :
3148 4532 3364 4603 Surge,
3383 4534 3526 4588 tolle
3537 4549 3830 4602 puerum.

2165 4626 2217 4675 et
2250 4626 2380 4675 tene
2409 4636 2651 4676 manum
2679 4623 2829 4690 ejus,
2863 4636 2986 4675 non
3014 4625 3079 4676 ut
3102 4637 3240 4676 eum
3271 4621 3346 4676 de
3375 4625 3532 4677 terra
3559 4623 3728 4680 velut
3737 4624 3835 4694 ja-

2165 4715 2398 4764 centem
2427 4709 2674 4773 tolleret,
2703 4709 2809 4764 sed
2839 4709 3017 4782 quasi
3044 4710 3323 4765 comitem
3354 4725 3543 4766 manu
3577 4716 3829 4770 teneret.

2166 4797 2336 4863 Quod
2397 4801 2599 4854 autem
2649 4813 2839 4853 manu
2894 4798 3158 4870 parentis
3231 4802 3480 4867 tenetur,
3537 4801 3834 4858 sollicitus

2163 4890 2534 4942 monstratus
2569 4885 2834 4942 affectus.

2237 4975 2388 5040 Quid
2412 4979 2499 5030 est
2527 4976 2692 5046 quod
2717 4975 2931 5031 dicitur
2956 4979 3210 5030 matrem
3241 4974 3499 5044 ﬂevisse,
3538 4980 3597 5031 et
3637 4979 3836 5034 Deum

2163 5079 2375 5119 vocem
2424 5063 2594 5136 pueri
2623 5063 2988 5119 exaudisse?
3034 5064 3183 5128 Quia
3240 5068 3434 5119 mater
3474 5080 3600 5120 non
3651 5083 3836 5123 suam

2163 5157 2439 5219 mortem,
2493 5152 2595 5206 sed
2644 5152 2748 5207 ﬁlii
2802 5152 3176 5224 deplorabat,
3234 5153 3624 5225 pepercitque
3675 5158 3837 5211 Deus

2079 5297 2082 5300 .
2162 5257 2351 5314 puero
2383 5257 2514 5311 suo,
2547 5255 2655 5312 pro
2685 5257 2809 5312 quo
2835 5241 3030 5297 fuerat
3059 5241 3231 5296 ﬂetus
3259 5241 3490 5297 matris.

2235 5329 2551 5395 Quomodo
2584 5330 2662 5385 ad
2691 5331 2793 5400 [Z.,
2828 5346 3034 5401 quom.
3061 5334 3262 5386 autem
3291 5329 3389 5396 ad,
3421 5331 3551 5404 etc.]
3575 5337 3838 5403 puteum

2159 5417 2488 5474 Juramenti
2516 5434 2730 5487 agrum
2746 5418 3128 5490 plantaverat
3155 5418 3482 5487 Abraham,
3513 5419 3562 5474 si
3584 5419 3643 5475 in
3675 5427 3841 5480 terra

2158 5505 2280 5578 illa,
2315 5506 2840 5578 quemadmodum
2879 5508 3218 5579 Stephanus
3261 5506 3420 5572 dicit,
3436 5523 3558 5563 non
3584 5525 3839 5582 accepe-

2158 5599 2252 5651 rat
2263 5595 2664 5651 hzereditatem
2693 5611 2802 5651 nec
2815 5596 3072 5668 spatium
3088 5596 3257 5668 pedis
3271 5596 3297 5650 ?
3311 5599 3391 5651 Ea
3401 5597 3842 5668 estintelligen-

2161 5682 2242 5736 da
2257 5682 2575 5739 hair-editas
2591 5701 2780 5756 quam
2796 5684 3210 5740 Deusmunere
3230 5700 3340 5740 suo
3359 5684 3557 5740 fuerat
3571 5686 3838 5746 daturus

2159 5772 2576 5840 gratuito,'non
2596 5773 2659 5828 in
2680 5773 2794 5829 ista
2827 5789 2960 5844 quae
2980 5773 3170 5845 pretio
3193 5778 3396 5845 empta
3413 5777 3520 5830 est.
3551 5776 3839 5848 Intelligi-
