3942 6376
164 472 276 529 577

1345 474 1840 535 EXPLANA’PIO
1884 474 1963 535 IN
2006 475 2390 538 PSALMOS.

3458 481 3574 541 578

160 606 305 658 rent.
331 601 648 675 Postquam
681 618 813 657 vero
844 604 1233 675 perfecerunt,
1251 605 1378 676 jam
1406 606 1727 679 gaudentes
1756 609 1813 660 et
1839 605 1895 672 Α
1926 606 2151 662 sionem
2176 631 2203 657 ‹‹
2230 625 2361 663 sum
2390 631 2415 657 »
2442 624 2547 680 ego
2574 626 2917 665 «'cxcussus
2950 610 3103 665 sicut
3148 610 3440 678 locusta,»
3462 612 3573 667 sci-

159 689 465 749 exhilarati
496 691 569 746 de
598 695 787 746 morte
817 709 967 758 mea,
992 693 1104 747 fuit
1132 693 1217 748 eis
1247 695 1415 765 quasi
1449 695 1664 750 oleum.

229 781 365 835 Dico
397 781 551 852 quod
586 780 839 852 populus
870 781 966 835 ille
1000 781 1193 836 induit
1226 783 1720 849 maledictioncm,
1757 789 1813 839 et

157 869 255 925 illa
287 869 641 939 maledictio,
675 869 899 925 scilicet
928 877 1233 942 peccatum
1268 871 1433 940 illud,
1468 875 1569 927 fiat
1598 874 1683 928 eis
1714 891 1808 927 ex-

156 959 415 1025 cmcatio;
449 958 502 1013 ei
536 958 646 1014 hoc
697 964 787 1013 est
818 977 831 1015 :
857 983 884 1008 «
920 962 1022 1014 fiat
1071 960 1121 1015 ei
1172 961 1326 1015 sicut
1370 963 1808 1032 vestimentum,

157 1065 271 1120 quo
301 1047 617 1119 operitur,»
645 1054 1034 1120 contegantur
1052 1054 1110 1103 et
1137 1050 1548 1104 contineantur
1571 1051 1625 1105 in
1660 1056 1812 1106 tene-

159 1138 277 1193 bris
306 1136 407 1191 illa
440 1136 849 1193 maledictione
881 1155 893 1193 :
920 1162 947 1187 «
970 1142 1028 1193 et
1060 1162 1086 1187 υ
1108 1139 1285 1195 etiam
1318 1142 1419 1194 fiat
1442 1140 1526 1194 eis
1556 1141 1808 1194 obdura-
1864 1178 1867 1181 ν

158 1226 264 1295 tio;
297 1229 352 1281 et
384 1225 495 1281 hoc
525 1230 615 1283 est
643 1242 657 1282 :
681 1250 709 1276 ‹‹
737 1227 891 1282 sicut
921 1245 1068 1284 zona
1098 1246 1216 1300 qua
1245 1245 1478 1299 semper
1506 1228 1809 1301 praecingi-

157 1319 270 1384 tur,
297 1338 326 1365 υ
346 1314 407 1371 id
439 1318 549 1382 est,
574 1315 659 1371 sic
704 1316 781 1370 sit
822 1316 1221 1373 circumdatus
1252 1316 1353 1372 illa
1384 1316 1809 1385 maledictione,

150 1423 185 1461 u
248 1403 521 1477 expedire
567 1421 629 1460 se
677 1405 749 1460 ab
780 1421 849 1460 ea
881 1422 995 1460 non
1026 1405 1233 1461 valeat.
1257 1405 1358 1459 Vel
1392 1405 1491 1471 ita,
1525 1405 1680 1460 sicut
1727 1405 1812 1461 eis

156 1511 312 1550 mors
343 1510 476 1549 mea
508 1492 617 1548 fuit
637 1493 807 1564 quasi
830 1511 995 1563 zona,
1020 1511 1139 1566 qua
1160 1494 1349 1551 solent
1375 1494 1644 1549 homines
1676 1511 1814 1566 pra:-

152 1582 308 1656 ciagi
330 1586 399 1637 ut
427 1583 500 1638 ad
522 1599 673 1654 opus
695 1582 814 1637 sint
840 1583 1249 1654 expeditiores,
1274 1583 1354 1639 ita
1382 1600 1542 1639 mors
1574 1601 1705 1639 mea
1734 1584 1812 1640 sit

152 1673 237 1729 eis
267 1671 423 1728 sicut
452 1688 601 1727 zona
629 1676 867 1743 propter
895 1671 1005 1726 hoc
1036 1673 1192 1744 quod
1229 1672 1405 1727 morti
1439 1690 1531 1728 me
1561 1674 1813 1729 tradide-

150 1765 309 1830 runt,
335 1765 403 1816 ut
449 1776 684 1832 semper
727 1760 847 1816 sint
894 1761 1080 1833 parati
1114 1764 1173 1815 et
1211 1762 1467 1833 prompti
1517 1762 1588 1818 ad
1637 1779 1812 1818 omne

152 1849 374 1907 malum
406 1867 557 1923 opus
593 1849 953 1906 faciendum.

221 1940 340 2013 Ego
371 1939 495 1995 lucc
526 1936 686 1995 mala
714 1937 1006 2009 imprecor
1034 1938 1139 2005 eis,
1164 1943 1220 1994 et
1245 1962 1272 1989 ι(
1305 1939 1415 1995 hoc
1448 1962 1476 1989 »
1498 1945 1635 1996 est«
1661 1958 1810 2013 opus
1841 1978 1889 2043 Β

148 2045 179 2083 e
221 2045 375 2098 rum,
402 2050 431 2079 »
466 2028 524 2084 id
570 2031 682 2096 est,
728 2026 837 2083 hoc
885 2026 1128 2099 exigunt
1171 2044 1347 2099 opera
1397 2045 1673 2096 eorum,“
1709 2031 1809 2102 qui

150 2116 296 2173 mihi
322 2140 351 2167 ν
372 2116 642 2173 existenti
665 2140 694 2166 ‹‹
729 2117 886 2189 apud
916 2116 1300 2185 Dominum,»
1324 2118 1810 2175 consubstantiali

151 2205 296 2263 mihi
340 2205 486 2263 Filio
527 2205 651 2278 Dei,
675 2228 704 2255 ‹‹
741 2205 1057 2261 detrahunt
1092 2229 1118 2257 »
1148 2205 1410 2262 dicentes
1444 2224 1456 2262 :
1491 2207 1595 2262 Hic
1635 2207 1811 2263 homo

152 2312 267 2352 non
296 2300 387 2353 est
406 2312 442 2352 a
463 2295 603 2361 Deo,
627 2312 742 2350 non
764 2300 856 2350 est
879 2295 1062 2351 Filius
1088 2294 1351 2361 Dei.Vel,
1372 2296 1472 2367 qui
1495 2297 1814 2352 detrahunt

150 2384 319 2453 mihi,
343 2389 402 2440 et
422 2384 533 2440 hoc
553 2388 764 2456 putant
783 2401 913 2441 esse
935 2386 1091 2457 apud
1115 2385 1454 2453 Dominum,
1479 2386 1535 2441 id
1562 2391 1670 2455 est,
1695 2387 1813 2458 pla-

151 2490 279 2528 cere
309 2473 593 2542 Domino;
617 2496 643 2523 ‹‹
672 2478 731 2529 at
755 2497 782 2523 »
806 2472 914 2528 hoc
944 2474 1124 2546 exigit
1147 2492 1296 2547 opus
1322 2492 1524 2530 eorum
1546 2499 1573 2525 ‹‹
1599 2474 1696 2547 qui
1730 2475 1809 2530 lo-

150 2566 418 2635 quuntur
448 2561 605 2619 mala
635 2563 917 2619 adversus
937 2563 1197 2620 animam
1229 2582 1422 2621 meam
1448 2588 1475 2615 ››
1496 2569 1555 2622 et
1574 2566 1676 2638 qui
1708 2565 1816 2619 im-

150 2656 381 2725 ponunt
410 2651 556 2708 mihi
586 2652 856 2721 crimina,
886 2652 1148 2709 dicentes
1181 2671 1274 2709 me
1297 2672 1433 2710 esse
1465 2659 1810 2726 potatorem,

151 2741 527 2811 malevolum,
543 2746 601 2797 et
621 2740 1028 2807 similia.Vel,«
1050 2741 1375 2813 loquuntur
1394 2745 1674 2797 adversus
1696 2743 1815 2797 ani-

152 2848 311 2889 mam
343 2849 607 2897 meam,»
630 2831 687 2886 id
721 2835 831 2897 est,
867 2831 1147 2885 adversus
1176 2830 1356 2886 vitam
1392 2848 1611 2898 meum,
1634 2830 1812 2885 veluti

150 2937 286 2979 cum
319 2922 585 2978 dicerent
617 2936 630 2977 :
657 2942 684 2970 «
709 2920 770 2977 Si
818 2919 977 2975 hunc
1008 2919 1285 2988 dimittis,
1311 2937 1426 2976 non
1476 2936 1539 2975 es
1588 2920 1814 2974 amicus

149 3009 399 3067 Caesaris
425 3010 600 3081 (Joan.
623 3011 797 3077 κω.»
825 3008 957 3063 Ideo
989 3007 1151 3076 dicit,
1176 3030 1205 3057 ‹‹
1242 3008 1521 3063 adversus
1552 3007 1812 3062 animam

150 3115 369 3164 meam,
407 3118 436 3147 »
467 3101 524 3152 et
552 3113 668 3152 non
706 3098 987 3153 adversus
1026 3112 1260 3167 corpus,
1296 3096 1437 3167 quia
1470 3112 1812 3168 quanquam

146 3188 429 3245 dicebant
456 3201 592 3242 eum
623 3202 941 3258 pauperem
983 3184 1173 3240 ﬁlium
1219 3200 1511 3257 pauperes,
1545 3201 1661 3240 non
1691 3187 1816 3240 erat

146 3276 255 3333 hoc
289 3274 541 3343 malum,
574 3276 715 3347 quia
744 3275 961 3333 veritas
991 3274 1101 3331 hoc
1133 3273 1420 3346 exigebat.

1923 693 2058 749 licet
2089 696 2210 767 fugi
2236 714 2448 752 manus
2468 714 2693 764 eorum,
2720 700 2992 771 fugiendo
3016 701 3086 755 de
3112 699 3236 755 loco
3260 701 3331 755 ad
3356 700 3574 767 locum,

1923 783 2147 839 molens
2179 786 2265 838 eis
2286 804 2525 841 causam
2551 788 2768 859 peccati
2795 787 3151 857 ministrare,
3176 789 3328 844 sicut
3347 789 3576 845 locusta

1921 872 1990 927 de
2024 872 2146 928 loco
2178 876 2247 927 ad
2286 873 2477 929 locum
2512 876 2778 930 saltando
2810 876 2988 931 vadit.
3528 876 3531 879 ’

1992 963 2109 1015 Εια
2144 980 2337 1033 genua
2389 982 2536 1032 mea,
2566 988 2591 1011 »
2617 965 2673 1019 id
2719 970 2808 1019 est
2854 965 3123 1037 apostoli,
3157 966 3257 1037 qui
3317 984 3411 1022 me
3472 986 3576 1041 per

1922 1052 2211 1105 mundum
2245 1052 2533 1106 debebant
2566 1058 2815 1124 portare,
2847 1058 2903 1107 et
2940 1072 3007 1107 ex
3039 1055 3256 1125 quibus
3289 1056 3571 1114 debebam

1922 1140 2088 1193 fortis
2120 1158 2400 1211 apparere
2427 1166 2453 1189 ‹‹
2488 1147 2628 1194 sunt
2656 1141 2973 1210 infirmata,
3003 1165 3031 1190 »
3065 1144 3118 1196 id
3152 1148 3242 1199 est
3273 1145 3573 1201 debilitata

1920 1251 1945 1276 α
1982 1246 2016 1282 a
2039 1229 2269 1299 jejunio
2304 1252 2332 1277 »
2366 1247 2500 1283 cum
2533 1246 2647 1283 non
2679 1248 2868 1284 essem
2908 1248 3043 1286 cum
3074 1232 3180 1298 eis,
3213 1233 3352 1304 quia
3392 1235 3569 1291 divini

1918 1316 2078 1371 verbi
2112 1316 2484 1372 refectionem
2517 1334 2633 1371 non
2666 1316 2962 1373 habebant
2994 1336 3007 1373 :
3042 1321 3321 1391 quoniam
3353 1340 3468 1377 non
3498 1322 3575 1378 le-

1920 1405 2079 1477 gitur
2094 1406 2391 1461 Christum
2414 1405 2473 1460 in
2492 1404 2827 1461 carnalibus
2847 1406 3097 1478 genibus
3119 1408 3299 1465 fuisse
3319 1409 3575 1467 infirma-

1922 1498 2069 1549 tum.
2095 1519 2119 1543 ‹‹
2147 1496 2218 1549 Et
2248 1512 2381 1550 caro
2414 1511 2546 1550 mea
2575 1495 2888 1549 immutata
2918 1499 3028 1561 est,
3056 1518 3082 1545 »
3104 1497 3175 1552 de
3199 1497 3312 1553 vita
3331 1500 3402 1554 ad
3426 1516 3569 1554 mor~

1920 1586 2062 1649 tem,
2090 1607 2116 1633 ‹‹
2144 1589 2382 1656 propter
2411 1584 2606 1639 oleum
2636 1607 2664 1634 »
2697 1588 2988 1639 remotum
3020 1584 3261 1652 scilicet,
3287 1587 3426 1661 quia
3459 1605 3574 1644 non

1920 1671 2097 1726 habui
2133 1673 2381 1744 gratiam
2422 1672 2748 1745 spiritalem
2798 1674 2869 1727 ad
2921 1674 3323 1730 defensionem
3373 1681 3576 1733 contra

1920 1760 2214 1827 inimicos,
2230 1779 2407 1834 quam
2430 1761 2593 1834 prius
2610 1761 3090 1823 habueram.Vel.
3110 1768 3349 1835 propter
3378 1764 3573 1821 oleum

1921 1853 2147 1906 mutata
2176 1854 2265 1905 est
2294 1867 2448 1919 caro,
2484 1850 2539 1905 id
2574 1854 2663 1905 est
2691 1851 2864 1905 datus
2903 1868 3035 1905 sum
3068 1851 3127 1906 in
3162 1857 3407 1908 mortem
3440 1870 3572 1925 pro-

1921 1942 2050 2011 pter
2087 1937 2282 1994 oleum
2337 1938 2798 2007 mittendum,id
2856 1945 2947 1995 est
3002 1946 3238 2013 propter
3284 1941 3571 2015 Spiritum

1920 2031 2189 2083 sanctum
2222 2027 2596 2083 mittendum.
2623 2026 2749 2096 Vel,
2773 2045 2906 2084 caro
2942 2032 3031 2083 est
3061 2033 3288 2085 mutata
3317 2031 3386 2085 de
3417 2048 3572 2087 mor-

1919 2116 2021 2172 tali
2054 2118 2126 2172 ad
2158 2116 2488 2172 immortale
2518 2120 2756 2189 propter
2785 2116 3002 2185 oleum,
3024 2118 3081 2172 id
3113 2122 3203 2173 est
3230 2123 3466 2190 propter
3494 2120 3577 2175 di-

1918 2205 2222 2261 vinitatem
2252 2206 2363 2261 sibi
2396 2206 2647 2261 unitam.

1993 2319 2019 2345 ‹‹
2049 2297 2118 2350 Et
2146 2318 2172 2343 »
2204 2300 2441 2367 propter
2473 2294 2594 2349 hinc
2626 2295 2783 2349 mala
2812 2312 2916 2367 ego
2943 2318 2969 2345 (ι
2992 2313 3123 2350 sum
3156 2296 3346 2353 factus
3372 2315 3578 2371 oppro-

1921 2385 2117 2440 brium
2163 2384 2299 2452 illis,
2332 2408 2358 2433 »
2382 2384 2439 2439 id
2494 2389 2582 2439 est
2637 2383 2965 2440 inferebant
3026 2385 3168 2439 mihi
3230 2388 3571 2458 opprobria;

1922 2498 1949 2523 ‹‹
1982 2474 2255 2529 viderunt
2280 2490 2393 2542 me,
2419 2478 2477 2528 et
2500 2478 2809 2528 moverunt
2831 2475 3025 2545 capita
3048 2491 3176 2541 sua,
3203 2497 3230 2525 »
3255 2476 3313 2530 in
3338 2477 3575 2549 signum

1922 2582 2062 2617 mem
2097 2563 2429 2618 derisionis.

1996 2653 2127 2724 Ipsa
2159 2652 2267 2705 hoc
2298 2653 2541 2719 faciunt,
2578 2653 2677 2707 sed
2712 2657 2794 2715 tu,
2824 2676 2850 2701 ‹‹
2886 2653 3131 2708 Domine
3181 2654 3336 2710 Deus
3387 2673 3573 2724 meus,

1921 2742 2134 2812 adjuva
2166 2757 2279 2805 me,
2307 2764 2333 2788 »
2357 2759 2428 2795 nc
2460 2740 2517 2795 in
2546 2741 2816 2811 passione
2847 2742 3146 2811 deliciam;
3173 2766 3202 2793 «
3225 2744 3453 2799 salvum
3485 2762 3577 2801 me

1923 2831 2010 2884 fac
2040 2852 2066 2876 »
2090 2829 2495 2883 resuscitando
2522 2846 2534 2882 :
2559 2834 2617 2882 et
2662 2829 2768 2883 hoc
2791 2853 2816 2878 ‹‹
2843 2835 3082 2901 propter
3112 2830 3575 2887 misericordiam

1924 2921 2106 2985 tuam,
2138 2939 2163 2965 υ
2185 2917 2325 2987 quia
2358 2917 2466 2971 hoc
2507 2915 2685 2988 exigit
2732 2916 3130 2974 misericordia
3160 2922 3281 2986 tua,
3304 2923 3375 2973 ut
3409 2920 3575 2992 justo

1921 3004 2004 3059 ita
2034 3003 2368 3059 subvenias.

1992 3117 2021 3143 «
2056 3096 2126 3149 Et
2165 3093 2355 3149 sciant
2389 3116 2410 3142 ι»
2445 3095 2682 3149 tandem
2732 3112 2958 3163 omnes,
2983 3119 3009 3144 α
3043 3097 3183 3169 quia
3230 3114 3442 3154 manus
3475 3101 3577 3155 tua

1920 3188 2011 3239 est
2039 3183 2182 3249 haec,
2207 3206 2232 3231 υ
2258 3182 2317 3237 id
2349 3187 2437 3238 est
2468 3184 2724 3255 operatio
2756 3188 2859 3239 tua
2888 3186 3048 3241 dedit
3077 3204 3170 3241 me
3200 3186 3261 3242 in
3300 3192 3570 3258 mortem,

1922 3296 1949 3323 ‹‹
1977 3276 2035 3327 et
2067 3277 2150 3340 tu,
2175 3272 2439 3343 Domine,
2461 3272 2646 3328 iecisti
2669 3291 2817 3340 eam,
2841 3297 2868 3323 »
2890 3275 3288 3348 operationem
3313 3294 3326 3332 :
3352 3277 3575 3334 scilicet

219 3390 246 3416 ‹‹
271 3367 345 3423 Et
378 3370 466 3434 tu,
494 3365 755 3421 Domine.
785 3386 813 3415 »
840 3364 982 3420 Pars
1030 3363 1220 3420 tertia.
1245 3362 1618 3419 Continuatio
1647 3380 1660 3418 :
1695 3362 1812 3436 Ipsi
1843 3348 1887 3417 C
1922 3362 2007 3417 ita
2047 3368 2138 3417 est
2190 3367 2310 3430 tua,
2346 3362 2501 3434 quod
2560 3366 2623 3418 tu
2675 3380 2804 3418 eam
2861 3368 3136 3436 operatus
3192 3370 3281 3422 est
3335 3366 3574 3423 omnino

146 3455 478 3529 loquuntur
506 3454 617 3511 hoc
641 3455 923 3511 adversus
948 3453 1234 3525 animam,
1258 3453 1359 3509 sed
1382 3457 1585 3510 contra
1605 3470 1704 3508 eos
1726 3458 1811 3520 tu,

146 3545 417 3613 Domine,
450 3561 545 3601 me
576 3544 819 3616 adjuva;
853 3546 911 3599 et
954 3542 1063 3598 hoc
1105 3546 1193 3599 est
1226 3560 1239 3599 :
1269 3564 1297 3594 «
1322 3543 1394 3601 Et
1424 3545 1512 3613 tu,
1543 3541 1811 3611 Domine,

146 3633 455 3704 Domine,»
474 3634 539 3690 In
564 3632 909 3705 repetitione
931 3648 1102 3688 suam
1124 3630 1491 3688 devotionem
1515 3631 1773 3688 ostendit
1796 3647 1810 3686 :

145 3746 174 3774 ‹‹
207 3724 301 3783 lac
331 3738 591 3790 mecum,
618 3744 646 3772 »
668 3722 726 3778 id
757 3725 849 3780 est
899 3737 1143 3794 oparare
1191 3738 1295 3793 pro
1347 3737 1462 3788 me,
1487 3719 1710 3777 scilicet
1740 3721 1811 3776 ad

146 3812 465 3873 utilitatem
499 3828 714 3869 meam.
734 3810 860 3880 Vel,
884 3811 974 3867 fac
1014 3827 1270 3879 mecum,
1296 3810 1355 3866 id
1395 3814 1505 3878 est,
1536 3826 1643 3882 ego
1673 3826 1814 3882 ope-

146 3905 354 3969 ror,_et
409 3907 475 3963 tu
522 3916 787 3973 operare,
812 3922 840 3950 ‹‹
874 3903 1113 3972 prepter
1162 3916 1376 3955 nomen
1420 3903 1590 3956 tuum
1624 3921 1653 3953 υ
1688 3916 1813 3954 am-

146 3989 553 4061 pliandum,et
574 3989 751 4045 etiam
775 3994 1082 4060 propterea
1100 4010 1127 4038 ‹‹
1153 3988 1293 4060 quia
1311 3988 1510 4045 suavis
1531 3992 1621 4044 est
1644 3988 1816 4043 mise-

146 4075 407 4139 ricordia‘
425 4083 536 4135 tua
567 4094 634 4134 :»
667 4077 808 4149 quid
840 4094 933 4133 me
971 4076 1160 4134 fecisti
1202 4081 1441 4149 propter
1479 4076 1813 4132 miscricor-

145 4168 307 4227 diam
350 4174 522 4225 tuam
570 4166 886 4232 inearnari,
919 4167 1073 4238 pati;
1107 4166 1230 4224 haec
1262 4166 1373 4222 fuit
1420 4164 1567 4221 mihi
1613 4166 1813 4223 suavis

146 4274 260 4325 res,
293 4258 353 4315 id
386 4261 500 4326 est,
534 4255 757 4329 placuit
786 4253 952 4312 mihi.

216 4346 338 4404 Hoc
387 4345 620 4405 scilicet
648 4368 677 4396 ‹‹
708 4345 800 4402 fac
844 4361 1101 4411 mecum,
1135 4344 1321 4400 libera
1366 4361 1462 4405 me
1495 4366 1523 4393 »
1557 4344 1628 4400 de
1674 4360 1811 4400 con-

146 4435 452 4495 formitate
480 4434 797 4504 malorum,
830 4439 889 4491 et
931 4450 1005 4490 ne
1049 4434 1282 4507 possint
1327 4450 1421 4490 me
1473 4432 1720 4490 retinere
1752 4433 1813 4488 in

146 4529 359 4593 morte,
382 4524 542 4583 sicut
563 4524 678 4598 ipsi
696 4524 902 4582 volunt
923 4541 937 4583 :
962 4527 1019 4581 et
1037 4538 1187 4597 Opus
1207 4527 1353 4592 est,«
1378 4523 1519 4596 quia
1546 4540 1652 4597 ego
1680 4539 1814 4579 sum

145 4632 371 4689 egenus
399 4618 460 4673 et
488 4631 734 4688 pauper.
760 4637 789 4666 »
812 4614 1040 4687 Pauper
1077 4613 1191 4671 fuit
1233 4618 1521 4685 quantum
1554 4613 1626 4668 ad
1674 4628 1814 4685 opes

1922 3469 1983 3508 ιη
2014 3469 2128 3507 me.

1994 3542 2133 3597 Dico
2156 3564 2182 3591 ‹‹
2210 3540 2438 3597 salvum
2473 3559 2567 3598 me
2600 3542 2708 3612 fac,
2738 3547 2847 3599 net
2873 3559 3117 3599 securus
3147 3562 3280 3602 sum
3311 3546 3465 3618 quod
3500 3546 3578 3602 fa-

1922 3630 2062 3698 cies,
2097 3647 2273 3703 quam
2300 3654 2329 3681 ‹‹
2364 3630 2447 3686 illi
2494 3631 2867 3702 maledicent,
2910 3637 2968 3689 et
3016 3637 3082 3689 tu
3130 3635 3493 3705 benedices,»
3516 3635 3576 3691 id

1922 3725 2011 3777 est
2043 3720 2467 3793 multiplicabis
2495 3719 2759 3789 virtutes,
2796 3722 2966 3778 dabis
2995 3722 3173 3778 etiam
3205 3725 3577 3781 resurrectio-

1922 3827 2057 3866 nem
2094 3827 2107 3865 :
2142 3815 2199 3865 et
2228 3810 2369 3882 quia
2408 3814 2472 3865 tu
2503 3810 2832 3875 benedices,
2866 3811 2996 3866 ideo
3019 3834 3046 3861 «
3079 3813 3576 3880 confundantur,»

1923 3900 1982 3954 id
2013 3905 2102 3955 est
2131 3899 2537 3954 confusionem
2560 3898 2831 3965 habeant,
2861 3899 3008 3970 «qui
3034 3899 3349 3972 insurgunt
3368 3899 3427 3954 in
3452 3917 3572 3969 me;

1924 4005 2127 4043 servus
2169 3992 2366 4042 autem
2411 3991 2569 4054 tuus,
2597 4009 2624 4035 »
2648 3985 2873 4042 scilicet
2916 4003 3042 4059 ego,
3066 4008 3094 4037 «
3128 3986 3423 4043 laetabitur
3444 4011 3473 4037 »
3504 3988 3576 4044 de

1922 4076 2345 4132 resurrectione
2373 4075 2524 4130 facta
2548 4092 2651 4147 per
2678 4075 2895 4146 ipsum.

1993 4166 2063 4221 Et
2091 4182 2205 4219 non
2230 4168 2463 4220 tantum
2496 4164 2889 4235 insurgentes,
2915 4165 3015 4219 sed
3047 4165 3225 4221 etiam
3265 4165 3567 4224 detrahen-

1921 4258 2040 4322 tes;
2065 4258 2123 4309 et
2144 4253 2253 4309 hoc
2278 4257 2367 4309 est
2390 4270 2439 4310 :«
2466 4253 2790 4313 induantur
2809 4254 3033 4325 pudore
3054 4276 3083 4303 »
3108 4254 3191 4309 illi
3216 4276 3245 4306 ιι
3268 4255 3366 4327 qui
3389 4255 3574 4312 detra-

1921 4343 2072 4398 hunt
2104 4342 2309 4409 mihi,»
2332 4342 2616 4399 habentes
2641 4342 3109 4400 erubescentiam
3131 4344 3202 4400 de
3222 4344 3578 4400 detractione

1923 4450 2031 4490 sua
2051 4434 2205 4490 facta
2225 4432 2427 4505 mihi,«
2450 4437 2509 4489 et
2531 4455 2560 4484 »
2584 4432 2910 4489 induantur
2927 4437 3161 4491 tantum
3184 4456 3211 4484 «
3237 4433 3578 4491 confusione

1923 4540 2032 4581 sua
2066 4546 2093 4573 »
2117 4526 2181 4579 ut
2202 4546 2230 4573 «
2264 4521 2606 4596 operiantur
2653 4538 2723 4578 ea
2749 4544 2778 4572 «
2818 4522 2972 4579 sicut
3017 4522 3303 4595 diploide;
3338 4545 3366 4572 »
3398 4523 3457 4579 id
3487 4527 3578 4580 est

1921 4613 2077 4669 sicut
2105 4611 2319 4685 diplois
2358 4615 2449 4667 est
2487 4610 2704 4682 duplex
2737 4611 3178 4679 vestimentum,
3201 4611 3283 4667 ita
3312 4612 3577 4671 confusio

147 4702 469 4773 humanas,
493 4704 713 4776 quibus
741 4703 968 4761 caruit:
1006 4720 1248 4777 egenus,
1273 4702 1413 4774 quia
1442 4699 1680 4757 aliunde
1711 4718 1811 4773 pe-
1841 4719 1890 4784 Ι)
1920 4719 2122 4759 eorum
2156 4700 2232 4757 sit
2258 4699 2502 4772 duplex;
2539 4703 2597 4755 et
2627 4699 2894 4768 interius,
2930 4699 2988 4755 id
3020 4704 3111 4756 est
3157 4701 3217 4755 in
3267 4700 3486 4771 anima,
3516 4704 3576 4755 et

147 4793 263 4850 tiit.
292 4817 321 4846 «
354 4794 427 4850 Et
456 4810 559 4850 cor
585 4811 787 4850 meum
815 4793 1118 4849 turbatum
1149 4796 1258 4860 est,
1286 4814 1314 4843 »
1334 4792 1544 4847 timore
1575 4790 1807 4859 mortis,

139 4883 313 4954 juxta
354 4882 505 4941 illud
538 4899 553 4939 ε
582 4906 611 4934 ‹‹
645 4881 859 4941 Tristis
905 4887 997 4938 est
1044 4881 1239 4937 anima
1298 4897 1430 4936 mea
1488 4897 1677 4951 usque
1735 4880 1808 4936 ad

148 4976 402 5029 mortem
444 4970 654 5042 (Matth.
694 4989 857 5041 xxvx;
907 4971 1071 5027 Marc.
1103 4973 1220 5039 xxv)
1246 4987 1258 5026 :
1288 4992 1316 5019 »
1348 4973 1405 5025 et
1452 4968 1563 5024 hoc
1594 4992 1621 5019 ‹‹
1656 4970 1812 5025 intra

147 5078 301 5127 me,»
324 5062 384 5117 id
417 5066 528 5129 est,
552 5078 669 5119 non
710 5079 780 5118 ex
820 5061 1187 5127 necessitate,
1212 5060 1314 5115 sed
1346 5077 1415 5115 ex
1446 5076 1577 5115 mea
1604 5059 1809 5115 volun-

148 5155 285 5207 tate.
318 5149 449 5221 Vel,
477 5172 505 5202 ‹‹
536 5150 694 5208 intra
723 5168 840 5221 me,
867 5174 896 5200 »
928 5149 1067 5222 quia
1109 5154 1168 5206 et
1216 5148 1406 5206 tristis
1453 5152 1544 5206 est
1591 5148 1809 5217 anima,

147 5256 265 5296 non
298 5244 500 5297 tamen
531 5241 848 5298 manifesto
877 5239 983 5295 eis.

217 5329 331 5385 Cor
362 5345 565 5387 meum
596 5330 1013 5387 conturbatum
1045 5333 1135 5385 est
1165 5329 1238 5385 ab
1278 5328 1385 5401 eis,
1409 5333 1467 5384 et
1497 5345 1602 5401 ego
1626 5353 1652 5379 ‹‹
1680 5346 1812 5385 sum

147 5416 407 5483 ablatas,
435 5440 464 5467 ››
498 5419 557 5475 id
590 5423 700 5488 est,
728 5423 933 5491 raptus
965 5436 998 5473 a
1028 5417 1271 5486 Judaeis,
1291 5423 1350 5473 et
1370 5419 1543 5473 datus
1574 5418 1635 5472 in
1666 5436 1816 5475 mor-

145 5510 269 5562 tem
298 5523 348 5561 :«
374 5506 533 5563 sicut
563 5509 774 5563 umbra
802 5525 938 5563 cum
960 5506 1272 5575 declinat,»
1299 5506 1541 5578 scilicet,
1565 5507 1646 5563 ita
1676 5508 1813 5564 levi-

147 5599 236 5651 ter
265 5600 333 5653 ut
363 5596 584 5653 umbra
614 5597 831 5653 recedit
869 5597 1137 5654 veniente
1174 5595 1418 5665 lumine,
1444 5595 1666 5651 nullam
1698 5597 1813 5653 vim

148 5685 492 5753 ostendens,
516 5686 598 5743 ita
628 5690 834 5757 raptus
865 5686 938 5742 ab
968 5686 1078 5757 eis,
1100 5685 1325 5741 nullam
1357 5684 1590 5741 ostendi
1622 5690 1817 5758 poten-

146 5773 312 5843 tiam,
334 5773 447 5832 sed
476 5775 784 5833 humiliter
814 5776 1069 5833 sustinui
1097 5792 1109 5833 :
1134 5780 1191 5833 et
1209 5776 1486 5850 primitus
1517 5780 1651 5833 ante
1678 5794 1810 5852 pas-

1918 4790 2174 4848 exterius
2206 4789 2264 4845 in
2295 4806 2535 4861 corpore
2567 4805 2583 4843 :
2616 4787 2754 4861 quia
2792 4788 2930 4844 licet
2959 4806 3022 4845 se
3051 4794 3329 4846 excusent
3357 4790 3418 4844 in
3447 4806 3573 4844 ver-

1918 4881 2010 4937 bis
2040 4879 2314 4948 exterius,
2337 4877 2698 4933 conscientia
2728 4881 2923 4934 tamen
2947 4878 3103 4934 mala
3133 4879 3577 4936 confunduntur

1920 4970 2189 5026 interius.

1993 5058 2109 5130 Ipsi
2157 5058 2395 5130 quidem
2439 5055 2779 5128 operiantur
2824 5055 3186 5123 confusione,
3219 5072 3325 5128 ego
3376 5057 3574 5113 autem

1921 5172 1948 5198 ‹‹
1987 5148 2308 5203 conﬁtebor
2338 5147 2606 5214 Domino,
2635 5168 2661 5195 »
2686 5146 2746 5200 id
2772 5150 2863 5201 est
2886 5144 3095 5201 faciam
3119 5161 3280 5200 meos
3311 5143 3572 5199 confiteri

1922 5238 2238 5305 Domino,«
2274 5236 2472 5303 nimis,
2518 5258 2547 5286 »
2596 5235 2655 5289 in
2706 5238 2796 5289 est
2844 5234 3130 5302 multum;
3173 5238 3231 5289 et
3277 5233 3385 5288 hoc
3434 5237 3570 5287 est:

1924 5352 1951 5378 ιι
1984 5328 2043 5383 in
2077 5344 2176 5382 ore
2209 5343 2357 5394 meo,
2382 5348 2410 5377 »
2438 5325 2495 5380 id
2529 5328 2618 5380 est
2648 5340 2912 5379 meorum
2940 5340 2953 5378 :
2987 5323 3125 5396 quia
3155 5323 3312 5395 quod
3344 5339 3574 5377 annun-

1924 5417 2157 5473 tiabunt
2186 5432 2304 5482 ore,
2341 5414 2645 5486 perﬁcient
2694 5412 3029 5484 operc.Vel,
3054 5436 3080 5462 ‹‹
3126 5412 3183 5466 in
3229 5429 3329 5467 ore
3368 5427 3517 5478 meo,
3546 5432 3574 5459 ››

1924 5508 1981 5562 id
2022 5512 2111 5561 est
2153 5505 2345 5577 palam
2374 5522 2386 5559 :
2411 5508 2469 5559 et
2497 5503 2607 5558 hoc
2658 5519 2771 5556 non
2824 5519 3020 5557 coram
3067 5492 3291 5575 paucis,
3316 5502 3417 5556 sed
3452 5524 3478 5550 α
3513 5500 3575 5555 in

1925 5595 2117 5651 medio
2148 5593 2472 5650 multorum
2506 5592 2757 5648 laudabo
2790 5608 2946 5646 eum.
2974 5612 3002 5640 »

1995 5687 2140 5741 Eum
2164 5683 2401 5755 quidem
2426 5682 2666 5737 laudare
2683 5681 2884 5747 debeo,
2902 5704 2927 5731 (ι
2949 5679 3090 5752 quia
3106 5680 3290 5736 astitit
3312 5698 3345 5736 a
3361 5679 3578 5737 dextris

1924 5773 2197 5853 pauperis
2222 5797 2249 5825 »
2273 5772 2408 5845 mei,
2434 5772 2491 5829 id
2511 5774 2621 5841 est,
2641 5770 2743 5847 qui
2775 5788 2868 5828 me
2900 5787 3132 5844 semper
3162 5770 3220 5829 in
3249 5770 3419 5829 bonis
3440 5787 3577 5847 ope-
