3942 6400
440 492 558 550 579

821 490 1228 549 IIAYMONIS
1276 488 1816 549 liALBlCllSTAT.
1868 486 2106 549 EPISC.
2155 488 2329 549 OPP.
2378 489 2574 550 PAllS
2620 491 2668 550 Ι.
2716 527 2794 534 -
2836 492 3244 553 COMMENT.
3292 493 3486 553 BlBL.

3739 479 3873 551 "530

439 621 604 678 ribus
635 621 996 677 conservavit
1030 637 1042 675 :
1076 621 1264 676 astitit
1293 620 1444 687 dico,
1470 643 1498 672 «
1532 625 1596 676 ut
1627 621 1848 676 salvam
1879 621 2096 675 faceret
2122 621 2178 688 Α
2206 620 2332 688 diti,
2365 621 2505 694 quia
2535 622 2696 678 illam
2737 622 3167 678 humanitatem
3201 623 3309 680 hoc
3339 624 3749 697 promeruisse
3781 625 3870 680 in-

441 727 474 766 a
505 709 995 784 persequentibus
1025 709 1287 790 animam
1320 726 1513 764 meam
1547 732 1573 758 ››
1604 727 1676 764 ne
1705 709 1795 765 vel
1827 710 1911 766 eis
1943 710 2106 765 cede-

431 819 584 870 _rcm,
608 799 697 856 vel
727 799 788 854 in
822 803 1008 854 morte
1042 816 1134 852 me
1167 803 1410 870 possent
1439 799 1719 854 detinere.

955 889 1029 942 lN
1073 887 1420 942 PSALMUM
1461 887 1598 942 CIX.

867 978 1142 1032 Trruws.
1183 977 1437 1032 Psahnus
1476 976 1666 1031 David.

510 1092 537 1117 ‹‹
563 1067 718 1123 Dixit
747 1067 1056 1123 Dominus.
1085 1088 1112 1116 »
1151 1065 1419 1120 Psalmus
1449 1065 1563 1120 istc
1593 1065 1863 1120 convenit
1892 1064 2094 1134 David,

437 1157 734 1230 propheta:
765 1156 866 1228 qui
907 1155 1002 1210 hic
1050 1154 1330 1226 loquitur.
1366 1155 1672 1210 Materiam
1723 1153 1901 1208 habet
1931 1153 2095 1208 Chri-

436 1251 596 1301 stum
619 1246 946 1302 secundum
970 1248 1283 1316 utramque
1305 1248 1600 1298 naturam.
1625 1244 1686 1298 In
1722 1243 1912 1316 prima
1933 1247 2097 1314 parte

436 1335 558 1408 agit
588 1335 660 1390 de
693 1316 964 1406 utraque.
991 1332 1098 1388 Ubi
1143 1333 1298 1388 enim
1331 1332 1473 1387 dicit
1505 1349 1571 1388 :«
1606 1331 1760 1386 Dixit
1808 1331 2095 1388 Dominus

436 1422 684 1479 Domino
736 1439 886 1492 meo,
923 1445 950 1471 »
982 1423 1164 1477 Deum
1217 1439 1351 1476 cum
1401 1421 1714 1494 significat,
1767 1422 2094 1476 secundum

437 1529 618 1584 quam
643 1516 914 1567 naturam
942 1511 1212 1567 Christus
1234 1511 1499 1566 omnium
1523 1510 1830 1565 hominum
1861 1509 1968 1565 fuit
1989 1511 2094 1564 Do-

437 1603 658 1658 minus.
683 1602 789 1658 Ubi
820 1619 954 1657 vero
977 1600 1170 1673 ipsum
1196 1601 1381 1656 Deum
1405 1600 1628 1655 inducit
1645 1598 1876 1654 Christo
1905 1599 2096 1654 dicen-

435 1696 553 1746 tem
580 1709 593 1746 :
620 1715 646 1741 ‹‹
672 1691 808 1746 sedc
838 1708 870 1744 a
903 1689 1121 1745 dextris
1153 1688 1318 1758 meis,
1345 1711 1370 1736 ››
1395 1693 1528 1756 etc.,
1562 1689 1632 1743 de
1662 1689 1788 1760 ipsa
1819 1686 2092 1742 humani-

434 1784 554 1836 tate
585 1780 722 1852 agit.
750 1781 812 1835 In
843 1779 1102 1834 secunda
1133 1783 1314 1850 parte,
1339 1793 1468 1849 qum
1499 1781 1608 1832 cst.
1634 1800 1662 1827 ‹‹
1687 1777 1907 1832 Tecum
1939 1776 2094 1848 prin-

433 1869 654 1941 cipium
682 1868 741 1922 in
765 1867 858 1922 die
877 1866 1136 1937 virtutis,
1163 1889 1190 1915 ››
1213 1865 1335 1938 agit
1364 1867 1436 1922 de
1465 1865 1592 1922 sola
1609 1865 1826 1920 Christi
1851 1864 2088 1933 deitate,

431 1961 488 2014 et
519 1957 626 2013 hoc
658 1975 760 2030 per
790 1957 966 2011 verba
1010 1957 1198 2028 ipsius
1235 1955 1335 2010 Dei
1381 1955 1566 2010 Patris
1592 1971 1606 2009 :
1631 1953 1772 2026 quia
1813 1953 1892 2008 ibi
1924 1953 2092 2008 Pater

431 2047 688 2102 ostendit
719 2063 854 2102 eum
885 2050 941 2100 et
972 2045 1082 2102 sibi
1117 2048 1468 2099 comternum
1501 2048 1558 2098 et
1593 2060 1660 2098 ex
1699 2061 1760 2098 se
1800 2042 2086 2115 genitum.

432 2137 496 2192 In
525 2135 700 2190 tertia
727 2139 912 2207 parte,
947 2151 1074 2206 quae
1120 2133 1329 2206 incipit
1361 2150 1372 2188 :
1400 2157 1427 2181 ‹‹
1458 2133 1685 2187 Juravit
1714 2133 2020 2200 Dominus,
2059 2154 2086 2181 ››

432 2240 738 2279 resumens
767 2223 943 2278 verba
983 2222 1291 2294 Propheta,
1324 2221 1586 2294 loquitur
1615 2223 1686 2276 de
1717 2221 1844 2294 ipsa
1872 2221 2087 2277 Christi

431 2312 824 2381 humanitate,
849 2311 966 2367 alta
989 2316 1182 2366 tamen
1207 2328 1440 2384 semper
1457 2310 1722 2366 dicendo.
1747 2309 1848 2367 Vel
1873 2310 1920 2364 si
1943 2311 2086 2383 quid

392 2403 401 2410 ’
432 2401 578 2456 dicit
607 2402 680 2456 de
711 2400 1005 2473 passione,
1037 2400 1191 2454 sicut
1249 2399 1328 2454 ibi
1363 2415 1430 2454 :u
1465 2399 1544 2454 De
1604 2404 1857 2456 torrente
1896 2399 1954 2454 in
1994 2399 2089 2454 via

430 2489 610 2560 bibet,
638 2513 666 2540 ››
699 2507 877 2546 causa
924 2488 1334 2544 exsultationis
1373 2489 1530 2544 facit.
1565 2487 1816 2544 Intentio
1846 2492 1934 2544 est
1981 2505 2088 2545 nos

434 2581 770 2649 admonere,
805 2579 974 2651 quasi
1025 2583 1196 2632 utens
1245 2578 1703 2633 demonstrativo
1756 2595 1988 2650 genere,
2020 2582 2086 2633 ut

430 2669 730 2724 Christum
770 2669 854 2723 sic
894 2668 1292 2735 emendatum,
1327 2667 1571 2740 dignum
1605 2667 1947 2737 judicemus
1977 2667 2084 2723 ho—

431 2776 590 2829 nore,
625 2763 682 2813 et
711 2759 760 2812 ei
795 2757 1058 2812 debitum
1094 2757 1373 2812 honorem
1405 2757 1804 2811 exhibeamus.

501 2848 570 2902 Et
603 2852 664 2902 ut
695 2847 964 2902 ostendat
993 2863 1053 2902 se
1085 2847 1156 2900 de
1187 2847 1356 2900 corde
1389 2863 1496 2902 suo
1537 2845 1646 2900 hoc
1688 2863 1803 2900 non
1836 2845 2084 2919 prophe-

429 2940 608 3005 tasse,
639 2935 866 2990 inducit
911 2935 1106 3008 ipsum
1139 2935 1325 2990 Deum
1357 2936 1585 2990 Patrem
1635 2936 1706 2990 de.
1756 2935 1898 2990 Filio
1948 2952 2085 2990 cum

431 3025 574 3082 Filio
634 3024 996 3096 loquentem,
1051 3025 1135 3079 sic
1193 3025 1395 3079 dicens
1429 3042 1497 3080 :«
1533 3025 1818 3079 Dominus
1861 3046 1888 3072 ι»
1920 3025 2088 3079 Pater

427 3139 455 3164 α
482 3115 682 3181 dixit,»
706 3114 762 3169 id
789 3119 878 3170 est
899 3115 972 3169 ab
995 3118 1209 3169 aeterno
1231 3113 1544 3186 disposuit,
1569 3137 1595 3162 α
1623 3114 1870 3168 Domino
1902 3131 2030 3168 meo
2056 3135 2084 3162 ››

428 3205 565 3259 Jesu
617 3203 845 3258 Christo
905 3203 1050 3258 Filio
1109 3219 1236 3258 suo.
1272 3203 1378 3258 Ubi
1431 3203 1594 3271 dicit,
1621 3225 1649 3253 ‹‹
1685 3219 1886 3267 meo,»
1922 3205 2087 3257 notat

425 3310 560 3348 eum
593 3292 706 3348 sibi
738 3291 1174 3347 familiariorem
1216 3309 1344 3347 esse
1391 3292 1546 3363 quod
1599 3292 1825 3346 Patrem
1861 3309 1963 3362 per
1991 3308 2084 3346 as-

431 3385 731 3453 sumptam
764 3378 1214 3445 humanitatem,
1237 3385 1294 3434 et
1327 3385 1521 3436 tamen
1562 3385 1730 3436 vocat
1771 3380 2082 3458 Dominum
2116 3362 2159 3428 (ἶ

429 3469 756 3524 secundum
789 3467 1085 3523 deitatem.
1119 3467 1282 3523 Unde
1332 3468 1458 3540 ipse
1501 3468 1769 3524 Christus
1800 3468 1942 3524 dicit
1991 3468 2084 3526 his

430 3558 531 3630 qui
565 3556 760 3614 solum
791 3555 1090 3612 hominem
1113 3560 1248 3612 eum
1271 3562 1566 3629 putantes,
1593 3557 1866 3613 dicebant
1893 3557 2082 3614 tilium

427 3645 656 3702 David“:
685 3669 711 3696 α
737 3645 1041 3711 Quomodo
1071 3662 1206 3719 ergo
1252 3646 1566 3702 Dominum
1605 3663 1740 3702 eum
1771 3652 1958 3716 vocat,
1989 3647 2083 3703 di-

426 3751 603 3792 cens:
639 3734 796 3790 Dixit
845 3733 1130 3791 Dominus
1179 3735 1427 3790 Domino
1475 3737 1768 3792 meo:sed
1803 3754 1836 3792 a
1865 3737 2084 3793 dextris

425 3825 574 3882 meis
603 3825 808 3895 (Matth.
832 3827 973 3894 xx")
997 3841 1010 3880 :
1037 3846 1064 3876 ››
1092 3841 1197 3897 per
1225 3825 1335 3880 hoc
1363 3825 1618 3881 innuens
1649 3843 1712 3881 se
1743 3844 1858 3882 non
1889 3827 2080 3882 solum

422 3915 748 3983 hominem,
801 3915 901 3970 sed
959 3914 1135 3969 etiam
1192 3915 1398 3981 Deum,
1445 3917 1770 3971 secundum
1820 3917 1976 3988 quod
2027 3922 2085 3972 et

423 4005 603 4061 David
635 4009 692 4060 ct
720 4005 985 4060 omnium
1010 4004 1258 4060 aliorum
1285 4004 1579 4074 Dominus,
1597 4009 1740 4061 erat.
1763 4006 1910 4062 Cum
1942 4005 2084 4062 dicit

423 4095 648 4150 Patrem
703 4094 1042 4160 Dominum,
1073 4098 1130 4148 et
1171 4093 1384 4149 Filium
1435 4094 1772 4164 Dominum,
1805 4100 1972 4152 notat
2020 4096 2081 4152 in

423 4188 672 4256 utroque
719 4183 1003 4256 aequalem
1053 4183 1396 4255 potentiam.
1431 4182 1587 4239 Dixit
1633 4185 1821 4256 Pater,
1853 4189 1911 4240 et
1949 4203 2082 4242 ecce

421 4273 565 4345 quid
597 4273 780 4328 dixit:
807 4297 832 4324 α
868 4273 1015 4328 Sede
1046 4290 1080 4328 a
1109 4273 1334 4329 dentris
1366 4272 1533 4342 meis,
1563 4297 1590 4323 »
1615 4274 1672 4330 id
1721 4281 1813 4331 est
1855 4275 2084 4349 expleta

421 4361 636 4418 militia
664 4365 789 4429 tua,
819 4365 875 4416 et
904 4365 1138 4434 peracta
1167 4361 1516 4428 obedientia,
1542 4363 1778 4435 quiesce
1809 4365 1868 4419 in
1901 4365 2084 4438 potio-

420 4449 588 4505 ribus
616 4445 788 4504 bonis
819 4447 987 4504 meis.
1022 4448 1182 4503 Licet
1212 4453 1410 4504 autem
1457 4466 1572 4504 non
1623 4449 1892 4523 legamus
1923 4454 2080 4525 quod

424 4538 592 4593 Pater
621 4537 692 4593 ad
727 4536 940 4593 Filium
973 4535 1120 4592 dixit
1167 4554 1271 4610 per
1320 4537 1443 4593 haec
1491 4539 1686 4608 verba,
1722 4544 1919 4597 tamen
1969 4543 2082 4598 sei-

424 4644 559 4682 mus
589 4644 656 4682 ea
689 4626 769 4682 ita
799 4626 981 4682 fuisse
1030 4627 1337 4699 disposita,
1371 4627 1512 4700 quia
1555 4628 1640 4684 sic
1679 4629 1946 4686 videmus
1979 4631 2084 4686 im-

423 4715 598 4788 pleta.

491 4807 640 4862 Sede
687 4805 892 4861 tandiu
926 4823 960 4861 a
988 4805 1210 4862 dextris
1260 4807 1430 4876 meis,
1457 4831 1485 4856 «
1513 4808 1697 4864 donec
1733 4832 1762 4858 »
1785 4827 1891 4884 ego
1913 4835 1938 4860 α
1975 4829 2076 4885 po-

425 4912 560 4950 nam
595 4893 865 4950 inimicos
894 4899 1028 4950 tuos
1059 4894 1380 4951 scabellum
1421 4897 1639 4968 pedum
1673 4902 1932 4969 tuorum,
1957 4923 1985 4950 ››
2020 4903 2076 4958 id

423 4989 514 5040 est
533 4985 716 5040 donec
746 4984 969 5040 inimici
997 4985 1104 5054 tui,
1127 4983 1352 5040 scilicet
1380 4992 1806 5058 persecutores,
1837 4991 1936 5062 qui
1962 5008 2082 5047 mo-

423 5075 497 5128 do
527 5073 800 5128 videntur
831 5073 1044 5129 habere
1076 5073 1436 5144 Dominium,
1469 5080 1528 5130 et
1557 5081 1768 5148 putant
1799 5095 1861 5134 se
1895 5080 2082 5136 facere

424 5179 596 5234 posse
616 5180 723 5218 con
733 5167 821 5218 tra
837 5163 1193 5218 voluntatem
1216 5167 1400 5235 tuam,
1417 5163 1675 5237 plenarie
1691 5168 2084 5240 subjiciuntur

424 5251 734 5324 tibi,quasi
767 5251 1090 5307 scabellum
1149 5254 1258 5308 sub
1317 5253 1585 5325 pedibus,
1621 5255 1862 5322 scilicet,
1896 5276 2083 5330 usque

427 5342 496 5395 ad
529 5342 681 5396 diem
707 5341 940 5413 judicii,
963 5341 1023 5396 in
1056 5359 1172 5414 qua
1194 5343 1412 5398 subditi
1437 5349 1609 5398 erunt
1639 5345 1764 5400 tibi.
1786 5369 1807 5396 α
1837 5347 2028 5404 Donec
2053 5371 2080 5397 ››

427 5430 591 5500 dicit,
625 5448 739 5486 non
775 5432 930 5503 quod
963 5435 1164 5504 postea
1212 5449 1328 5486 non
1375 5435 1598 5502 sedeat,
1623 5435 1722 5489 sed
1755 5437 1894 5508 quia
1941 5443 2082 5495 tunc

427 5519 703 5574 omnibus
734 5521 1038 5592 apparebit
1068 5521 1380 5592 gloriosus,
1404 5524 1474 5578 de
1495 5541 1612 5596 quo
1636 5525 1874 5596 quidam
1908 5530 2081 5585 modo

430 5606 723 5662 dubitant.
745 5608 845 5662 Vel
872 5626 978 5681 per
1004 5611 1180 5680 pedes
1211 5609 1641 5668 humanitatem
1673 5615 1888 5671 Christi
1919 5617 2080 5674 intel-

430 5691 690 5766 ligimus,
723 5713 824 5767 per
855 5714 1030 5769 quam
1063 5698 1249 5754 deitas
1279 5700 1351 5754 ad
1383 5718 1490 5756 nos
1520 5701 1678 5758 venit
1706 5709 1764 5759 et
1791 5707 1961 5762 nobis
1991 5707 2079 5762 in-

433 5781 644 5854 notuit,
669 5782 763 5839 cui
794 5786 1146 5844 humanitati
1171 5805 1377 5850 omnes
1406 5790 1465 5846 in
1490 5792 1716 5866 judicio
1747 5801 1921 5858 erunt
1949 5797 2084 5858 sub-

2211 707 2496 782 telligcnt,
2520 713 2584 764 ut
2615 711 2664 765 ei
2696 711 2890 766 omnis
2934 711 3122 766 honor
3148 716 3207 767 et
3234 711 3420 784 gloria
3461 712 3743 779 conferri,
3777 714 3872 768 de-

2211 797 2364 866 beat,
2388 803 2444 853 et
2465 799 2656 854 omnis
2678 800 2726 854 ci
2749 803 3017 855 creatura
3041 799 3252 872 subjici
3277 801 3482 856 debeat
3505 807 3561 857 et
3581 806 3872 874 oporteat.

2279 885 2470 941 Verba
2498 889 2815 960 prophetae.
2852 889 3139 944 Dominus
3170 889 3340 946 Pater
3369 889 3514 946 dixit
3546 907 3560 946 :
3586 914 3614 940 ‹‹
3652 891 3874 946 Ponam

2211 975 2482 1032 inimicos
2517 983 2649 1046 tuos
2681 977 3002 1032 scabellum
3037 979 3254 1050 pedum
3291 984 3526 1034 tuorum
3562 997 3574 1035 :
3606 1003 3632 1028 ››
3656 985 3718 1036 et
3749 998 3874 1036 vere

2208 1063 2431 1119 inimici
2464 1065 2549 1120 tui
2582 1066 2688 1121 tibi
2733 1065 3143 1138 subjicicntur,
3177 1067 3317 1140 quia
3361 1068 3648 1124 Dominus
3707 1070 3875 1125 Pater

2207 1153 2371 1208 dabit
2393 1177 2419 1202 ι(
2449 1154 2732 1226 virgam,»
2757 1155 2812 1209 id
2834 1159 2924 1210 est
2946 1155 3167 1228 regiam
3197 1159 3566 1228 potestatem,
3590 1175 3715 1230 qua
3737 1175 3871 1212 con-

2206 1241 2429 1314 fringas
2487 1242 2779 1310 inimicos,
2813 1248 2871 1298 et
2912 1261 3223 1300 conserves
3281 1249 3414 1302 tuos
3465 1263 3478 1301 :
3529 1248 3868 1320 cujusmndi

2204 1334 2554 1402 potestatem
2587 1331 2881 1404 significat
2929 1336 3230 1405 sceptrum
3279 1334 3338 1389 in
3389 1335 3626 1408 regibus
3657 1352 3728 1390 :u
3765 1336 3870 1390 vir-

2203 1436 2335 1491 gam
2374 1443 2401 1469 ››
2434 1420 2564 1475 dico
2587 1444 2614 1470 ‹‹
2649 1421 2883 1476 virtutis
2916 1427 3050 1490 tua),
3082 1445 3110 1472 ››
3135 1423 3192 1478 id
3227 1427 3316 1479 est
3354 1423 3414 1478 in
3459 1441 3574 1496 qua
3620 1431 3867 1498 apparet

2201 1509 2364 1564 virus
2396 1513 2535 1565 tua:
2566 1509 2707 1582 quia
2736 1527 2884 1582 quos
2918 1511 3216 1580 defendes,
3240 1510 3441 1567 nullus
3488 1513 3707 1584 poterit
3755 1512 3864 1567 im-

2203 1597 2432 1669 pedire;
2484 1602 2542 1654 et
2599 1603 2822 1666 contra,
2855 1599 3071 1673 quibus
3129 1600 3388 1671 nocebis,
3423 1618 3592 1658 nemo
3650 1603 3866 1676 poterit

2203 1687 2534 1744 defendere.
2557 1689 2629 1743 Et
2670 1688 2824 1744 hanc
2855 1688 3077 1762 virgam
3113 1713 3142 1740 «
3177 1691 3406 1747 emittet
3451 1691 3743 1746 Dominus
3805 1707 3864 1745 ex

2203 1774 2342 1830 Sion
2373 1795 2399 1828 ιι
2431 1781 2494 1831 ut
2525 1793 2635 1832 sua
2663 1777 3000 1849 prazdicatio
3033 1779 3104 1834 de
3145 1778 3282 1835 Sion
3324 1783 3517 1848 exeat;
3551 1780 3710 1834 unde
3743 1795 3864 1850 pro-

2201 1863 2376 1936 pheta
2401 1882 2456 1920 τα
2477 1865 2556 1921 De
2578 1865 2705 1920 sion
2733 1864 2915 1920 exibit
2936 1865 3026 1922 lex
3047 1867 3244 1937 (Mz'ch.
3276 1869 3408 1938 1v).n
3439 1867 3778 1924 Transieris
3798 1867 3864 1922 ad

2199 1957 2424 2024 gentes,
2459 1957 2526 2009 ut
2565 1954 2704 2027 ipsa:
2745 1958 2950 2028 gentes
2983 1955 3196 2010 Christi
3238 1956 3508 2032 regimini
3541 1955 3861 2028 subjician-

2197 2046 2296 2096 tur
2326 2060 2338 2098 :
2365 2048 2423 2098 et
2451 2044 2591 2116 quia
2635 2043 2880 2111 emittet,
2924 2061 2957 2098 o
2987 2043 3232 2112 Christe,
3269 2065 3296 2098 α
3325 2044 3659 2100 dominare.
3685 2063 3716 2096 ιι
3742 2043 3862 2098 Alia

2197 2131 2504 2188 translatio
2535 2133 2730 2202 habet,
2761 2153 2787 2184 ιι
2826 2132 3156 2188 dominabis
3193 2149 3206 2188 :
3244 2133 3301 2188 in
3353 2131 3545 2187 medio
3595 2133 3857 2189 inimico-

2197 2237 2332 2276 rum
2358 2225 2663 2290 tuorum,»
2691 2221 2748 2276 id
2783 2226 2872 2276 est
2904 2221 2962 2276 in
2993 2221 3293 2276 communi
3337 2220 3628 2290 omnium,
3667 2226 3734 2278 ut
3765 2223 3856 2294 qui

2197 2311 2363 2382 prius
2394 2311 2642 2379 inimici,
2677 2327 2804 2366 sese
2835 2309 2939 2366 tibi
2971 2327 3041 2366 ex
3085 2310 3322 2383 propria
3346 2309 3649 2366 voluntate
3681 2312 3854 2382 subji-

2195 2399 2354 2454 ciant
2386 2416 2398 2455 :
2434 2404 2518 2469 tu,
2554 2399 2704 2468 dico,
2737 2399 2904 2471 quasi
2948 2399 3200 2469 medius,
3235 2401 3309 2455 ad
3356 2416 3532 2472 quem
3581 2393 3849 2456 homines

2193 2504 2262 2543 ex
2291 2488 2452 2543 omni
2483 2493 2654 2562 gente
2683 2489 3053 2544 conveniant.

2271 2599 2298 2630 α
2319 2579 2536 2634 Tecum
2568 2577 2948 2650 principium.
2969 2597 2998 2628 ι)
3026 2579 3202 2644 Quasi
3246 2577 3462 2635 diceret
3493 2597 3506 2635 :
3539 2582 3786 2634 «tecum
3817 2599 3842 2630 ι

2193 2672 2283 2722 est
2313 2668 2456 2723 mihi
2490 2666 2888 2740 «principium
2912 2667 2970 2722 in
3003 2667 3420 2740 splendoribus
3447 2671 3843 2734 sanctorum;

2193 2756 2251 2810 id
2281 2761 2372 2812 est
2400 2756 2459 2811 in
2491 2756 2710 2828 Spiritu
2753 2761 2975 2823 sancto,
3010 2755 3108 2828 qui
3143 2755 3387 2810 diversis
3432 2757 3846 2828 splendoribus

2193 2850 2428 2901 sanctos
2461 2846 2714 2900 decorat.
2746 2845 2809 2899 In
2848 2844 2960 2899 hoc
3001 2849 3090 2899 est
3131 2844 3300 2900 nobis
3337 2845 3691 2918 principium
3730 2867 3760 2898 ιι
3789 2845 3843 2899 in

2193 2935 2308 3004 die,
2331 2955 2358 2986 ιι
2396 2934 2454 2989 id
2486 2938 2577 2990 est
2615 2933 2674 2988 in
2705 2932 2970 2988 claritate
3003 2956 3028 2987 ιι
3051 2932 3288 2990 virtutis
3317 2938 3449 3001 tum,
3471 2955 3500 2986 υ
3523 2934 3582 2989 id
3612 2938 3702 2989 est
3734 2934 3848 2989 dei-

2195 3026 2353 3081 tatis.
2378 3027 2456 3080 Ac
2489 3023 2537 3078 si
2580 3023 2835 3078 diceret:
2867 3021 3150 3078 ldentitas
3189 3028 3280 3079 est
3316 3023 3480 3092 mihi,
3513 3028 3572 3078 et
3601 3022 3844 3094 Spiritui

2194 3119 2395 3171 sancto
2415 3113 2750 3168 tecum.Nec
2767 3117 3363 3184 moveatquemquam
3387 3130 3488 3184 per
3504 3111 3845 3184 splendores

2193 3203 2502 3277 pluraliter
2537 3201 2721 3274 accipi
2766 3201 3064 3274 spiritum,
3097 3219 3230 3258 cum
3279 3202 3532 3258 Joannes
3580 3200 3755 3268 dicat,
3791 3207 3846 3256 et

2193 3293 2440 3366 spiritus
2461 3291 2628 3347 missi
2650 3291 2711 3345 in
2733 3307 2966 3346 omnem
2991 3296 3226 3346 terram.
3249 3289 3350 3346 Vel
3376 3290 3561 3345 aliter.
3576 3311 3602 3342 α
3622 3291 3842 3345 Tecum

2194 3381 2623 3456 principium.»
2665 3379 2806 3436 Pars
2851 3379 3130 3436 secunda.
3153 3379 3343 3435 Verba
3391 3377 3575 3434 Patris
3621 3379 3694 3434 ad
3747 3378 3843 3434 Fi-

2193 3468 2754 3527 lium.Continuatio
2779 3484 2792 3524 :
2817 3469 2957 3524 Dico
2983 3490 3005 3518 α
3042 3485 3076 3524 a
3116 3469 3332 3524 dextris
3374 3467 3540 3538 meis,
3564 3487 3590 3519 η
3628 3472 3687 3524 et
3720 3485 3840 3523 me-

2151 3610 2160 3620 .
2193 3561 2304 3616 rito
2335 3564 2574 3633 propter
2604 3558 2952 3632 dignitatem
2977 3557 3297 3614 divinitatis
3326 3557 3407 3613 ita
3428 3557 3840 3614 sublimandus

2192 3654 2283 3706 est
2313 3649 2370 3704 in
2402 3652 2710 3720 assumpta
2736 3646 3125 3717 humanitate,
3150 3663 3326 3720 quam
3350 3645 3495 3702 mihi
3517 3651 3608 3702 est
3631 3646 3841 3720 princi-

2193 3739 2357 3812 pium
2407 3743 2622 3806 tecum,
2656 3737 2714 3792 id
2745 3740 2835 3794 est
2863 3741 2926 3792 tu
2977 3753 3040 3792 es
3097 3735 3448 3809 principium
3503 3741 3562 3793 et
3616 3741 3839 3792 creator

2192 3828 2460 3885 omnium
2492 3844 2708 3894 rerum,
2733 3831 2791 3882 et
2810 3825 2937 3882 sine
2957 3825 3144 3893 initio,
3169 3827 3225 3882 et
3253 3842 3359 3899 ego
3390 3825 3698 3882 similiter:
3726 3844 3835 3884 non

2193 3918 2354 3987 dicit,
2379 3916 2483 3972 tibi
2515 3919 2606 3972 est
2634 3915 2992 3988 principium
3037 3931 3290 3983 mecum,
3323 3931 3395 3970 ne
3421 3914 3717 3972 videretur
3743 3917 3835 3972 de-

2193 4008 2428 4080 signare
2450 4004 2956 4061 immortalitatem
2978 4004 3040 4060 in
3059 4004 3374 4061 Filio.Cum
3401 4005 3561 4076 dicit,
3586 4003 3730 4061 mihi
3752 4009 3836 4061 est

2190 4102 2406 4164 tecum,
2423 4099 2588 4151 notat
2612 4092 3009 4150 diversitatem
3031 4094 3470 4164 personm.Cum
3495 4092 3656 4160 dicit,
3682 4093 3834 4166 prin-

2191 4186 2412 4259 cipium
2451 4199 2682 4250 sumus,
2714 4185 2882 4236 notat
2925 4181 3380 4236 coaeternitatem
3415 4199 3429 4237 :
3460 4186 3518 4238 et
3547 4183 3701 4253 quod
3733 4199 3834 4255 ego

2191 4292 2324 4332 sum
2356 4273 2714 4346 principium
2746 4276 2964 4338 tecum,
2989 4270 3292 4344 apparebit
3330 4270 3390 4326 in
3427 4270 3541 4340 die,
3575 4269 3633 4326 id
3663 4277 3751 4326 est
3778 4271 3830 4326 in

2191 4363 2516 4420 mternitate
2561 4359 2944 4418 beatitudinis
2977 4374 2989 4415 :
3024 4359 3165 4432 quia
3197 4359 3414 4416 dicitur
3441 4358 3586 4430 dies,
3607 4365 3833 4434 propter

2192 4453 2566 4526 splendorem
2594 4467 2741 4507 verae
2772 4449 3128 4522 cognitionis
3153 4465 3165 4506 :
3191 4449 3286 4505 die
3305 4448 3432 4504 dico
3451 4449 3684 4505 virtutis
3707 4455 3830 4517 tua,

2192 4545 2249 4600 id
2283 4547 2372 4598 est
2395 4543 2455 4597 in
2485 4557 2602 4614 qua
2631 4539 2936 4612 apparebit
2954 4539 3142 4596 virtus
3168 4543 3288 4608 tua,
3309 4555 3428 4612 qua
3445 4542 3578 4595 tuos
3607 4553 3831 4594 corona-

2191 4633 2303 4698 bis,
2338 4629 2527 4687 malos
2571 4629 2906 4696 damnabis,
2939 4631 3048 4684 etc.
3079 4649 3106 4680 α
3135 4628 3199 4684 In
3249 4629 3340 4683 die
3387 4627 3618 4683 virtutis
3663 4633 3772 4683 tua:
3799 4647 3823 4679 ι

2106 4735 2155 4799 1)
2188 4724 2337 4789 dico,
2356 4719 2600 4787 scilicet,
2623 4719 2682 4772 in
2705 4717 3122 4792 splendoribus
3143 4723 3502 4786 sanctorum,
3521 4717 3579 4772 id
3601 4721 3692 4773 est
3709 4735 3830 4772 san-

2189 4813 2266 4869 cti
2300 4810 2402 4884 qui
2431 4809 2491 4864 in
2545 4808 2653 4864 hac
2683 4807 2803 4863 vita
2849 4811 2990 4864 sunt
3022 4807 3271 4880 pannosi
3309 4811 3367 4862 et
3401 4805 3636 4878 hispidi,
3667 4810 3830 4861 erunt

2188 4897 2555 4958 immortales
2585 4902 2642 4953 et
2673 4896 3072 4970 impassibiles
3093 4896 3263 4952 facti:
3291 4900 3350 4952 et
3375 4899 3514 4951 tunc
3542 4894 3651 4950 erit
3669 4911 3826 4950 verus

2190 4991 2487 5064 splendor,
2521 4987 2661 5060 quia
2690 4991 2832 5042 tunc
2875 4985 3202 5059 intelligent
3241 4985 3530 5058 quomodo
3569 4983 3745 5040 Filius
3772 4984 3823 5038 in

2191 5083 2382 5149 Patre,
2401 5084 2459 5134 et
2489 5079 2658 5134 Pater
2677 5077 2736 5131 in
2762 5075 2904 5132 Filio
2927 5093 2940 5132 :
2968 5077 3124 5132 unde
3153 5075 3464 5150 Apostolus
3488 5073 3823 5130 :uVidemus

2194 5187 2349 5226 nunc
2397 5185 2501 5241 per
2545 5164 2852 5239 speculum
2885 5170 2940 5222 et
2972 5167 3030 5220 in
3076 5167 3384 5239 aenigmate
3413 5165 3462 5235 (Ι
3479 5165 3599 5220 Cor.
3637 5167 3773 5232 xm),
3794 5182 3816 5213 I

2193 5265 2302 5316 etc.
2329 5259 2467 5315 Dico
2494 5257 2636 5312 mihi
2671 5260 2760 5312 est
2790 5255 3144 5328 principium
3179 5261 3392 5328 tecum,
3413 5259 3470 5310 et
3488 5271 3592 5328 ego
3621 5277 3647 5308 ιι
3665 5252 3822 5326 genui

2191 5355 2248 5406 te
2277 5367 2346 5406 ex
2378 5353 2564 5416 utero,
2584 5366 2610 5398 η
2641 5344 2862 5400 scilicet
2891 5363 2960 5401 ex
2991 5346 3200 5401 intima
3238 5351 3295 5400 et
3330 5349 3554 5402 secreta
3589 5345 3824 5400 essentia

2193 5457 2326 5496 mea
2355 5435 2634 5494 inetfabili
2665 5432 2956 5507 genitura,
2991 5451 3168 5506 quam
3199 5434 3392 5508 angeli
3421 5451 3652 5506 quoque
3682 5434 3823 5506 igno-

2193 5548 2320 5586 rare
2351 5529 2708 5584 creduntur:
2733 5527 2790 5578 et
2819 5523 2927 5578 hoc
2972 5542 3086 5580 non
3119 5524 3178 5580 in
3211 5530 3493 5598 tempore,
3515 5523 3616 5579 sed
3655 5545 3680 5577 α
3704 5527 3822 5577 ante

2192 5619 2526 5684 luciferum,
2551 5635 2577 5668 ι
2611 5613 2668 5668 id
2701 5615 2790 5668 est
2821 5629 2998 5685 quam
3048 5614 3219 5672 stella
3266 5613 3368 5670 illa
3415 5616 3706 5670 crearetur
3734 5629 3746 5668 :
3775 5615 3824 5667 et

2192 5727 2295 5782 per
2325 5707 2476 5764 h‘anc
2508 5711 2731 5779 partem
2775 5720 3010 5760 omnem
3063 5707 3388 5761 creaturam
3433 5701 3821 5776 intelligimus.

2190 5799 2288 5860 Vel
2313 5815 2418 5874 per
2439 5796 2749 5858 luciferum
2772 5795 3158 5876 intelligimus
3178 5791 3618 5872 diabolum,qu
3638 5790 3826 5851 cecidit
