3942 6382
366 466 482 529 583

369 616 598 656 maneas
645 600 797 654 hanc
843 614 1037 653 escam
1089 599 1520 671 prmﬁgurantis
1550 598 1744 667 (Exod.
1796 599 1933 665 XVI),
1967 612 2025 651 e-
2056 596 2112 662 Α

368 688 617 746 aliorum
649 687 745 743 Dei
776 688 1191 743 beneﬁciorum
1226 687 1521 744 similiter.

439 777 510 831 Et
540 775 691 829 hanc
721 792 917 830 escam
949 776 1166 841 dando,
1201 800 1229 825 ‹‹
1262 793 1490 831 memor
1514 776 1682 843 erit,»
1715 776 1771 830 id
1802 778 1891 829 est
1913 790 2027 829 me-

370 879 592 918 morem
626 879 688 917 se
717 864 990 918 ostendet
1018 888 1045 911 ‹‹
1081 864 1442 919 Testamenti
1473 864 1587 936 sui,
1616 886 1644 914 »
1678 864 1735 917 id
1777 868 1866 918 est
1894 880 2023 935 pro-

368 950 671 1006 missionis
699 950 944 1006 Abrahae
997 952 1158 1007 facta}
1203 952 1355 1025 (Gen.
1412 953 1547 1024 xxu)
1600 968 1612 1006 :
1662 950 2025 1007 ’l‘estamenti

368 1041 497 1096 dico
526 1040 797 1095 durantis
827 1066 851 1090 α
879 1041 938 1096 in
971 1042 1427 1099 sreculum.»Per
1456 1042 1615 1097 illam
1650 1041 1807 1096 enim
1829 1058 2024 1095 escam

368 1129 665 1202 accipiunt
698 1130 802 1184 ﬁlii
833 1132 1078 1187 Abrahae
1111 1136 1389 1187 aeternam
1437 1130 1925 1201 benedictionem,
1965 1131 2024 1184 in

365 1236 481 1290 quo
535 1220 889 1275 determinat
937 1221 1092 1291 quod
1126 1220 1227 1275 illa
1257 1238 1392 1276 esca
1422 1221 1501 1276 sit
1531 1220 1698 1275 cibus
1744 1218 2026 1274 Dominici

366 1308 649 1381 corporis,
680 1309 822 1380 quia
849 1308 964 1364 alia
991 1326 1126 1364 esca
1168 1326 1285 1363 non
1336 1310 1502 1364 daret
1538 1309 1716 1364 vitam
1749 1312 2025 1363 mternam

364 1397 610 1452 Abrahm
641 1398 996 1470 promissam
1025 1414 1038 1452 :
1063 1397 1553 1465 et«virtutem,»id
1585 1401 1675 1453 est
1703 1396 2026 1452 efﬁcaciam

367 1490 425 1540 ct
453 1485 906 1558 complctionem
935 1504 1225 1542 «suorum
1257 1504 1525 1559 operum,
1554 1487 1643 1541 »id
1677 1490 1766 1542 est
1795 1485 2029 1540 mirabi-

367 1572 514 1629 lium
544 1575 812 1647 patribus
842 1575 903 1630 in
934 1576 1123 1648 ﬁgura
1151 1580 1579 1644 ostensorum,«
1606 1575 2025 1631 annuntiabit»

370 1681 475 1737 per
506 1664 914 1737 prmdieatores
948 1686 978 1715 «
1011 1665 1225 1738 populo
1257 1682 1363 1721 suo
1395 1687 1421 1715 ››
1459 1664 1557 1737 qui
1590 1664 2031 1720 annuntiabunt

367 1753 755 1825 Christum,et
786 1755 962 1809 ﬁnem
990 1753 1139 1826 legis
1167 1770 1319 1822 esse,
1346 1757 1403 1808 et
1432 1753 1878 1825 completionem
1902 1770 2026 1808 om-

369 1841 533 1898 nium
566 1842 999 1915 promissorum
1035 1843 1153 1898 Dei.

438 1932 523 1987 Ad
557 1932 667 1987 hoc
695 1931 1133 1999 annuntiabit,«
1156 1936 1222 1988 ut
1253 1933 1352 1987 det
1382 1930 1500 1987 illis
1539 1954 1565 1980 ››
1599 1933 2026 1988 annuntiatori-

368 2021 481 2077 bus
514 2044 537 2072 α
570 2021 970 2078 haereditatem
1001 2020 1389 2094 gentium,»id
1422 2025 1513 2078 est
1540 2026 1743 2093 gentes
1770 2020 1829 2076 in
1852 2022 2025 2077 hzere‘

368 2110 791 2178 ditatem,sicut
817 2111 1023 2166 Petrus
1043 2115 1100 2166 et
1129 2110 1345 2187 Paulus
1369 2111 1705 2167 habuerunt
1730 2111 2032 2166 haeredita-

368 2203 487 2253 tem
518 2204 577 2253 et
607 2199 1041 2271 possessionem
1076 2200 1132 2254 in
1168 2199 1600 2271 gentibus.Alia
1633 2199 2028 2255 matcrialau—

369 2287 462 2342 dis
491 2304 503 2342 :
537 2292 595 2341 et
623 2288 800 2343 etiam
833 2312 859 2339 ‹‹
896 2305 1075 2360 opera
1106 2305 1395 2343 manuum
1426 2289 1576 2358 ejus,
1612 2311 1639 2339 »
1673 2290 1729 2343 id
1764 2294 1853 2344 est
1881 2289 2028 2343 divi-

370 2376 595 2441 nitatis,
627 2381 767 2431 sunt
795 2399 817 2427 α
855 2376 1066 2431 veritas
1096 2381 1153 2431 et
1172 2376 1491 2449 judicium.
1530 2398 1559 2427 »
1591 2377 2031 2447 Veritas,quana

368 2469 497 2520 tum
546 2466 618 2520 ad
670 2465 877 2535 bonos,
930 2465 1144 2537 quibus
1190 2464 1560 2538 complentur
1607 2467 2028 2537 promissiones

371 2554 469 2609 Dei
504 2571 515 2609 :
550 2559 608 2609 et
630 2554 947 2625 judicium,
985 2560 1276 2627 quantum
1307 2556 1378 2610 ad
1413 2555 1543 2610 illos
1574 2560 1715 2611 sunt
1744 2574 1919 2627 opera
1959 2555 2026 2609 il-

373 2644 449 2713 la,
483 2661 632 2721 quos
664 2661 772 2699 suo
796 2645 960 2715 justo
983 2644 1208 2715 judicio
1239 2645 1485 2699 damnat
1517 2651 1685 2701 Deus.

440 2733 568 2787 Alia
601 2734 846 2789 materia
877 2734 1231 2789 laudiszhoc
1262 2735 1437 2788 etiam
1471 2735 1717 2789 materia
1745 2735 2023 2789 laudandi

374 2822 485 2877 erit
516 2822 684 2889 mihi,
719 2823 860 2894 quia
891 2847 917 2872 ‹‹
945 2823 1145 2878 omnia
1175 2824 1456 2878 mandata
1475 2824 1605 2893 ejus
1639 2846 1665 2871 ››
1700 2827 1868 2877 suntu
1894 2824 2030 2879 lide-

371 2911 505 2973 lia.»
541 2912 598 2967 id
632 2916 723 2967 est
752 2911 1055 2967 credibilia
1088 2929 1100 2967 :
1136 2911 1354 2983 quibus
1385 2913 1741 2967 credendum
1774 2913 2030 2984 est,quia

371 3000 670 3074 complent
686 3002 840 3073 quod
868 3001 1221 3074 promittunt
1244 3002 1645 3057 :uconﬁrmata
1663 3001 1723 3057 in
1745 3001 2027 3057 szrculum

372 3090 784 3162 sarculi,»quia
804 3108 920 3146 non
953 3095 1144 3163 potest
1173 3091 1442 3163 impediri
1473 3091 1847 3162 aliquatenus
1871 3093 2026 3163 quod

374 3179 728 3251 promittunt
748 3181 891 3251 quin
926 3181 1049 3247 ﬁat,
1081 3184 1140 3235 et
1166 3180 1262 3235 hic
1284 3184 1340 3235 et
1368 3181 1430 3235 in
1460 3180 1849 3252 futuro.Vel,«
1885 3199 2028 3236 con-

375 3270 609 3324 ﬁrmata
637 3268 697 3324 in
729 3269 1010 3324 saeculum
1044 3269 1365 3337 smculi,>»id
1395 3275 1485 3325 est
1515 3288 1630 3326 non
1664 3271 2028 3342 perﬁcientia

373 3359 434 3414 in
467 3356 679 3413 saeculo
706 3357 818 3412 hoc
849 3358 1002 3429 quod
1036 3358 1515 3431 promittunt,scd
1548 3359 1605 3414 in
1640 3339 1835 3415 futuro
1860 3377 1872 3414 :
1897 3360 2027 3433 ipsa
2056 3339 2099 3408 (ἶ

375 3447 657 3503 mandata
689 3446 818 3501 dico
851 3470 877 3495 u
915 3446 1067 3501 facta
1096 3447 1153 3500 in
1184 3447 1427 3503 veritate
1455 3467 1483 3499 ι)
1532 3448 1589 3503 in
1640 3448 2028 3521 completione

376 3534 900 3607 promissionum,«
937 3538 994 3589 et
1024 3535 1295 3607 aequitate
1325 3558 1353 3587 »
1387 3535 1528 3608 quia
1558 3536 1703 3592 nihil
1737 3538 2030 3595 invenitur

374 3624 432 3679 in
465 3624 550 3680 eis
580 3623 873 3696 iniquum.
1275 3690 1286 3703 ~

448 3734 477 3765 ι(
511 3712 1015 3785 Redemptionem.
1040 3736 1062 3763 ιι
1101 3713 1240 3769 Pars
1272 3714 1464 3769 tertia.
1491 3714 1620 3770 Alia
1646 3716 2031 3773 matcrialau-

374 3802 866 3859 dis.Continuatio
886 3819 899 3857 :
921 3808 1228 3875 propterea
1257 3804 1434 3859 etiam
1470 3806 1791 3860 conﬁtebor
1810 3807 2029 3878 ei,quia

372 3892 498 3964 ipse
530 3914 558 3944 «
590 3891 754 3946 misit
785 3891 1248 3965 redemptionem
1283 3891 1496 3965 populo
1519 3911 1646 3962 suo,
1671 3917 1699 3945 »
1738 3896 1792 3950 id
1816 3901 1905 3951 est
1926 3914 2027 3968 p0-

372 3981 579 4053 pulum
612 3998 789 4036 suum
822 3982 893 4036 de
915 3982 1194 4037 servitute
1215 3982 1432 4037 diaboli
1455 3982 2031 4041 liberavitzetuman-

370 4070 534 4125 davit
565 4092 593 4120 ››
630 4068 895 4137 etiam,id
916 4073 1005 4126 est
1035 4071 1172 4125 fecit
1201 4072 1539 4127 annuntiari
1563 4090 1665 4145 per
1690 4074 2027 4146 praedicato-

373 4175 466 4214 res
496 4175 599 4230 per
624 4158 916 4214 mundum
949 4182 975 4208 ‹‹
1011 4160 1479 4229 Testamentum,
1504 4161 1729 4217 scilicet
1757 4168 2028 4219 sanctum

371 4246 774 4319 Evangelium,
799 4246 1149 4303 duraturum
1183 4272 1209 4298 «
1244 4249 1299 4303 in
1332 4254 1677 4317 aeternum,»
1711 4253 1850 4323 quia
1870 4258 2031 4310 ister-

372 4352 480 4392 nos
510 4335 685 4390 faciet
706 4337 927 4407 justos.

440 4424 570 4481 Alia
597 4423 787 4480 laus.«
812 4425 1035 4481 Nomen
1070 4447 1099 4477 »
1131 4424 1478 4500 etiamaejus
1509 4433 1837 4498 sanctum,»
1858 4431 1917 4487 id
1940 4437 2031 4489 est

370 4513 539 4570 dulce
568 4518 628 4569 et
656 4515 876 4569 bonum
900 4514 1422 4586 gustantibus,non
1450 4516 1587 4589 quia
1609 4519 2026 4591 profertur,sed

368 4603 509 4675 quia
540 4603 818 4670 creditur,
845 4608 905 4660 et
933 4604 1240 4660 credentes
1292 4604 1483 4662 salvos
1520 4606 1656 4661 facit
1686 4610 1743 4662 et
1771 4614 2028 4682 sanctos,

787 469 1196 529 llAYMONlS
1230 467 1781 528 HALBERSTAT.
1816 464 2061 525 EPISC.
2096 464 2267 523 OPP.
2302 464 2504 523 PARS
2535 464 2583 523 Ι.
2617 497 2693 506 -—
2726 463 3134 524 COMMENT.
3170 463 3365 523 BlBL.

3671 453 3787 521 5'84

2643 596 2715 650 IN
2758 594 3104 650 PSALMUM
3145 583 3280 651 CXI.

2135 687 2390 742 Trrueus
2430 702 2445 741 :
2482 686 2737 752 Alleluia,
2780 686 3109 741 reversionis
3159 685 3345 756 Aggzm'
3390 692 3443 741 et
3484 684 3787 741 Zacharize.

2212 798 2240 825 «
2278 775 2489 830 Beatus
2538 774 2643 829 vir.
2694 796 2722 825 n
2773 775 2968 845 Longe
3020 777 3151 846 post
3199 778 3432 846 tempus
3474 774 3786 847 propheta,

2137 863 2409 935 captivati
2436 867 2577 918 sunt
2596 863 2780 919 Judzei
2795 862 2853 917 in
2870 862 3539 935 Babyloniam.Cumquc
3552 863 3789 935 quidam

2137 970 2237 1007 rex
2268 957 2463 1007 motus
2495 953 2730 1025 pietate,
2763 953 3072 1007 attendens
3103 952 3385 1024 populum
3418 952 3517 1007 Dei
3547 969 3693 1019 esse,
3721 950 3792 1005 li-

2136 1041 2400 1096 berasset
2430 1041 2835 1113 eos,przecepit
2865 1045 2931 1095 ut
2961 1041 3219 1096 redirent
3252 1042 3311 1096 in
3344 1044 3557 1096 terram
3598 1057 3791 1108 suam,

2136 1134 2194 1184 et
2216 1130 2500 1201 templum
2522 1130 2621 1186 Dei
2643 1130 3062 1185 retediﬁcarent
3086 1146 3098 1184 :
3126 1129 3186 1183 in
3204 1147 3322 1201 qua
3343 1130 3663 1185 reversione
3686 1146 3795 1185 sua

2134 1221 2382 1291 Aggzeus
2412 1223 2471 1273 et
2499 1218 2909 1291 Zacharia,qui
2942 1235 3070 1273 eam
3105 1218 3495 1274 reversionem
3510 1219 3633 1290 jam
3658 1236 3795 1290 pro-

2135 1307 2538 1378 phetaverant,
2571 1324 2705 1361 cum
2760 1307 3047 1362 vidissent
3097 1306 3383 1380 templum
3433 1307 3790 1376 recedilicari,

2135 1396 2460 1467 gaudentes
2491 1395 2562 1451 dc
2594 1394 2703 1450 hoc
2731 1400 2789 1449 et
2819 1396 2891 1451 de
2926 1414 3035 1451 sua
3064 1397 3413 1464 reversione,
3447 1396 3647 1452 laudes
3678 1396 3794 1451 Deo

2137 1484 2593 1539 decantaverunt
2624 1501 2637 1539 :
2672 1488 2731 1538 et
2763 1485 3089 1539 secundum
3122 1484 3273 1540 hanc
3299 1485 3606 1541 historiam
3636 1485 3796 1539 vide-

2136 1578 2234 1629 tur
2262 1574 2476 1628 Esdras
2510 1572 2796 1645 propheta
2842 1573 3002 1628 hunc
3054 1573 3350 1646 psalmum
3399 1574 3731 1630 intitulasse
3778 1592 3794 1630 :

2137 1680 2253 1718 non
2282 1666 2479 1718 tamen
2512 1663 2669 1734 quod
2702 1663 2772 1717 de
2802 1661 3049 1717 historia
3080 1661 3451 1735 intelligeret,
3487 1664 3589 1719 sed
3640 1664 3794 1735 quod

2136 1751 2262 1824 ipse
2295 1752 2515 1806 Esdras
2542 1750 2811 1823 cognovit
2839 1750 3185 1822 prophetam
3228 1750 3588 1807 intellexisse
3619 1752 3799 1807 David

2137 1840 2195 1895 in
2230 1840 2339 1896 hoc
2370 1840 2618 1912 psalmo,
2652 1856 3064 1911 quemcunque
3094 1841 3331 1895 beatum
3361 1840 3553 1895 virum
3587 1840 3792 1896 lauda-

2140 1947 2200 1985 re
2231 1930 2438 1995 Deum,
2463 1930 2534 1983 de
2564 1928 2673 1983 hoc
2705 1929 2859 2000 quod
2894 1927 3050 1984 Deus
3084 1928 3315 1983 reduxit
3343 1946 3479 1984 eum
3509 1930 3581 1985 de
3611 1930 3798 2002 Baby-

2138 2018 2316 2085 lonia,
2350 2017 2408 2072 id
2440 2021 2529 2073 est
2555 2018 2627 2072 de
2657 2014 3024 2072 confessione
3052 2017 3692 2088 peccatorum.'l‘itulus
3715 2020 3798 2075 ita

2138 2107 2355 2181 legitur
2387 2124 2400 2163 :
2430 2105 2702 2162 Psalmus
2732 2105 2843 2161 iste
2871 2111 2963 2161 cst
2993 2104 3248 2173 alleluia,
3282 2106 3342 2162 id
3374 2111 3465 2163 est
3510 2106 3639 2163 laus
3670 2108 3793 2177 Dei,

2135 2198 2267 2253 laus
2297 2197 2425 2252 dico
2457 2194 2889 2263 reversionis,id
2913 2200 3002 2250 est
3023 2194 3227 2251 habita
3249 2195 3308 2250 in
3331 2196 3795 2254 consideratione

2137 2286 2487 2343 reversionis
2537 2290 2752 2341 nostra:
2803 2286 2876 2340 de
2925 2284 3245 2356 Babylonia
3293 2290 3660 2360 peccatorum
3719 2288 3792 2343 ad

2137 2375 2431 2431 emlestcm
2468 2374 2833 2430 Hierusalem
2869 2391 2882 2429 :
2920 2397 2948 2424 «
2982 2373 3329 2429 reversionis
3376 2397 3405 2424 »
3452 2374 3579 2432 dico
3612 2400 3641 2425 ‹‹
3673 2381 3795 2449 Ag»

2135 2466 2241 2538 gaei
2290 2470 2347 2520 et
2394 2464 2705 2530 Zachariae,
2743 2486 2769 2513 ››
2800 2463 2861 2518 id
2892 2467 2983 2520 est
3028 2464 3295 2519 omnium
3336 2465 3658 2536 justorum,
3691 2466 3791 2538 qui

2136 2572 2241 2626 per
2274 2558 2499 2627 partem
2533 2553 2627 2609 hic
2660 2553 3094 2626 signiﬁcantur.
3129 2554 3463 2610 Secundum
3513 2555 3793 2627 interpre-

2135 2645 2417 2699 tationem
2449 2644 2626 2698 etiam
2660 2642 2967 2699 nominum
3015 2642 3226 2699 horum
3268 2644 3417 2715 justi
3466 2644 3610 2699 bene
3658 2662 3792 2717 pos-

2136 2739 2279 2788 sunt
2309 2733 2557 2804 intelligi
2595 2750 2608 2787 :
2641 2734 2892 2805 Aggzeus
2948 2750 3203 2803 namque
3252 2738 3569 2789 montanus
3619 2734 3791 2789 inter-

2106 2827 2420 2895 ,pretatur,
2452 2839 2557 2894 per
2587 2838 2763 2895 quem
2798 2821 3006 2877 merito
3043 2822 3193 2893 justi
3227 2822 3656 2895 intelliguntur,
3688 2823 3788 2895 qui

2138 2916 2278 2968 sunt
2308 2914 2557 2977 montes,
2604 2911 2660 2965 id
2712 2915 2801 2965 est
2851 2909 2953 2966 alti
3005 2910 3063 2965 in
3113 2910 3451 2967 virtutibus.
3482 2910 3789 2968 Zacharias

2135 3017 2268 3057 vero
2291 3000 2572 3056 solemnis
2603 3000 3042 3071 interpretatur,
3076 3017 3180 3072 per
3208 3018 3382 3073 quem
3415 3001 3560 3058 bene
3589 3000 3789 3058 ﬁdeles

2136 3089 2565 3162 intelliguntur.
2600 3088 2843 3144 Materia
2873 3093 2981 3156 est,
3008 3089 3107 3144 ubi
3130 3090 3338 3146 beatus
3369 3091 3440 3147 de
3472 3089 3788 3163 Babylonia

2138 3196 2426 3250 reversus,
2460 3179 2646 3235 Deum
2677 3178 2929 3234 laudans
2981 3194 3083 3250 pro
3132 3179 3479 3236 reversione.
3528 3180 3781 3237 Modus:

2138 3271 2204 3324 In
2236 3268 2427 3340 prima
2455 3272 2618 3340 parte
2649 3268 2906 3323 ostendit
2943 3267 3084 3340 quid
3131 3268 3308 3325 faciat
3342 3268 3430 3323 vir
3458 3269 3681 3335 beatus,
3732 3273 3790 3326 et

2138 3357 2280 3430 quid
2312 3356 2423 3413 sibi
2454 3359 2556 3412 ﬁat
2584 3374 2619 3412 a
2649 3356 2919 3412 Domino.
2952 3357 3015 3412 In
3049 3357 3328 3424 secunda,
3362 3374 3489 3429 quae
3521 3357 3725 3431 incipit
3771 3372 3786 3414 :

2116 3468 2164 3525 ἰ
2200 3448 2478 3503 Exortum
2509 3449 2599 3502 est
2627 3444 2687 3500 in
2739 3445 3020 3511 tenebris,
3055 3468 3084 3495 »
3117 3447 3375 3503 ostendit
3418 3464 3525 3520 per
3570 3449 3789 3504 adven-

2136 3541 2263 3593 tum
2294 3535 2531 3602 Christi,
2565 3535 2625 3590 in
2655 3552 2771 3608 quo
2801 3534 3072 3591 homines
3104 3535 3536 3606 illuminantur,
3567 3537 3789 3611 accipe-

2139 3643 2199 3682 re
2230 3641 2595 3697 quaecunque
2626 3623 2845 3679 habent
2876 3625 3031 3680 dona
3057 3625 3278 3698 gratiae.
3326 3625 3389 3681 In
3438 3626 3627 3693 tertia,
3660 3644 3788 3699 qua:

2138 3721 2227 3769 est
2259 3731 2272 3769 :
2312 3735 2340 3763 α
2372 3713 2645 3769 Peccator
2672 3712 2913 3779 videbit,
2950 3735 2979 3763 ››
3010 3714 3267 3770 ostendit
3296 3714 3469 3771 malis
3500 3715 3788 3771 contrarie

2138 3802 2384 3867 evenire,
2418 3818 2597 3872 quam
2637 3800 2755 3856 illis
2787 3801 2887 3873 qui
2920 3819 3024 3874 per
3054 3804 3368 3859 adventum
3415 3803 3628 3860 Christi
3658 3804 3784 3861 fue-

2139 3896 2278 3947 runt
2308 3890 2648 3946 illuminati.
2682 3890 2933 3947 Intentio
2965 3896 3055 3948 est
3085 3894 3434 3965 persuadere
3465 3894 3648 3949 Deum
3691 3912 3791 3950 ne-

2139 3981 2230 4036 bis
2260 3979 2647 4046 laudandum,
2681 3979 2781 4051 qui
2812 3980 2896 4036 ita
2925 3981 3152 4038 reducit
3175 3981 3377 4038 ﬁdeles
3406 3999 3545 4039 suos
3576 3984 3645 4040 de
3676 3985 3782 4040 Ba-

2139 4070 2370 4145 bylonis
2392 4072 2788 4142 peccatorum.

2208 4160 2332 4216 Vox
2362 4158 2771 4232 prophetae,vel
2805 4158 3056 4231 alicujus
3079 4159 3233 4216 beati
3260 4160 3480 4231 viri,sic
3501 4162 3780 4219 dicentis:

2140 4274 2167 4299 ‹‹
2199 4248 2304 4304 Vir
2335 4271 2364 4298 »
2394 4247 2492 4303 ille
2526 4268 2553 4300 α
2575 4248 2783 4303 beatus
2814 4269 2842 4298 »
2876 4251 2984 4316 est,
3006 4248 3106 4321 qui
3137 4266 3254 4305 non
3285 4267 3388 4322 per
3417 4250 3580 4307 devia
3609 4251 3785 4324 hujus

2140 4338 2348 4394 mundi
2379 4336 2589 4410 quaerit
2620 4336 3068 4405 beatitudinem,
3101 4338 3203 4395 sed
3234 4338 3342 4395 hac
3373 4339 3530 4395 brevi
3551 4345 3609 4397 et
3637 4357 3786 4397 com-

2139 4427 2424 4501 pendiosa
2453 4425 2566 4492 via,
2602 4425 2826 4482 scilicet
2855 4448 2882 4476 «
2920 4426 3021 4498 qui
3053 4427 3223 4483 timet
3250 4428 3564 4484 Dominum
3596 4452 3620 4482 ι
3654 4446 3785 4486 vero

2141 4518 2369 4574 timore.
2404 4516 2474 4571 Et
2504 4532 2686 4587 quare
2716 4515 2845 4571 ideo
2878 4516 2980 4589 qui
3011 4518 3178 4573 timet
3222 4522 3313 4574 est
3362 4518 3605 4576 beatus?
3643 4518 3787 4585 Quia

2139 4607 2237 4662 ille
2269 4606 2485 4662 timens
2517 4630 2544 4656 «
2580 4605 2732 4662 volet
2759 4605 2821 4660 in
2855 4607 3153 4663 mandatis
3173 4609 3321 4679 ejus,
3340 4630 3367 4657 ››
3384 4607 3443 4663 id
3473 4612 3561 4665 est
3589 4607 3787 4664 volun-

373 4714 395 4743 ι
431 4692 899 4782 terribile-malis
932 4700 1201 4766 respectu
1235 4694 1418 4749 futuri
1433 4695 1667 4766 judicii.
1698 4697 1827 4753 Alia
1858 4697 2026 4757 laus:
2061 4717 2109 4782 D
2141 4701 2321 4752 tatem
2352 4694 2593 4751 habebit
2623 4694 2908 4768 implendi
2938 4700 3226 4770 praecepta
3253 4697 3381 4768 ejus
3415 4713 3428 4752 :
3462 4701 3518 4753 et
3545 4697 3784 4753 hoccni-

366 4783 437 4838 Et
468 4805 495 4831 ‹‹
530 4780 709 4837 timor
741 4804 762 4831 ιο
801 4781 961 4838 illius
994 4805 1022 4834 »
1062 4782 1318 4852 Domini,
1352 4807 1380 4835 »
1415 4785 1557 4856 quia
1585 4803 1721 4841 cum
1753 4787 2030 4845 timemus

367 4873 635 4927 futurum
657 4870 943 4943 judicem,
995 4877 1052 4929 et
1096 4873 1530 4929 vindicaturum
1581 4876 1652 4931 de
1701 4876 1894 4947 malis,
1941 4882 2031 4934 est

366 4983 395 5010 ‹‹
431 4960 665 5015 initium
702 4983 730 5009 »
762 4977 909 5016 vera:
947 4985 966 5010 α
1006 4961 1325 5034 εαρίθηῐὶω,
1359 4983 1387 5015 η
1425 4963 1563 5035 quia
1607 4964 1716 5020 hoc
1762 4966 1917 5022 mala
1944 4968 2027 5023 vi-

366 5053 563 5105 tamus
594 5054 652 5104 et
684 5050 839 5106 bona
871 5050 1143 5106 facimus.

437 5139 506 5193 Et
532 5161 558 5187 ‹‹
592 5138 957 5194 intellectus»
977 5140 1135 5195 illius
1164 5140 1490 5208 timoris,id
1523 5146 1614 5197 est
1645 5141 1694 5197 si
1725 5144 1859 5214 quis
1882 5145 2028 5201 bene

366 5225 642 5299 intelligit
672 5228 811 5299 quid
845 5228 956 5283 sibi
990 5229 1067 5283 sit
1098 5229 1452 5297 faciendum,
1488 5234 1579 5284 est
1611 5253 1639 5280 «
1670 5231 1881 5297 bonus,
1910 5256 1936 5281 »
1969 5232 2026 5288 id

365 5319 455 5368 est
484 5314 648 5370 utilis
680 5333 693 5371 :
727 5320 784 5370 et
815 5316 923 5371 hoc
950 5335 1065 5372 non
1098 5317 1565 5389 intelligentibus
1595 5322 2027 5387 tantum,scili-

365 5406 455 5456 cet
484 5402 610 5457 sine
640 5405 1224 5471 actu,sed«omnibus
1248 5406 1597 5462 facientibus
1628 5410 2028 5466 cum-intelle-

366 5494 547 5559 ctum,
582 5494 639 5546 id
672 5498 761 5548 est
790 5511 859 5548 ea
887 5494 1320 5567 complentibus
1361 5514 1486 5567 quae
1538 5497 1717 5569 exigit
1766 5499 2025 5555 intellec-

368 5583 485 5633 tus.
513 5579 637 5648 Vel,
671 5604 700 5629 ‹‹
737 5580 1086 5638 facientibus
1119 5600 1307 5649 eam,»
1341 5585 1396 5639 id
1427 5590 1517 5639 est
1547 5587 1897 5658 sapientiam
1934 5593 2028 5644 :et

372 5666 691 5722 «laudatio
721 5670 849 5738 ejus
882 5676 1079 5725 manet
1126 5671 1184 5725 in
1229 5672 1509 5729 saeculum
1566 5675 1783 5741 sreeuli,
1823 5699 1844 5728 ιν
1888 5677 2028 5747 quia

369 5756 426 5806 et
455 5752 548 5809 hic
577 5758 637 5810 et
664 5755 725 5809 in
754 5756 947 5814 futuro
979 5757 1340 5817 laudabitur.

2142 4786 2308 4852 mis,»
2344 4785 2404 4839 id
2439 4790 2528 4840 est
2555 4783 2746 4840 valde.
2782 4784 2915 4840 Ideo
2948 4802 3063 4840 non
3096 4785 3240 4841 dicit
3287 4786 3476 4853 faciet,
3506 4787 3605 4842 sed
3634 4810 3661 4836 «
3696 4804 3788 4842 vo-

2139 4875 2219 4930 let
2253 4892 2266 4930 :
2304 4898 2332 4923 ››
2366 4873 2507 4946 quia
2539 4873 2587 4928 si
2622 4872 2776 4929 bona
2805 4873 2883 4928 sit
2909 4873 3201 4943 voluntas,
3234 4879 3294 4931 et
3321 4874 3490 4931 detur
3518 4875 3783 4942 facultas,

2137 4981 2269 5020 vere
2300 4962 2577 5035 perﬁciet.
2616 4962 2675 5017 Si
2724 4966 2919 5018 autem
2970 4980 3086 5019 non
3134 4963 3211 5019 sit
3236 4963 3484 5021 facultas
3514 4964 3783 5032 faciendi,

2138 5052 2359 5109 sufﬁcit
2390 5053 2544 5108 bona
2572 5050 2863 5108 voluntas.

2210 5141 2457 5198 Ostensd
2488 5140 2631 5212 quid
2662 5142 2839 5197 faciat
2870 5140 3326 5207 beat'us,scilicet
3350 5166 3377 5193 ‹‹
3412 5142 3510 5216 qui
3541 5143 3709 5198 timet
3731 5148 3786 5199 et

2137 5230 2289 5287 volet
2320 5231 2377 5284 in
2412 5229 3031 5297 mandatis,»ostendit
3050 5231 3190 5303 quid
3224 5232 3325 5287 fiat
3352 5231 3436 5286 illi
3467 5232 3782 5303 beato,sic:

2138 5321 2271 5377 Ideo
2302 5319 2509 5374 beatus
2541 5318 2670 5385 erit,
2714 5319 2856 5388 quia
2886 5343 2913 5369 «
2951 5338 3150 5375 semen
3180 5322 3328 5392 ejus,
3363 5344 3390 5372 »
3420 5320 3478 5376 id
3509 5325 3598 5375 est
3637 5322 3789 5376 bona

2135 5426 2311 5481 opera
2340 5408 2550 5479 ipsius,
2585 5432 2611 5459 ‹‹
2648 5409 2757 5463 erit
2789 5413 3016 5480 potens,
3051 5434 3073 5462 ι
3113 5410 3168 5464 id
3201 5415 3289 5466 est
3317 5410 3489 5466 faciet
3515 5426 3649 5467 eum
3680 5429 3785 5483 po-

2136 5504 2357 5554 tentem
2389 5522 2415 5548 ‹‹
2452 5498 2510 5551 in
2542 5502 2696 5553 terra
2726 5521 2749 5549 ι
2800 5498 3143 5554 viventium.
3196 5500 3298 5555 Hic
3350 5500 3586 5571 quidem
3636 5500 3789 5555 bona

2134 5588 2391 5660 operatio
2425 5589 2592 5659 quasi
2628 5587 2922 5659 impotens
2944 5589 3198 5660 est,quia
3229 5588 3289 5644 in
3320 5590 3528 5645 timore
3559 5606 3790 5662 semper

2134 5694 2365 5741 sumus,
2407 5694 2479 5732 ne
2512 5693 2642 5731 eam
2695 5677 2971 5733 diabolus
3025 5678 3307 5750 impediat
3354 5678 3673 5735 timentes:
3708 5678 3790 5733 ibi

2136 5769 2331 5825 autem
2355 5782 2461 5823 nos
2484 5765 2648 5824 nulla
2678 5766 3152 5839 tentatio,nullus
3172 5767 3349 5827 timor
3378 5767 3595 5844 poterit
3610 5767 3790 5844 impe-
