  <div class='ocr_page' id='page_1' title='image "/cluster/home/n/w/nwhite01/storage/ocr_20150623/115-116/uc1.31175006916467/1034.png"; bbox 0 0 3942 6368; ppageno 0'>
   <div class='ocr_carea' id='block_1_1' title="bbox 170 420 291 480">
    <p class='ocr_par' dir='ltr' id='par_1_1' title="bbox 170 420 291 480">
     <span class='ocr_line' id='line_1_1' title="bbox 170 420 291 480; baseline 0.008 -1"><span class='ocrx_word' id='word_1_1' title='bbox 170 420 291 480; x_wconf 80' lang='grc'>585</span> 
     </span>
    </p>
   </div>
   <div class='ocr_carea' id='block_1_2' title="bbox 1363 424 2412 487">
    <p class='ocr_par' dir='ltr' id='par_1_2' title="bbox 1363 424 2412 487">
     <span class='ocr_line' id='line_1_2' title="bbox 1363 424 2412 487; baseline 0 -4"><span class='ocrx_word' id='word_1_2' title='bbox 1363 424 1859 485; x_wconf 79' lang='lat' dir='ltr'>EXPLANATIO</span> <span class='ocrx_word' id='word_1_3' title='bbox 1906 424 1981 483; x_wconf 88' lang='grc' dir='ltr'>ΙΝ</span> <span class='ocrx_word' id='word_1_4' title='bbox 2029 425 2412 487; x_wconf 72' lang='lat' dir='ltr'>I’SALMOS.</span> 
     </span>
    </p>
   </div>
   <div class='ocr_carea' id='block_1_3' title="bbox 3478 431 3595 490">
    <p class='ocr_par' dir='ltr' id='par_1_3' title="bbox 3478 431 3595 490">
     <span class='ocr_line' id='line_1_3' title="bbox 3478 431 3595 490; baseline -0.009 0"><span class='ocrx_word' id='word_1_5' title='bbox 3478 431 3595 490; x_wconf 76' lang='lat'>586</span> 
     </span>
    </p>
   </div>
   <div class='ocr_carea' id='block_1_4' title="bbox 166 552 3595 630">
    <p class='ocr_par' dir='ltr' id='par_1_4' title="bbox 166 552 3595 630">
     <span class='ocr_line' id='line_1_4' title="bbox 166 552 3595 630; baseline 0.003 -21"><span class='ocrx_word' id='word_1_6' title='bbox 166 552 459 609; x_wconf 76' lang='lat' dir='ltr'>dire.Ideo</span> <span class='ocrx_word' id='word_1_7' title='bbox 476 568 676 607; x_wconf 87' lang='lat' dir='ltr'>semen</span> <span class='ocrx_word' id='word_1_8' title='bbox 698 570 874 624; x_wconf 89' lang='lat' dir='ltr'>opera</span> <span class='ocrx_word' id='word_1_9' title='bbox 895 553 1496 625; x_wconf 86' lang='lat' dir='ltr'>dicimus,quia,sicut</span> <span class='ocrx_word' id='word_1_10' title='bbox 1517 574 1583 611; x_wconf 81' lang='lat' dir='ltr'>ex</span> <span class='ocrx_word' id='word_1_11' title='bbox 1605 555 1828 610; x_wconf 86' lang='lat' dir='ltr'>semine</span> <span class='ocrx_word' id='word_1_12' title='bbox 1858 555 1915 623; x_wconf 73' lang='grc' dir='ltr'><strong>Α</strong></span> <span class='ocrx_word' id='word_1_13' title='bbox 1945 555 2172 611; x_wconf 87' lang='lat' dir='ltr'>videtur</span> <span class='ocrx_word' id='word_1_14' title='bbox 2192 574 2319 612; x_wconf 85' lang='lat' dir='ltr'>esse</span> <span class='ocrx_word' id='word_1_15' title='bbox 2342 556 2657 613; x_wconf 88' lang='lat' dir='ltr'>derelictus</span> <span class='ocrx_word' id='word_1_16' title='bbox 2677 562 2733 612; x_wconf 88' lang='lat' dir='ltr'>et</span> <span class='ocrx_word' id='word_1_17' title='bbox 2753 558 3028 616; x_wconf 83' lang='lat' dir='ltr'>oblivioni</span> <span class='ocrx_word' id='word_1_18' title='bbox 3059 560 3330 630; x_wconf 79' lang='lat' dir='ltr'>traditus,</span> <span class='ocrx_word' id='word_1_19' title='bbox 3357 584 3384 613; x_wconf 78' lang='grc' dir='ltr'>α</span> <span class='ocrx_word' id='word_1_20' title='bbox 3406 562 3520 619; x_wconf 89' lang='lat' dir='ltr'>erit</span> <span class='ocrx_word' id='word_1_21' title='bbox 3537 563 3595 619; x_wconf 88' lang='lat' dir='ltr'>in</span> 
     </span>
    </p>
   </div>
   <div class='ocr_carea' id='block_1_5' title="bbox 168 638 1834 712">
    <p class='ocr_par' dir='ltr' id='par_1_5' title="bbox 168 638 1834 712">
     <span class='ocr_line' id='line_1_5' title="bbox 168 638 1834 712; baseline 0.002 -17"><span class='ocrx_word' id='word_1_22' title='bbox 168 640 431 695; x_wconf 81' lang='lat' dir='ltr'>fructum</span> <span class='ocrx_word' id='word_1_23' title='bbox 464 638 854 711; x_wconf 86' lang='lat' dir='ltr'>multiplicem</span> <span class='ocrx_word' id='word_1_24' title='bbox 887 646 1316 712; x_wconf 78' lang='lat' dir='ltr'>exspectamus,</span> <span class='ocrx_word' id='word_1_25' title='bbox 1342 643 1425 698; x_wconf 89' lang='lat' dir='ltr'>sic</span> <span class='ocrx_word' id='word_1_26' title='bbox 1447 644 1517 698; x_wconf 87' lang='lat' dir='ltr'>ad</span> <span class='ocrx_word' id='word_1_27' title='bbox 1542 644 1648 698; x_wconf 87' lang='lat' dir='ltr'>hoc</span> <span class='ocrx_word' id='word_1_28' title='bbox 1681 644 1834 699; x_wconf 87' lang='lat' dir='ltr'>bona</span> 
     </span>
    </p>
   </div>
   <div class='ocr_carea' id='block_1_6' title="bbox 162 728 1829 803">
    <p class='ocr_par' dir='ltr' id='par_1_6' title="bbox 162 728 1829 803">
     <span class='ocr_line' id='line_1_6' title="bbox 162 728 1829 803; baseline 0.001 -18"><span class='ocrx_word' id='word_1_29' title='bbox 162 744 349 800; x_wconf 81' lang='lat' dir='ltr'>Opera</span> <span class='ocrx_word' id='word_1_30' title='bbox 369 728 756 797; x_wconf 87' lang='lat' dir='ltr'>seminamus,</span> <span class='ocrx_word' id='word_1_31' title='bbox 781 734 847 784; x_wconf 92' lang='lat' dir='ltr'>ut</span> <span class='ocrx_word' id='word_1_32' title='bbox 876 747 944 785; x_wconf 73' lang='lat' dir='ltr'>ex</span> <span class='ocrx_word' id='word_1_33' title='bbox 965 730 1050 785; x_wconf 87' lang='lat' dir='ltr'>eis</span> <span class='ocrx_word' id='word_1_34' title='bbox 1074 731 1329 786; x_wconf 81' lang='lat' dir='ltr'>fructum</span> <span class='ocrx_word' id='word_1_35' title='bbox 1365 732 1747 803; x_wconf 85' lang='lat' dir='ltr'>multiplicem</span> <span class='ocrx_word' id='word_1_36' title='bbox 1774 733 1829 787; x_wconf 90' lang='lat' dir='ltr'>in</span> 
     </span>
    </p>
   </div>
   <div class='ocr_carea' id='block_1_7' title="bbox 160 815 1831 893">
    <p class='ocr_par' dir='ltr' id='par_1_7' title="bbox 160 815 1831 893">
     <span class='ocr_line' id='line_1_7' title="bbox 160 815 1831 893; baseline 0.002 -21"><span class='ocrx_word' id='word_1_37' title='bbox 160 817 392 873; x_wconf 74' lang='lat' dir='ltr'>.cmlesti</span> <span class='ocrx_word' id='word_1_38' title='bbox 421 815 792 890; x_wconf 90' lang='lat' dir='ltr'>colligamus.</span> <span class='ocrx_word' id='word_1_39' title='bbox 819 818 951 874; x_wconf 90' lang='lat' dir='ltr'>Ideo</span> <span class='ocrx_word' id='word_1_40' title='bbox 983 820 1162 874; x_wconf 89' lang='lat' dir='ltr'>etiam</span> <span class='ocrx_word' id='word_1_41' title='bbox 1195 820 1411 875; x_wconf 88' lang='lat' dir='ltr'>dicitur</span> <span class='ocrx_word' id='word_1_42' title='bbox 1442 822 1666 887; x_wconf 82' lang='lat' dir='ltr'>beatus,</span> <span class='ocrx_word' id='word_1_43' title='bbox 1692 822 1831 893; x_wconf 89' lang='lat' dir='ltr'>quia</span> 
     </span>
    </p>
   </div>
   <div class='ocr_carea' id='block_1_8' title="bbox 164 905 1829 980">
    <p class='ocr_par' dir='ltr' id='par_1_8' title="bbox 164 905 1829 980">
     <span class='ocr_line' id='line_1_8' title="bbox 164 905 1829 980; baseline 0.003 -20"><span class='ocrx_word' id='word_1_44' title='bbox 164 927 204 960; x_wconf 67' lang='lat'>4:</span> <span class='ocrx_word' id='word_1_45' title='bbox 226 905 526 978; x_wconf 81' lang='lat' dir='ltr'>generatio</span> <span class='ocrx_word' id='word_1_46' title='bbox 548 911 896 975; x_wconf 65' lang='lat' dir='ltr'>rectorum,»</span> <span class='ocrx_word' id='word_1_47' title='bbox 915 909 971 964; x_wconf 89' lang='lat' dir='ltr'>id</span> <span class='ocrx_word' id='word_1_48' title='bbox 992 914 1105 975; x_wconf 84' lang='lat' dir='ltr'>est,</span> <span class='ocrx_word' id='word_1_49' title='bbox 1127 928 1409 980; x_wconf 78' lang='lat' dir='ltr'>sequaces</span> <span class='ocrx_word' id='word_1_50' title='bbox 1431 916 1485 963; x_wconf 86' lang='lat' dir='ltr'>et</span> <span class='ocrx_word' id='word_1_51' title='bbox 1508 910 1829 965; x_wconf 68' lang='lat' dir='ltr'>imitatores</span> 
     </span>
    </p>
   </div>
   <div class='ocr_carea' id='block_1_9' title="bbox 158 996 1832 1066">
    <p class='ocr_par' dir='ltr' id='par_1_9' title="bbox 158 996 1832 1066">
     <span class='ocr_line' id='line_1_9' title="bbox 158 996 1832 1066; baseline 0.002 -17"><span class='ocrx_word' id='word_1_52' title='bbox 158 996 485 1066; x_wconf 88' lang='lat' dir='ltr'>justorum,</span> <span class='ocrx_word' id='word_1_53' title='bbox 518 1016 546 1051; x_wconf 74' lang='grc' dir='ltr'><strong><em>α</em></strong></span> <span class='ocrx_word' id='word_1_54' title='bbox 576 996 970 1061; x_wconf 87' lang='lat' dir='ltr'>benedicetur,</span> <span class='ocrx_word' id='word_1_55' title='bbox 989 1016 1015 1049; x_wconf 74' lang='grc' dir='ltr'>ιι</span> <span class='ocrx_word' id='word_1_56' title='bbox 1044 997 1102 1053; x_wconf 98' lang='lat' dir='ltr'>id</span> <span class='ocrx_word' id='word_1_57' title='bbox 1128 1004 1235 1066; x_wconf 81' lang='lat' dir='ltr'>est,</span> <span class='ocrx_word' id='word_1_58' title='bbox 1262 998 1319 1053; x_wconf 90' lang='lat' dir='ltr'>in</span> <span class='ocrx_word' id='word_1_59' title='bbox 1346 999 1661 1054; x_wconf 76' lang='lat' dir='ltr'>virtutibus</span> <span class='ocrx_word' id='word_1_60' title='bbox 1687 999 1832 1054; x_wconf 83' lang='lat' dir='ltr'>llllll-</span> 
     </span>
    </p>
   </div>
   <div class='ocr_carea' id='block_1_10' title="bbox 171 1084 559 1154">
    <p class='ocr_par' dir='ltr' id='par_1_10' title="bbox 171 1084 559 1154">
     <span class='ocr_line' id='line_1_10' title="bbox 171 1084 559 1154; baseline 0 -16"><span class='ocrx_word' id='word_1_61' title='bbox 171 1084 559 1154; x_wconf 75' lang='lat' dir='ltr'>tiplidabitur.</span> 
     </span>
    </p>
   </div>
   <div class='ocr_carea' id='block_1_11' title="bbox 244 1172 1873 1247">
    <p class='ocr_par' dir='ltr' id='par_1_11' title="bbox 244 1172 1873 1247">
     <span class='ocr_line' id='line_1_11' title="bbox 244 1172 1873 1247; baseline 0.001 -19"><span class='ocrx_word' id='word_1_62' title='bbox 244 1173 377 1228; x_wconf 87' lang='lat' dir='ltr'>Ideo</span> <span class='ocrx_word' id='word_1_63' title='bbox 409 1173 587 1229; x_wconf 89' lang='lat' dir='ltr'>etiam</span> <span class='ocrx_word' id='word_1_64' title='bbox 620 1174 823 1229; x_wconf 87' lang='lat' dir='ltr'>beatus</span> <span class='ocrx_word' id='word_1_65' title='bbox 856 1176 985 1240; x_wconf 90' lang='lat' dir='ltr'>erit,</span> <span class='ocrx_word' id='word_1_66' title='bbox 1011 1174 1151 1246; x_wconf 87' lang='lat' dir='ltr'>quia</span> <span class='ocrx_word' id='word_1_67' title='bbox 1193 1197 1218 1227; x_wconf 83' lang='grc' dir='ltr'><em>ν</em></span> <span class='ocrx_word' id='word_1_68' title='bbox 1248 1177 1303 1230; x_wconf 90' lang='lat' dir='ltr'>in</span> <span class='ocrx_word' id='word_1_69' title='bbox 1335 1178 1508 1231; x_wconf 76' lang='lat' dir='ltr'>dumo</span> <span class='ocrx_word' id='word_1_70' title='bbox 1540 1178 1691 1247; x_wconf 80' lang='lat' dir='ltr'>ejus,</span> <span class='ocrx_word' id='word_1_71' title='bbox 1718 1201 1739 1228; x_wconf 77' lang='grc' dir='ltr'><strong><em>ι</em></strong></span> <span class='ocrx_word' id='word_1_72' title='bbox 1770 1176 1825 1229; x_wconf 88' lang='lat' dir='ltr'>id</span> <span class='ocrx_word' id='word_1_73' title='bbox 1869 1172 1873 1176; x_wconf 64' lang='grc'><em>’</em></span> 
     </span>
    </p>
   </div>
   <div class='ocr_carea' id='block_1_12' title="bbox 170 1261 1830 1337">
    <p class='ocr_par' dir='ltr' id='par_1_12' title="bbox 170 1261 1830 1337">
     <span class='ocr_line' id='line_1_12' title="bbox 170 1261 1830 1337; baseline 0.001 -21"><span class='ocrx_word' id='word_1_74' title='bbox 170 1266 263 1316; x_wconf 88' lang='lat' dir='ltr'>est</span> <span class='ocrx_word' id='word_1_75' title='bbox 292 1261 351 1316; x_wconf 91' lang='lat' dir='ltr'>in</span> <span class='ocrx_word' id='word_1_76' title='bbox 385 1262 558 1317; x_wconf 91' lang='lat' dir='ltr'>corde</span> <span class='ocrx_word' id='word_1_77' title='bbox 592 1262 800 1335; x_wconf 88' lang='lat' dir='ltr'>ipsius,</span> <span class='ocrx_word' id='word_1_78' title='bbox 830 1263 886 1317; x_wconf 90' lang='lat' dir='ltr'>in</span> <span class='ocrx_word' id='word_1_79' title='bbox 910 1280 1026 1336; x_wconf 87' lang='lat' dir='ltr'>qua</span> <span class='ocrx_word' id='word_1_80' title='bbox 1048 1267 1220 1319; x_wconf 81' lang='lat' dir='ltr'>domo</span> <span class='ocrx_word' id='word_1_81' title='bbox 1244 1265 1365 1336; x_wconf 78' lang='lat' dir='ltr'>ipse</span> <span class='ocrx_word' id='word_1_82' title='bbox 1388 1267 1635 1337; x_wconf 81' lang='lat' dir='ltr'>quiescit</span> <span class='ocrx_word' id='word_1_83' title='bbox 1665 1284 1698 1320; x_wconf 87' lang='lat' dir='ltr'>a</span> <span class='ocrx_word' id='word_1_84' title='bbox 1730 1285 1830 1318; x_wconf 67' lang='lat' dir='ltr'>Sil!-</span> 
     </span>
    </p>
   </div>
   <div class='ocr_carea' id='block_1_13' title="bbox 172 1350 1830 1426">
    <p class='ocr_par' dir='ltr' id='par_1_13' title="bbox 172 1350 1830 1426">
     <span class='ocr_line' id='line_1_13' title="bbox 172 1350 1830 1426; baseline 0.002 -21"><span class='ocrx_word' id='word_1_85' title='bbox 172 1350 357 1405; x_wconf 90' lang='lat' dir='ltr'>culari</span> <span class='ocrx_word' id='word_1_86' title='bbox 390 1350 670 1418; x_wconf 86' lang='lat' dir='ltr'>tumultu,</span> <span class='ocrx_word' id='word_1_87' title='bbox 695 1356 783 1407; x_wconf 89' lang='lat' dir='ltr'>est</span> <span class='ocrx_word' id='word_1_88' title='bbox 810 1372 836 1403; x_wconf 77' lang='grc' dir='ltr'>α</span> <span class='ocrx_word' id='word_1_89' title='bbox 866 1351 1052 1424; x_wconf 80' lang='lat' dir='ltr'>gloria</span> <span class='ocrx_word' id='word_1_90' title='bbox 1072 1373 1099 1405; x_wconf 77' lang='grc' dir='ltr'>ι)</span> <span class='ocrx_word' id='word_1_91' title='bbox 1126 1354 1196 1409; x_wconf 91' lang='lat' dir='ltr'>de</span> <span class='ocrx_word' id='word_1_92' title='bbox 1231 1354 1483 1426; x_wconf 86' lang='lat' dir='ltr'>puritate</span> <span class='ocrx_word' id='word_1_93' title='bbox 1516 1374 1634 1410; x_wconf 74' lang='lat' dir='ltr'>sum</span> <span class='ocrx_word' id='word_1_94' title='bbox 1666 1372 1830 1409; x_wconf 88' lang='lat' dir='ltr'>cons-</span> 
     </span>
    </p>
   </div>
   <div class='ocr_carea' id='block_1_14' title="bbox 166 1439 1830 1513">
    <p class='ocr_par' dir='ltr' id='par_1_14' title="bbox 166 1439 1830 1513">
     <span class='ocr_line' id='line_1_14' title="bbox 166 1439 1830 1513; baseline 0.003 -19"><span class='ocrx_word' id='word_1_95' title='bbox 166 1439 418 1496; x_wconf 63' lang='lat' dir='ltr'>cientia.</span> <span class='ocrx_word' id='word_1_96' title='bbox 434 1439 597 1495; x_wconf 88' lang='lat' dir='ltr'>Unde</span> <span class='ocrx_word' id='word_1_97' title='bbox 618 1441 931 1513; x_wconf 84' lang='lat' dir='ltr'>Apostolus</span> <span class='ocrx_word' id='word_1_98' title='bbox 956 1460 1005 1497; x_wconf 74' lang='grc' dir='ltr'>τι</span> <span class='ocrx_word' id='word_1_99' title='bbox 1024 1442 1222 1498; x_wconf 87' lang='lat' dir='ltr'>Gloria</span> <span class='ocrx_word' id='word_1_100' title='bbox 1242 1448 1442 1500; x_wconf 87' lang='lat' dir='ltr'>nostra</span> <span class='ocrx_word' id='word_1_101' title='bbox 1462 1450 1551 1500; x_wconf 88' lang='lat' dir='ltr'>est</span> <span class='ocrx_word' id='word_1_102' title='bbox 1574 1445 1830 1499; x_wconf 86' lang='lat' dir='ltr'>testimo-</span> 
     </span>
    </p>
   </div>
   <div class='ocr_carea' id='block_1_15' title="bbox 168 1529 1822 1605">
    <p class='ocr_par' dir='ltr' id='par_1_15' title="bbox 168 1529 1822 1605">
     <span class='ocr_line' id='line_1_15' title="bbox 168 1529 1822 1605; baseline 0.002 -19"><span class='ocrx_word' id='word_1_103' title='bbox 168 1529 339 1586; x_wconf 86' lang='lat' dir='ltr'>nium</span> <span class='ocrx_word' id='word_1_104' title='bbox 370 1530 741 1585; x_wconf 66' lang='lat' dir='ltr'>conscientim</span> <span class='ocrx_word' id='word_1_105' title='bbox 772 1535 986 1587; x_wconf 59' lang='lat' dir='ltr'>nostra:</span> <span class='ocrx_word' id='word_1_106' title='bbox 1011 1532 1084 1604; x_wconf 89' lang='lat' dir='ltr'>(II</span> <span class='ocrx_word' id='word_1_107' title='bbox 1102 1532 1224 1588; x_wconf 78' lang='lat' dir='ltr'>Cor.</span> <span class='ocrx_word' id='word_1_108' title='bbox 1254 1534 1291 1605; x_wconf 82' lang='grc' dir='ltr'>ι)</span> <span class='ocrx_word' id='word_1_109' title='bbox 1325 1555 1346 1584; x_wconf 76' lang='grc' dir='ltr'><strong><em>ι</em></strong></span> <span class='ocrx_word' id='word_1_110' title='bbox 1374 1550 1387 1587; x_wconf 87' lang='lat'><strong>:</strong></span> <span class='ocrx_word' id='word_1_111' title='bbox 1415 1557 1435 1583; x_wconf 76' lang='grc' dir='ltr'>ι</span> <span class='ocrx_word' id='word_1_112' title='bbox 1460 1538 1517 1589; x_wconf 91' lang='lat' dir='ltr'>et</span> <span class='ocrx_word' id='word_1_113' title='bbox 1537 1534 1771 1599; x_wconf 59' lang='lat' dir='ltr'>divitiae,</span> <span class='ocrx_word' id='word_1_114' title='bbox 1792 1555 1822 1589; x_wconf 66' lang='grc' dir='ltr'><strong>υ</strong></span> 
     </span>
    </p>
   </div>
   <div class='ocr_carea' id='block_1_16' title="bbox 166 1618 1829 1691">
    <p class='ocr_par' dir='ltr' id='par_1_16' title="bbox 166 1618 1829 1691">
     <span class='ocr_line' id='line_1_16' title="bbox 166 1618 1829 1691; baseline 0.002 -17"><span class='ocrx_word' id='word_1_115' title='bbox 166 1619 397 1675; x_wconf 84' lang='lat' dir='ltr'>scilicet</span> <span class='ocrx_word' id='word_1_116' title='bbox 438 1618 739 1691; x_wconf 62' lang='lat' dir='ltr'>sapientia</span> <span class='ocrx_word' id='word_1_117' title='bbox 770 1624 828 1675; x_wconf 93' lang='lat' dir='ltr'>et</span> <span class='ocrx_word' id='word_1_118' title='bbox 864 1620 1190 1677; x_wconf 87' lang='lat' dir='ltr'>charitatis.</span> <span class='ocrx_word' id='word_1_119' title='bbox 1225 1622 1326 1677; x_wconf 91' lang='lat' dir='ltr'>Vel</span> <span class='ocrx_word' id='word_1_120' title='bbox 1384 1622 1616 1690; x_wconf 77' lang='lat' dir='ltr'>divitim,</span> <span class='ocrx_word' id='word_1_121' title='bbox 1653 1624 1707 1678; x_wconf 89' lang='lat' dir='ltr'>id</span> <span class='ocrx_word' id='word_1_122' title='bbox 1741 1627 1829 1678; x_wconf 90' lang='lat' dir='ltr'>est</span> 
     </span>
    </p>
   </div>
   <div class='ocr_carea' id='block_1_17' title="bbox 166 1706 1829 1783">
    <p class='ocr_par' dir='ltr' id='par_1_17' title="bbox 166 1706 1829 1783">
     <span class='ocr_line' id='line_1_17' title="bbox 166 1706 1829 1783; baseline 0.002 -20"><span class='ocrx_word' id='word_1_123' title='bbox 166 1706 499 1765; x_wconf 75' lang='lat' dir='ltr'>observatio</span> <span class='ocrx_word' id='word_1_124' title='bbox 522 1707 846 1765; x_wconf 89' lang='lat' dir='ltr'>multorum</span> <span class='ocrx_word' id='word_1_125' title='bbox 868 1710 1281 1766; x_wconf 84' lang='lat' dir='ltr'>mandatorum</span> <span class='ocrx_word' id='word_1_126' title='bbox 1311 1712 1410 1767; x_wconf 90' lang='lat' dir='ltr'>Dei</span> <span class='ocrx_word' id='word_1_127' title='bbox 1437 1729 1492 1766; x_wconf 77' lang='grc' dir='ltr'>ει</span> <span class='ocrx_word' id='word_1_128' title='bbox 1513 1716 1569 1767; x_wconf 88' lang='lat' dir='ltr'>et</span> <span class='ocrx_word' id='word_1_129' title='bbox 1594 1713 1829 1783; x_wconf 84' lang='lat' dir='ltr'>justitia</span> 
     </span>
    </p>
   </div>
   <div class='ocr_carea' id='block_1_18' title="bbox 169 1796 1829 1873">
    <p class='ocr_par' dir='ltr' id='par_1_18' title="bbox 169 1796 1829 1873">
     <span class='ocr_line' id='line_1_18' title="bbox 169 1796 1829 1873; baseline 0.002 -21"><span class='ocrx_word' id='word_1_130' title='bbox 169 1797 323 1869; x_wconf 83' lang='lat' dir='ltr'>ejus,</span> <span class='ocrx_word' id='word_1_131' title='bbox 346 1815 377 1850; x_wconf 71' lang='grc' dir='ltr'><strong><em>ι</em></strong></span> <span class='ocrx_word' id='word_1_132' title='bbox 412 1796 472 1853; x_wconf 92' lang='lat' dir='ltr'>id</span> <span class='ocrx_word' id='word_1_133' title='bbox 504 1801 595 1854; x_wconf 89' lang='lat' dir='ltr'>est</span> <span class='ocrx_word' id='word_1_134' title='bbox 632 1813 855 1855; x_wconf 87' lang='lat' dir='ltr'>merces</span> <span class='ocrx_word' id='word_1_135' title='bbox 893 1803 950 1854; x_wconf 91' lang='lat' dir='ltr'>et</span> <span class='ocrx_word' id='word_1_136' title='bbox 994 1800 1322 1868; x_wconf 82' lang='lat' dir='ltr'>retributio,</span> <span class='ocrx_word' id='word_1_137' title='bbox 1356 1818 1534 1871; x_wconf 89' lang='lat' dir='ltr'>quam</span> <span class='ocrx_word' id='word_1_138' title='bbox 1586 1801 1829 1873; x_wconf 82' lang='lat' dir='ltr'>accipiet</span> 
     </span>
    </p>
   </div>
   <div class='ocr_carea' id='block_1_19' title="bbox 169 1886 1904 1992">
    <p class='ocr_par' dir='ltr' id='par_1_19' title="bbox 169 1886 1904 1992">
     <span class='ocr_line' id='line_1_19' title="bbox 169 1886 1904 1992; baseline 0.003 -50"><span class='ocrx_word' id='word_1_139' title='bbox 169 1902 277 1959; x_wconf 85' lang='lat' dir='ltr'>pro</span> <span class='ocrx_word' id='word_1_140' title='bbox 310 1886 568 1958; x_wconf 85' lang='lat' dir='ltr'>justitia,</span> <span class='ocrx_word' id='word_1_141' title='bbox 608 1907 637 1942; x_wconf 78' lang='grc' dir='ltr'>ιι</span> <span class='ocrx_word' id='word_1_142' title='bbox 666 1892 867 1944; x_wconf 88' lang='lat' dir='ltr'>manet</span> <span class='ocrx_word' id='word_1_143' title='bbox 913 1887 975 1943; x_wconf 92' lang='lat' dir='ltr'>in</span> <span class='ocrx_word' id='word_1_144' title='bbox 1032 1889 1313 1945; x_wconf 75' lang='lat' dir='ltr'>smculum</span> <span class='ocrx_word' id='word_1_145' title='bbox 1375 1890 1591 1959; x_wconf 64' lang='lat' dir='ltr'>saeculi,</span> <span class='ocrx_word' id='word_1_146' title='bbox 1617 1909 1644 1942; x_wconf 75' lang='grc' dir='ltr'>ιι</span> <span class='ocrx_word' id='word_1_147' title='bbox 1688 1889 1828 1961; x_wconf 82' lang='lat' dir='ltr'>quia</span> <span class='ocrx_word' id='word_1_148' title='bbox 1855 1926 1904 1992; x_wconf 74' lang='grc' dir='ltr'><strong>Β</strong></span> 
     </span>
    </p>
   </div>
   <div class='ocr_carea' id='block_1_20' title="bbox 166 1975 540 2031">
    <p class='ocr_par' dir='ltr' id='par_1_20' title="bbox 166 1975 540 2031">
     <span class='ocr_line' id='line_1_20' title="bbox 166 1975 540 2031; baseline -0.003 0"><span class='ocrx_word' id='word_1_149' title='bbox 166 1979 389 2031; x_wconf 69' lang='lat' dir='ltr'>interna</span> <span class='ocrx_word' id='word_1_150' title='bbox 412 1975 540 2031; x_wconf 89' lang='lat' dir='ltr'>erit.</span> 
     </span>
    </p>
   </div>
   <div class='ocr_carea' id='block_1_21' title="bbox 240 2064 1824 2125">
    <p class='ocr_par' dir='ltr' id='par_1_21' title="bbox 240 2064 1824 2125">
     <span class='ocr_line' id='line_1_21' title="bbox 240 2064 1824 2125; baseline 0.004 -6"><span class='ocrx_word' id='word_1_151' title='bbox 240 2084 269 2119; x_wconf 71' lang='grc' dir='ltr'><strong><em>ι</em></strong></span> <span class='ocrx_word' id='word_1_152' title='bbox 304 2064 581 2121; x_wconf 73' lang='lat' dir='ltr'>Exortum</span> <span class='ocrx_word' id='word_1_153' title='bbox 640 2070 749 2121; x_wconf 90' lang='lat' dir='ltr'>est.</span> <span class='ocrx_word' id='word_1_154' title='bbox 791 2088 812 2115; x_wconf 72' lang='grc' dir='ltr'><strong><em>ο</em></strong></span> <span class='ocrx_word' id='word_1_155' title='bbox 850 2067 990 2122; x_wconf 86' lang='lat' dir='ltr'>Pars</span> <span class='ocrx_word' id='word_1_156' title='bbox 1048 2068 1324 2122; x_wconf 89' lang='lat' dir='ltr'>secunda.</span> <span class='ocrx_word' id='word_1_157' title='bbox 1381 2068 1769 2123; x_wconf 81' lang='lat' dir='ltr'>ContinuatiO&#39;</span> <span class='ocrx_word' id='word_1_158' title='bbox 1808 2084 1824 2125; x_wconf 90' lang='lat'>:</span> 
     </span>
    </p>
   </div>
   <div class='ocr_carea' id='block_1_22' title="bbox 164 2153 1826 2227">
    <p class='ocr_par' dir='ltr' id='par_1_22' title="bbox 164 2153 1826 2227">
     <span class='ocr_line' id='line_1_22' title="bbox 164 2153 1826 2227; baseline 0.002 -19"><span class='ocrx_word' id='word_1_159' title='bbox 164 2153 349 2219; x_wconf 83' lang='lat' dir='ltr'>Quasi</span> <span class='ocrx_word' id='word_1_160' title='bbox 370 2153 589 2209; x_wconf 89' lang='lat' dir='ltr'>diceret</span> <span class='ocrx_word' id='word_1_161' title='bbox 610 2169 624 2209; x_wconf 88' lang='lat'>:</span> <span class='ocrx_word' id='word_1_162' title='bbox 649 2153 813 2210; x_wconf 89' lang='lat' dir='ltr'>Unde</span> <span class='ocrx_word' id='word_1_163' title='bbox 834 2154 943 2210; x_wconf 89' lang='lat' dir='ltr'>hoc</span> <span class='ocrx_word' id='word_1_164' title='bbox 966 2157 1263 2227; x_wconf 85' lang='lat' dir='ltr'>proveniet</span> <span class='ocrx_word' id='word_1_165' title='bbox 1282 2156 1454 2212; x_wconf 86' lang='lat' dir='ltr'>alicui</span> <span class='ocrx_word' id='word_1_166' title='bbox 1488 2157 1658 2212; x_wconf 89' lang='lat' dir='ltr'>beato</span> <span class='ocrx_word' id='word_1_167' title='bbox 1680 2157 1826 2225; x_wconf 91' lang='lat' dir='ltr'>viro,</span> 
     </span>
    </p>
   </div>
   <div class='ocr_carea' id='block_1_23' title="bbox 168 2242 1825 2315">
    <p class='ocr_par' dir='ltr' id='par_1_23' title="bbox 168 2242 1825 2315">
     <span class='ocr_line' id='line_1_23' title="bbox 168 2242 1825 2315; baseline 0.001 -18"><span class='ocrx_word' id='word_1_168' title='bbox 168 2243 327 2314; x_wconf 87' lang='lat' dir='ltr'>quod</span> <span class='ocrx_word' id='word_1_169' title='bbox 359 2242 470 2300; x_wconf 87' lang='lat' dir='ltr'>hoc</span> <span class='ocrx_word' id='word_1_170' title='bbox 507 2244 695 2315; x_wconf 87' lang='lat' dir='ltr'>possit</span> <span class='ocrx_word' id='word_1_171' title='bbox 736 2244 966 2301; x_wconf 82' lang='lat' dir='ltr'>facere?</span> <span class='ocrx_word' id='word_1_172' title='bbox 997 2246 1143 2311; x_wconf 89' lang='lat' dir='ltr'>Quia</span> <span class='ocrx_word' id='word_1_173' title='bbox 1180 2263 1382 2301; x_wconf 89' lang='lat' dir='ltr'>verum</span> <span class='ocrx_word' id='word_1_174' title='bbox 1411 2270 1431 2295; x_wconf 80' lang='grc' dir='ltr'>σι</span> <span class='ocrx_word' id='word_1_175' title='bbox 1467 2246 1728 2314; x_wconf 71' lang='lat' dir='ltr'>lumen,»</span> <span class='ocrx_word' id='word_1_176' title='bbox 1768 2246 1825 2299; x_wconf 90' lang='lat' dir='ltr'>id</span> 
     </span>
    </p>
   </div>
   <div class='ocr_carea' id='block_1_24' title="bbox 164 2331 1826 2407">
    <p class='ocr_par' dir='ltr' id='par_1_24' title="bbox 164 2331 1826 2407">
     <span class='ocr_line' id='line_1_24' title="bbox 164 2331 1826 2407; baseline 0.003 -21"><span class='ocrx_word' id='word_1_177' title='bbox 164 2335 283 2397; x_wconf 87' lang='lat' dir='ltr'>est,</span> <span class='ocrx_word' id='word_1_178' title='bbox 315 2331 602 2401; x_wconf 84' lang='lat' dir='ltr'>Christus,</span> <span class='ocrx_word' id='word_1_179' title='bbox 634 2352 662 2387; x_wconf 74' lang='grc' dir='ltr'><strong><em>α</em></strong></span> <span class='ocrx_word' id='word_1_180' title='bbox 689 2337 781 2389; x_wconf 89' lang='lat' dir='ltr'>est</span> <span class='ocrx_word' id='word_1_181' title='bbox 828 2337 1095 2390; x_wconf 81' lang='lat' dir='ltr'>exortum</span> <span class='ocrx_word' id='word_1_182' title='bbox 1122 2356 1144 2386; x_wconf 77' lang='grc' dir='ltr'><strong><em>ι</em></strong></span> <span class='ocrx_word' id='word_1_183' title='bbox 1182 2335 1558 2407; x_wconf 87' lang='lat' dir='ltr'>corporaliter</span> <span class='ocrx_word' id='word_1_184' title='bbox 1587 2360 1614 2387; x_wconf 89' lang='grc'>‹‹</span> <span class='ocrx_word' id='word_1_185' title='bbox 1652 2336 1709 2390; x_wconf 92' lang='lat' dir='ltr'>in</span> <span class='ocrx_word' id='word_1_186' title='bbox 1742 2340 1826 2391; x_wconf 88' lang='lat' dir='ltr'>te-</span> 
     </span>
    </p>
   </div>
   <div class='ocr_carea' id='block_1_25' title="bbox 168 2421 1825 2497">
    <p class='ocr_par' dir='ltr' id='par_1_25' title="bbox 168 2421 1825 2497">
     <span class='ocr_line' id='line_1_25' title="bbox 168 2421 1825 2497; baseline 0.004 -22"><span class='ocrx_word' id='word_1_187' title='bbox 168 2421 429 2490; x_wconf 80' lang='lat' dir='ltr'>nebris,»</span> <span class='ocrx_word' id='word_1_188' title='bbox 453 2422 509 2477; x_wconf 91' lang='lat' dir='ltr'>id</span> <span class='ocrx_word' id='word_1_189' title='bbox 538 2426 646 2491; x_wconf 90' lang='lat' dir='ltr'>est,</span> <span class='ocrx_word' id='word_1_190' title='bbox 681 2423 742 2477; x_wconf 92' lang='lat' dir='ltr'>in</span> <span class='ocrx_word' id='word_1_191' title='bbox 773 2422 883 2478; x_wconf 92' lang='lat' dir='ltr'>hoc</span> <span class='ocrx_word' id='word_1_192' title='bbox 924 2426 1167 2490; x_wconf 90' lang='lat' dir='ltr'>mundo,</span> <span class='ocrx_word' id='word_1_193' title='bbox 1192 2424 1293 2497; x_wconf 87' lang='lat' dir='ltr'>qui</span> <span class='ocrx_word' id='word_1_194' title='bbox 1337 2430 1471 2481; x_wconf 86' lang='lat' dir='ltr'>ante</span> <span class='ocrx_word' id='word_1_195' title='bbox 1510 2426 1825 2481; x_wconf 87' lang='lat' dir='ltr'>adventum</span> 
     </span>
    </p>
   </div>
   <div class='ocr_carea' id='block_1_26' title="bbox 164 2509 1825 2587">
    <p class='ocr_par' dir='ltr' id='par_1_26' title="bbox 164 2509 1825 2587">
     <span class='ocr_line' id='line_1_26' title="bbox 164 2509 1825 2587; baseline 0.001 -19"><span class='ocrx_word' id='word_1_196' title='bbox 164 2509 389 2568; x_wconf 84' lang='lat' dir='ltr'>Christi</span> <span class='ocrx_word' id='word_1_197' title='bbox 419 2511 669 2567; x_wconf 67' lang='lat' dir='ltr'>tenebris</span> <span class='ocrx_word' id='word_1_198' title='bbox 699 2516 885 2579; x_wconf 89' lang='lat' dir='ltr'>erant,</span> <span class='ocrx_word' id='word_1_199' title='bbox 919 2513 1056 2585; x_wconf 91' lang='lat' dir='ltr'>quia</span> <span class='ocrx_word' id='word_1_200' title='bbox 1088 2514 1147 2568; x_wconf 89' lang='lat' dir='ltr'>in</span> <span class='ocrx_word' id='word_1_201' title='bbox 1188 2531 1255 2569; x_wconf 92' lang='lat' dir='ltr'>eo</span> <span class='ocrx_word' id='word_1_202' title='bbox 1293 2515 1543 2569; x_wconf 68' lang='lat' dir='ltr'>tenebrae</span> <span class='ocrx_word' id='word_1_203' title='bbox 1575 2518 1632 2570; x_wconf 88' lang='lat' dir='ltr'>et</span> <span class='ocrx_word' id='word_1_204' title='bbox 1662 2514 1825 2587; x_wconf 82' lang='lat' dir='ltr'>igno-</span> 
     </span>
    </p>
   </div>
   <div class='ocr_carea' id='block_1_27' title="bbox 168 2599 1825 2675">
    <p class='ocr_par' dir='ltr' id='par_1_27' title="bbox 168 2599 1825 2675">
     <span class='ocr_line' id='line_1_27' title="bbox 168 2599 1825 2675; baseline 0.001 -19"><span class='ocrx_word' id='word_1_205' title='bbox 168 2599 362 2656; x_wconf 84' lang='lat' dir='ltr'>rantia</span> <span class='ocrx_word' id='word_1_206' title='bbox 389 2600 507 2656; x_wconf 88' lang='lat' dir='ltr'>veri</span> <span class='ocrx_word' id='word_1_207' title='bbox 549 2600 687 2656; x_wconf 91' lang='lat' dir='ltr'>boni</span> <span class='ocrx_word' id='word_1_208' title='bbox 735 2603 1082 2675; x_wconf 83' lang='lat' dir='ltr'>regnabant.</span> <span class='ocrx_word' id='word_1_209' title='bbox 1121 2602 1280 2659; x_wconf 90' lang='lat' dir='ltr'>Unde</span> <span class='ocrx_word' id='word_1_210' title='bbox 1331 2603 1511 2659; x_wconf 86' lang='lat' dir='ltr'>Isaias</span> <span class='ocrx_word' id='word_1_211' title='bbox 1545 2622 1559 2659; x_wconf 89' lang='lat'><strong>:</strong></span> <span class='ocrx_word' id='word_1_212' title='bbox 1591 2623 1613 2651; x_wconf 80' lang='grc' dir='ltr'>ι</span> <span class='ocrx_word' id='word_1_213' title='bbox 1640 2604 1825 2675; x_wconf 89' lang='lat' dir='ltr'>Popu-</span> 
     </span>
    </p>
   </div>
   <div class='ocr_carea' id='block_1_28' title="bbox 168 2688 1825 2765">
    <p class='ocr_par' dir='ltr' id='par_1_28' title="bbox 168 2688 1825 2765">
     <span class='ocr_line' id='line_1_28' title="bbox 168 2688 1825 2765; baseline 0.002 -21"><span class='ocrx_word' id='word_1_214' title='bbox 168 2688 266 2745; x_wconf 87' lang='lat' dir='ltr'>lus</span> <span class='ocrx_word' id='word_1_215' title='bbox 296 2688 399 2760; x_wconf 87' lang='lat' dir='ltr'>qui</span> <span class='ocrx_word' id='word_1_216' title='bbox 428 2689 693 2745; x_wconf 89' lang='lat' dir='ltr'>ambulat</span> <span class='ocrx_word' id='word_1_217' title='bbox 729 2689 789 2745; x_wconf 89' lang='lat' dir='ltr'>in</span> <span class='ocrx_word' id='word_1_218' title='bbox 820 2691 1100 2759; x_wconf 86' lang='lat' dir='ltr'>tenebris,</span> <span class='ocrx_word' id='word_1_219' title='bbox 1134 2691 1279 2747; x_wconf 87' lang='lat' dir='ltr'>vidit</span> <span class='ocrx_word' id='word_1_220' title='bbox 1310 2692 1501 2747; x_wconf 89' lang='lat' dir='ltr'>lucem</span> <span class='ocrx_word' id='word_1_221' title='bbox 1551 2709 1825 2765; x_wconf 86' lang='lat' dir='ltr'>magnam</span> 
     </span>
    </p>
   </div>
   <div class='ocr_carea' id='block_1_29' title="bbox 164 2778 1828 2852">
    <p class='ocr_par' dir='ltr' id='par_1_29' title="bbox 164 2778 1828 2852">
     <span class='ocr_line' id='line_1_29' title="bbox 164 2778 1828 2852; baseline 0.002 -19"><span class='ocrx_word' id='word_1_222' title='bbox 164 2779 298 2849; x_wconf 69' lang='lat' dir='ltr'>(13a.</span> <span class='ocrx_word' id='word_1_223' title='bbox 333 2780 484 2847; x_wconf 56' lang='grc' dir='ltr'>πή.»</span> <span class='ocrx_word' id='word_1_224' title='bbox 511 2778 582 2834; x_wconf 87' lang='lat' dir='ltr'>Et</span> <span class='ocrx_word' id='word_1_225' title='bbox 627 2779 688 2835; x_wconf 93' lang='lat' dir='ltr'>in</span> <span class='ocrx_word' id='word_1_226' title='bbox 736 2780 1047 2852; x_wconf 88' lang='lat' dir='ltr'>Evangelio</span> <span class='ocrx_word' id='word_1_227' title='bbox 1096 2798 1160 2836; x_wconf 72' lang='lat' dir='ltr'><strong>:u</strong></span> <span class='ocrx_word' id='word_1_228' title='bbox 1196 2783 1267 2836; x_wconf 90' lang='lat' dir='ltr'>Et</span> <span class='ocrx_word' id='word_1_229' title='bbox 1314 2781 1415 2837; x_wconf 79' lang='lat' dir='ltr'>lux</span> <span class='ocrx_word' id='word_1_230' title='bbox 1460 2783 1521 2837; x_wconf 90' lang='lat' dir='ltr'>in</span> <span class='ocrx_word' id='word_1_231' title='bbox 1572 2782 1828 2839; x_wconf 87' lang='lat' dir='ltr'>tenebris</span> 
     </span>
    </p>
   </div>
   <div class='ocr_carea' id='block_1_30' title="bbox 164 2866 1826 2937">
    <p class='ocr_par' dir='ltr' id='par_1_30' title="bbox 164 2866 1826 2937">
     <span class='ocr_line' id='line_1_30' title="bbox 164 2866 1826 2937; baseline 0.004 -16"><span class='ocrx_word' id='word_1_232' title='bbox 164 2866 326 2922; x_wconf 88' lang='lat' dir='ltr'>lucet</span> <span class='ocrx_word' id='word_1_233' title='bbox 356 2868 535 2936; x_wconf 76' lang='lat' dir='ltr'>(Joan.</span> <span class='ocrx_word' id='word_1_234' title='bbox 568 2871 629 2936; x_wconf 84' lang='grc' dir='ltr'>ι).</span> <span class='ocrx_word' id='word_1_235' title='bbox 660 2890 682 2917; x_wconf 75' lang='grc' dir='ltr'>ιι</span> <span class='ocrx_word' id='word_1_236' title='bbox 712 2869 935 2924; x_wconf 88' lang='lat' dir='ltr'>Lumen</span> <span class='ocrx_word' id='word_1_237' title='bbox 967 2869 1097 2925; x_wconf 88' lang='lat' dir='ltr'>dico</span> <span class='ocrx_word' id='word_1_238' title='bbox 1141 2887 1257 2925; x_wconf 90' lang='lat' dir='ltr'>non</span> <span class='ocrx_word' id='word_1_239' title='bbox 1290 2870 1488 2927; x_wconf 90' lang='lat' dir='ltr'>valens</span> <span class='ocrx_word' id='word_1_240' title='bbox 1528 2871 1826 2937; x_wconf 87' lang='lat' dir='ltr'>omnibus,</span> 
     </span>
    </p>
   </div>
   <div class='ocr_carea' id='block_1_31' title="bbox 164 2955 1829 3027">
    <p class='ocr_par' dir='ltr' id='par_1_31' title="bbox 164 2955 1829 3027">
     <span class='ocr_line' id='line_1_31' title="bbox 164 2955 1829 3027; baseline 0.003 -17"><span class='ocrx_word' id='word_1_241' title='bbox 164 2956 271 3011; x_wconf 88' lang='lat' dir='ltr'>sed</span> <span class='ocrx_word' id='word_1_242' title='bbox 311 2974 334 3004; x_wconf 76' lang='grc' dir='ltr'>ι</span> <span class='ocrx_word' id='word_1_243' title='bbox 366 2955 561 3024; x_wconf 89' lang='lat' dir='ltr'>rectis,</span> <span class='ocrx_word' id='word_1_244' title='bbox 586 2978 615 3004; x_wconf 79' lang='grc' dir='ltr'><strong>υ</strong></span> <span class='ocrx_word' id='word_1_245' title='bbox 638 2956 697 3010; x_wconf 90' lang='lat' dir='ltr'>id</span> <span class='ocrx_word' id='word_1_246' title='bbox 726 2961 817 3011; x_wconf 90' lang='lat' dir='ltr'>est</span> <span class='ocrx_word' id='word_1_247' title='bbox 864 2956 983 3011; x_wconf 88' lang='lat' dir='ltr'>illis</span> <span class='ocrx_word' id='word_1_248' title='bbox 1032 2957 1132 3027; x_wconf 86' lang='lat' dir='ltr'>qui</span> <span class='ocrx_word' id='word_1_249' title='bbox 1164 2974 1265 3012; x_wconf 90' lang='lat' dir='ltr'>cor</span> <span class='ocrx_word' id='word_1_250' title='bbox 1291 2975 1468 3014; x_wconf 89' lang='lat' dir='ltr'>suum</span> <span class='ocrx_word' id='word_1_251' title='bbox 1518 2960 1591 3014; x_wconf 90' lang='lat' dir='ltr'>ad</span> <span class='ocrx_word' id='word_1_252' title='bbox 1641 2959 1829 3015; x_wconf 86' lang='lat' dir='ltr'>imita-</span> 
     </span>
    </p>
   </div>
   <div class='ocr_carea' id='block_1_32' title="bbox 165 3042 1829 3118">
    <p class='ocr_par' dir='ltr' id='par_1_32' title="bbox 165 3042 1829 3118">
     <span class='ocr_line' id='line_1_32' title="bbox 165 3042 1829 3118; baseline 0.002 -19"><span class='ocrx_word' id='word_1_253' title='bbox 165 3044 392 3100; x_wconf 82' lang='lat' dir='ltr'>tionem</span> <span class='ocrx_word' id='word_1_254' title='bbox 414 3042 631 3098; x_wconf 87' lang='lat' dir='ltr'>Christi</span> <span class='ocrx_word' id='word_1_255' title='bbox 650 3043 857 3099; x_wconf 85' lang='lat' dir='ltr'>volunt</span> <span class='ocrx_word' id='word_1_256' title='bbox 875 3044 1148 3117; x_wconf 87' lang='lat' dir='ltr'>dirigere.</span> <span class='ocrx_word' id='word_1_257' title='bbox 1170 3048 1240 3101; x_wconf 91' lang='lat' dir='ltr'>Et</span> <span class='ocrx_word' id='word_1_258' title='bbox 1268 3048 1426 3118; x_wconf 89' lang='lat' dir='ltr'>quod</span> <span class='ocrx_word' id='word_1_259' title='bbox 1450 3052 1540 3102; x_wconf 91' lang='lat' dir='ltr'>est</span> <span class='ocrx_word' id='word_1_260' title='bbox 1564 3047 1708 3102; x_wconf 91' lang='lat' dir='ltr'>illud</span> <span class='ocrx_word' id='word_1_261' title='bbox 1731 3065 1829 3103; x_wconf 87' lang='lat' dir='ltr'>no-</span> 
     </span>
    </p>
   </div>
   <div class='ocr_carea' id='block_1_33' title="bbox 166 3129 1822 3207">
    <p class='ocr_par' dir='ltr' id='par_1_33' title="bbox 166 3129 1822 3207">
     <span class='ocr_line' id='line_1_33' title="bbox 166 3129 1822 3207; baseline 0.002 -19"><span class='ocrx_word' id='word_1_262' title='bbox 166 3130 349 3188; x_wconf 83' lang='lat' dir='ltr'>men?</span> <span class='ocrx_word' id='word_1_263' title='bbox 378 3129 611 3186; x_wconf 88' lang='lat' dir='ltr'>Scilicet</span> <span class='ocrx_word' id='word_1_264' title='bbox 638 3130 735 3188; x_wconf 90' lang='lat' dir='ltr'>ille</span> <span class='ocrx_word' id='word_1_265' title='bbox 765 3132 865 3203; x_wconf 88' lang='lat' dir='ltr'>qui</span> <span class='ocrx_word' id='word_1_266' title='bbox 905 3153 932 3186; x_wconf 74' lang='grc' dir='ltr'>ι</span> <span class='ocrx_word' id='word_1_267' title='bbox 964 3132 1298 3190; x_wconf 89' lang='lat' dir='ltr'>misericors</span> <span class='ocrx_word' id='word_1_268' title='bbox 1319 3158 1343 3187; x_wconf 76' lang='grc' dir='ltr'><strong><em>ι</em></strong></span> <span class='ocrx_word' id='word_1_269' title='bbox 1381 3140 1472 3191; x_wconf 88' lang='lat' dir='ltr'>est</span> <span class='ocrx_word' id='word_1_270' title='bbox 1502 3135 1559 3190; x_wconf 88' lang='lat' dir='ltr'>in</span> <span class='ocrx_word' id='word_1_271' title='bbox 1590 3141 1822 3207; x_wconf 88' lang='lat' dir='ltr'>natura,</span> 
     </span>
    </p>
   </div>
   <div class='ocr_carea' id='block_1_34' title="bbox 172 3218 1825 3295">
    <p class='ocr_par' dir='ltr' id='par_1_34' title="bbox 172 3218 1825 3295">
     <span class='ocr_line' id='line_1_34' title="bbox 172 3218 1825 3295; baseline 0.005 -22"><span class='ocrx_word' id='word_1_272' title='bbox 172 3245 197 3273; x_wconf 72' lang='grc' dir='ltr'>ι</span> <span class='ocrx_word' id='word_1_273' title='bbox 233 3225 293 3276; x_wconf 87' lang='lat' dir='ltr'>et</span> <span class='ocrx_word' id='word_1_274' title='bbox 320 3218 632 3275; x_wconf 87' lang='lat' dir='ltr'>miserator</span> <span class='ocrx_word' id='word_1_275' title='bbox 664 3243 687 3271; x_wconf 77' lang='grc' dir='ltr'>ι</span> <span class='ocrx_word' id='word_1_276' title='bbox 722 3220 783 3275; x_wconf 91' lang='lat' dir='ltr'>in</span> <span class='ocrx_word' id='word_1_277' title='bbox 834 3221 1211 3291; x_wconf 80' lang='lat' dir='ltr'>exhibitione,</span> <span class='ocrx_word' id='word_1_278' title='bbox 1245 3222 1400 3279; x_wconf 91' lang='lat' dir='ltr'>sicut</span> <span class='ocrx_word' id='word_1_279' title='bbox 1449 3223 1560 3279; x_wconf 85' lang='lat' dir='ltr'>fuit</span> <span class='ocrx_word' id='word_1_280' title='bbox 1589 3226 1825 3295; x_wconf 90' lang='lat' dir='ltr'>quando</span> 
     </span>
    </p>
   </div>
   <div class='ocr_carea' id='block_1_35' title="bbox 1943 644 3594 720">
    <p class='ocr_par' dir='ltr' id='par_1_35' title="bbox 1943 644 3594 720">
     <span class='ocr_line' id='line_1_35' title="bbox 1943 644 3594 720; baseline 0.006 -23"><span class='ocrx_word' id='word_1_281' title='bbox 1943 644 2226 700; x_wconf 88' lang='lat' dir='ltr'>memoria</span> <span class='ocrx_word' id='word_1_282' title='bbox 2251 669 2276 693; x_wconf 78' lang='grc' dir='ltr'><strong>υ</strong></span> <span class='ocrx_word' id='word_1_283' title='bbox 2298 646 2550 712; x_wconf 89' lang='lat' dir='ltr'>Domini,</span> <span class='ocrx_word' id='word_1_284' title='bbox 2566 648 2721 718; x_wconf 87' lang='lat' dir='ltr'>quod</span> <span class='ocrx_word' id='word_1_285' title='bbox 2744 648 3050 719; x_wconf 88' lang='lat' dir='ltr'>apparebit</span> <span class='ocrx_word' id='word_1_286' title='bbox 3071 649 3306 720; x_wconf 81' lang='lat' dir='ltr'>quando</span> <span class='ocrx_word' id='word_1_287' title='bbox 3329 649 3594 707; x_wconf 80' lang='lat' dir='ltr'>dicetur:</span> 
     </span>
    </p>
   </div>
   <div class='ocr_carea' id='block_1_36' title="bbox 1942 732 3597 807">
    <p class='ocr_par' dir='ltr' id='par_1_36' title="bbox 1942 732 3597 807">
     <span class='ocr_line' id='line_1_36' title="bbox 1942 732 3597 807; baseline 0.008 -26"><span class='ocrx_word' id='word_1_288' title='bbox 1942 732 2201 800; x_wconf 72' lang='lat' dir='ltr'>«Venite,</span> <span class='ocrx_word' id='word_1_289' title='bbox 2221 734 2511 789; x_wconf 79' lang='lat' dir='ltr'>benedicti</span> <span class='ocrx_word' id='word_1_290' title='bbox 2538 735 2725 790; x_wconf 82' lang='lat' dir='ltr'>Patris</span> <span class='ocrx_word' id='word_1_291' title='bbox 2748 736 2884 803; x_wconf 88' lang='lat' dir='ltr'>mei,</span> <span class='ocrx_word' id='word_1_292' title='bbox 2901 740 3009 791; x_wconf 88' lang='lat' dir='ltr'>etc.</span> <span class='ocrx_word' id='word_1_293' title='bbox 3031 736 3235 807; x_wconf 77' lang='lat' dir='ltr'>(Matth.</span> <span class='ocrx_word' id='word_1_294' title='bbox 3255 739 3443 806; x_wconf 78' lang='lat' dir='ltr'>xxv).»</span> <span class='ocrx_word' id='word_1_295' title='bbox 3463 740 3597 805; x_wconf 78' lang='lat' dir='ltr'>Quae</span> 
     </span>
    </p>
   </div>
   <div class='ocr_carea' id='block_1_37' title="bbox 1940 822 3600 892">
    <p class='ocr_par' dir='ltr' id='par_1_37' title="bbox 1940 822 3600 892">
     <span class='ocr_line' id='line_1_37' title="bbox 1940 822 3600 892; baseline 0.005 -18"><span class='ocrx_word' id='word_1_296' title='bbox 1940 823 2227 877; x_wconf 78' lang='lat' dir='ltr'>memoria</span> <span class='ocrx_word' id='word_1_297' title='bbox 2256 822 2366 878; x_wconf 88' lang='lat' dir='ltr'>erit</span> <span class='ocrx_word' id='word_1_298' title='bbox 2397 848 2423 872; x_wconf 83' lang='lat'><strong>«</strong></span> <span class='ocrx_word' id='word_1_299' title='bbox 2450 827 2686 891; x_wconf 66' lang='lat' dir='ltr'>(eterna,</span> <span class='ocrx_word' id='word_1_300' title='bbox 2714 848 2741 871; x_wconf 85' lang='grc'>››</span> <span class='ocrx_word' id='word_1_301' title='bbox 2765 823 2823 879; x_wconf 88' lang='lat' dir='ltr'>id</span> <span class='ocrx_word' id='word_1_302' title='bbox 2845 829 2955 892; x_wconf 83' lang='lat' dir='ltr'>est,</span> <span class='ocrx_word' id='word_1_303' title='bbox 2979 826 3283 882; x_wconf 84' lang='lat' dir='ltr'>conferens</span> <span class='ocrx_word' id='word_1_304' title='bbox 3314 827 3600 883; x_wconf 69' lang='lat' dir='ltr'>aeternita-</span> 
     </span>
    </p>
   </div>
   <div class='ocr_carea' id='block_1_38' title="bbox 1943 911 3590 977">
    <p class='ocr_par' dir='ltr' id='par_1_38' title="bbox 1943 911 3590 977">
     <span class='ocr_line' id='line_1_38' title="bbox 1943 911 3590 977; baseline 0.004 -13"><span class='ocrx_word' id='word_1_305' title='bbox 1943 914 2083 977; x_wconf 87' lang='lat' dir='ltr'>tem,</span> <span class='ocrx_word' id='word_1_306' title='bbox 2106 915 2163 965; x_wconf 85' lang='lat' dir='ltr'>et</span> <span class='ocrx_word' id='word_1_307' title='bbox 2196 912 2302 966; x_wconf 83' lang='lat' dir='ltr'>iste</span> <span class='ocrx_word' id='word_1_308' title='bbox 2324 911 2459 967; x_wconf 84' lang='lat' dir='ltr'>talis</span> <span class='ocrx_word' id='word_1_309' title='bbox 2481 938 2506 961; x_wconf 88' lang='grc'><strong>‹‹</strong></span> <span class='ocrx_word' id='word_1_310' title='bbox 2546 929 2659 967; x_wconf 89' lang='lat' dir='ltr'>non</span> <span class='ocrx_word' id='word_1_311' title='bbox 2694 912 2924 967; x_wconf 87' lang='lat' dir='ltr'>timebit</span> <span class='ocrx_word' id='word_1_312' title='bbox 2955 914 3026 968; x_wconf 84' lang='lat' dir='ltr'>ab</span> <span class='ocrx_word' id='word_1_313' title='bbox 3058 913 3356 969; x_wconf 88' lang='lat' dir='ltr'>auditione</span> <span class='ocrx_word' id='word_1_314' title='bbox 3389 915 3542 971; x_wconf 75' lang='lat' dir='ltr'>mala</span> <span class='ocrx_word' id='word_1_315' title='bbox 3566 942 3590 971; x_wconf 74' lang='grc' dir='ltr'><strong><em>ι</em></strong></span> 
     </span>
    </p>
   </div>
   <div class='ocr_carea' id='block_1_39' title="bbox 1938 1000 3595 1070">
    <p class='ocr_par' dir='ltr' id='par_1_39' title="bbox 1938 1000 3595 1070">
     <span class='ocr_line' id='line_1_39' title="bbox 1938 1000 3595 1070; baseline 0.004 -17"><span class='ocrx_word' id='word_1_316' title='bbox 1938 1000 2175 1069; x_wconf 86' lang='lat' dir='ltr'>quando</span> <span class='ocrx_word' id='word_1_317' title='bbox 2216 1001 2444 1055; x_wconf 86' lang='lat' dir='ltr'>dicetur</span> <span class='ocrx_word' id='word_1_318' title='bbox 2476 1017 2488 1056; x_wconf 92' lang='lat'>:</span> <span class='ocrx_word' id='word_1_319' title='bbox 2517 1025 2543 1052; x_wconf 84' lang='grc'><strong>‹‹</strong></span> <span class='ocrx_word' id='word_1_320' title='bbox 2590 1000 2879 1056; x_wconf 87' lang='lat' dir='ltr'>Discedite</span> <span class='ocrx_word' id='word_1_321' title='bbox 2924 1020 2957 1057; x_wconf 85' lang='lat' dir='ltr'>a</span> <span class='ocrx_word' id='word_1_322' title='bbox 3007 1020 3121 1070; x_wconf 89' lang='lat' dir='ltr'>me,</span> <span class='ocrx_word' id='word_1_323' title='bbox 3165 1002 3486 1070; x_wconf 80' lang='lat' dir='ltr'>maledicti,</span> <span class='ocrx_word' id='word_1_324' title='bbox 3536 1005 3595 1059; x_wconf 82' lang='lat' dir='ltr'>iu</span> 
     </span>
    </p>
   </div>
   <div class='ocr_carea' id='block_1_40' title="bbox 1942 1088 3599 1165">
    <p class='ocr_par' dir='ltr' id='par_1_40' title="bbox 1942 1088 3599 1165">
     <span class='ocr_line' id='line_1_40' title="bbox 1942 1088 3599 1165; baseline 0.007 -25"><span class='ocrx_word' id='word_1_325' title='bbox 1942 1088 2132 1158; x_wconf 72' lang='lat' dir='ltr'>ignem</span> <span class='ocrx_word' id='word_1_326' title='bbox 2158 1093 2437 1145; x_wconf 81' lang='lat' dir='ltr'>:rtcrnum</span> <span class='ocrx_word' id='word_1_327' title='bbox 2463 1091 2711 1159; x_wconf 62' lang='lat' dir='ltr'>(Ibiii.).n</span> <span class='ocrx_word' id='word_1_328' title='bbox 2734 1092 2865 1146; x_wconf 88' lang='lat' dir='ltr'>ldco</span> <span class='ocrx_word' id='word_1_329' title='bbox 2894 1111 3007 1147; x_wconf 82' lang='lat' dir='ltr'>non</span> <span class='ocrx_word' id='word_1_330' title='bbox 3033 1092 3429 1165; x_wconf 85' lang='lat' dir='ltr'>timebit,quia</span> <span class='ocrx_word' id='word_1_331' title='bbox 3447 1115 3473 1143; x_wconf 88' lang='grc'><em>‹‹</em></span> <span class='ocrx_word' id='word_1_332' title='bbox 3494 1110 3599 1151; x_wconf 84' lang='lat' dir='ltr'>cor</span> 
     </span>
    </p>
   </div>
   <div class='ocr_carea' id='block_1_41' title="bbox 1938 1178 3597 1250">
    <p class='ocr_par' dir='ltr' id='par_1_41' title="bbox 1938 1178 3597 1250">
     <span class='ocr_line' id='line_1_41' title="bbox 1938 1178 3597 1250; baseline 0.004 -19"><span class='ocrx_word' id='word_1_333' title='bbox 1938 1178 2067 1247; x_wconf 85' lang='lat' dir='ltr'>ejus</span> <span class='ocrx_word' id='word_1_334' title='bbox 2098 1196 2329 1249; x_wconf 81' lang='lat' dir='ltr'>semper</span> <span class='ocrx_word' id='word_1_335' title='bbox 2360 1180 2469 1233; x_wconf 82' lang='lat' dir='ltr'>fuit</span> <span class='ocrx_word' id='word_1_336' title='bbox 2492 1206 2515 1229; x_wconf 77' lang='grc' dir='ltr'>ι(</span> <span class='ocrx_word' id='word_1_337' title='bbox 2545 1184 2836 1250; x_wconf 84' lang='lat' dir='ltr'>paratum,</span> <span class='ocrx_word' id='word_1_338' title='bbox 2864 1204 2891 1230; x_wconf 89' lang='grc'><strong>››</strong></span> <span class='ocrx_word' id='word_1_339' title='bbox 2921 1179 2973 1234; x_wconf 86' lang='lat' dir='ltr'>id</span> <span class='ocrx_word' id='word_1_340' title='bbox 2999 1185 3109 1249; x_wconf 83' lang='lat' dir='ltr'>est,</span> <span class='ocrx_word' id='word_1_341' title='bbox 3136 1180 3490 1237; x_wconf 82' lang='lat' dir='ltr'>instructum</span> <span class='ocrx_word' id='word_1_342' title='bbox 3510 1183 3597 1237; x_wconf 76' lang='lat' dir='ltr'>di-</span> 
     </span>
    </p>
   </div>
   <div class='ocr_carea' id='block_1_42' title="bbox 1938 1266 3593 1339">
    <p class='ocr_par' dir='ltr' id='par_1_42' title="bbox 1938 1266 3593 1339">
     <span class='ocr_line' id='line_1_42' title="bbox 1938 1266 3593 1339; baseline 0.004 -20"><span class='ocrx_word' id='word_1_343' title='bbox 1938 1266 2071 1321; x_wconf 87' lang='lat' dir='ltr'>vina</span> <span class='ocrx_word' id='word_1_344' title='bbox 2121 1268 2525 1338; x_wconf 83' lang='lat' dir='ltr'>inspiratione,</span> <span class='ocrx_word' id='word_1_345' title='bbox 2552 1293 2575 1316; x_wconf 90' lang='grc'>‹‹</span> <span class='ocrx_word' id='word_1_346' title='bbox 2604 1286 2838 1339; x_wconf 81' lang='lat' dir='ltr'>sperare</span> <span class='ocrx_word' id='word_1_347' title='bbox 2872 1268 2929 1322; x_wconf 88' lang='lat' dir='ltr'>in</span> <span class='ocrx_word' id='word_1_348' title='bbox 2971 1269 3217 1324; x_wconf 86' lang='lat' dir='ltr'>Domino</span> <span class='ocrx_word' id='word_1_349' title='bbox 3248 1292 3277 1319; x_wconf 87' lang='lat'>»</span> <span class='ocrx_word' id='word_1_350' title='bbox 3310 1274 3369 1324; x_wconf 88' lang='lat' dir='ltr'>et</span> <span class='ocrx_word' id='word_1_351' title='bbox 3414 1270 3593 1327; x_wconf 85' lang='lat' dir='ltr'>etiam</span> 
     </span>
    </p>
   </div>
   <div class='ocr_carea' id='block_1_43' title="bbox 1938 1356 3594 1430">
    <p class='ocr_par' dir='ltr' id='par_1_43' title="bbox 1938 1356 3594 1430">
     <span class='ocr_line' id='line_1_43' title="bbox 1938 1356 3594 1430; baseline 0.001 -21"><span class='ocrx_word' id='word_1_352' title='bbox 1938 1378 1967 1404; x_wconf 84' lang='grc'>‹‹</span> <span class='ocrx_word' id='word_1_353' title='bbox 2001 1374 2102 1410; x_wconf 86' lang='lat' dir='ltr'>cor</span> <span class='ocrx_word' id='word_1_354' title='bbox 2134 1380 2162 1405; x_wconf 89' lang='grc'>››</span> <span class='ocrx_word' id='word_1_355' title='bbox 2194 1356 2338 1412; x_wconf 89' lang='lat' dir='ltr'>illud</span> <span class='ocrx_word' id='word_1_356' title='bbox 2388 1375 2634 1429; x_wconf 78' lang='lat' dir='ltr'>sperans</span> <span class='ocrx_word' id='word_1_357' title='bbox 2672 1383 2691 1408; x_wconf 75' lang='grc' dir='ltr'>ι</span> <span class='ocrx_word' id='word_1_358' title='bbox 2727 1362 2816 1413; x_wconf 89' lang='lat' dir='ltr'>est</span> <span class='ocrx_word' id='word_1_359' title='bbox 2845 1359 3263 1414; x_wconf 82' lang='lat' dir='ltr'>conﬁrmatum</span> <span class='ocrx_word' id='word_1_360' title='bbox 3298 1380 3327 1407; x_wconf 85' lang='grc'>››</span> <span class='ocrx_word' id='word_1_361' title='bbox 3359 1358 3417 1413; x_wconf 86' lang='lat' dir='ltr'>in</span> <span class='ocrx_word' id='word_1_362' title='bbox 3468 1375 3594 1430; x_wconf 86' lang='lat' dir='ltr'>spe,</span> 
     </span>
    </p>
   </div>
   <div class='ocr_carea' id='block_1_44' title="bbox 1938 1445 3597 1518">
    <p class='ocr_par' dir='ltr' id='par_1_44' title="bbox 1938 1445 3597 1518">
     <span class='ocr_line' id='line_1_44' title="bbox 1938 1445 3597 1518; baseline 0.002 -20"><span class='ocrx_word' id='word_1_363' title='bbox 1938 1448 2003 1498; x_wconf 89' lang='lat' dir='ltr'>ut</span> <span class='ocrx_word' id='word_1_364' title='bbox 2022 1445 2096 1500; x_wconf 93' lang='lat' dir='ltr'>ab</span> <span class='ocrx_word' id='word_1_365' title='bbox 2120 1462 2188 1499; x_wconf 87' lang='lat' dir='ltr'>ea</span> <span class='ocrx_word' id='word_1_366' title='bbox 2204 1463 2306 1517; x_wconf 90' lang='lat' dir='ltr'>spe</span> <span class='ocrx_word' id='word_1_367' title='bbox 2328 1445 2527 1518; x_wconf 88' lang='lat' dir='ltr'>aliqua</span> <span class='ocrx_word' id='word_1_368' title='bbox 2543 1464 2676 1501; x_wconf 87' lang='lat' dir='ltr'>eum</span> <span class='ocrx_word' id='word_1_369' title='bbox 2702 1446 3000 1501; x_wconf 90' lang='lat' dir='ltr'>tribulatio</span> <span class='ocrx_word' id='word_1_370' title='bbox 3018 1446 3311 1502; x_wconf 90' lang='lat' dir='ltr'>dimovere</span> <span class='ocrx_word' id='word_1_371' title='bbox 3332 1463 3446 1502; x_wconf 91' lang='lat' dir='ltr'>non</span> <span class='ocrx_word' id='word_1_372' title='bbox 3469 1463 3597 1518; x_wconf 89' lang='lat' dir='ltr'>pos-</span> 
     </span>
    </p>
   </div>
   <div class='ocr_carea' id='block_1_45' title="bbox 1936 1532 3596 1608">
    <p class='ocr_par' dir='ltr' id='par_1_45' title="bbox 1936 1532 3596 1608">
     <span class='ocr_line' id='line_1_45' title="bbox 1936 1532 3596 1608; baseline 0.001 -20"><span class='ocrx_word' id='word_1_373' title='bbox 1936 1532 2043 1599; x_wconf 86' lang='lat' dir='ltr'>sit;</span> <span class='ocrx_word' id='word_1_374' title='bbox 2069 1538 2126 1588; x_wconf 89' lang='lat' dir='ltr'>et</span> <span class='ocrx_word' id='word_1_375' title='bbox 2156 1533 2264 1589; x_wconf 90' lang='lat' dir='ltr'>hoc</span> <span class='ocrx_word' id='word_1_376' title='bbox 2294 1539 2384 1590; x_wconf 90' lang='lat' dir='ltr'>est</span> <span class='ocrx_word' id='word_1_377' title='bbox 2418 1552 2431 1590; x_wconf 90' lang='lat'><strong>:</strong></span> <span class='ocrx_word' id='word_1_378' title='bbox 2461 1557 2489 1586; x_wconf 84' lang='lat'><strong>«</strong></span> <span class='ocrx_word' id='word_1_379' title='bbox 2524 1554 2637 1591; x_wconf 91' lang='lat' dir='ltr'>non</span> <span class='ocrx_word' id='word_1_380' title='bbox 2672 1535 3155 1604; x_wconf 86' lang='lat' dir='ltr'>commovebitur,</span> <span class='ocrx_word' id='word_1_381' title='bbox 3180 1535 3366 1591; x_wconf 88' lang='lat' dir='ltr'>donec</span> <span class='ocrx_word' id='word_1_382' title='bbox 3396 1535 3596 1608; x_wconf 79' lang='lat' dir='ltr'>despi—</span> 
     </span>
    </p>
   </div>
   <div class='ocr_carea' id='block_1_46' title="bbox 1936 1621 3596 1696">
    <p class='ocr_par' dir='ltr' id='par_1_46' title="bbox 1936 1621 3596 1696">
     <span class='ocr_line' id='line_1_46' title="bbox 1936 1621 3596 1696; baseline 0.001 -19"><span class='ocrx_word' id='word_1_383' title='bbox 1936 1621 2053 1677; x_wconf 91' lang='lat' dir='ltr'>ciat</span> <span class='ocrx_word' id='word_1_384' title='bbox 2085 1622 2355 1678; x_wconf 90' lang='lat' dir='ltr'>inimicos</span> <span class='ocrx_word' id='word_1_385' title='bbox 2386 1642 2586 1691; x_wconf 80' lang='lat' dir='ltr'>suos,»</span> <span class='ocrx_word' id='word_1_386' title='bbox 2610 1624 2665 1678; x_wconf 90' lang='lat' dir='ltr'>id</span> <span class='ocrx_word' id='word_1_387' title='bbox 2693 1628 2803 1694; x_wconf 89' lang='lat' dir='ltr'>est,</span> <span class='ocrx_word' id='word_1_388' title='bbox 2818 1625 3002 1680; x_wconf 86' lang='lat' dir='ltr'>donec</span> <span class='ocrx_word' id='word_1_389' title='bbox 3024 1624 3217 1679; x_wconf 86' lang='lat' dir='ltr'>videat</span> <span class='ocrx_word' id='word_1_390' title='bbox 3236 1623 3596 1696; x_wconf 76' lang='lat' dir='ltr'>compteth</span> 
     </span>
    </p>
   </div>
   <div class='ocr_carea' id='block_1_47' title="bbox 1937 1710 3596 1784">
    <p class='ocr_par' dir='ltr' id='par_1_47' title="bbox 1937 1710 3596 1784">
     <span class='ocr_line' id='line_1_47' title="bbox 1937 1710 3596 1784; baseline 0.002 -20"><span class='ocrx_word' id='word_1_391' title='bbox 1937 1711 2008 1765; x_wconf 89' lang='lat' dir='ltr'>de</span> <span class='ocrx_word' id='word_1_392' title='bbox 2040 1710 2315 1779; x_wconf 89' lang='lat' dir='ltr'>inimicis,</span> <span class='ocrx_word' id='word_1_393' title='bbox 2337 1713 2493 1783; x_wconf 91' lang='lat' dir='ltr'>quod</span> <span class='ocrx_word' id='word_1_394' title='bbox 2528 1714 2702 1767; x_wconf 89' lang='lat' dir='ltr'>modo</span> <span class='ocrx_word' id='word_1_395' title='bbox 2732 1717 3031 1784; x_wconf 79' lang='lat' dir='ltr'>exspectat</span> <span class='ocrx_word' id='word_1_396' title='bbox 3051 1713 3122 1767; x_wconf 85' lang='lat' dir='ltr'>de</span> <span class='ocrx_word' id='word_1_397' title='bbox 3150 1712 3257 1781; x_wconf 88' lang='lat' dir='ltr'>eis,</span> <span class='ocrx_word' id='word_1_398' title='bbox 3281 1711 3508 1768; x_wconf 87' lang='lat' dir='ltr'>scilicet</span> <span class='ocrx_word' id='word_1_399' title='bbox 3534 1712 3596 1768; x_wconf 90' lang='lat' dir='ltr'>in</span> 
     </span>
    </p>
   </div>
   <div class='ocr_carea' id='block_1_48' title="bbox 1936 1800 3599 1872">
    <p class='ocr_par' dir='ltr' id='par_1_48' title="bbox 1936 1800 3599 1872">
     <span class='ocr_line' id='line_1_48' title="bbox 1936 1800 3599 1872; baseline 0.001 -18"><span class='ocrx_word' id='word_1_400' title='bbox 1936 1817 2142 1871; x_wconf 77' lang='lat' dir='ltr'>panius</span> <span class='ocrx_word' id='word_1_401' title='bbox 2153 1816 2251 1854; x_wconf 88' lang='lat' dir='ltr'>eos</span> <span class='ocrx_word' id='word_1_402' title='bbox 2271 1800 2394 1855; x_wconf 89' lang='lat' dir='ltr'>dari</span> <span class='ocrx_word' id='word_1_403' title='bbox 2412 1819 2425 1855; x_wconf 87' lang='lat'>:</span> <span class='ocrx_word' id='word_1_404' title='bbox 2442 1800 2573 1855; x_wconf 89' lang='lat' dir='ltr'>ideo</span> <span class='ocrx_word' id='word_1_405' title='bbox 2591 1801 2731 1856; x_wconf 90' lang='lat' dir='ltr'>dicit</span> <span class='ocrx_word' id='word_1_406' title='bbox 2745 1826 2771 1851; x_wconf 83' lang='lat'>«</span> <span class='ocrx_word' id='word_1_407' title='bbox 2793 1801 3181 1872; x_wconf 83' lang='lat' dir='ltr'>donec,»quia</span> <span class='ocrx_word' id='word_1_408' title='bbox 3196 1805 3337 1862; x_wconf 80' lang='lat' dir='ltr'>tunc</span> <span class='ocrx_word' id='word_1_409' title='bbox 3354 1818 3469 1857; x_wconf 90' lang='lat' dir='ltr'>non</span> <span class='ocrx_word' id='word_1_410' title='bbox 3487 1800 3599 1856; x_wconf 89' lang='lat' dir='ltr'>erit</span> 
     </span>
    </p>
   </div>
   <div class='ocr_carea' id='block_1_49' title="bbox 1937 1888 3592 1961">
    <p class='ocr_par' dir='ltr' id='par_1_49' title="bbox 1937 1888 3592 1961">
     <span class='ocr_line' id='line_1_49' title="bbox 1937 1888 3592 1961; baseline 0.002 -20"><span class='ocrx_word' id='word_1_411' title='bbox 1937 1904 2091 1959; x_wconf 89' lang='lat' dir='ltr'>spes,</span> <span class='ocrx_word' id='word_1_412' title='bbox 2115 1889 2352 1959; x_wconf 88' lang='lat' dir='ltr'>quando</span> <span class='ocrx_word' id='word_1_413' title='bbox 2373 1888 2591 1944; x_wconf 87' lang='lat' dir='ltr'>videbit</span> <span class='ocrx_word' id='word_1_414' title='bbox 2611 1889 2765 1960; x_wconf 86' lang='lat' dir='ltr'>quod</span> <span class='ocrx_word' id='word_1_415' title='bbox 2791 1905 2906 1945; x_wconf 90' lang='lat' dir='ltr'>non</span> <span class='ocrx_word' id='word_1_416' title='bbox 2937 1892 3134 1961; x_wconf 88' lang='lat' dir='ltr'>sperat</span> <span class='ocrx_word' id='word_1_417' title='bbox 3160 1888 3592 1960; x_wconf 74' lang='lat' dir='ltr'>unusquisque.</span> 
     </span>
    </p>
   </div>
   <div class='ocr_carea' id='block_1_50' title="bbox 2008 1976 3593 2049">
    <p class='ocr_par' dir='ltr' id='par_1_50' title="bbox 2008 1976 3593 2049">
     <span class='ocr_line' id='line_1_50' title="bbox 2008 1976 3593 2049; baseline 0 -17"><span class='ocrx_word' id='word_1_418' title='bbox 2008 1978 2076 2032; x_wconf 80' lang='lat' dir='ltr'>Et</span> <span class='ocrx_word' id='word_1_419' title='bbox 2108 1976 2246 2048; x_wconf 87' lang='lat' dir='ltr'>quia</span> <span class='ocrx_word' id='word_1_420' title='bbox 2302 1982 2517 2048; x_wconf 88' lang='lat' dir='ltr'>sperat,</span> <span class='ocrx_word' id='word_1_421' title='bbox 2552 1981 2610 2033; x_wconf 93' lang='lat' dir='ltr'>et</span> <span class='ocrx_word' id='word_1_422' title='bbox 2655 1977 2797 2049; x_wconf 88' lang='lat' dir='ltr'>quia</span> <span class='ocrx_word' id='word_1_423' title='bbox 2844 1978 3259 2033; x_wconf 84' lang='lat' dir='ltr'>conﬁrmatum</span> <span class='ocrx_word' id='word_1_424' title='bbox 3310 1981 3422 2046; x_wconf 87' lang='lat' dir='ltr'>est,</span> <span class='ocrx_word' id='word_1_425' title='bbox 3452 1980 3593 2048; x_wconf 84' lang='lat' dir='ltr'>etc.,</span> 
     </span>
    </p>
   </div>
   <div class='ocr_carea' id='block_1_51' title="bbox 1936 2064 3593 2137">
    <p class='ocr_par' dir='ltr' id='par_1_51' title="bbox 1936 2064 3593 2137">
     <span class='ocr_line' id='line_1_51' title="bbox 1936 2064 3593 2137; baseline 0.001 -17"><span class='ocrx_word' id='word_1_426' title='bbox 1936 2066 2066 2121; x_wconf 86' lang='lat' dir='ltr'>ideo</span> <span class='ocrx_word' id='word_1_427' title='bbox 2092 2087 2120 2115; x_wconf 74' lang='grc' dir='ltr'>ι(</span> <span class='ocrx_word' id='word_1_428' title='bbox 2157 2066 2435 2137; x_wconf 84' lang='lat' dir='ltr'>dispersit</span> <span class='ocrx_word' id='word_1_429' title='bbox 2474 2091 2501 2115; x_wconf 84' lang='lat'><em>»</em></span> <span class='ocrx_word' id='word_1_430' title='bbox 2525 2066 2678 2122; x_wconf 90' lang='lat' dir='ltr'>bona</span> <span class='ocrx_word' id='word_1_431' title='bbox 2706 2083 2834 2122; x_wconf 89' lang='lat' dir='ltr'>sua.</span> <span class='ocrx_word' id='word_1_432' title='bbox 2858 2066 2928 2121; x_wconf 88' lang='lat' dir='ltr'>Et</span> <span class='ocrx_word' id='word_1_433' title='bbox 2959 2069 3125 2122; x_wconf 89' lang='lat' dir='ltr'>notat</span> <span class='ocrx_word' id='word_1_434' title='bbox 3166 2064 3593 2137; x_wconf 76' lang='lat' dir='ltr'>providentiam</span> 
     </span>
    </p>
   </div>
   <div class='ocr_carea' id='block_1_52' title="bbox 1935 2153 3593 2229">
    <p class='ocr_par' dir='ltr' id='par_1_52' title="bbox 1935 2153 3593 2229">
     <span class='ocr_line' id='line_1_52' title="bbox 1935 2153 3593 2229; baseline 0 -18"><span class='ocrx_word' id='word_1_435' title='bbox 1935 2160 2276 2211; x_wconf 86' lang='lat' dir='ltr'>sanctorum</span> <span class='ocrx_word' id='word_1_436' title='bbox 2319 2154 2379 2209; x_wconf 91' lang='lat' dir='ltr'>in</span> <span class='ocrx_word' id='word_1_437' title='bbox 2416 2154 2697 2212; x_wconf 85' lang='lat' dir='ltr'>faciendis</span> <span class='ocrx_word' id='word_1_438' title='bbox 2727 2154 3137 2228; x_wconf 77' lang='lat' dir='ltr'>eleemosynis,</span> <span class='ocrx_word' id='word_1_439' title='bbox 3161 2153 3302 2227; x_wconf 88' lang='lat' dir='ltr'>quia</span> <span class='ocrx_word' id='word_1_440' title='bbox 3341 2171 3459 2210; x_wconf 89' lang='lat' dir='ltr'>non</span> <span class='ocrx_word' id='word_1_441' title='bbox 3492 2153 3593 2229; x_wconf 71' lang='lat' dir='ltr'>uni</span> 
     </span>
    </p>
   </div>
   <div class='ocr_carea' id='block_1_53' title="bbox 1934 2242 3595 2315">
    <p class='ocr_par' dir='ltr' id='par_1_53' title="bbox 1934 2242 3595 2315">
     <span class='ocr_line' id='line_1_53' title="bbox 1934 2242 3595 2315; baseline 0.001 -16"><span class='ocrx_word' id='word_1_442' title='bbox 1934 2244 2136 2300; x_wconf 88' lang='lat' dir='ltr'>omnia</span> <span class='ocrx_word' id='word_1_443' title='bbox 2164 2245 2328 2311; x_wconf 88' lang='lat' dir='ltr'>dant,</span> <span class='ocrx_word' id='word_1_444' title='bbox 2356 2248 2420 2300; x_wconf 89' lang='lat' dir='ltr'>ut</span> <span class='ocrx_word' id='word_1_445' title='bbox 2441 2245 2678 2300; x_wconf 80' lang='lat' dir='ltr'>divitem</span> <span class='ocrx_word' id='word_1_446' title='bbox 2702 2245 2941 2312; x_wconf 82' lang='lat' dir='ltr'>faciant,</span> <span class='ocrx_word' id='word_1_447' title='bbox 2967 2244 3069 2299; x_wconf 89' lang='lat' dir='ltr'>sed</span> <span class='ocrx_word' id='word_1_448' title='bbox 3092 2242 3319 2315; x_wconf 85' lang='lat' dir='ltr'>multis,</span> <span class='ocrx_word' id='word_1_449' title='bbox 3342 2247 3411 2299; x_wconf 87' lang='lat' dir='ltr'>ut</span> <span class='ocrx_word' id='word_1_450' title='bbox 3440 2243 3595 2301; x_wconf 78' lang='lat' dir='ltr'>mal.-</span> 
     </span>
    </p>
   </div>
   <div class='ocr_carea' id='block_1_54' title="bbox 1936 2331 3596 2407">
    <p class='ocr_par' dir='ltr' id='par_1_54' title="bbox 1936 2331 3596 2407">
     <span class='ocr_line' id='line_1_54' title="bbox 1936 2331 3596 2407; baseline -0.001 -18"><span class='ocrx_word' id='word_1_451' title='bbox 1936 2337 2133 2389; x_wconf 87' lang='lat' dir='ltr'>torum</span> <span class='ocrx_word' id='word_1_452' title='bbox 2168 2333 2426 2405; x_wconf 88' lang='lat' dir='ltr'>inopiam</span> <span class='ocrx_word' id='word_1_453' title='bbox 2458 2334 2791 2407; x_wconf 87' lang='lat' dir='ltr'>suppleant.</span> <span class='ocrx_word' id='word_1_454' title='bbox 2818 2357 2845 2384; x_wconf 79' lang='grc' dir='ltr'>α</span> <span class='ocrx_word' id='word_1_455' title='bbox 2875 2333 3164 2407; x_wconf 86' lang='lat' dir='ltr'>Dispersit</span> <span class='ocrx_word' id='word_1_456' title='bbox 3182 2350 3212 2383; x_wconf 72' lang='grc' dir='ltr'>ι)</span> <span class='ocrx_word' id='word_1_457' title='bbox 3233 2332 3383 2401; x_wconf 91' lang='lat' dir='ltr'>dico,</span> <span class='ocrx_word' id='word_1_458' title='bbox 3408 2336 3467 2389; x_wconf 90' lang='lat' dir='ltr'>et</span> <span class='ocrx_word' id='word_1_459' title='bbox 3484 2331 3596 2401; x_wconf 68' lang='lat' dir='ltr'>hoc</span> 
     </span>
    </p>
   </div>
   <div class='ocr_carea' id='block_1_55' title="bbox 1937 2419 3593 2495">
    <p class='ocr_par' dir='ltr' id='par_1_55' title="bbox 1937 2419 3593 2495">
     <span class='ocr_line' id='line_1_55' title="bbox 1937 2419 3593 2495; baseline 0.001 -19"><span class='ocrx_word' id='word_1_460' title='bbox 1937 2439 2052 2477; x_wconf 92' lang='lat' dir='ltr'>non</span> <span class='ocrx_word' id='word_1_461' title='bbox 2087 2440 2190 2495; x_wconf 93' lang='lat' dir='ltr'>pro</span> <span class='ocrx_word' id='word_1_462' title='bbox 2220 2422 2689 2480; x_wconf 87' lang='lat' dir='ltr'>remuneratione</span> <span class='ocrx_word' id='word_1_463' title='bbox 2720 2422 3050 2495; x_wconf 88' lang='lat' dir='ltr'>temporali,</span> <span class='ocrx_word' id='word_1_464' title='bbox 3083 2422 3186 2478; x_wconf 89' lang='lat' dir='ltr'>sed</span> <span class='ocrx_word' id='word_1_465' title='bbox 3219 2440 3246 2473; x_wconf 90' lang='grc'><strong>‹‹</strong></span> <span class='ocrx_word' id='word_1_466' title='bbox 3281 2421 3513 2489; x_wconf 81' lang='lat' dir='ltr'>dedit,»</span> <span class='ocrx_word' id='word_1_467' title='bbox 3534 2419 3593 2477; x_wconf 82' lang='lat' dir='ltr'>id</span> 
     </span>
    </p>
   </div>
   <div class='ocr_carea' id='block_1_56' title="bbox 1934 2510 3597 2585">
    <p class='ocr_par' dir='ltr' id='par_1_56' title="bbox 1934 2510 3597 2585">
     <span class='ocr_line' id='line_1_56' title="bbox 1934 2510 3597 2585; baseline 0 -20"><span class='ocrx_word' id='word_1_468' title='bbox 1934 2515 2045 2578; x_wconf 90' lang='lat' dir='ltr'>est,</span> <span class='ocrx_word' id='word_1_469' title='bbox 2062 2511 2351 2583; x_wconf 88' lang='lat' dir='ltr'>impendit</span> <span class='ocrx_word' id='word_1_470' title='bbox 2369 2511 2575 2585; x_wconf 86' lang='lat' dir='ltr'>gratis,</span> <span class='ocrx_word' id='word_1_471' title='bbox 2590 2516 2650 2568; x_wconf 89' lang='lat' dir='ltr'>et</span> <span class='ocrx_word' id='word_1_472' title='bbox 2670 2512 3026 2568; x_wconf 85' lang='lat' dir='ltr'>ministravit</span> <span class='ocrx_word' id='word_1_473' title='bbox 3046 2533 3074 2562; x_wconf 84' lang='lat'><strong>«</strong></span> <span class='ocrx_word' id='word_1_474' title='bbox 3100 2510 3517 2584; x_wconf 81' lang='lat' dir='ltr'>pauperibus,»</span> <span class='ocrx_word' id='word_1_475' title='bbox 3537 2513 3597 2565; x_wconf 91' lang='lat' dir='ltr'>et</span> 
     </span>
    </p>
   </div>
   <div class='ocr_carea' id='block_1_57' title="bbox 1936 2598 3594 2673">
    <p class='ocr_par' dir='ltr' id='par_1_57' title="bbox 1936 2598 3594 2673">
     <span class='ocr_line' id='line_1_57' title="bbox 1936 2598 3594 2673; baseline 0.001 -20"><span class='ocrx_word' id='word_1_476' title='bbox 1936 2598 2045 2655; x_wconf 90' lang='lat' dir='ltr'>hoc</span> <span class='ocrx_word' id='word_1_477' title='bbox 2077 2602 2265 2657; x_wconf 79' lang='lat' dir='ltr'>facere</span> <span class='ocrx_word' id='word_1_478' title='bbox 2296 2606 2385 2658; x_wconf 90' lang='lat' dir='ltr'>est</span> <span class='ocrx_word' id='word_1_479' title='bbox 2415 2625 2441 2651; x_wconf 88' lang='grc'><strong>‹‹</strong></span> <span class='ocrx_word' id='word_1_480' title='bbox 2481 2602 2719 2672; x_wconf 87' lang='lat' dir='ltr'>justitia</span> <span class='ocrx_word' id='word_1_481' title='bbox 2747 2602 2875 2673; x_wconf 86' lang='lat' dir='ltr'>ejus</span> <span class='ocrx_word' id='word_1_482' title='bbox 2911 2624 2937 2649; x_wconf 85' lang='grc'>››</span> <span class='ocrx_word' id='word_1_483' title='bbox 2961 2618 3088 2672; x_wconf 69' lang='lat' dir='ltr'>qua:</span> <span class='ocrx_word' id='word_1_484' title='bbox 3111 2624 3137 2650; x_wconf 83' lang='lat'><strong>«</strong></span> <span class='ocrx_word' id='word_1_485' title='bbox 3170 2604 3370 2657; x_wconf 87' lang='lat' dir='ltr'>manet</span> <span class='ocrx_word' id='word_1_486' title='bbox 3398 2599 3457 2654; x_wconf 89' lang='lat' dir='ltr'>in</span> <span class='ocrx_word' id='word_1_487' title='bbox 3484 2616 3594 2655; x_wconf 61' lang='lat' dir='ltr'>sar-</span> 
     </span>
    </p>
   </div>
   <div class='ocr_carea' id='block_1_58' title="bbox 1935 2687 3593 2759">
    <p class='ocr_par' dir='ltr' id='par_1_58' title="bbox 1935 2687 3593 2759">
     <span class='ocr_line' id='line_1_58' title="bbox 1935 2687 3593 2759; baseline 0.001 -16"><span class='ocrx_word' id='word_1_488' title='bbox 1935 2687 2137 2743; x_wconf 86' lang='lat' dir='ltr'>culum</span> <span class='ocrx_word' id='word_1_489' title='bbox 2173 2690 2388 2756; x_wconf 60' lang='lat' dir='ltr'>saeculi,</span> <span class='ocrx_word' id='word_1_490' title='bbox 2410 2712 2439 2738; x_wconf 86' lang='grc'>››</span> <span class='ocrx_word' id='word_1_491' title='bbox 2471 2690 2529 2744; x_wconf 88' lang='lat' dir='ltr'>id</span> <span class='ocrx_word' id='word_1_492' title='bbox 2562 2694 2672 2757; x_wconf 88' lang='lat' dir='ltr'>est,</span> <span class='ocrx_word' id='word_1_493' title='bbox 2708 2689 3013 2745; x_wconf 89' lang='lat' dir='ltr'>retributio</span> <span class='ocrx_word' id='word_1_494' title='bbox 3040 2688 3286 2759; x_wconf 77' lang='lat' dir='ltr'>justitim</span> <span class='ocrx_word' id='word_1_495' title='bbox 3316 2692 3593 2745; x_wconf 67' lang='lat' dir='ltr'>aeternam</span> 
     </span>
    </p>
   </div>
   <div class='ocr_carea' id='block_1_59' title="bbox 1934 2776 3592 2850">
    <p class='ocr_par' dir='ltr' id='par_1_59' title="bbox 1934 2776 3592 2850">
     <span class='ocr_line' id='line_1_59' title="bbox 1934 2776 3592 2850; baseline 0 -19"><span class='ocrx_word' id='word_1_496' title='bbox 1934 2777 1986 2831; x_wconf 89' lang='lat' dir='ltr'>ei</span> <span class='ocrx_word' id='word_1_497' title='bbox 2023 2778 2349 2833; x_wconf 87' lang='lat' dir='ltr'>mercedem</span> <span class='ocrx_word' id='word_1_498' title='bbox 2389 2783 2693 2850; x_wconf 85' lang='lat' dir='ltr'>comparat</span> <span class='ocrx_word' id='word_1_499' title='bbox 2727 2795 2739 2833; x_wconf 94' lang='lat'><strong>:</strong></span> <span class='ocrx_word' id='word_1_500' title='bbox 2775 2783 2833 2833; x_wconf 90' lang='lat' dir='ltr'>et</span> <span class='ocrx_word' id='word_1_501' title='bbox 2864 2800 2890 2827; x_wconf 91' lang='grc'>‹‹</span> <span class='ocrx_word' id='word_1_502' title='bbox 2924 2793 3106 2832; x_wconf 90' lang='lat' dir='ltr'>cornu</span> <span class='ocrx_word' id='word_1_503' title='bbox 3151 2778 3304 2848; x_wconf 87' lang='lat' dir='ltr'>ejus,</span> <span class='ocrx_word' id='word_1_504' title='bbox 3328 2799 3355 2826; x_wconf 82' lang='grc'>››</span> <span class='ocrx_word' id='word_1_505' title='bbox 3377 2776 3435 2831; x_wconf 91' lang='lat' dir='ltr'>id</span> <span class='ocrx_word' id='word_1_506' title='bbox 3483 2780 3592 2844; x_wconf 84' lang='lat' dir='ltr'>est,</span> 
     </span>
    </p>
   </div>
   <div class='ocr_carea' id='block_1_60' title="bbox 1934 2862 3595 2939">
    <p class='ocr_par' dir='ltr' id='par_1_60' title="bbox 1934 2862 3595 2939">
     <span class='ocr_line' id='line_1_60' title="bbox 1934 2862 3595 2939; baseline -0.002 -17"><span class='ocrx_word' id='word_1_507' title='bbox 1934 2866 2208 2922; x_wconf 82' lang='lat' dir='ltr'>exultatio</span> <span class='ocrx_word' id='word_1_508' title='bbox 2240 2867 2643 2939; x_wconf 88' lang='lat' dir='ltr'>ipsius,quam</span> <span class='ocrx_word' id='word_1_509' title='bbox 2676 2867 2735 2922; x_wconf 91' lang='lat' dir='ltr'>in</span> <span class='ocrx_word' id='word_1_510' title='bbox 2768 2866 2876 2921; x_wconf 91' lang='lat' dir='ltr'>hac</span> <span class='ocrx_word' id='word_1_511' title='bbox 2894 2865 3013 2921; x_wconf 89' lang='lat' dir='ltr'>vita</span> <span class='ocrx_word' id='word_1_512' title='bbox 3042 2864 3251 2921; x_wconf 89' lang='lat' dir='ltr'>habuit</span> <span class='ocrx_word' id='word_1_513' title='bbox 3280 2865 3343 2920; x_wconf 91' lang='lat' dir='ltr'>in</span> <span class='ocrx_word' id='word_1_514' title='bbox 3371 2862 3595 2931; x_wconf 72' lang='lat' dir='ltr'>virtuti,-</span> 
     </span>
    </p>
   </div>
   <div class='ocr_carea' id='block_1_61' title="bbox 1934 2950 3591 3025">
    <p class='ocr_par' dir='ltr' id='par_1_61' title="bbox 1934 2950 3591 3025">
     <span class='ocr_line' id='line_1_61' title="bbox 1934 2950 3591 3025; baseline -0.001 -17"><span class='ocrx_word' id='word_1_515' title='bbox 1934 2954 2068 3022; x_wconf 90' lang='lat' dir='ltr'>bus,</span> <span class='ocrx_word' id='word_1_516' title='bbox 2094 2978 2119 3002; x_wconf 86' lang='grc'><strong>‹‹</strong></span> <span class='ocrx_word' id='word_1_517' title='bbox 2154 2953 2212 3008; x_wconf 91' lang='lat' dir='ltr'>in</span> <span class='ocrx_word' id='word_1_518' title='bbox 2245 2952 2430 3025; x_wconf 88' lang='lat' dir='ltr'>gloria</span> <span class='ocrx_word' id='word_1_519' title='bbox 2459 2953 2809 3010; x_wconf 80' lang='lat' dir='ltr'>exaltabitur</span> <span class='ocrx_word' id='word_1_520' title='bbox 2831 2975 2858 3001; x_wconf 84' lang='grc'><strong><em>››</em></strong></span> <span class='ocrx_word' id='word_1_521' title='bbox 2885 2952 3025 3024; x_wconf 86' lang='lat' dir='ltr'>quia</span> <span class='ocrx_word' id='word_1_522' title='bbox 3054 2969 3157 3023; x_wconf 89' lang='lat' dir='ltr'>per</span> <span class='ocrx_word' id='word_1_523' title='bbox 3185 2950 3317 3007; x_wconf 89' lang='lat' dir='ltr'>illas</span> <span class='ocrx_word' id='word_1_524' title='bbox 3346 2950 3591 3007; x_wconf 73' lang='lat' dir='ltr'>virtutes</span> 
     </span>
    </p>
   </div>
   <div class='ocr_carea' id='block_1_62' title="bbox 1932 3037 3388 3114">
    <p class='ocr_par' dir='ltr' id='par_1_62' title="bbox 1932 3037 3388 3114">
     <span class='ocr_line' id='line_1_62' title="bbox 1932 3037 3388 3114; baseline -0.001 -17"><span class='ocrx_word' id='word_1_525' title='bbox 1932 3041 2439 3098; x_wconf 87' lang='lat' dir='ltr'>immortalitatem</span> <span class='ocrx_word' id='word_1_526' title='bbox 2469 3047 2527 3097; x_wconf 90' lang='lat' dir='ltr'>et</span> <span class='ocrx_word' id='word_1_527' title='bbox 2554 3041 3095 3114; x_wconf 87' lang='lat' dir='ltr'>impassi-bilitatem</span> <span class='ocrx_word' id='word_1_528' title='bbox 3126 3037 3388 3112; x_wconf 85' lang='lat' dir='ltr'>recipiet.</span> 
     </span>
    </p>
   </div>
   <div class='ocr_carea' id='block_1_63' title="bbox 2010 3127 3590 3203">
    <p class='ocr_par' dir='ltr' id='par_1_63' title="bbox 2010 3127 3590 3203">
     <span class='ocr_line' id='line_1_63' title="bbox 2010 3127 3590 3203; baseline 0.002 -21"><span class='ocrx_word' id='word_1_529' title='bbox 2010 3153 2039 3182; x_wconf 69' lang='grc' dir='ltr'>ι(</span> <span class='ocrx_word' id='word_1_530' title='bbox 2062 3132 2353 3188; x_wconf 88' lang='lat' dir='ltr'>Peccator.</span> <span class='ocrx_word' id='word_1_531' title='bbox 2374 3154 2402 3181; x_wconf 86' lang='grc'>››</span> <span class='ocrx_word' id='word_1_532' title='bbox 2420 3132 2560 3187; x_wconf 88' lang='lat' dir='ltr'>Pars</span> <span class='ocrx_word' id='word_1_533' title='bbox 2583 3130 2778 3187; x_wconf 90' lang='lat' dir='ltr'>tertia.</span> <span class='ocrx_word' id='word_1_534' title='bbox 2800 3130 2960 3199; x_wconf 91' lang='lat' dir='ltr'>Dico,</span> <span class='ocrx_word' id='word_1_535' title='bbox 2984 3131 3187 3203; x_wconf 89' lang='lat' dir='ltr'>justus</span> <span class='ocrx_word' id='word_1_536' title='bbox 3213 3127 3590 3203; x_wconf 79' lang='lat' dir='ltr'>exaltabitun,</span> 
     </span>
    </p>
   </div>
   <div class='ocr_carea' id='block_1_64' title="bbox 1933 3216 3591 3292">
    <p class='ocr_par' dir='ltr' id='par_1_64' title="bbox 1933 3216 3591 3292">
     <span class='ocr_line' id='line_1_64' title="bbox 1933 3216 3591 3292; baseline -0.001 -18"><span class='ocrx_word' id='word_1_537' title='bbox 1933 3225 1993 3275; x_wconf 92' lang='lat' dir='ltr'>et</span> <span class='ocrx_word' id='word_1_538' title='bbox 2021 3221 2131 3278; x_wconf 86' lang='lat' dir='ltr'>hoc</span> <span class='ocrx_word' id='word_1_539' title='bbox 2152 3244 2180 3271; x_wconf 85' lang='grc'>‹‹</span> <span class='ocrx_word' id='word_1_540' title='bbox 2213 3220 2431 3277; x_wconf 88' lang='lat' dir='ltr'>videbit</span> <span class='ocrx_word' id='word_1_541' title='bbox 2459 3224 2730 3292; x_wconf 86' lang='lat' dir='ltr'>peccator</span> <span class='ocrx_word' id='word_1_542' title='bbox 2762 3240 2790 3270; x_wconf 83' lang='lat'><strong>»</strong></span> <span class='ocrx_word' id='word_1_543' title='bbox 2812 3219 2954 3292; x_wconf 88' lang='lat' dir='ltr'>quia</span> <span class='ocrx_word' id='word_1_544' title='bbox 3000 3234 3207 3276; x_wconf 90' lang='lat' dir='ltr'>omnes</span> <span class='ocrx_word' id='word_1_545' title='bbox 3254 3234 3395 3279; x_wconf 88' lang='lat' dir='ltr'>suos</span> <span class='ocrx_word' id='word_1_546' title='bbox 3422 3216 3591 3291; x_wconf 55' lang='lat' dir='ltr'>Chl’if</span> 
     </span>
    </p>
   </div>
   <div class='ocr_carea' id='block_1_65' title="bbox 173 3294 3594 3383">
    <p class='ocr_par' dir='ltr' id='par_1_65' title="bbox 173 3294 3594 3383">
     <span class='ocr_line' id='line_1_65' title="bbox 173 3294 3594 3383; baseline 0 -22"><span class='ocrx_word' id='word_1_547' title='bbox 173 3335 197 3361; x_wconf 77' lang='grc' dir='ltr'>ιι</span> <span class='ocrx_word' id='word_1_548' title='bbox 226 3308 490 3381; x_wconf 88' lang='lat' dir='ltr'>seipsum</span> <span class='ocrx_word' id='word_1_549' title='bbox 511 3308 831 3365; x_wconf 79' lang='lat' dir='ltr'>exinanivit</span> <span class='ocrx_word' id='word_1_550' title='bbox 860 3310 1109 3366; x_wconf 85' lang='lat' dir='ltr'>formam</span> <span class='ocrx_word' id='word_1_551' title='bbox 1131 3312 1281 3367; x_wconf 89' lang='lat' dir='ltr'>servi</span> <span class='ocrx_word' id='word_1_552' title='bbox 1314 3294 1680 3383; x_wconf 40' lang='lat' dir='ltr'>accipiens}.</span> <span class='ocrx_word' id='word_1_553' title='bbox 1706 3318 1765 3368; x_wconf 92' lang='lat' dir='ltr'>et</span> <span class='ocrx_word' id='word_1_554' title='bbox 1796 3337 1819 3367; x_wconf 75' lang='grc' dir='ltr'><strong><em>ι</em></strong></span> <span class='ocrx_word' id='word_1_555' title='bbox 1855 3294 1900 3362; x_wconf 79' lang='lat' dir='ltr'><strong><em>C</em></strong></span> <span class='ocrx_word' id='word_1_556' title='bbox 1939 3316 2099 3366; x_wconf 88' lang='lat' dir='ltr'>stum</span> <span class='ocrx_word' id='word_1_557' title='bbox 2121 3310 2179 3366; x_wconf 91' lang='lat' dir='ltr'>in</span> <span class='ocrx_word' id='word_1_558' title='bbox 2200 3311 2426 3383; x_wconf 87' lang='lat' dir='ltr'>judicio</span> <span class='ocrx_word' id='word_1_559' title='bbox 2449 3313 2923 3367; x_wconf 85' lang='lat' dir='ltr'>remunerantem</span> <span class='ocrx_word' id='word_1_560' title='bbox 2946 3308 3228 3365; x_wconf 88' lang='lat' dir='ltr'>videbunt</span> <span class='ocrx_word' id='word_1_561' title='bbox 3251 3324 3300 3365; x_wconf 71' lang='lat' dir='ltr'>:a</span> <span class='ocrx_word' id='word_1_562' title='bbox 3323 3310 3382 3364; x_wconf 91' lang='lat' dir='ltr'>et</span> <span class='ocrx_word' id='word_1_563' title='bbox 3402 3329 3431 3358; x_wconf 82' lang='lat'><em>»</em></span> <span class='ocrx_word' id='word_1_564' title='bbox 3452 3310 3594 3363; x_wconf 89' lang='lat' dir='ltr'>tunc</span> 
     </span>
    </p>
   </div>
   <div class='ocr_carea' id='block_1_66' title="bbox 166 3398 1829 3473">
    <p class='ocr_par' dir='ltr' id='par_1_66' title="bbox 166 3398 1829 3473">
     <span class='ocr_line' id='line_1_66' title="bbox 166 3398 1829 3473; baseline 0.002 -19"><span class='ocrx_word' id='word_1_565' title='bbox 166 3398 351 3455; x_wconf 89' lang='lat' dir='ltr'>etiam</span> <span class='ocrx_word' id='word_1_566' title='bbox 381 3402 473 3454; x_wconf 90' lang='lat' dir='ltr'>est</span> <span class='ocrx_word' id='word_1_567' title='bbox 496 3418 521 3447; x_wconf 73' lang='grc' dir='ltr'>ι</span> <span class='ocrx_word' id='word_1_568' title='bbox 550 3399 775 3470; x_wconf 83' lang='lat' dir='ltr'>justus,</span> <span class='ocrx_word' id='word_1_569' title='bbox 800 3421 829 3449; x_wconf 82' lang='grc'><strong>››</strong></span> <span class='ocrx_word' id='word_1_570' title='bbox 856 3400 912 3454; x_wconf 92' lang='lat' dir='ltr'>id</span> <span class='ocrx_word' id='word_1_571' title='bbox 961 3404 1051 3455; x_wconf 90' lang='lat' dir='ltr'>est</span> <span class='ocrx_word' id='word_1_572' title='bbox 1098 3402 1350 3473; x_wconf 86' lang='lat' dir='ltr'>puniens</span> <span class='ocrx_word' id='word_1_573' title='bbox 1396 3406 1703 3473; x_wconf 73' lang='lat' dir='ltr'>peccata.»</span> <span class='ocrx_word' id='word_1_574' title='bbox 1728 3402 1829 3459; x_wconf 89' lang='lat' dir='ltr'>Vel</span> 
     </span>
    </p>
   </div>
   <div class='ocr_carea' id='block_1_67' title="bbox 174 3488 1827 3563">
    <p class='ocr_par' dir='ltr' id='par_1_67' title="bbox 174 3488 1827 3563">
     <span class='ocr_line' id='line_1_67' title="bbox 174 3488 1827 3563; baseline 0.005 -23"><span class='ocrx_word' id='word_1_575' title='bbox 174 3508 200 3540; x_wconf 73' lang='grc' dir='ltr'>ι</span> <span class='ocrx_word' id='word_1_576' title='bbox 230 3488 435 3559; x_wconf 85' lang='lat' dir='ltr'>justus</span> <span class='ocrx_word' id='word_1_577' title='bbox 468 3488 736 3560; x_wconf 80' lang='lat' dir='ltr'>(Philipp.</span> <span class='ocrx_word' id='word_1_578' title='bbox 757 3490 843 3559; x_wconf 80' lang='grc' dir='ltr'>ιι),</span> <span class='ocrx_word' id='word_1_579' title='bbox 871 3511 894 3541; x_wconf 73' lang='grc' dir='ltr'><strong><em>ι</em></strong></span> <span class='ocrx_word' id='word_1_580' title='bbox 935 3488 1076 3561; x_wconf 89' lang='lat' dir='ltr'>quia</span> <span class='ocrx_word' id='word_1_581' title='bbox 1124 3491 1236 3545; x_wconf 87' lang='lat' dir='ltr'>fuit</span> <span class='ocrx_word' id='word_1_582' title='bbox 1282 3490 1566 3547; x_wconf 88' lang='lat' dir='ltr'>immunis</span> <span class='ocrx_word' id='word_1_583' title='bbox 1611 3509 1645 3547; x_wconf 92' lang='lat' dir='ltr'>a</span> <span class='ocrx_word' id='word_1_584' title='bbox 1696 3509 1827 3563; x_wconf 90' lang='lat' dir='ltr'>pec-</span> 
     </span>
    </p>
   </div>
   <div class='ocr_carea' id='block_1_68' title="bbox 166 3576 1827 3649">
    <p class='ocr_par' dir='ltr' id='par_1_68' title="bbox 166 3576 1827 3649">
     <span class='ocr_line' id='line_1_68' title="bbox 166 3576 1827 3649; baseline 0.002 -16"><span class='ocrx_word' id='word_1_585' title='bbox 166 3580 422 3633; x_wconf 84' lang='lat' dir='ltr'>cato:et</span> <span class='ocrx_word' id='word_1_586' title='bbox 450 3592 556 3649; x_wconf 88' lang='lat' dir='ltr'>per</span> <span class='ocrx_word' id='word_1_587' title='bbox 603 3576 710 3633; x_wconf 88' lang='lat' dir='ltr'>has</span> <span class='ocrx_word' id='word_1_588' title='bbox 750 3577 1265 3636; x_wconf 87' lang='lat' dir='ltr'>determinationes</span> <span class='ocrx_word' id='word_1_589' title='bbox 1296 3580 1593 3637; x_wconf 89' lang='lat' dir='ltr'>Christum</span> <span class='ocrx_word' id='word_1_590' title='bbox 1637 3581 1827 3637; x_wconf 88' lang='lat' dir='ltr'>mani-</span> 
     </span>
    </p>
   </div>
   <div class='ocr_carea' id='block_1_69' title="bbox 165 3663 757 3738">
    <p class='ocr_par' dir='ltr' id='par_1_69' title="bbox 165 3663 757 3738">
     <span class='ocr_line' id='line_1_69' title="bbox 165 3663 757 3738; baseline 0.005 -19"><span class='ocrx_word' id='word_1_591' title='bbox 165 3665 316 3720; x_wconf 86' lang='lat' dir='ltr'>feste</span> <span class='ocrx_word' id='word_1_592' title='bbox 347 3663 757 3738; x_wconf 86' lang='lat' dir='ltr'>intelligimus.</span> 
     </span>
    </p>
   </div>
   <div class='ocr_carea' id='block_1_70' title="bbox 237 3752 1823 3830">
    <p class='ocr_par' dir='ltr' id='par_1_70' title="bbox 237 3752 1823 3830">
     <span class='ocr_line' id='line_1_70' title="bbox 237 3752 1823 3830; baseline 0.004 -22"><span class='ocrx_word' id='word_1_593' title='bbox 237 3753 450 3809; x_wconf 83' lang='lat' dir='ltr'>Exorto</span> <span class='ocrx_word' id='word_1_594' title='bbox 481 3752 761 3823; x_wconf 75' lang='lat' dir='ltr'>lumine,-</span> <span class='ocrx_word' id='word_1_595' title='bbox 787 3755 965 3813; x_wconf 89' lang='lat' dir='ltr'>homo</span> <span class='ocrx_word' id='word_1_596' title='bbox 987 3775 1015 3809; x_wconf 77' lang='grc' dir='ltr'><strong><em>ιο</em></strong></span> <span class='ocrx_word' id='word_1_597' title='bbox 1042 3758 1232 3814; x_wconf 83' lang='lat' dir='ltr'>factus</span> <span class='ocrx_word' id='word_1_598' title='bbox 1262 3778 1283 3807; x_wconf 77' lang='grc' dir='ltr'>ι</span> <span class='ocrx_word' id='word_1_599' title='bbox 1298 3759 1674 3830; x_wconf 78' lang='lat' dir='ltr'>jucundus,»</span> <span class='ocrx_word' id='word_1_600' title='bbox 1706 3759 1823 3829; x_wconf 90' lang='lat' dir='ltr'>ille,</span> 
     </span>
    </p>
   </div>
   <div class='ocr_carea' id='block_1_71' title="bbox 162 3841 1825 3917">
    <p class='ocr_par' dir='ltr' id='par_1_71' title="bbox 162 3841 1825 3917">
     <span class='ocr_line' id='line_1_71' title="bbox 162 3841 1825 3917; baseline 0.002 -16"><span class='ocrx_word' id='word_1_601' title='bbox 162 3841 416 3915; x_wconf 72' lang='lat' dir='ltr'>scilicet,</span> <span class='ocrx_word' id='word_1_602' title='bbox 451 3844 781 3916; x_wconf 87' lang='lat' dir='ltr'>jucundns,</span> <span class='ocrx_word' id='word_1_603' title='bbox 809 3868 831 3895; x_wconf 76' lang='grc' dir='ltr'>ι</span> <span class='ocrx_word' id='word_1_604' title='bbox 869 3846 971 3917; x_wconf 89' lang='lat' dir='ltr'>qui</span> <span class='ocrx_word' id='word_1_605' title='bbox 1019 3847 1333 3903; x_wconf 86' lang='lat' dir='ltr'>miseretur</span> <span class='ocrx_word' id='word_1_606' title='bbox 1356 3874 1378 3901; x_wconf 80' lang='grc' dir='ltr'><strong><em>ι</em></strong></span> <span class='ocrx_word' id='word_1_607' title='bbox 1414 3847 1475 3903; x_wconf 91' lang='lat' dir='ltr'>in</span> <span class='ocrx_word' id='word_1_608' title='bbox 1524 3849 1825 3905; x_wconf 79' lang='lat' dir='ltr'>ail‘cctione</span> 
     </span>
    </p>
   </div>
   <div class='ocr_carea' id='block_1_72' title="bbox 160 3931 1826 4008">
    <p class='ocr_par' dir='ltr' id='par_1_72' title="bbox 160 3931 1826 4008">
     <span class='ocr_line' id='line_1_72' title="bbox 160 3931 1826 4008; baseline 0.004 -21"><span class='ocrx_word' id='word_1_609' title='bbox 160 3947 345 4003; x_wconf 87' lang='lat' dir='ltr'>super</span> <span class='ocrx_word' id='word_1_610' title='bbox 373 3931 633 4004; x_wconf 87' lang='lat' dir='ltr'>aliquem</span> <span class='ocrx_word' id='word_1_611' title='bbox 664 3932 1075 3991; x_wconf 84' lang='lat' dir='ltr'>necessitatem</span> <span class='ocrx_word' id='word_1_612' title='bbox 1108 3936 1421 4007; x_wconf 86' lang='lat' dir='ltr'>patientem</span> <span class='ocrx_word' id='word_1_613' title='bbox 1448 3954 1462 3993; x_wconf 90' lang='lat'><strong>:</strong></span> <span class='ocrx_word' id='word_1_614' title='bbox 1492 3938 1649 4008; x_wconf 90' lang='lat' dir='ltr'>quod</span> <span class='ocrx_word' id='word_1_615' title='bbox 1682 3939 1826 3994; x_wconf 88' lang='lat' dir='ltr'>satis</span> 
     </span>
    </p>
   </div>
   <div class='ocr_carea' id='block_1_73' title="bbox 158 4019 1825 4098">
    <p class='ocr_par' dir='ltr' id='par_1_73' title="bbox 158 4019 1825 4098">
     <span class='ocr_line' id='line_1_73' title="bbox 158 4019 1825 4098; baseline 0.004 -23"><span class='ocrx_word' id='word_1_616' title='bbox 158 4023 254 4075; x_wconf 84' lang='lat' dir='ltr'>est</span> <span class='ocrx_word' id='word_1_617' title='bbox 283 4020 356 4075; x_wconf 89' lang='lat' dir='ltr'>ad</span> <span class='ocrx_word' id='word_1_618' title='bbox 386 4019 666 4090; x_wconf 87' lang='lat' dir='ltr'>salutem,</span> <span class='ocrx_word' id='word_1_619' title='bbox 699 4020 747 4079; x_wconf 89' lang='lat' dir='ltr'>si</span> <span class='ocrx_word' id='word_1_620' title='bbox 794 4021 891 4078; x_wconf 89' lang='lat' dir='ltr'>ille</span> <span class='ocrx_word' id='word_1_621' title='bbox 924 4023 1215 4080; x_wconf 87' lang='lat' dir='ltr'>miserans</span> <span class='ocrx_word' id='word_1_622' title='bbox 1263 4042 1379 4080; x_wconf 89' lang='lat' dir='ltr'>non</span> <span class='ocrx_word' id='word_1_623' title='bbox 1427 4025 1641 4082; x_wconf 90' lang='lat' dir='ltr'>habeat</span> <span class='ocrx_word' id='word_1_624' title='bbox 1670 4027 1825 4098; x_wconf 90' lang='lat' dir='ltr'>quod</span> 
     </span>
    </p>
   </div>
   <div class='ocr_carea' id='block_1_74' title="bbox 161 4108 1825 4185">
    <p class='ocr_par' dir='ltr' id='par_1_74' title="bbox 161 4108 1825 4185">
     <span class='ocr_line' id='line_1_74' title="bbox 161 4108 1825 4185; baseline 0.005 -23"><span class='ocrx_word' id='word_1_625' title='bbox 161 4108 471 4181; x_wconf 82' lang='lat' dir='ltr'>impendat</span> <span class='ocrx_word' id='word_1_626' title='bbox 520 4114 678 4167; x_wconf 64' lang='lat' dir='ltr'>:xet</span> <span class='ocrx_word' id='word_1_627' title='bbox 710 4133 733 4163; x_wconf 80' lang='grc' dir='ltr'>ιι</span> <span class='ocrx_word' id='word_1_628' title='bbox 768 4129 905 4168; x_wconf 90' lang='lat' dir='ltr'>cum</span> <span class='ocrx_word' id='word_1_629' title='bbox 964 4129 1115 4184; x_wconf 88' lang='lat' dir='ltr'>opus</span> <span class='ocrx_word' id='word_1_630' title='bbox 1175 4118 1285 4179; x_wconf 88' lang='lat' dir='ltr'>est,</span> <span class='ocrx_word' id='word_1_631' title='bbox 1327 4115 1375 4169; x_wconf 89' lang='lat' dir='ltr'>si</span> <span class='ocrx_word' id='word_1_632' title='bbox 1427 4116 1571 4185; x_wconf 90' lang='lat' dir='ltr'>quid</span> <span class='ocrx_word' id='word_1_633' title='bbox 1624 4115 1825 4185; x_wconf 88' lang='lat' dir='ltr'>habet,</span> 
     </span>
    </p>
   </div>
   <div class='ocr_carea' id='block_1_75' title="bbox 164 4199 1824 4275">
    <p class='ocr_par' dir='ltr' id='par_1_75' title="bbox 164 4199 1824 4275">
     <span class='ocr_line' id='line_1_75' title="bbox 164 4199 1824 4275; baseline 0.006 -26"><span class='ocrx_word' id='word_1_634' title='bbox 164 4219 190 4247; x_wconf 73' lang='grc' dir='ltr'>ι</span> <span class='ocrx_word' id='word_1_635' title='bbox 216 4199 608 4268; x_wconf 73' lang='grc' dir='ltr'>οοωωοᾱαῐ,ι</span> <span class='ocrx_word' id='word_1_636' title='bbox 637 4199 696 4254; x_wconf 90' lang='lat' dir='ltr'>id</span> <span class='ocrx_word' id='word_1_637' title='bbox 720 4204 828 4269; x_wconf 89' lang='lat' dir='ltr'>est,</span> <span class='ocrx_word' id='word_1_638' title='bbox 854 4200 1157 4257; x_wconf 88' lang='lat' dir='ltr'>distribuit</span> <span class='ocrx_word' id='word_1_639' title='bbox 1178 4203 1443 4275; x_wconf 87' lang='lat' dir='ltr'>pauperi.</span> <span class='ocrx_word' id='word_1_640' title='bbox 1465 4204 1597 4260; x_wconf 89' lang='lat' dir='ltr'>Ideo</span> <span class='ocrx_word' id='word_1_641' title='bbox 1627 4208 1824 4259; x_wconf 89' lang='lat' dir='ltr'>tamen</span> 
     </span>
    </p>
   </div>
   <div class='ocr_carea' id='block_1_76' title="bbox 161 4286 1824 4364">
    <p class='ocr_par' dir='ltr' id='par_1_76' title="bbox 161 4286 1824 4364">
     <span class='ocr_line' id='line_1_76' title="bbox 161 4286 1824 4364; baseline 0.005 -24"><span class='ocrx_word' id='word_1_642' title='bbox 161 4286 307 4342; x_wconf 91' lang='lat' dir='ltr'>dicit</span> <span class='ocrx_word' id='word_1_643' title='bbox 341 4306 365 4335; x_wconf 79' lang='grc' dir='ltr'>ι</span> <span class='ocrx_word' id='word_1_644' title='bbox 398 4288 759 4359; x_wconf 89' lang='lat' dir='ltr'>commodat,</span> <span class='ocrx_word' id='word_1_645' title='bbox 790 4313 813 4343; x_wconf 78' lang='grc' dir='ltr'><strong><em>ι</em></strong></span> <span class='ocrx_word' id='word_1_646' title='bbox 851 4290 989 4362; x_wconf 88' lang='lat' dir='ltr'>quia</span> <span class='ocrx_word' id='word_1_647' title='bbox 1019 4289 1155 4347; x_wconf 88' lang='lat' dir='ltr'>licet</span> <span class='ocrx_word' id='word_1_648' title='bbox 1203 4308 1318 4348; x_wconf 93' lang='lat' dir='ltr'>non</span> <span class='ocrx_word' id='word_1_649' title='bbox 1366 4309 1401 4348; x_wconf 88' lang='lat' dir='ltr'>a</span> <span class='ocrx_word' id='word_1_650' title='bbox 1448 4309 1702 4364; x_wconf 90' lang='lat' dir='ltr'>paupere</span> <span class='ocrx_word' id='word_1_651' title='bbox 1730 4293 1824 4349; x_wconf 93' lang='lat' dir='ltr'>cui</span> 
     </span>
    </p>
   </div>
   <div class='ocr_carea' id='block_1_77' title="bbox 160 4374 1826 4452">
    <p class='ocr_par' dir='ltr' id='par_1_77' title="bbox 160 4374 1826 4452">
     <span class='ocr_line' id='line_1_77' title="bbox 160 4374 1826 4452; baseline 0.005 -22"><span class='ocrx_word' id='word_1_652' title='bbox 160 4374 287 4443; x_wconf 76' lang='lat' dir='ltr'>dat,</span> <span class='ocrx_word' id='word_1_653' title='bbox 309 4392 344 4431; x_wconf 87' lang='lat' dir='ltr'>a</span> <span class='ocrx_word' id='word_1_654' title='bbox 371 4375 488 4433; x_wconf 91' lang='lat' dir='ltr'>Deo</span> <span class='ocrx_word' id='word_1_655' title='bbox 518 4380 719 4433; x_wconf 86' lang='lat' dir='ltr'>tamen</span> <span class='ocrx_word' id='word_1_656' title='bbox 749 4379 1286 4437; x_wconf 86' lang='lat' dir='ltr'>remunerationem</span> <span class='ocrx_word' id='word_1_657' title='bbox 1316 4385 1633 4452; x_wconf 79' lang='lat' dir='ltr'>exspectat,</span> <span class='ocrx_word' id='word_1_658' title='bbox 1664 4381 1826 4438; x_wconf 77' lang='lat' dir='ltr'>sicut</span> 
     </span>
    </p>
   </div>
   <div class='ocr_carea' id='block_1_78' title="bbox 160 4462 1826 4539">
    <p class='ocr_par' dir='ltr' id='par_1_78' title="bbox 160 4462 1826 4539">
     <span class='ocr_line' id='line_1_78' title="bbox 160 4462 1826 4539; baseline 0.004 -21"><span class='ocrx_word' id='word_1_659' title='bbox 160 4462 261 4519; x_wconf 88' lang='lat' dir='ltr'>ille</span> <span class='ocrx_word' id='word_1_660' title='bbox 282 4463 384 4535; x_wconf 88' lang='lat' dir='ltr'>qui</span> <span class='ocrx_word' id='word_1_661' title='bbox 414 4466 729 4537; x_wconf 85' lang='lat' dir='ltr'>pecuniam</span> <span class='ocrx_word' id='word_1_662' title='bbox 751 4469 1160 4524; x_wconf 88' lang='lat' dir='ltr'>accommodat</span> <span class='ocrx_word' id='word_1_663' title='bbox 1183 4467 1516 4539; x_wconf 88' lang='lat' dir='ltr'>alicui.Vel,</span> <span class='ocrx_word' id='word_1_664' title='bbox 1543 4492 1566 4521; x_wconf 72' lang='grc' dir='ltr'>ι</span> <span class='ocrx_word' id='word_1_665' title='bbox 1591 4469 1826 4525; x_wconf 85' lang='lat' dir='ltr'>misere-</span> 
     </span>
    </p>
   </div>
   <div class='ocr_carea' id='block_1_79' title="bbox 158 4552 1825 4629">
    <p class='ocr_par' dir='ltr' id='par_1_79' title="bbox 158 4552 1825 4629">
     <span class='ocr_line' id='line_1_79' title="bbox 158 4552 1825 4629; baseline 0.003 -20"><span class='ocrx_word' id='word_1_666' title='bbox 158 4555 315 4621; x_wconf 67' lang='lat' dir='ltr'>tur,»</span> <span class='ocrx_word' id='word_1_667' title='bbox 343 4552 402 4608; x_wconf 91' lang='lat' dir='ltr'>id</span> <span class='ocrx_word' id='word_1_668' title='bbox 423 4558 536 4626; x_wconf 89' lang='lat' dir='ltr'>est,</span> <span class='ocrx_word' id='word_1_669' title='bbox 561 4555 877 4626; x_wconf 87' lang='lat' dir='ltr'>pecuniam</span> <span class='ocrx_word' id='word_1_670' title='bbox 900 4573 1070 4614; x_wconf 87' lang='lat' dir='ltr'>suam</span> <span class='ocrx_word' id='word_1_671' title='bbox 1099 4556 1389 4629; x_wconf 88' lang='lat' dir='ltr'>indigenti</span> <span class='ocrx_word' id='word_1_672' title='bbox 1419 4557 1736 4628; x_wconf 86' lang='lat' dir='ltr'>ministrat,</span> <span class='ocrx_word' id='word_1_673' title='bbox 1768 4562 1825 4615; x_wconf 95' lang='lat' dir='ltr'>et</span> 
     </span>
    </p>
   </div>
   <div class='ocr_carea' id='block_1_80' title="bbox 1940 3395 3595 3472">
    <p class='ocr_par' dir='ltr' id='par_1_80' title="bbox 1940 3395 3595 3472">
     <span class='ocr_line' id='line_1_80' title="bbox 1940 3395 3595 3472; baseline 0 -17"><span class='ocrx_word' id='word_1_674' title='bbox 1940 3404 2211 3472; x_wconf 89' lang='lat' dir='ltr'>peccator</span> <span class='ocrx_word' id='word_1_675' title='bbox 2230 3400 2346 3470; x_wconf 92' lang='lat' dir='ltr'>ille,</span> <span class='ocrx_word' id='word_1_676' title='bbox 2366 3399 2469 3472; x_wconf 90' lang='lat' dir='ltr'>qui</span> <span class='ocrx_word' id='word_1_677' title='bbox 2499 3398 2663 3472; x_wconf 90' lang='lat' dir='ltr'>prius</span> <span class='ocrx_word' id='word_1_678' title='bbox 2683 3402 2887 3454; x_wconf 88' lang='lat' dir='ltr'>contra</span> <span class='ocrx_word' id='word_1_679' title='bbox 2918 3398 3105 3454; x_wconf 89' lang='lat' dir='ltr'>bonos</span> <span class='ocrx_word' id='word_1_680' title='bbox 3131 3397 3191 3453; x_wconf 91' lang='lat' dir='ltr'>in</span> <span class='ocrx_word' id='word_1_681' title='bbox 3212 3395 3426 3454; x_wconf 75' lang='grc' dir='ltr'>Βωοιιιο</span> <span class='ocrx_word' id='word_1_682' title='bbox 3446 3395 3595 3455; x_wconf 83' lang='lat' dir='ltr'>iram</span> 
     </span>
    </p>
   </div>
   <div class='ocr_carea' id='block_1_81' title="bbox 1934 3484 3598 3563">
    <p class='ocr_par' dir='ltr' id='par_1_81' title="bbox 1934 3484 3598 3563">
     <span class='ocr_line' id='line_1_81' title="bbox 1934 3484 3598 3563; baseline -0.003 -17"><span class='ocrx_word' id='word_1_683' title='bbox 1934 3490 2253 3557; x_wconf 80' lang='lat' dir='ltr'>exercuit,«</span> <span class='ocrx_word' id='word_1_684' title='bbox 2273 3490 2618 3557; x_wconf 83' lang='lat' dir='ltr'>irascetur,»</span> <span class='ocrx_word' id='word_1_685' title='bbox 2639 3488 2754 3545; x_wconf 88' lang='lat' dir='ltr'>sibi</span> <span class='ocrx_word' id='word_1_686' title='bbox 2785 3488 2899 3563; x_wconf 87' lang='lat' dir='ltr'>ipsi</span> <span class='ocrx_word' id='word_1_687' title='bbox 2919 3487 3234 3557; x_wconf 88' lang='lat' dir='ltr'>irascetur;</span> <span class='ocrx_word' id='word_1_688' title='bbox 3259 3509 3287 3537; x_wconf 86' lang='lat'><strong>«</strong></span> <span class='ocrx_word' id='word_1_689' title='bbox 3321 3484 3598 3542; x_wconf 83' lang='lat' dir='ltr'>dentibus</span> 
     </span>
    </p>
   </div>
   <div class='ocr_carea' id='block_1_82' title="bbox 1938 3572 3596 3652">
    <p class='ocr_par' dir='ltr' id='par_1_82' title="bbox 1938 3572 3596 3652">
     <span class='ocr_line' id='line_1_82' title="bbox 1938 3572 3596 3652; baseline -0.002 -15"><span class='ocrx_word' id='word_1_690' title='bbox 1938 3580 2067 3637; x_wconf 88' lang='lat' dir='ltr'>suis</span> <span class='ocrx_word' id='word_1_691' title='bbox 2108 3581 2337 3649; x_wconf 83' lang='lat' dir='ltr'>fremet,</span> <span class='ocrx_word' id='word_1_692' title='bbox 2360 3602 2389 3631; x_wconf 84' lang='lat'><strong><em>»</em></strong></span> <span class='ocrx_word' id='word_1_693' title='bbox 2415 3578 2555 3652; x_wconf 89' lang='lat' dir='ltr'>quia</span> <span class='ocrx_word' id='word_1_694' title='bbox 2579 3601 2608 3629; x_wconf 88' lang='grc'>‹‹</span> <span class='ocrx_word' id='word_1_695' title='bbox 2650 3578 2731 3634; x_wconf 88' lang='lat' dir='ltr'>ibi</span> <span class='ocrx_word' id='word_1_696' title='bbox 2772 3579 2947 3635; x_wconf 85' lang='lat' dir='ltr'>ﬂetus</span> <span class='ocrx_word' id='word_1_697' title='bbox 2993 3580 3053 3633; x_wconf 87' lang='lat' dir='ltr'>et</span> <span class='ocrx_word' id='word_1_698' title='bbox 3081 3574 3302 3633; x_wconf 88' lang='lat' dir='ltr'>stridor</span> <span class='ocrx_word' id='word_1_699' title='bbox 3327 3572 3596 3635; x_wconf 83' lang='lat' dir='ltr'>dentium</span> 
     </span>
    </p>
   </div>
   <div class='ocr_carea' id='block_1_83' title="bbox 1936 3663 3596 3741">
    <p class='ocr_par' dir='ltr' id='par_1_83' title="bbox 1936 3663 3596 3741">
     <span class='ocr_line' id='line_1_83' title="bbox 1936 3663 3596 3741; baseline -0.002 -18"><span class='ocrx_word' id='word_1_700' title='bbox 1936 3668 2144 3741; x_wconf 73' lang='lat' dir='ltr'>(Matth.</span> <span class='ocrx_word' id='word_1_701' title='bbox 2166 3685 2301 3736; x_wconf 84' lang='lat' dir='ltr'>xm;</span> <span class='ocrx_word' id='word_1_702' title='bbox 2324 3671 2452 3724; x_wconf 85' lang='lat' dir='ltr'>Luc.</span> <span class='ocrx_word' id='word_1_703' title='bbox 2477 3671 2637 3739; x_wconf 76' lang='lat' dir='ltr'>xm):</span> <span class='ocrx_word' id='word_1_704' title='bbox 2665 3690 2694 3718; x_wconf 87' lang='grc'>››</span> <span class='ocrx_word' id='word_1_705' title='bbox 2727 3667 2883 3739; x_wconf 90' lang='lat' dir='ltr'>quod</span> <span class='ocrx_word' id='word_1_706' title='bbox 2915 3664 3060 3723; x_wconf 86' lang='lat' dir='ltr'>dicit</span> <span class='ocrx_word' id='word_1_707' title='bbox 3090 3669 3232 3722; x_wconf 86' lang='lat' dir='ltr'>tunc</span> <span class='ocrx_word' id='word_1_708' title='bbox 3258 3664 3455 3733; x_wconf 77' lang='lat' dir='ltr'>irasci,</span> <span class='ocrx_word' id='word_1_709' title='bbox 3478 3663 3596 3720; x_wconf 78' lang='lat' dir='ltr'>fre-</span> 
     </span>
    </p>
   </div>
   <div class='ocr_carea' id='block_1_84' title="bbox 1936 3753 3594 3829">
    <p class='ocr_par' dir='ltr' id='par_1_84' title="bbox 1936 3753 3594 3829">
     <span class='ocr_line' id='line_1_84' title="bbox 1936 3753 3594 3829; baseline -0.008 -12"><span class='ocrx_word' id='word_1_710' title='bbox 1936 3766 2097 3817; x_wconf 83' lang='lat' dir='ltr'>mere</span> <span class='ocrx_word' id='word_1_711' title='bbox 2128 3757 2423 3827; x_wconf 89' lang='lat' dir='ltr'>dentibus,</span> <span class='ocrx_word' id='word_1_712' title='bbox 2457 3774 2561 3829; x_wconf 90' lang='lat' dir='ltr'>per</span> <span class='ocrx_word' id='word_1_713' title='bbox 2600 3757 2794 3812; x_wconf 88' lang='lat' dir='ltr'>simile</span> <span class='ocrx_word' id='word_1_714' title='bbox 2824 3755 2984 3823; x_wconf 87' lang='lat' dir='ltr'>dicit,</span> <span class='ocrx_word' id='word_1_715' title='bbox 3008 3754 3149 3826; x_wconf 89' lang='lat' dir='ltr'>quia</span> <span class='ocrx_word' id='word_1_716' title='bbox 3186 3753 3445 3812; x_wconf 84' lang='lat' dir='ltr'>similem</span> <span class='ocrx_word' id='word_1_717' title='bbox 3473 3768 3594 3826; x_wconf 43' lang='lat' dir='ltr'>pmi-</span> 
     </span>
    </p>
   </div>
   <div class='ocr_carea' id='block_1_85' title="bbox 1934 3843 3596 3918">
    <p class='ocr_par' dir='ltr' id='par_1_85' title="bbox 1934 3843 3596 3918">
     <span class='ocr_line' id='line_1_85' title="bbox 1934 3843 3596 3918; baseline -0.005 -14"><span class='ocrx_word' id='word_1_718' title='bbox 1934 3865 2074 3905; x_wconf 87' lang='lat' dir='ltr'>nam</span> <span class='ocrx_word' id='word_1_719' title='bbox 2096 3847 2398 3903; x_wconf 82' lang='lat' dir='ltr'>habebunt</span> <span class='ocrx_word' id='word_1_720' title='bbox 2418 3845 2716 3918; x_wconf 65' lang='lat' dir='ltr'>nequitiae,</span> <span class='ocrx_word' id='word_1_721' title='bbox 2733 3859 2912 3916; x_wconf 88' lang='lat' dir='ltr'>quam</span> <span class='ocrx_word' id='word_1_722' title='bbox 2934 3843 3029 3899; x_wconf 89' lang='lat' dir='ltr'>hic</span> <span class='ocrx_word' id='word_1_723' title='bbox 3051 3846 3438 3899; x_wconf 76' lang='lat' dir='ltr'>exercuerunt</span> <span class='ocrx_word' id='word_1_724' title='bbox 3460 3857 3511 3896; x_wconf 72' lang='grc' dir='ltr'>ζα</span> <span class='ocrx_word' id='word_1_725' title='bbox 3536 3844 3596 3896; x_wconf 85' lang='lat' dir='ltr'>et</span> 
     </span>
    </p>
   </div>
   <div class='ocr_carea' id='block_1_86' title="bbox 1936 3928 3596 4005">
    <p class='ocr_par' dir='ltr' id='par_1_86' title="bbox 1936 3928 3596 4005">
     <span class='ocr_line' id='line_1_86' title="bbox 1936 3928 3596 4005; baseline -0.005 -13"><span class='ocrx_word' id='word_1_726' title='bbox 1936 3936 2248 4005; x_wconf 79' lang='lat' dir='ltr'>tabescet,»</span> <span class='ocrx_word' id='word_1_727' title='bbox 2271 3935 2329 3989; x_wconf 90' lang='lat' dir='ltr'>id</span> <span class='ocrx_word' id='word_1_728' title='bbox 2353 3938 2461 4003; x_wconf 91' lang='lat' dir='ltr'>est,</span> <span class='ocrx_word' id='word_1_729' title='bbox 2478 3932 2730 4000; x_wconf 81' lang='lat' dir='ltr'>deﬁciet,</span> <span class='ocrx_word' id='word_1_730' title='bbox 2750 3932 2882 3988; x_wconf 90' lang='lat' dir='ltr'>ideo</span> <span class='ocrx_word' id='word_1_731' title='bbox 2905 3929 3299 4002; x_wconf 86' lang='lat' dir='ltr'>scilicet,quia</span> <span class='ocrx_word' id='word_1_732' title='bbox 3323 3951 3352 3981; x_wconf 77' lang='grc' dir='ltr'>ι(</span> <span class='ocrx_word' id='word_1_733' title='bbox 3373 3928 3596 4001; x_wconf 42' lang='lat' dir='ltr'>deside,-</span> 
     </span>
    </p>
   </div>
   <div class='ocr_carea' id='block_1_87' title="bbox 1935 4016 3695 4095">
    <p class='ocr_par' dir='ltr' id='par_1_87' title="bbox 1935 4016 3695 4095">
     <span class='ocr_line' id='line_1_87' title="bbox 1935 4016 3695 4095; baseline -0.006 -14"><span class='ocrx_word' id='word_1_734' title='bbox 1935 4025 2091 4081; x_wconf 90' lang='lat' dir='ltr'>rium</span> <span class='ocrx_word' id='word_1_735' title='bbox 2124 4027 2494 4095; x_wconf 89' lang='lat' dir='ltr'>peccatorum</span> <span class='ocrx_word' id='word_1_736' title='bbox 2541 4020 2776 4093; x_wconf 87' lang='lat' dir='ltr'>peribit,</span> <span class='ocrx_word' id='word_1_737' title='bbox 2807 4042 2836 4069; x_wconf 90' lang='grc'>››</span> <span class='ocrx_word' id='word_1_738' title='bbox 2867 4018 3006 4091; x_wconf 90' lang='lat' dir='ltr'>quia</span> <span class='ocrx_word' id='word_1_739' title='bbox 3045 4016 3402 4075; x_wconf 86' lang='lat' dir='ltr'>desiderium</span> <span class='ocrx_word' id='word_1_740' title='bbox 3436 4017 3592 4088; x_wconf 86' lang='lat' dir='ltr'>quod</span> <span class='ocrx_word' id='word_1_741' title='bbox 3694 4076 3695 4079; x_wconf 30' lang='grc' dir='ltr'><strong>η</strong></span> 
     </span>
    </p>
   </div>
   <div class='ocr_carea' id='block_1_88' title="bbox 1935 4107 3594 4182">
    <p class='ocr_par' dir='ltr' id='par_1_88' title="bbox 1935 4107 3594 4182">
     <span class='ocr_line' id='line_1_88' title="bbox 1935 4107 3594 4182; baseline -0.006 -11"><span class='ocrx_word' id='word_1_742' title='bbox 1935 4115 2231 4171; x_wconf 89' lang='lat' dir='ltr'>habebant</span> <span class='ocrx_word' id='word_1_743' title='bbox 2272 4112 2329 4167; x_wconf 91' lang='lat' dir='ltr'>in</span> <span class='ocrx_word' id='word_1_744' title='bbox 2367 4111 2476 4168; x_wconf 90' lang='lat' dir='ltr'>hac</span> <span class='ocrx_word' id='word_1_745' title='bbox 2505 4110 2644 4180; x_wconf 87' lang='lat' dir='ltr'>vita,</span> <span class='ocrx_word' id='word_1_746' title='bbox 2676 4109 2892 4182; x_wconf 90' lang='lat' dir='ltr'>peribit</span> <span class='ocrx_word' id='word_1_747' title='bbox 2928 4126 2941 4166; x_wconf 88' lang='lat'><strong>:</strong></span> <span class='ocrx_word' id='word_1_748' title='bbox 2977 4107 3117 4180; x_wconf 87' lang='lat' dir='ltr'>quia</span> <span class='ocrx_word' id='word_1_749' title='bbox 3144 4110 3323 4163; x_wconf 85' lang='lat' dir='ltr'>etiam</span> <span class='ocrx_word' id='word_1_750' title='bbox 3367 4111 3594 4181; x_wconf 73' lang='lat' dir='ltr'>terrena</span> 
     </span>
    </p>
   </div>
   <div class='ocr_carea' id='block_1_89' title="bbox 1934 4196 3595 4275">
    <p class='ocr_par' dir='ltr' id='par_1_89' title="bbox 1934 4196 3595 4275">
     <span class='ocr_line' id='line_1_89' title="bbox 1934 4196 3595 4275; baseline -0.005 -16"><span class='ocrx_word' id='word_1_751' title='bbox 1934 4205 2231 4275; x_wconf 89' lang='lat' dir='ltr'>peribunt,</span> <span class='ocrx_word' id='word_1_752' title='bbox 2255 4220 2381 4273; x_wconf 74' lang='lat' dir='ltr'>qua:</span> <span class='ocrx_word' id='word_1_753' title='bbox 2415 4200 2541 4257; x_wconf 90' lang='lat' dir='ltr'>sola</span> <span class='ocrx_word' id='word_1_754' title='bbox 2579 4198 2692 4271; x_wconf 89' lang='lat' dir='ltr'>ipsi</span> <span class='ocrx_word' id='word_1_755' title='bbox 2722 4214 2956 4270; x_wconf 88' lang='lat' dir='ltr'>semper</span> <span class='ocrx_word' id='word_1_756' title='bbox 2985 4196 3460 4253; x_wconf 85' lang='lat' dir='ltr'>desideraverant</span> <span class='ocrx_word' id='word_1_757' title='bbox 3487 4210 3502 4250; x_wconf 89' lang='lat'><strong>:</strong></span> <span class='ocrx_word' id='word_1_758' title='bbox 3534 4198 3595 4269; x_wconf 71' lang='lat' dir='ltr'>et</span> 
     </span>
    </p>
   </div>
   <div class='ocr_carea' id='block_1_90' title="bbox 1935 4283 3583 4363">
    <p class='ocr_par' dir='ltr' id='par_1_90' title="bbox 1935 4283 3583 4363">
     <span class='ocr_line' id='line_1_90' title="bbox 1935 4283 3583 4363; baseline -0.006 -15"><span class='ocrx_word' id='word_1_759' title='bbox 1935 4297 2160 4361; x_wconf 90' lang='lat' dir='ltr'>contra,</span> <span class='ocrx_word' id='word_1_760' title='bbox 2184 4290 2335 4363; x_wconf 80' lang='lat' dir='ltr'>justi</span> <span class='ocrx_word' id='word_1_761' title='bbox 2368 4288 2730 4345; x_wconf 88' lang='lat' dir='ltr'>desiderium</span> <span class='ocrx_word' id='word_1_762' title='bbox 2761 4285 3178 4360; x_wconf 89' lang='lat' dir='ltr'>complebitur.</span> <span class='ocrx_word' id='word_1_763' title='bbox 3209 4283 3476 4343; x_wconf 85' lang='lat' dir='ltr'>Alleluia.</span> <span class='ocrx_word' id='word_1_764' title='bbox 3508 4354 3515 4357; x_wconf 21' lang='grc' dir='ltr'><strong><em>Α</em></strong></span> <span class='ocrx_word' id='word_1_765' title='bbox 3578 4340 3583 4349; x_wconf 66' lang='grc'><strong><em>,</em></strong></span> 
     </span>
    </p>
   </div>
   <div class='ocr_carea' id='block_1_91' title="bbox 2432 4374 3100 4434">
    <p class='ocr_par' dir='ltr' id='par_1_91' title="bbox 2432 4374 3100 4434">
     <span class='ocr_line' id='line_1_91' title="bbox 2432 4374 3100 4434; baseline -0.007 0"><span class='ocrx_word' id='word_1_766' title='bbox 2432 4378 2503 4434; x_wconf 87' lang='grc' dir='ltr'><strong>ΙΝ</strong></span> <span class='ocrx_word' id='word_1_767' title='bbox 2546 4375 2894 4433; x_wconf 87' lang='lat' dir='ltr'>PSALMUM</span> <span class='ocrx_word' id='word_1_768' title='bbox 2936 4374 3100 4432; x_wconf 88' lang='lat' dir='ltr'>CXII.</span> 
     </span>
    </p>
   </div>
   <div class='ocr_carea' id='block_1_92' title="bbox 2477 4464 3046 4522">
    <p class='ocr_par' dir='ltr' id='par_1_92' title="bbox 2477 4464 3046 4522">
     <span class='ocr_line' id='line_1_92' title="bbox 2477 4464 3046 4522; baseline -0.005 -1"><span class='ocrx_word' id='word_1_769' title='bbox 2477 4466 2754 4522; x_wconf 77' lang='lat' dir='ltr'>Trruws.</span> <span class='ocrx_word' id='word_1_770' title='bbox 2785 4464 3046 4520; x_wconf 75' lang='lat' dir='ltr'>Alleluia.</span> 
     </span>
    </p>
   </div>
   <div class='ocr_carea' id='block_1_93' title="bbox 2006 4550 3591 4627">
    <p class='ocr_par' dir='ltr' id='par_1_93' title="bbox 2006 4550 3591 4627">
     <span class='ocr_line' id='line_1_93' title="bbox 2006 4550 3591 4627; baseline -0.003 -17"><span class='ocrx_word' id='word_1_771' title='bbox 2006 4584 2034 4610; x_wconf 86' lang='grc'><em>‹‹</em></span> <span class='ocrx_word' id='word_1_772' title='bbox 2072 4558 2351 4624; x_wconf 87' lang='lat' dir='ltr'>Laudate,</span> <span class='ocrx_word' id='word_1_773' title='bbox 2387 4554 2574 4627; x_wconf 87' lang='lat' dir='ltr'>pueri,</span> <span class='ocrx_word' id='word_1_774' title='bbox 2614 4553 2952 4609; x_wconf 90' lang='lat' dir='ltr'>Dominum.</span> <span class='ocrx_word' id='word_1_775' title='bbox 2983 4573 3012 4601; x_wconf 74' lang='grc' dir='ltr'><strong><em>υ</em></strong></span> <span class='ocrx_word' id='word_1_776' title='bbox 3035 4551 3139 4608; x_wconf 88' lang='lat' dir='ltr'>Hic</span> <span class='ocrx_word' id='word_1_777' title='bbox 3166 4550 3432 4623; x_wconf 82' lang='lat' dir='ltr'>loquitur</span> <span class='ocrx_word' id='word_1_778' title='bbox 3459 4565 3591 4623; x_wconf 90' lang='lat' dir='ltr'>pro-</span> 
     </span>
    </p>
   </div>
   <div class='ocr_carea' id='block_1_94' title="bbox 157 4638 3594 4728">
    <p class='ocr_par' dir='ltr' id='par_1_94' title="bbox 157 4638 3594 4728">
     <span class='ocr_line' id='line_1_94' title="bbox 157 4638 3594 4728; baseline -0 -31"><span class='ocrx_word' id='word_1_779' title='bbox 157 4643 498 4699; x_wconf 89' lang='lat' dir='ltr'>commodat</span> <span class='ocrx_word' id='word_1_780' title='bbox 524 4643 815 4717; x_wconf 89' lang='lat' dir='ltr'>indigenti</span> <span class='ocrx_word' id='word_1_781' title='bbox 838 4645 1042 4713; x_wconf 89' lang='lat' dir='ltr'>alicui,</span> <span class='ocrx_word' id='word_1_782' title='bbox 1064 4650 1129 4701; x_wconf 91' lang='lat' dir='ltr'>ut</span> <span class='ocrx_word' id='word_1_783' title='bbox 1149 4650 1345 4702; x_wconf 88' lang='lat' dir='ltr'>tamen</span> <span class='ocrx_word' id='word_1_784' title='bbox 1367 4647 1633 4702; x_wconf 89' lang='lat' dir='ltr'>eamdem</span> <span class='ocrx_word' id='word_1_785' title='bbox 1658 4665 1825 4717; x_wconf 84' lang='lat' dir='ltr'>pecu-</span> <span class='ocrx_word' id='word_1_786' title='bbox 1853 4662 1901 4728; x_wconf 72' lang='grc' dir='ltr'>ι)</span> <span class='ocrx_word' id='word_1_787' title='bbox 1934 4649 2130 4721; x_wconf 86' lang='lat' dir='ltr'>pheta,</span> <span class='ocrx_word' id='word_1_788' title='bbox 2162 4647 2387 4702; x_wconf 88' lang='lat' dir='ltr'>habens</span> <span class='ocrx_word' id='word_1_789' title='bbox 2418 4644 2726 4700; x_wconf 88' lang='lat' dir='ltr'>materiam</span> <span class='ocrx_word' id='word_1_790' title='bbox 2753 4642 2960 4699; x_wconf 88' lang='lat' dir='ltr'>laudes</span> <span class='ocrx_word' id='word_1_791' title='bbox 2982 4639 3106 4697; x_wconf 89' lang='lat' dir='ltr'>Dei.</span> <span class='ocrx_word' id='word_1_792' title='bbox 3132 4641 3195 4696; x_wconf 89' lang='lat' dir='ltr'>In</span> <span class='ocrx_word' id='word_1_793' title='bbox 3216 4638 3408 4728; x_wconf 83' lang='lat' dir='ltr'>prima</span> 
     </span>
    </p>
   </div>
   <div class='ocr_carea' id='block_1_95' title="bbox 157 4730 1826 4807">
    <p class='ocr_par' dir='ltr' id='par_1_95' title="bbox 157 4730 1826 4807">
     <span class='ocr_line' id='line_1_95' title="bbox 157 4730 1826 4807; baseline 0.004 -22"><span class='ocrx_word' id='word_1_794' title='bbox 157 4730 322 4785; x_wconf 91' lang='lat' dir='ltr'>niam</span> <span class='ocrx_word' id='word_1_795' title='bbox 347 4731 420 4787; x_wconf 87' lang='lat' dir='ltr'>ab</span> <span class='ocrx_word' id='word_1_796' title='bbox 455 4749 524 4787; x_wconf 89' lang='lat' dir='ltr'>eo</span> <span class='ocrx_word' id='word_1_797' title='bbox 555 4733 767 4805; x_wconf 82' lang='lat' dir='ltr'>exigat.</span> <span class='ocrx_word' id='word_1_798' title='bbox 790 4734 896 4789; x_wconf 88' lang='lat' dir='ltr'>Hic</span> <span class='ocrx_word' id='word_1_799' title='bbox 919 4733 1055 4790; x_wconf 88' lang='lat' dir='ltr'>talis</span> <span class='ocrx_word' id='word_1_800' title='bbox 1080 4755 1103 4785; x_wconf 77' lang='grc' dir='ltr'>ι</span> <span class='ocrx_word' id='word_1_801' title='bbox 1131 4735 1424 4807; x_wconf 90' lang='lat' dir='ltr'>disponet,</span> <span class='ocrx_word' id='word_1_802' title='bbox 1454 4758 1475 4786; x_wconf 76' lang='grc' dir='ltr'><strong><em>ι</em></strong></span> <span class='ocrx_word' id='word_1_803' title='bbox 1505 4735 1564 4790; x_wconf 90' lang='lat' dir='ltr'>id</span> <span class='ocrx_word' id='word_1_804' title='bbox 1595 4740 1683 4791; x_wconf 88' lang='lat' dir='ltr'>est</span> <span class='ocrx_word' id='word_1_805' title='bbox 1713 4737 1826 4791; x_wconf 79' lang='lat' dir='ltr'>dis-</span> 
     </span>
    </p>
   </div>
   <div class='ocr_carea' id='block_1_96' title="bbox 158 4818 1822 4895">
    <p class='ocr_par' dir='ltr' id='par_1_96' title="bbox 158 4818 1822 4895">
     <span class='ocr_line' id='line_1_96' title="bbox 158 4818 1822 4895; baseline 0.005 -22"><span class='ocrx_word' id='word_1_806' title='bbox 158 4818 354 4891; x_wconf 87' lang='lat' dir='ltr'>posite</span> <span class='ocrx_word' id='word_1_807' title='bbox 385 4823 443 4875; x_wconf 87' lang='lat' dir='ltr'>et</span> <span class='ocrx_word' id='word_1_808' title='bbox 469 4822 740 4877; x_wconf 88' lang='lat' dir='ltr'>ordinate</span> <span class='ocrx_word' id='word_1_809' title='bbox 777 4824 979 4891; x_wconf 78' lang='lat' dir='ltr'>faciet;</span> <span class='ocrx_word' id='word_1_810' title='bbox 1033 4824 1185 4878; x_wconf 90' lang='lat' dir='ltr'>unde</span> <span class='ocrx_word' id='word_1_811' title='bbox 1230 4824 1544 4895; x_wconf 87' lang='lat' dir='ltr'>Apostolus</span> <span class='ocrx_word' id='word_1_812' title='bbox 1578 4842 1590 4881; x_wconf 89' lang='lat'><strong>:</strong></span> <span class='ocrx_word' id='word_1_813' title='bbox 1626 4826 1822 4881; x_wconf 77' lang='lat' dir='ltr'>Ratio-</span> 
     </span>
    </p>
   </div>
   <div class='ocr_carea' id='block_1_97' title="bbox 157 4905 1823 4983">
    <p class='ocr_par' dir='ltr' id='par_1_97' title="bbox 157 4905 1823 4983">
     <span class='ocr_line' id='line_1_97' title="bbox 157 4905 1823 4983; baseline 0.004 -21"><span class='ocrx_word' id='word_1_814' title='bbox 157 4905 359 4962; x_wconf 84' lang='lat' dir='ltr'>nabile</span> <span class='ocrx_word' id='word_1_815' title='bbox 410 4909 765 4982; x_wconf 90' lang='lat' dir='ltr'>obsequium</span> <span class='ocrx_word' id='word_1_816' title='bbox 813 4917 1074 4967; x_wconf 90' lang='lat' dir='ltr'>vestrum</span> <span class='ocrx_word' id='word_1_817' title='bbox 1125 4914 1298 4983; x_wconf 78' lang='lat' dir='ltr'>(Item.</span> <span class='ocrx_word' id='word_1_818' title='bbox 1329 4917 1461 4983; x_wconf 85' lang='lat' dir='ltr'>xu);</span> <span class='ocrx_word' id='word_1_819' title='bbox 1494 4933 1522 4964; x_wconf 72' lang='grc' dir='ltr'><strong><em>η</em></strong></span> <span class='ocrx_word' id='word_1_820' title='bbox 1563 4935 1585 4964; x_wconf 77' lang='grc' dir='ltr'>ι</span> <span class='ocrx_word' id='word_1_821' title='bbox 1627 4914 1823 4983; x_wconf 84' lang='lat' dir='ltr'>dispo-</span> 
     </span>
    </p>
   </div>
   <div class='ocr_carea' id='block_1_98' title="bbox 159 4996 1821 5073">
    <p class='ocr_par' dir='ltr' id='par_1_98' title="bbox 159 4996 1821 5073">
     <span class='ocr_line' id='line_1_98' title="bbox 159 4996 1821 5073; baseline 0.005 -23"><span class='ocrx_word' id='word_1_822' title='bbox 159 4999 265 5050; x_wconf 88' lang='lat' dir='ltr'>net</span> <span class='ocrx_word' id='word_1_823' title='bbox 297 5014 327 5047; x_wconf 74' lang='grc' dir='ltr'>ιι</span> <span class='ocrx_word' id='word_1_824' title='bbox 360 4996 492 5053; x_wconf 90' lang='lat' dir='ltr'>dico</span> <span class='ocrx_word' id='word_1_825' title='bbox 527 5021 548 5048; x_wconf 74' lang='grc' dir='ltr'>ι</span> <span class='ocrx_word' id='word_1_826' title='bbox 584 5016 887 5056; x_wconf 90' lang='lat' dir='ltr'>sermones</span> <span class='ocrx_word' id='word_1_827' title='bbox 946 5018 1155 5066; x_wconf 64' lang='lat' dir='ltr'>suos,»</span> <span class='ocrx_word' id='word_1_828' title='bbox 1190 5001 1249 5056; x_wconf 91' lang='lat' dir='ltr'>id</span> <span class='ocrx_word' id='word_1_829' title='bbox 1290 5006 1380 5057; x_wconf 87' lang='lat' dir='ltr'>est</span> <span class='ocrx_word' id='word_1_830' title='bbox 1438 5019 1614 5073; x_wconf 87' lang='lat' dir='ltr'>opera</span> <span class='ocrx_word' id='word_1_831' title='bbox 1668 5020 1777 5057; x_wconf 90' lang='lat' dir='ltr'>sua</span> <span class='ocrx_word' id='word_1_832' title='bbox 1807 5019 1821 5058; x_wconf 90' lang='lat'>:</span> 
     </span>
    </p>
   </div>
   <div class='ocr_carea' id='block_1_99' title="bbox 158 5085 1824 5160">
    <p class='ocr_par' dir='ltr' id='par_1_99' title="bbox 158 5085 1824 5160">
     <span class='ocr_line' id='line_1_99' title="bbox 158 5085 1824 5160; baseline 0.004 -20"><span class='ocrx_word' id='word_1_833' title='bbox 158 5101 346 5156; x_wconf 89' lang='lat' dir='ltr'>opera</span> <span class='ocrx_word' id='word_1_834' title='bbox 377 5085 509 5142; x_wconf 91' lang='lat' dir='ltr'>dico</span> <span class='ocrx_word' id='word_1_835' title='bbox 529 5087 783 5144; x_wconf 83' lang='lat' dir='ltr'>valitura</span> <span class='ocrx_word' id='word_1_836' title='bbox 804 5110 831 5139; x_wconf 86' lang='lat'><strong>«</strong></span> <span class='ocrx_word' id='word_1_837' title='bbox 857 5089 916 5144; x_wconf 92' lang='lat' dir='ltr'>in</span> <span class='ocrx_word' id='word_1_838' title='bbox 931 5089 1158 5160; x_wconf 88' lang='lat' dir='ltr'>judicio</span> <span class='ocrx_word' id='word_1_839' title='bbox 1184 5112 1205 5141; x_wconf 75' lang='grc' dir='ltr'><strong><em>ι</em></strong></span> <span class='ocrx_word' id='word_1_840' title='bbox 1233 5092 1449 5147; x_wconf 82' lang='lat' dir='ltr'>futuro.</span> <span class='ocrx_word' id='word_1_841' title='bbox 1470 5091 1576 5146; x_wconf 92' lang='lat' dir='ltr'>Per</span> <span class='ocrx_word' id='word_1_842' title='bbox 1604 5108 1824 5147; x_wconf 89' lang='lat' dir='ltr'>sermo-</span> 
     </span>
    </p>
   </div>
   <div class='ocr_carea' id='block_1_100' title="bbox 158 5173 1829 5251">
    <p class='ocr_par' dir='ltr' id='par_1_100' title="bbox 158 5173 1829 5251">
     <span class='ocr_line' id='line_1_100' title="bbox 158 5173 1829 5251; baseline 0.003 -23"><span class='ocrx_word' id='word_1_843' title='bbox 158 5189 268 5229; x_wconf 82' lang='lat' dir='ltr'>nes</span> <span class='ocrx_word' id='word_1_844' title='bbox 295 5173 430 5231; x_wconf 91' lang='lat' dir='ltr'>ideo</span> <span class='ocrx_word' id='word_1_845' title='bbox 464 5176 791 5250; x_wconf 89' lang='lat' dir='ltr'>accipimus</span> <span class='ocrx_word' id='word_1_846' title='bbox 821 5195 1017 5251; x_wconf 87' lang='lat' dir='ltr'>opera,</span> <span class='ocrx_word' id='word_1_847' title='bbox 1047 5179 1188 5251; x_wconf 89' lang='lat' dir='ltr'>quia</span> <span class='ocrx_word' id='word_1_848' title='bbox 1215 5180 1370 5236; x_wconf 90' lang='lat' dir='ltr'>sicut</span> <span class='ocrx_word' id='word_1_849' title='bbox 1399 5197 1699 5237; x_wconf 89' lang='lat' dir='ltr'>sermones</span> <span class='ocrx_word' id='word_1_850' title='bbox 1730 5179 1829 5236; x_wconf 83' lang='lat' dir='ltr'>ali-</span> 
     </span>
    </p>
   </div>
   <div class='ocr_carea' id='block_1_101' title="bbox 158 5263 1830 5341">
    <p class='ocr_par' dir='ltr' id='par_1_101' title="bbox 158 5263 1830 5341">
     <span class='ocr_line' id='line_1_101' title="bbox 158 5263 1830 5341; baseline 0.005 -24"><span class='ocrx_word' id='word_1_851' title='bbox 158 5263 342 5334; x_wconf 90' lang='lat' dir='ltr'>cujus</span> <span class='ocrx_word' id='word_1_852' title='bbox 367 5266 618 5322; x_wconf 88' lang='lat' dir='ltr'>oratoris</span> <span class='ocrx_word' id='word_1_853' title='bbox 649 5266 795 5324; x_wconf 86' lang='lat' dir='ltr'>bene</span> <span class='ocrx_word' id='word_1_854' title='bbox 817 5267 1086 5339; x_wconf 89' lang='lat' dir='ltr'>dispositi</span> <span class='ocrx_word' id='word_1_855' title='bbox 1108 5269 1430 5325; x_wconf 80' lang='lat' dir='ltr'>defendunt</span> <span class='ocrx_word' id='word_1_856' title='bbox 1456 5287 1622 5325; x_wconf 89' lang='lat' dir='ltr'>reum</span> <span class='ocrx_word' id='word_1_857' title='bbox 1655 5271 1713 5325; x_wconf 89' lang='lat' dir='ltr'>in</span> <span class='ocrx_word' id='word_1_858' title='bbox 1737 5271 1830 5341; x_wconf 90' lang='lat' dir='ltr'>ju-</span> 
     </span>
    </p>
   </div>
   <div class='ocr_carea' id='block_1_102' title="bbox 166 5351 1826 5428">
    <p class='ocr_par' dir='ltr' id='par_1_102' title="bbox 166 5351 1826 5428">
     <span class='ocr_line' id='line_1_102' title="bbox 166 5351 1826 5428; baseline 0.006 -23"><span class='ocrx_word' id='word_1_859' title='bbox 166 5351 346 5421; x_wconf 90' lang='lat' dir='ltr'>dicio,</span> <span class='ocrx_word' id='word_1_860' title='bbox 364 5354 451 5409; x_wconf 88' lang='lat' dir='ltr'>sic</span> <span class='ocrx_word' id='word_1_861' title='bbox 480 5371 657 5427; x_wconf 88' lang='lat' dir='ltr'>opera</span> <span class='ocrx_word' id='word_1_862' title='bbox 675 5356 847 5428; x_wconf 86' lang='lat' dir='ltr'>justi,</span> <span class='ocrx_word' id='word_1_863' title='bbox 872 5356 1298 5413; x_wconf 84' lang='lat' dir='ltr'>rationabiliter</span> <span class='ocrx_word' id='word_1_864' title='bbox 1324 5358 1603 5428; x_wconf 81' lang='lat' dir='ltr'>exhibita,</span> <span class='ocrx_word' id='word_1_865' title='bbox 1628 5360 1826 5415; x_wconf 79' lang='lat' dir='ltr'>defen-</span> 
     </span>
    </p>
   </div>
   <div class='ocr_carea' id='block_1_103' title="bbox 160 5440 1822 5520">
    <p class='ocr_par' dir='ltr' id='par_1_103' title="bbox 160 5440 1822 5520">
     <span class='ocr_line' id='line_1_103' title="bbox 160 5440 1822 5520; baseline 0.006 -26"><span class='ocrx_word' id='word_1_866' title='bbox 160 5440 319 5497; x_wconf 91' lang='lat' dir='ltr'>dunt</span> <span class='ocrx_word' id='word_1_867' title='bbox 369 5459 538 5499; x_wconf 91' lang='lat' dir='ltr'>reum</span> <span class='ocrx_word' id='word_1_868' title='bbox 577 5444 638 5499; x_wconf 92' lang='lat' dir='ltr'>in</span> <span class='ocrx_word' id='word_1_869' title='bbox 685 5446 885 5501; x_wconf 82' lang='lat' dir='ltr'>futuro</span> <span class='ocrx_word' id='word_1_870' title='bbox 925 5445 1173 5517; x_wconf 89' lang='lat' dir='ltr'>judicio.</span> <span class='ocrx_word' id='word_1_871' title='bbox 1209 5448 1341 5502; x_wconf 90' lang='lat' dir='ltr'>Ideo</span> <span class='ocrx_word' id='word_1_872' title='bbox 1395 5448 1481 5505; x_wconf 91' lang='lat' dir='ltr'>sic</span> <span class='ocrx_word' id='word_1_873' title='bbox 1531 5448 1822 5520; x_wconf 90' lang='lat' dir='ltr'>disponet,</span> 
     </span>
    </p>
   </div>
   <div class='ocr_carea' id='block_1_104' title="bbox 162 5530 1828 5607">
    <p class='ocr_par' dir='ltr' id='par_1_104' title="bbox 162 5530 1828 5607">
     <span class='ocr_line' id='line_1_104' title="bbox 162 5530 1828 5607; baseline 0.007 -25"><span class='ocrx_word' id='word_1_874' title='bbox 162 5549 186 5582; x_wconf 81' lang='grc' dir='ltr'>ι</span> <span class='ocrx_word' id='word_1_875' title='bbox 213 5530 356 5603; x_wconf 87' lang='lat' dir='ltr'>quia</span> <span class='ocrx_word' id='word_1_876' title='bbox 372 5553 401 5583; x_wconf 86' lang='grc'><strong>››</strong></span> <span class='ocrx_word' id='word_1_877' title='bbox 430 5533 545 5590; x_wconf 90' lang='lat' dir='ltr'>scit</span> <span class='ocrx_word' id='word_1_878' title='bbox 574 5534 731 5607; x_wconf 91' lang='lat' dir='ltr'>quod</span> <span class='ocrx_word' id='word_1_879' title='bbox 756 5534 882 5605; x_wconf 88' lang='lat' dir='ltr'>ipse</span> <span class='ocrx_word' id='word_1_880' title='bbox 911 5554 940 5586; x_wconf 76' lang='grc' dir='ltr'><strong>α</strong></span> <span class='ocrx_word' id='word_1_881' title='bbox 962 5552 1081 5591; x_wconf 90' lang='lat' dir='ltr'>non</span> <span class='ocrx_word' id='word_1_882' title='bbox 1104 5538 1570 5594; x_wconf 89' lang='lat' dir='ltr'>commovebitur</span> <span class='ocrx_word' id='word_1_883' title='bbox 1586 5538 1647 5593; x_wconf 93' lang='lat' dir='ltr'>in</span> <span class='ocrx_word' id='word_1_884' title='bbox 1668 5543 1828 5594; x_wconf 67' lang='lat' dir='ltr'>teter-</span> 
     </span>
    </p>
   </div>
   <div class='ocr_carea' id='block_1_105' title="bbox 157 5621 1771 5699">
    <p class='ocr_par' dir='ltr' id='par_1_105' title="bbox 157 5621 1771 5699">
     <span class='ocr_line' id='line_1_105' title="bbox 157 5621 1771 5699; baseline 0.003 -22"><span class='ocrx_word' id='word_1_885' title='bbox 157 5636 325 5688; x_wconf 86' lang='lat' dir='ltr'>num,</span> <span class='ocrx_word' id='word_1_886' title='bbox 352 5641 382 5671; x_wconf 85' lang='lat'><strong><em>»</em></strong></span> <span class='ocrx_word' id='word_1_887' title='bbox 407 5621 464 5677; x_wconf 90' lang='lat' dir='ltr'>id</span> <span class='ocrx_word' id='word_1_888' title='bbox 496 5627 609 5693; x_wconf 89' lang='lat' dir='ltr'>est,</span> <span class='ocrx_word' id='word_1_889' title='bbox 633 5621 986 5679; x_wconf 68' lang='lat' dir='ltr'>aeternaliter</span> <span class='ocrx_word' id='word_1_890' title='bbox 1013 5623 1263 5697; x_wconf 86' lang='lat' dir='ltr'>gloriam</span> <span class='ocrx_word' id='word_1_891' title='bbox 1295 5627 1399 5682; x_wconf 91' lang='lat' dir='ltr'>Dei</span> <span class='ocrx_word' id='word_1_892' title='bbox 1432 5627 1771 5699; x_wconf 88' lang='lat' dir='ltr'>possidebit.</span> 
     </span>
    </p>
   </div>
   <div class='ocr_carea' id='block_1_106' title="bbox 229 5709 1821 5789">
    <p class='ocr_par' dir='ltr' id='par_1_106' title="bbox 229 5709 1821 5789">
     <span class='ocr_line' id='line_1_106' title="bbox 229 5709 1821 5789; baseline 0.007 -22"><span class='ocrx_word' id='word_1_893' title='bbox 229 5709 304 5769; x_wconf 86' lang='lat' dir='ltr'>Et</span> <span class='ocrx_word' id='word_1_894' title='bbox 332 5709 428 5770; x_wconf 86' lang='lat' dir='ltr'>hic</span> <span class='ocrx_word' id='word_1_895' title='bbox 461 5712 599 5772; x_wconf 81' lang='lat' dir='ltr'>talis</span> <span class='ocrx_word' id='word_1_896' title='bbox 625 5735 655 5766; x_wconf 72' lang='grc' dir='ltr'>ιι</span> <span class='ocrx_word' id='word_1_897' title='bbox 679 5714 885 5788; x_wconf 88' lang='lat' dir='ltr'>justus</span> <span class='ocrx_word' id='word_1_898' title='bbox 906 5735 935 5766; x_wconf 85' lang='lat'><strong><em>»</em></strong></span> <span class='ocrx_word' id='word_1_899' title='bbox 969 5714 1113 5789; x_wconf 88' lang='lat' dir='ltr'>quia</span> <span class='ocrx_word' id='word_1_900' title='bbox 1141 5716 1203 5775; x_wconf 89' lang='lat' dir='ltr'>in</span> <span class='ocrx_word' id='word_1_901' title='bbox 1232 5715 1342 5776; x_wconf 90' lang='lat' dir='ltr'>hac</span> <span class='ocrx_word' id='word_1_902' title='bbox 1362 5718 1479 5776; x_wconf 87' lang='lat' dir='ltr'>vita</span> <span class='ocrx_word' id='word_1_903' title='bbox 1510 5735 1544 5776; x_wconf 88' lang='lat' dir='ltr'>a</span> <span class='ocrx_word' id='word_1_904' title='bbox 1573 5716 1821 5778; x_wconf 90' lang='lat' dir='ltr'>Domino</span> 
     </span>
    </p>
   </div>
   <div class='ocr_carea' id='block_1_107' title="bbox 481 5839 991 5908">
    <p class='ocr_par' dir='ltr' id='par_1_107' title="bbox 481 5839 991 5908">
     <span class='ocr_line' id='line_1_107' title="bbox 481 5839 991 5908; baseline 0.006 -5"><span class='ocrx_word' id='word_1_905' title='bbox 481 5839 746 5907; x_wconf 62' lang='lat' dir='ltr'>Pareat.</span> <span class='ocrx_word' id='word_1_906' title='bbox 792 5842 991 5908; x_wconf 81' lang='lat' dir='ltr'>CXVI.</span> 
     </span>
    </p>
   </div>
   <div class='ocr_carea' id='block_1_108' title="bbox 1936 4726 3593 4804">
    <p class='ocr_par' dir='ltr' id='par_1_108' title="bbox 1936 4726 3593 4804">
     <span class='ocr_line' id='line_1_108' title="bbox 1936 4726 3593 4804; baseline -0.008 -10"><span class='ocrx_word' id='word_1_907' title='bbox 1936 4742 2137 4794; x_wconf 88' lang='lat' dir='ltr'>monet</span> <span class='ocrx_word' id='word_1_908' title='bbox 2171 4736 2241 4792; x_wconf 90' lang='lat' dir='ltr'>ad</span> <span class='ocrx_word' id='word_1_909' title='bbox 2277 4734 2663 4800; x_wconf 87' lang='lat' dir='ltr'>laudandum,</span> <span class='ocrx_word' id='word_1_910' title='bbox 2688 4736 2745 4787; x_wconf 89' lang='lat' dir='ltr'>et</span> <span class='ocrx_word' id='word_1_911' title='bbox 2765 4729 3041 4804; x_wconf 89' lang='lat' dir='ltr'>proponit</span> <span class='ocrx_word' id='word_1_912' title='bbox 3070 4728 3347 4786; x_wconf 86' lang='lat' dir='ltr'>materias</span> <span class='ocrx_word' id='word_1_913' title='bbox 3377 4726 3593 4801; x_wconf 85' lang='lat' dir='ltr'>laudis,</span> 
     </span>
    </p>
   </div>
   <div class='ocr_carea' id='block_1_109' title="bbox 1934 4818 3595 4895">
    <p class='ocr_par' dir='ltr' id='par_1_109' title="bbox 1934 4818 3595 4895">
     <span class='ocr_line' id='line_1_109' title="bbox 1934 4818 3595 4895; baseline -0.006 -14"><span class='ocrx_word' id='word_1_914' title='bbox 1934 4826 2183 4891; x_wconf 89' lang='lat' dir='ltr'>scilicet,</span> <span class='ocrx_word' id='word_1_915' title='bbox 2214 4824 2355 4895; x_wconf 88' lang='lat' dir='ltr'>quia</span> <span class='ocrx_word' id='word_1_916' title='bbox 2403 4824 2692 4878; x_wconf 89' lang='lat' dir='ltr'>Dominus</span> <span class='ocrx_word' id='word_1_917' title='bbox 2723 4825 2814 4877; x_wconf 87' lang='lat' dir='ltr'>est</span> <span class='ocrx_word' id='word_1_918' title='bbox 2847 4818 3116 4876; x_wconf 76' lang='lat' dir='ltr'>excelsus</span> <span class='ocrx_word' id='word_1_919' title='bbox 3165 4835 3345 4890; x_wconf 86' lang='lat' dir='ltr'>super</span> <span class='ocrx_word' id='word_1_920' title='bbox 3389 4831 3595 4873; x_wconf 85' lang='lat' dir='ltr'>omnes</span> 
     </span>
    </p>
   </div>
   <div class='ocr_carea' id='block_1_110' title="bbox 1934 4904 3595 4988">
    <p class='ocr_par' dir='ltr' id='par_1_110' title="bbox 1934 4904 3595 4988">
     <span class='ocr_line' id='line_1_110' title="bbox 1934 4904 3595 4988; baseline -0.008 -17"><span class='ocrx_word' id='word_1_921' title='bbox 1934 4920 2159 4988; x_wconf 87' lang='lat' dir='ltr'>gentes.</span> <span class='ocrx_word' id='word_1_922' title='bbox 2186 4915 2249 4969; x_wconf 92' lang='lat' dir='ltr'>In</span> <span class='ocrx_word' id='word_1_923' title='bbox 2279 4913 2541 4970; x_wconf 88' lang='lat' dir='ltr'>secunda</span> <span class='ocrx_word' id='word_1_924' title='bbox 2570 4916 2755 4984; x_wconf 88' lang='lat' dir='ltr'>parte,</span> <span class='ocrx_word' id='word_1_925' title='bbox 2781 4927 2910 4982; x_wconf 79' lang='lat' dir='ltr'>quae</span> <span class='ocrx_word' id='word_1_926' title='bbox 2943 4907 3187 4980; x_wconf 88' lang='lat' dir='ltr'>incipit:</span> <span class='ocrx_word' id='word_1_927' title='bbox 3216 4931 3243 4959; x_wconf 82' lang='lat'><strong>«</strong></span> <span class='ocrx_word' id='word_1_928' title='bbox 3268 4905 3409 4975; x_wconf 86' lang='lat' dir='ltr'>Quis</span> <span class='ocrx_word' id='word_1_929' title='bbox 3438 4904 3595 4962; x_wconf 85' lang='lat' dir='ltr'>sicut</span> 
     </span>
    </p>
   </div>
   <div class='ocr_carea' id='block_1_111' title="bbox 1935 4992 3593 5071">
    <p class='ocr_par' dir='ltr' id='par_1_111' title="bbox 1935 4992 3593 5071">
     <span class='ocr_line' id='line_1_111' title="bbox 1935 4992 3593 5071; baseline -0.007 -9"><span class='ocrx_word' id='word_1_930' title='bbox 1935 5004 2221 5062; x_wconf 88' lang='lat' dir='ltr'>Dominus</span> <span class='ocrx_word' id='word_1_931' title='bbox 2246 5012 2313 5057; x_wconf 82' lang='lat'>:&#39;»</span> <span class='ocrx_word' id='word_1_932' title='bbox 2335 5001 2593 5058; x_wconf 86' lang='lat' dir='ltr'>ostendit</span> <span class='ocrx_word' id='word_1_933' title='bbox 2622 4999 2883 5071; x_wconf 88' lang='lat' dir='ltr'>seipsum</span> <span class='ocrx_word' id='word_1_934' title='bbox 2907 4998 3016 5054; x_wconf 91' lang='lat' dir='ltr'>hoc</span> <span class='ocrx_word' id='word_1_935' title='bbox 3038 4998 3228 5053; x_wconf 86' lang='lat' dir='ltr'>facere</span> <span class='ocrx_word' id='word_1_936' title='bbox 3257 4995 3415 5068; x_wconf 90' lang='lat' dir='ltr'>quod</span> <span class='ocrx_word' id='word_1_937' title='bbox 3446 4992 3593 5051; x_wconf 85' lang='lat' dir='ltr'>alios</span> 
     </span>
    </p>
   </div>
   <div class='ocr_carea' id='block_1_112' title="bbox 1936 5081 3592 5162">
    <p class='ocr_par' dir='ltr' id='par_1_112' title="bbox 1936 5081 3592 5162">
     <span class='ocr_line' id='line_1_112' title="bbox 1936 5081 3592 5162; baseline -0.006 -12"><span class='ocrx_word' id='word_1_938' title='bbox 1936 5094 2230 5162; x_wconf 86' lang='lat' dir='ltr'>monebat,</span> <span class='ocrx_word' id='word_1_939' title='bbox 2256 5091 2501 5159; x_wconf 88' lang='lat' dir='ltr'>scilicet,</span> <span class='ocrx_word' id='word_1_940' title='bbox 2526 5090 2766 5148; x_wconf 82' lang='lat' dir='ltr'>laudare</span> <span class='ocrx_word' id='word_1_941' title='bbox 2786 5089 2992 5144; x_wconf 89' lang='lat' dir='ltr'>Deum.</span> <span class='ocrx_word' id='word_1_942' title='bbox 3019 5086 3183 5143; x_wconf 88' lang='lat' dir='ltr'>Unde</span> <span class='ocrx_word' id='word_1_943' title='bbox 3214 5086 3274 5142; x_wconf 90' lang='lat' dir='ltr'>in</span> <span class='ocrx_word' id='word_1_944' title='bbox 3303 5081 3592 5158; x_wconf 89' lang='lat' dir='ltr'>principio</span> 
     </span>
    </p>
   </div>
   <div class='ocr_carea' id='block_1_113' title="bbox 1937 5182 2121 5239">
    <p class='ocr_par' dir='ltr' id='par_1_113' title="bbox 1937 5182 2121 5239">
     <span class='ocr_line' id='line_1_113' title="bbox 1937 5182 2121 5239; baseline 0.005 -1"><span class='ocrx_word' id='word_1_945' title='bbox 1937 5182 2080 5238; x_wconf 88' lang='lat' dir='ltr'>dicit</span> <span class='ocrx_word' id='word_1_946' title='bbox 2108 5198 2121 5239; x_wconf 88' lang='lat'><strong>:</strong></span> 
     </span>
    </p>
   </div>
   <div class='ocr_carea' id='block_1_114' title="bbox 2009 5259 3593 5342">
    <p class='ocr_par' dir='ltr' id='par_1_114' title="bbox 2009 5259 3593 5342">
     <span class='ocr_line' id='line_1_114' title="bbox 2009 5259 3593 5342; baseline -0.007 -14"><span class='ocrx_word' id='word_1_947' title='bbox 2009 5296 2037 5322; x_wconf 86' lang='grc'><em>‹‹</em></span> <span class='ocrx_word' id='word_1_948' title='bbox 2066 5271 2342 5337; x_wconf 88' lang='lat' dir='ltr'>Laudate,</span> <span class='ocrx_word' id='word_1_949' title='bbox 2378 5268 2564 5342; x_wconf 89' lang='lat' dir='ltr'>pueri,</span> <span class='ocrx_word' id='word_1_950' title='bbox 2590 5266 2927 5334; x_wconf 89' lang='lat' dir='ltr'>Dominum,</span> <span class='ocrx_word' id='word_1_951' title='bbox 2944 5286 2972 5315; x_wconf 82' lang='lat'>»</span> <span class='ocrx_word' id='word_1_952' title='bbox 2999 5264 3059 5320; x_wconf 90' lang='lat' dir='ltr'>id</span> <span class='ocrx_word' id='word_1_953' title='bbox 3083 5267 3192 5332; x_wconf 88' lang='lat' dir='ltr'>est,</span> <span class='ocrx_word' id='word_1_954' title='bbox 3215 5261 3277 5318; x_wconf 90' lang='lat' dir='ltr'>in</span> <span class='ocrx_word' id='word_1_955' title='bbox 3303 5262 3457 5318; x_wconf 89' lang='lat' dir='ltr'>bona</span> <span class='ocrx_word' id='word_1_956' title='bbox 3474 5259 3593 5317; x_wconf 84' lang='lat' dir='ltr'>vita</span> 
     </span>
    </p>
   </div>
   <div class='ocr_carea' id='block_1_115' title="bbox 1936 5349 3591 5418">
    <p class='ocr_par' dir='ltr' id='par_1_115' title="bbox 1936 5349 3591 5418">
     <span class='ocr_line' id='line_1_115' title="bbox 1936 5349 3591 5418; baseline -0.006 -1"><span class='ocrx_word' id='word_1_957' title='bbox 1936 5366 2130 5418; x_wconf 86' lang='lat' dir='ltr'>vestra</span> <span class='ocrx_word' id='word_1_958' title='bbox 2163 5360 2476 5416; x_wconf 90' lang='lat' dir='ltr'>Dominum</span> <span class='ocrx_word' id='word_1_959' title='bbox 2517 5356 2873 5413; x_wconf 88' lang='lat' dir='ltr'>laudabilem</span> <span class='ocrx_word' id='word_1_960' title='bbox 2904 5352 3229 5411; x_wconf 89' lang='lat' dir='ltr'>ostendite:</span> <span class='ocrx_word' id='word_1_961' title='bbox 3265 5368 3371 5407; x_wconf 90' lang='lat' dir='ltr'>nec</span> <span class='ocrx_word' id='word_1_962' title='bbox 3403 5349 3591 5407; x_wconf 83' lang='lat' dir='ltr'>malos</span> 
     </span>
    </p>
   </div>
   <div class='ocr_carea' id='block_1_116' title="bbox 1936 5440 3593 5519">
    <p class='ocr_par' dir='ltr' id='par_1_116' title="bbox 1936 5440 3593 5519">
     <span class='ocr_line' id='line_1_116' title="bbox 1936 5440 3593 5519; baseline -0.005 -12"><span class='ocrx_word' id='word_1_963' title='bbox 1936 5468 2144 5506; x_wconf 88' lang='lat' dir='ltr'>moneo</span> <span class='ocrx_word' id='word_1_964' title='bbox 2176 5449 2438 5516; x_wconf 87' lang='lat' dir='ltr'>laudare,</span> <span class='ocrx_word' id='word_1_965' title='bbox 2462 5447 2602 5519; x_wconf 89' lang='lat' dir='ltr'>quia</span> <span class='ocrx_word' id='word_1_966' title='bbox 2624 5470 2651 5497; x_wconf 82' lang='lat'><strong>«</strong></span> <span class='ocrx_word' id='word_1_967' title='bbox 2680 5462 2796 5502; x_wconf 90' lang='lat' dir='ltr'>non</span> <span class='ocrx_word' id='word_1_968' title='bbox 2827 5449 2917 5501; x_wconf 89' lang='lat' dir='ltr'>est</span> <span class='ocrx_word' id='word_1_969' title='bbox 2945 5442 3212 5516; x_wconf 89' lang='lat' dir='ltr'>speciosa</span> <span class='ocrx_word' id='word_1_970' title='bbox 3238 5440 3370 5497; x_wconf 89' lang='lat' dir='ltr'>laus</span> <span class='ocrx_word' id='word_1_971' title='bbox 3401 5441 3461 5498; x_wconf 88' lang='lat' dir='ltr'>in</span> <span class='ocrx_word' id='word_1_972' title='bbox 3493 5456 3593 5498; x_wconf 79' lang='lat' dir='ltr'>ore</span> 
     </span>
    </p>
   </div>
   <div class='ocr_carea' id='block_1_117' title="bbox 1934 5527 3595 5613">
    <p class='ocr_par' dir='ltr' id='par_1_117' title="bbox 1934 5527 3595 5613">
     <span class='ocr_line' id='line_1_117' title="bbox 1934 5527 3595 5613; baseline -0.005 -17"><span class='ocrx_word' id='word_1_973' title='bbox 1934 5538 2257 5613; x_wconf 88' lang='lat' dir='ltr'>peccatoris</span> <span class='ocrx_word' id='word_1_974' title='bbox 2303 5538 2493 5610; x_wconf 77' lang='lat' dir='ltr'>(Eccti.</span> <span class='ocrx_word' id='word_1_975' title='bbox 2542 5537 2666 5609; x_wconf 82' lang='lat' dir='ltr'>xv);</span> <span class='ocrx_word' id='word_1_976' title='bbox 2698 5535 2803 5592; x_wconf 91' lang='lat' dir='ltr'>sed</span> <span class='ocrx_word' id='word_1_977' title='bbox 2847 5550 2949 5590; x_wconf 89' lang='lat' dir='ltr'>vos</span> <span class='ocrx_word' id='word_1_978' title='bbox 2991 5530 3179 5605; x_wconf 89' lang='lat' dir='ltr'>pueri,</span> <span class='ocrx_word' id='word_1_979' title='bbox 3227 5531 3285 5587; x_wconf 89' lang='lat' dir='ltr'>id</span> <span class='ocrx_word' id='word_1_980' title='bbox 3318 5533 3427 5601; x_wconf 90' lang='lat' dir='ltr'>est,</span> <span class='ocrx_word' id='word_1_981' title='bbox 3460 5527 3595 5603; x_wconf 77' lang='lat' dir='ltr'>puri</span> 
     </span>
    </p>
   </div>
   <div class='ocr_carea' id='block_1_118' title="bbox 1931 5617 3597 5701">
    <p class='ocr_par' dir='ltr' id='par_1_118' title="bbox 1931 5617 3597 5701">
     <span class='ocr_line' id='line_1_118' title="bbox 1931 5617 3597 5701; baseline -0.004 -15"><span class='ocrx_word' id='word_1_982' title='bbox 1931 5634 1990 5686; x_wconf 89' lang='lat' dir='ltr'>et</span> <span class='ocrx_word' id='word_1_983' title='bbox 2027 5628 2363 5701; x_wconf 88' lang='lat' dir='ltr'>simplices;</span> <span class='ocrx_word' id='word_1_984' title='bbox 2418 5627 2575 5683; x_wconf 89' lang='lat' dir='ltr'>unde</span> <span class='ocrx_word' id='word_1_985' title='bbox 2623 5624 2938 5698; x_wconf 88' lang='lat' dir='ltr'>Apostolus</span> <span class='ocrx_word' id='word_1_986' title='bbox 2974 5640 2987 5683; x_wconf 86' lang='lat'><strong>:</strong></span> <span class='ocrx_word' id='word_1_987' title='bbox 3024 5645 3052 5675; x_wconf 86' lang='lat'><strong>«</strong></span> <span class='ocrx_word' id='word_1_988' title='bbox 3086 5620 3311 5679; x_wconf 81' lang='lat' dir='ltr'>Malitia</span> <span class='ocrx_word' id='word_1_989' title='bbox 3369 5617 3597 5693; x_wconf 85' lang='lat' dir='ltr'>parqu</span> 
     </span>
    </p>
   </div>
   <div class='ocr_carea' id='block_1_119' title="bbox 1931 5710 3600 5796">
    <p class='ocr_par' dir='ltr' id='par_1_119' title="bbox 1931 5710 3600 5796">
     <span class='ocr_line' id='line_1_119' title="bbox 1931 5710 3600 5796; baseline -0.004 -18"><span class='ocrx_word' id='word_1_990' title='bbox 1931 5723 2119 5787; x_wconf 86' lang='lat' dir='ltr'>estote</span> <span class='ocrx_word' id='word_1_991' title='bbox 2148 5720 2201 5796; x_wconf 89' lang='grc' dir='ltr'>(Ι</span> <span class='ocrx_word' id='word_1_992' title='bbox 2223 5719 2345 5779; x_wconf 85' lang='lat' dir='ltr'>Cor.</span> <span class='ocrx_word' id='word_1_993' title='bbox 2368 5720 2506 5791; x_wconf 75' lang='lat' dir='ltr'>xxv),</span> <span class='ocrx_word' id='word_1_994' title='bbox 2530 5740 2559 5771; x_wconf 84' lang='grc'><strong>››</strong></span> <span class='ocrx_word' id='word_1_995' title='bbox 2587 5740 2614 5770; x_wconf 83' lang='grc'><em>‹‹</em></span> <span class='ocrx_word' id='word_1_996' title='bbox 2648 5714 2888 5777; x_wconf 77' lang='lat' dir='ltr'>laudate</span> <span class='ocrx_word' id='word_1_997' title='bbox 2911 5737 2941 5766; x_wconf 71' lang='grc' dir='ltr'><strong><em>υ</em></strong></span> <span class='ocrx_word' id='word_1_998' title='bbox 2974 5712 3153 5776; x_wconf 82' lang='lat' dir='ltr'>etiam</span> <span class='ocrx_word' id='word_1_999' title='bbox 3183 5734 3212 5766; x_wconf 73' lang='grc' dir='ltr'><strong>ι(</strong></span> <span class='ocrx_word' id='word_1_1000' title='bbox 3244 5727 3462 5771; x_wconf 82' lang='lat' dir='ltr'>nomen</span> <span class='ocrx_word' id='word_1_1001' title='bbox 3491 5710 3600 5772; x_wconf 88' lang='lat' dir='ltr'>D0-</span> 
     </span>
    </p>
   </div>
   <div class='ocr_carea' id='block_1_120' title="bbox 3194 5840 3269 5902">
    <p class='ocr_par' dir='ltr' id='par_1_120' title="bbox 3194 5840 3269 5902">
     <span class='ocr_line' id='line_1_120' title="bbox 3194 5840 3269 5902; baseline 0 0"><span class='ocrx_word' id='word_1_1002' title='bbox 3194 5840 3269 5902; x_wconf 80' lang='grc'><strong>19</strong></span> 
     </span>
    </p>
   </div>
  </div>
