3942 6396
387 439 505 501 587

767 439 1178 503 HAYMONIS
1223 436 1760 499 HALBERSTA'I‘.
1805 433 2056 498 EPIST.
2102 433 2253 498 OPP
2294 436 2501 499 PARS
2547 436 2595 499 Ι.
2644 472 2722 482 --
2764 437 3172 504 COMMENT.
3220 440 3422 502 BIBL.

3694 438 3815 501 588

387 572 559 642 mini,
584 593 615 623 »
645 571 993 629 annuntiate
1022 570 1175 627 facta
1195 570 1344 642 ejus,
1369 568 1429 623 in
1453 566 1670 640 quibus
1701 567 1827 641 ipse
1847 567 2048 623 lauda-
2075 568 2127 635 Α
2159 566 2295 624 licet
2322 569 2384 625 in
2417 586 2631 628 arcano
2662 572 2877 629 mentis
2903 590 3023 630 sua;
3053 572 3192 630 boni
3224 578 3441 641 essent,
3465 571 3695 631 steriles
3722 578 3817 631 ta-

386 660 526 720 bilis
557 663 820 734 apparet,
856 663 915 715 et
961 660 1117 715 unde
1162 675 1377 714 nomen
1410 674 1610 726 suum,
1646 656 1703 712 id
1755 661 1846 713 est
1895 657 2056 712 fama
2167 674 2300 713 men
2318 663 2504 727 erant,
2524 660 2664 733 quia
2684 661 2800 718 Deo
2823 661 2976 719 ﬁlios
2996 680 3112 719 non
3135 661 3525 736 generabant:
3549 662 3819 719 habitare

387 767 517 818 sua,
549 766 784 821 semper
814 746 1331 820 multiplicabitur.

2167 746 2296 802 dico
2327 747 2388 802 in
2412 749 2606 818 domo,
2630 750 2715 807 ita
2744 755 2812 808 ut
2833 772 2856 796 «
2879 755 3128 807 matrem
3154 750 3434 822 ﬁliorum,
3459 774 3482 799 υ
3506 750 3645 824 quia
3671 750 3821 807 mul-

459 839 597 896 Dico
624 836 910 893 «laudate
930 854 1167 905 nomen,
1197 859 1224 885 »
1247 836 1435 891 ethoc
1460 853 1575 891 non
1602 837 1673 891 ad
1697 836 1926 903 horam,
1951 835 2053 890 sed
2163 838 2253 889 tos
2276 835 2393 891 Deo
2414 837 2475 891 in
2499 837 2612 892 ﬁde
2634 839 2993 910 parturiunt,
3017 842 3074 895 et
3094 843 3401 913 propterea
3420 861 3444 886 «ι
3468 839 3820 896 laetantem.»

389 952 418 980 «
450 943 662 985 nomen
686 926 921 982 Domini
945 926 1022 982 sit
1046 948 1074 975 ››
1102 943 1136 981 a
1154 924 1320 981 vobis
1345 948 1371 975 «
1396 925 1773 981 benedictum
1800 948 1827 973 ››
1851 929 1909 981 et
1937 941 2056 979 am-

2163 923 2308 979 Cum
2340 925 2482 982 dicit
2511 944 2611 981 eos
2659 927 2928 984 habitare
2959 928 3019 983 in
3052 930 3248 1001 domo,
3271 933 3434 984 notat
3482 946 3683 984 curam
3714 929 3818 984 ad-

384 1016 658 1091 pliatum,
680 1014 973 1088 incipiens
998 1038 1027 1065 ‹‹
1061 1032 1130 1070 ex
1158 1014 1271 1070 hoc
1303 1030 1515 1083 nunc,»
1544 1014 1601 1069 id
1625 1018 1713 1070 est
1743 1014 1870 1071 sine
1891 1014 2051 1069 omni
2163 1013 2618 1072 ministrationis
2649 1020 2705 1072 ct
2748 1016 3191 1085 consolationis,
3212 1033 3392 1089 quam
3423 1016 3639 1073 habent
3680 1033 3816 1073 san-

3634 1101 3655 1122 1

385 1104 689 1175 dilatione,
715 1126 744 1155 ί(
774 1108 832 1161 et
864 1128 893 1153 »
914 1105 1194 1177 perduret
1227 1103 1356 1177 ipsa
1377 1102 1710 1159 benedictio
1734 1127 1760 1153 ‹‹
1786 1104 1844 1158 in
1878 1120 2053 1158 saecu-

383 1195 511 1253 lum
534 1217 563 1246 »
586 1194 876 1264 futurum,
894 1217 921 1245 ‹‹
948 1209 1194 1266 usque,»
1218 1193 1275 1248 id
1299 1197 1412 1259 est,
1437 1192 1695 1261 assidue,
1718 1192 1828 1249 hoc
1860 1196 1970 1259 est,
1995 1196 2052 1247 et

381 1283 588 1358 statim
616 1282 885 1357 incipiat,
917 1286 975 1338 et
1005 1282 1065 1338 in
1096 1285 1379 1338 aeternum
1413 1285 1777 1354 permaneat.

454 1374 597 1432 Dico
640 1388 874 1446 semper
909 1370 1258 1441 benedicite,
1292 1374 1351 1427 ct
1388 1370 1553 1428 illam
1586 1374 1841 1427 vestram
1871 1370 2046 1426 bene-

381 1463 704 1520 dictionem
726 1478 831 1534 per
850 1478 1089 1517 omnem
1112 1464 1329 1517 terram
1352 1459 1624 1530 dilatate;
1648 1460 1758 1516 hoc
1780 1463 1867 1516 est
1889 1458 2043 1531 quod

381 1551 563 1609 dicit:
586 1573 616 1604 ‹‹
640 1568 675 1608 a
703 1549 846 1607 solis
868 1554 999 1607 ortu
1029 1566 1218 1623 usque
1249 1550 1321 1606 ad
1352 1566 1657 1619 occasum;
1686 1572 1711 1598 »
1734 1552 1793 1605 et
1813 1565 1915 1621 per
1935 1547 2044 1603 hoc

379 1638 773 1713 intelligimus
797 1636 1129 1694 universam
1152 1641 1405 1692 terram:
1432 1639 1712 1709 appareat
1731 1639 1927 1691 vestra
1946 1651 2044 1691 an-

381 1727 753 1785 nuntiatione
782 1750 811 1777 «
843 1725 1139 1783 laudabile
1171 1742 1383 1781 nomen
1415 1725 1672 1781 Domini.
1697 1746 1726 1775 »

452 1815 624 1874 Ponit
648 1831 859 1873 causas
888 1819 946 1870 et
977 1815 1253 1871 materias
1283 1830 1465 1886 quare
1500 1830 1637 1869 eum
1667 1812 1909 1869 laudare
1941 1813 2040 1869 de-

379 1907 588 1977 beant;
614 1919 680 1962 ae
701 1904 751 1962 si
767 1904 987 1960 diceret
1006 1918 1019 1958 :
1040 1904 1173 1959 Ideo
1194 1903 1420 1960 debetis
1441 1901 1680 1959 laudare
1698 1902 2035 1971 Dominum,

378 1994 665 2070 quoniam
695 1993 806 2051 iste
826 2016 855 2043 «
877 1991 1186 2064 Dominus,
1213 2014 1241 2041 »
1264 1992 1323 2047 id
1353 1995 1445 2048 est
1468 1991 1758 2060 Christus,
1782 1996 1872 2048 est
1893 2015 1920 2043 «
1946 2008 2041 2048 ex-

378 2084 577 2143 celsus
606 2098 784 2156 super
813 2097 1018 2138 omnes
1045 2084 1272 2154 gentes,
1299 2104 1327 2131 ››
1349 2081 1489 2154 quia
1516 2080 1643 2154 ipse
1673 2097 1879 2138 omnes
1900 2097 2042 2154 gen-

378 2179 472 2234 tes
502 2172 639 2230 feeit
670 2189 683 2229 :
715 2175 776 2228 ct
796 2187 913 2227 non
943 2174 1177 2228 tantum
1219 2188 1398 2243 super
1435 2186 1640 2226 omnes
1679 2175 1907 2244 gentes,
1939 2170 2042 2226 sed

380 2286 410 2316 «
433 2266 494 2321 et
520 2278 699 2336 super
726 2260 923 2328 oculos,
948 2260 1008 2315 id
1039 2264 1146 2330 est,
1171 2259 1436 2316 caelestes
1466 2264 1524 2316 et
1554 2259 1850 2333 angelieas
1881 2276 2040 2315 crea-

376 2357 565 2422 turas,
591 2356 650 2409 et
673 2372 701 2402 «
723 2349 910 2424 gloria
949 2351 1099 2422 ejus,
1125 2372 1153 2399 ››
1177 2349 1232 2405 id
1266 2353 1357 2406 est
1388 2349 1515 2422 ipse
1545 2348 1837 2422 gloriosus
1864 2365 1877 2405 :
1902 2347 2043 2420 quia

378 2443 507 2516 ipse
536 2444 628 2499 est
656 2439 833 2496 etiam
861 2439 982 2496 vita
1008 2442 1065 2494 et
1096 2438 1330 2494 refectio
1365 2437 1732 2510 angelorum.

449 2555 479 2583 «
505 2530 647 2598 Quis
679 2529 836 2585 sicut
875 2526 1211 2584 Dominus?
1233 2550 1261 2576 ››
1286 2527 1426 2583 Pars
1476 2526 1755 2582 secunda.
1789 2527 1861 2582 Et
1911 2542 2041 2582 vero

376 2622 505 2695 ipse
519 2619 855 2676 laudandus
866 2617 1124 2689 est,quia
1141 2615 1340 2672 nullus
1357 2618 1551 2688 potest
1568 2614 1814 2671 inveniri
1827 2615 2040 2672 similis

376 2708 465 2767 illi
487 2709 547 2766 in
570 2709 770 2780 aliqua
785 2706 1092 2781 dignitate.
1107 2705 1228 2762 Ηοο
1248 2704 1389 2761 dicit
1409 2705 1519 2761 sub
1541 2704 2000 2778 interrogatione
2021 2721 2035 2761 :

375 2823 406 2852 α
433 2798 577 2867 Quis
608 2797 763 2855 sicut
790 2795 1079 2853 Dominus
1103 2795 1259 2851 Deus
1283 2792 1516 2850 noster?
1545 2792 1756 2850 Nullus
1785 2795 1988 2866 utique
2020 2811 2034 2851 :

376 2911 408 2941 «ι
432 2886 535 2962 qui
560 2910 588 2938 »
610 2886 898 2945 Dominus
919 2908 947 2937 «
972 2884 1033 2940 in
1058 2883 1195 2940 altis
1212 2882 1496 2953 habitat,»
1520 2883 1575 2938 id
1602 2887 1711 2952 est,
1735 2882 1796 2939 in
1817 2882 2038 2940 sanctis

376 2994 484 3053 per
500 2975 887 3033 eminentiam
905 2974 1190 3031 virtutum
1215 2989 1264 3028 ;‹‹
1290 2971 1445 3041 altis,
1471 2995 1498 3024 »
1525 2972 1625 3045 qui
1648 2990 1717 3029 ex
1740 2990 1849 3029 sua
1869 2972 2037 3030 habi-

374 3067 601 3125 tatione
619 3064 722 3124 alti
743 3065 896 3121 ﬁunt
918 3081 931 3120 :
957 3079 1064 3119 nec
1085 3066 1285 3118 tamen
1309 3077 1409 3118 eos
1432 3061 1702 3135 despicit,
1719 3062 1769 3118 si
1788 3062 2037 3119 velimus

376 3155 680 3214 humiliari
702 3154 787 3212 ei:
808 3153 949 3228 quia
967 3154 1039 3209 de
1062 3151 1163 3208 illa
1181 3150 1492 3208 altitudine
1513 3151 1671 3208 sedis
1688 3175 1715 3202 «
1741 3152 2034 3225 respicit,»

376 3248 437 3304 id
459 3249 570 3316 est,
602 3242 1067 3302 misericordiam
1098 3241 1433 3309 tribuendo,
1454 3241 1655 3297 visitat
1676 3263 1703 3292 «
1727 3240 2035 3309 humilia,»

2160 1101 2237 1157 eti
2267 1103 2677 1174 praedicatores
2710 1105 2767 1160 in
2800 1105 3077 1164 Ecclesia.
3105 1104 3373 1163 Alleluia.

2641 1247 2713 1303 IN
2755 1247 3103 1303 PSALMUM
3143 1247 3333 1304 CXIII.

2700 1336 2977 1393 Trruws.
3010 1336 3267 1393 Alleluia.

2226 1481 2254 1509 ‹‹
2291 1459 2355 1515 In
2384 1460 2541 1515 exitu
2574 1459 2772 1516 Israel.
2798 1491 2822 1516 »
2846 1460 2911 1517 In
2942 1460 3053 1517 hoc
3102 1459 3334 1534 psalmo
3385 1459 3647 1534 loquitur
3684 1478 3814 1534 pro-

2152 1547 2349 1620 pheta,
2382 1552 2441 1604 ct
2466 1549 2642 1605 habet
2690 1549 2999 1605 materiam
3031 1550 3314 1607 beneﬁcia
3348 1550 3475 1622 Dei,
3497 1568 3627 1624 qum
3674 1550 3814 1607 fecit

2151 1635 2441 1706 Ecclesiae,
2466 1636 2797 1709 signiﬁcata
2819 1653 2932 1710 per
2958 1637 3063 1694 illa
3090 1638 3377 1695 beneﬁcia
3405 1655 3536 1711 quae
3567 1638 3815 1696 contulit

2149 1725 2391 1799 antiquo
2412 1725 2650 1800 populo.
2665 1727 2954 1784 Dicuntur
2971 1727 3130 1784 enim
3149 1727 3244 1785 hic
3260 1729 3531 1801 quaedam
3553 1745 3684 1801 quis
3706 1745 3813 1786 nos

2148 1814 2222 1871 ab
2243 1813 2491 1872 historia
2509 1820 2839 1885 removent;
2874 1815 3029 1873 sicut
3048 1834 3095 1873 τι.
3119 1817 3349 1873 Montes
3374 1816 3816 1875 exsultaverunt

2151 1905 2209 1960 et
2238 1902 2470 1961 colles.»
2494 1906 2563 1960 In
2594 1904 2787 1977 prima
2816 1910 3002 1977 parte,
3026 1905 3301 1978 proponit
3329 1905 3502 1963 nobis
3531 1906 3814 1965 beneficia

2152 2010 2281 2066 quae
2313 1994 2466 2050 Deus
2496 1993 2941 2065 facitEcelesiae,
2959 2010 3063 2066 per
3083 1994 3306 2067 ﬁguras
3326 2011 3426 2051 eas
3448 1994 3808 2070 signiﬁcans.

2153 2082 2218 2139 In
2247 2083 2528 2151 secunda,
2553 2100 2680 2156 quae
2711 2081 2918 2156 incipit
2940 2100 2992 2138 :«
3015 2082 3164 2150 Quid
3185 2087 3276 2140 est
3295 2082 3427 2155 tibi,
3448 2100 3628 2156 mare,
3652 2085 3808 2158 quod

2151 2172 2377 2245 fugisti,
2404 2203 2426 2227 »
2451 2173 2592 2229 facit
2630 2173 3040 2245 quaestionem,
3074 2173 3247 2244 quasi
3294 2173 3632 2231 admirans:
3668 2174 3809 2241 Quis

2150 2265 2344 2334 potest
2373 2262 2560 2318 facere
2590 2260 2808 2334 populo
2847 2278 2959 2318 suo
2996 2265 3161 2317 tanta
3198 2261 3519 2319 beneﬁcia?
3541 2263 3611 2319 Et
3640 2261 3812 2319 solvit

2149 2364 2301 2415 eam,
2326 2349 2645 2404 ostendens
2676 2365 2711 2405 a
2744 2348 2988 2406 Domino
3021 2365 3149 2406 esse
3180 2349 3432 2407 factam:
3467 2367 3584 2406 non
3613 2354 3811 2408 tamen

2150 2438 2304 2508 quod
2330 2437 2616 2509 propheta
2636 2436 2904 2509 miretur,
2924 2439 3027 2495 sed
3054 2437 3226 2496 nobis
3247 2439 3660 2496 admirandum
3682 2455 3814 2497 esse

2151 2523 2432 2598 relinquit
2462 2527 2535 2583 de
2567 2527 2830 2583 bonitate
2861 2527 2985 2584 Dei.
3013 2528 3077 2584 In
3104 2527 3279 2585 tertia
3308 2531 3491 2602 parte,
3515 2545 3641 2601 qua:
3669 2527 3811 2585 inci-

2150 2614 2238 2688 pit
2261 2633 2309 2670 εα
2331 2614 2660 2672 Simulacra
2688 2615 3017 2689 gentium,»
3045 2615 3184 2672 facit
3204 2615 3574 2673 collationem
3597 2617 3667 2673 de
3695 2616 3815 2673 cul-

2149 2708 2285 2760 tura
2314 2704 2559 2760 deorum
2614 2704 2922 2773 falsorum,
2956 2704 3224 2779 gentium
3283 2704 3507 2762 scilicet
3547 2710 3605 2762 et
3640 2705 3813 2763 Chri-

2148 2793 2479 2850 stianorum
2505 2811 2518 2849 :
2544 2795 2862 2851 ostendens
2890 2795 3156 2868 gentium
3186 2794 3478 2852 culturam
3508 2811 3637 2851 esse
3667 2794 3810 2851 stul-

2146 2882 2362 2951 titiam,
2411 2882 2879 2941 Christianorum
2928 2887 3128 2941 autem
3185 2900 3315 2941 esse
3374 2883 3803 2941 utillissimam.

2149 2971 2406 3028 Intendit
2435 2989 2544 3029 nos
2567 2973 2885 3030 admonere
2913 2977 2979 3029 ut
3006 2990 3110 3046 pro
3135 2974 3436 3031 beneﬁciis
3465 2972 3582 3030 illis
3613 2974 3673 3046 in
3704 2991 3806 3031 no-

2147 3059 2238 3117 bis
2288 3060 2616 3134 completis,
2650 3060 2887 3119 alleluia
2931 3062 3179 3119 Domino
3219 3062 3618 3131 decantemus,
3647 3067 3708 3121 et
3736 3067 3805 3120 ut

2147 3167 2216 3206 ex
2244 3150 2493 3207 historia
2519 3150 2829 3208 trabamus
2858 3150 3218 3225 allegoriam.

2218 3238 2387 3296 Prius
2417 3239 2685 3314 legamus
2713 3239 3044 3311 historiam,
3069 3241 3154 3299 sie
3177 3258 3191 3297 :
3218 3261 3242 3286 ιι
3266 3240 3328 3297 In
3351 3241 3507 3298 exitu
3530 3239 3705 3298 Israel
3726 3241 3802 3297 de

376 3336 438 3392 id
467 3312 564 3391 est
584 3349 707 3405 eos,
733 3332 836 3405 qui
866 3348 930 3388 se
966 3330 1171 3388 volunt
1213 3328 1537 3401 humiliari,
1561 3352 1590 3379 «
1623 3330 1683 3384 in
1725 3328 1891 3400 caelo,
1915 3351 1944 3380 »
1979 3329 2038 3384 id
2071 3312 2113 3380 C
2146 3328 2412 3401 ngypto,
2438 3359 2462 3383 »
2480 3312 2540 3384 id
2564 3332 2674 3397 est,
2700 3329 2938 3401 quando
2959 3329 3314 3387 Israeliticus
3345 3328 3598 3403 populus
3627 3328 3807 3386 exivit

376 3424 488 3491 est,
502 3420 564 3476 in
581 3418 919 3477 caelestibus
936 3419 1249 3475 creaturis:
1271 3418 1426 3475 sicut
1445 3416 1684 3490 angelos
1700 3417 2041 3490 superbien-

376 3514 468 3566 tes
504 3525 621 3565 non
642 3507 903 3580 respicit,
924 3507 1009 3562 sic
1038 3508 1277 3580 angelos
1313 3510 1704 3575 remanentes,
1727 3507 1828 3579 qui
1849 3506 2039 3562 humi-

377 3596 466 3655 les
493 3597 755 3665 fuerunt,
785 3596 1061 3668 respexit,
1093 3599 1152 3651 et
1179 3595 1241 3651 in
1281 3613 1419 3652 vera
1454 3595 1789 3651 obedientia
1818 3595 2037 3652 conﬁr-

376 3685 582 3755 mavit,
607 3688 673 3742 ut
699 3683 975 3756 deinceps
1006 3683 1309 3756 superbire
1338 3701 1456 3740 non
1489 3684 1749 3757 possint:
1781 3708 1802 3736 α
1837 3690 1894 3742 et
1916 3708 1945 3735 ››
1967 3702 2036 3742 ea

376 3775 647 3846 humilia,
672 3791 800 3848 quas
823 3777 963 3830 sunt
985 3796 1012 3823 «
1034 3772 1096 3828 in
1118 3777 1291 3843 terra,
1316 3797 1337 3822 ιο
1364 3774 1423 3829 id
1446 3779 1556 3840 est,
1579 3774 1836 3833 humiles
1855 3774 2031 3849 viros,

374 3864 617 3940 respicit
667 3862 836 3922 oculo
889 3862 1302 3918 misericordiae
1338 3881 1350 3919 :
1386 3864 1525 3935 quia
1574 3868 1632 3918 et
1678 3868 1917 3937 peccata
1948 3865 2033 3922 eis

366 3956 682 4021 condonet,
713 3956 773 4010 et
802 3952 1030 4009 confert
1058 3950 1348 4023 justltias.

438 4040 700 4116 Respicit
723 4039 976 4097 humilia
994 4056 1122 4112 quae
1144 4042 1287 4095 sunt
1323 4039 1383 4095 in
1408 4044 1581 4110 terra,
1606 4041 1910 4098 conferens
1945 4043 2029 4099 eis

365 4133 520 4192 hanc
549 4130 889 4200 utilitatem,
915 4128 1139 4186 scilicet
1160 4151 1189 4179 ‹‹
1213 4129 1511 4187 suscitans
1532 4130 1830 4203 inopem,»
1853 4131 1912 4187 id
1939 4136 2031 4189 est

365 4222 536 4281 illum
557 4221 660 4296 qui
682 4237 746 4278 se
760 4237 880 4277 non
902 4223 1137 4292 reputat
1153 4218 1477 4291 quidquam
1495 4219 1633 4276 boni
1649 4236 1717 4277 ex
1733 4237 1795 4277 se
1813 4220 2029 4278 habere

366 4334 396 4363 «
431 4329 467 4371 a
493 4315 671 4380 terra,
697 4331 727 4361 »
750 4309 810 4365 id
832 4312 941 4380 est,
968 4308 1041 4363 ab
1071 4307 1333 4381 appetitu
1365 4311 1751 4365 terrenorum.
1776 4333 1804 4360 ο(
1829 4310 2026 4367 Susci-

362 4404 501 4459 tans
524 4422 553 4451 »
576 4399 724 4456 bene
748 4397 908 4467 dicit,
933 4396 1073 4469 quia
1091 4396 1362 4452 homines
1384 4396 1557 4469 sopiti
1581 4402 1768 4468 erant,
1793 4402 1850 4454 et
1870 4399 2027 4471 quie-

364 4494 598 4550 scentes
626 4489 688 4545 in
711 4504 910 4545 amore
936 4491 1304 4543 terrenorum
1323 4488 1559 4559 quando
1580 4487 1736 4543 Deus
1759 4504 1858 4545 eos
1890 4489 2025 4547 inde

364 4578 639 4637 excitavit
658 4594 762 4652 per
780 4576 1081 4633 Christum
1106 4593 1119 4633 :
1145 4576 1325 4632 etiam
1346 4599 1373 4627 «
1400 4575 1631 4649 erigens
1652 4593 1967 4649 pauperem
1995 4602 2022 4631 ››

2149 3418 2219 3473 (10
2248 3417 2514 3491 Egypto,
2537 3416 2764 3474 scilicet
2784 3419 2857 3474 de
2886 3417 3043 3475 exitu
3066 3444 3090 3470 «
3113 3420 3345 3498 domus,
3369 3440 3394 3468 ιι
3418 3418 3476 3474 id
3503 3422 3594 3476 est
3622 3418 3807 3475 totius

2146 3507 2382 3564 familiae
2416 3524 2441 3550 «
2472 3508 2675 3565 Jacob.
2697 3534 2726 3565 ››
2757 3508 2839 3565 De
2868 3510 3136 3583 IEgypto,
3160 3509 3230 3565 de
3269 3525 3388 3581 qua
3426 3508 3600 3566 exivit
3630 3508 3806 3565 meri-

2145 3602 2225 3667 to,
2259 3596 2397 3670 quia
2428 3596 2653 3654 scilicet
2684 3621 2709 3647 ‹ι
2740 3599 2811 3654 de
2841 3597 3058 3672 populo
3089 3597 3358 3668 barbaro,
3385 3627 3409 3652 »
3432 3597 3491 3654 id
3522 3600 3629 3664 est,
3664 3597 3806 3670 quia

2145 3686 2399 3760 populus
2432 3691 2557 3742 erat
2584 3687 2896 3744 barbarus.

2216 3776 2280 3831 In
2312 3776 2470 3832 exitu
2496 3774 2598 3831 illo
2627 3795 2650 3819 α
2673 3776 2921 3833 Iudaea»
2946 3779 3103 3832 terra
3124 3774 3224 3832 illa
3248 3802 3271 3828 ‹‹
3304 3779 3393 3832 est
3423 3775 3575 3831 facta
3593 3774 3803 3831 sancti-

2142 3864 2336 3920 ﬁcatio
2367 3863 2528 3920 illius
2561 3894 2585 3918 η
2611 3863 2843 3938 populi;
2877 3864 3016 3937 quia
3054 3865 3134 3922 ibi
3175 3867 3493 3937 potuerunt
3529 3879 3799 3919 caeremo-

2141 3954 2271 4009 nias
2300 3952 2434 4010 illas
2464 3958 2523 4010 et
2544 3954 2836 4010 sacriﬁcia
2862 3953 2978 4010 Deo
3008 3952 3355 4027 persolvere,
3377 3953 3439 4009 in
3468 3952 3683 4025 quibus
3710 3950 3796 4007 illi

2139 4041 2340 4115 populi
2372 4042 2925 4112 sanetiﬁcabantur;
2952 4069 2979 4101 α
2998 4045 3056 4098 et
3080 4041 3255 4099 Israel
3284 4072 3307 4097 υ
3330 4045 3419 4099 est
3438 4041 3627 4097 laetus
3648 4063 3675 4092 «
3699 4056 3797 4112 po-

2137 4134 2322 4188 testas
2362 4132 2492 4203 ejus
2524 4159 2549 4185 »
2582 4135 2773 4199 terrae,
2807 4132 2867 4188 id
2905 4136 3015 4199 est,
3048 4135 3256 4203 potens
3314 4131 3374 4186 in
3435 4135 3590 4186 terra
3642 4127 3746 4185 illa
3778 4144 3793 4186 :

2137 4224 2195 4277 ct
2223 4224 2366 4278 tunc
2396 4221 2672 4294 apparuit
2699 4221 2905 4279 Judaea
2936 4220 3103 4293 quasi
3131 4220 3371 4278 domina
3394 4218 3658 4276 omnium
3685 4221 3795 4274 ter-

2136 4327 2338 4366 rarum
2347 4351 2360 4365 .

2204 4399 2277 4454 Et
2316 4400 2611 4471 quomodo
2656 4398 2868 4456 exivit?
2909 4398 3017 4457 Per
3050 4399 3161 4456 hoc
3199 4399 3355 4471 quod
3388 4421 3413 4450 α
3436 4412 3594 4453 mare
3617 4422 3641 4448 »ι
3674 4395 3792 4452 Ru-

2135 4488 2308 4544 brum
2330 4510 2358 4542 α
2385 4487 2550 4556 vidit,
2576 4516 2600 4541 ι)
2631 4487 2691 4543 id
2731 4491 2841 4559 est,
2881 4489 3173 4562 cognovit,
3214 4487 3423 4544 faciem
3462 4485 3562 4543 Dei
3599 4489 3658 4541 et
3692 4501 3791 4542 vo-

2134 4575 2490 4648 luntatem,«
2509 4581 2568 4634 et
2598 4577 2750 4650 fugit
2771 4602 2796 4630 η
2830 4594 3013 4647 mare,
3038 4578 3098 4633 id
3130 4582 3240 4648 est,
3262 4575 3461 4633 divisit
3489 4574 3786 4647 seipsum:

364 4668 598 4742 spiritu,
631 4666 857 4749 scilicet
898 4665 1208 4732 humilem,
1234 4688 1262 4716 ‹‹
1287 4666 1359 4722 de
1390 4669 1665 4736 stercore,
1692 4687 1720 4717 »
1745 4667 1802 4723 id
1836 4674 1924 4726 est
1954 4672 2027 4728 de
2055 4684 2103 4751 ι)
2134 4670 2191 4721 et
2220 4667 2456 4739 quando
2485 4670 2775 4723 venerunt
2811 4667 2884 4724 ad
2926 4666 3265 4736 Jordanem,
3290 4669 3430 4722 tunc
3464 4690 3488 4715 α
3517 4661 3792 4721 Jordanis

365 4744 746 4815 immunditia
792 4755 975 4828 hujus
1021 4754 1152 4811 vitae
1187 4772 1200 4811 :
1234 4754 1390 4810 unde
1420 4754 1640 4810 dicitur
1671 4774 1684 4812 :
1716 4785 1740 4811 (ι
1770 4756 2024 4833 Compu-

362 4850 636 4905 truerunt
657 4846 932 4917 jumenta
963 4844 1021 4900 in
1055 4847 1310 4899 stercore
1342 4861 1448 4900 suo
1481 4845 1632 4917 (Joel.
1658 4848 1754 4916 1).»
1880 4840 1891 4847 “

432 4937 520 4993 Ad
551 4936 663 4992 hoc
702 4933 972 5003 suscitat,
995 4953 1021 4985 ο
1050 4935 1117 4987 ut
1163 4931 1405 4989 collocet
1452 4950 1588 4989 eum
1612 4963 1636 4988 »
1669 4935 2025 4994 suscitatum

364 5047 392 5075 α
427 5041 564 5082 cum
621 5022 1011 5097 principibus,
1037 5049 1061 5074 η
1087 5021 1146 5076 id
1193 5026 1301 5091 est,
1336 5039 1472 5078 cum
1521 5023 1743 5080 sanctis
1798 5027 2023 5099 angelis

362 5118 421 5172 et
450 5137 474 5162 «
508 5129 646 5170 cum
678 5110 1045 5184 principibus
1076 5110 1274 5183 populi
1308 5112 1421 5180 sui,
1446 5135 1475 5168 ι)
1498 5113 1555 5167 id
1587 5117 1695 5182 est,
1720 5130 1855 5170 eum
1888 5133 2022 5172 san-

364 5202 441 5260 tis
472 5199 779 5275 apostolis,
809 5215 960 5272 quos
991 5198 1278 5255 Dominus
1309 5199 1524 5273 populo
1556 5218 1663 5258 suo
1693 5202 1971 5273 przefecit.

432 5289 705 5348 Ostendit
734 5306 838 5361 per
862 5288 1005 5360 quid
1050 5288 1203 5343 Deus
1244 5305 1561 5361 pauperem
1595 5291 1861 5361 suscitet,
1886 5294 2026 5364 quia

361 5379 773 5452 praedicatores
807 5393 967 5446 suos,
991 5377 1092 5448 qui
1120 5379 1256 5433 ante
1287 5377 1604 5433 adventum
1636 5378 1764 5450 ejus
1795 5380 2022 5438 steriles

361 5468 623 5537 fuerunt,
656 5467 832 5522 modo
862 5467 1143 5523 fecundos
1174 5466 1346 5522 faciet
1384 5470 1441 5521 et
1480 5467 1627 5523 bene
1657 5468 2020 5525 fructiﬁcan-

361 5558 471 5613 tes.
486 5556 896 5612 Continuatio:
923 5555 1023 5611 Ille
1045 5556 1285 5627 quidem
1306 5559 1397 5611 est
1417 5556 1736 5625 suscitans,
1751 5573 1779 5604 α
1800 5560 1897 5631 qui
1921 5560 2019 5617 ha-

362 5640 551 5699 bitare
580 5643 720 5698 facit
739 5644 801 5697 in
821 5643 1048 5698 domo.«
1073 5645 1136 5699 Id
1159 5644 1329 5699 estin
1354 5643 1663 5713 Ecclesia,»
1688 5647 1967 5718 sterilem,
1991 5671 2019 5697 ››

364 5727 424 5784 id
446 5734 538 5785 est
556 5731 965 5804 pradicatores
988 5747 1147 5803 suos,
1163 5732 1263 5804 qui
1290 5736 1424 5788 ante
1446 5734 1760 5791 adventum
1780 5735 2015 5808 Christi,

2136 4772 2453 4811 conversus
2486 4760 2577 4811 est
2606 4759 2953 4824 retrorsum,
2979 4780 3003 4804 »
3035 4755 3175 4828 quia
3202 4754 3340 4811 fecit
3367 4754 3453 4811 eis
3482 4751 3653 4809 viam.

2207 4845 2277 4900 Et
2307 4860 2443 4901 cum
2475 4848 2760 4902 venerunt
2787 4844 2846 4901 in
2886 4845 3174 4912 Judaeam,
3201 4864 3225 4888 «
3254 4846 3504 4911 montes,
3528 4865 3553 4889 η
3586 4840 3646 4895 id
3676 4844 3789 4912 est,

2135 4932 2372 4990 altiores
2404 4934 2462 4989 in
2494 4934 2730 5007 populo,
2755 4938 2821 4990 ut
2856 4933 3037 4990 Josue
3066 4937 3123 4990 et
3148 4931 3387 5005 Caleph,
3411 4956 3433 4980 α
3467 4927 3789 4988 exsultave-

2134 5026 2274 5078 runt
2302 5026 2367 5077 ut
2404 5022 2637 5093 arietes,
2670 5026 2728 5079 et
2756 5020 2956 5092 colles,
2980 5043 3005 5069 ιο
3039 5021 3098 5077 id
3129 5025 3237 5091 est,
3273 5020 3529 5077 minores
3576 5018 3637 5073 in
3685 5034 3786 5089 po-

2134 5111 2294 5183 pulo,
2321 5134 2344 5158 «
2379 5112 2532 5168 sicut
2561 5111 2699 5185 agni
2729 5112 2949 5169 ovium.
2975 5137 3000 5163 ι›

2202 5201 2288 5257 Ad
2319 5200 2659 5275 allegoriam
2683 5220 2696 5259 :
2732 5201 2839 5257 Per
2860 5201 3058 5268 Israel,
3082 5199 3367 5274 populum
3389 5195 3784 5254 Christianum

2133 5288 2543 5362 intelligimus,
2577 5290 2680 5363 qui
2710 5292 2858 5348 bene
2887 5290 3104 5347 dicitur
3132 5288 3329 5359 Israel,
3362 5287 3420 5342 id
3451 5290 3559 5355 est,
3582 5284 3787 5342 videns

2132 5381 2319 5436 Deum
2350 5397 2454 5452 per
2483 5380 2660 5437 ﬁdem
2689 5398 2701 5436 :
2746 5380 2979 5452 quando
3018 5378 3157 5435 exiit
3195 5378 3264 5432 de
3296 5378 3558 5449 Aigypto,
3585 5373 3643 5429 id
3673 5377 3783 5441 est,

2132 5471 2202 5525 de
2236 5468 2493 5525 tenebris
2525 5468 2913 5525 inﬁdelitatis.
2939 5468 3044 5523 Per
3072 5468 3314 5523 domum
3353 5464 3532 5522 Jacob
3570 5460 3785 5518 intelli-

2131 5560 2328 5633 gimus
2358 5558 2644 5631 populum
2687 5557 3037 5614 luctatorem
3072 5561 3274 5614 contra
3304 5555 3479 5612 vitia:
3504 5553 3605 5624 qui
3640 5551 3788 5608 bene

2130 5648 2349 5705 dicitur
2384 5647 2584 5715 Jacob,
2604 5646 2664 5702 id
2696 5650 2786 5703 est
2814 5645 3090 5717 luctator,
3110 5662 3246 5701 eum
3284 5643 3424 5700 exiit
3463 5642 3534 5697 de
3572 5639 3787 5712 populo

2128 5738 2398 5811 barbaro,
2420 5734 2477 5792 id
2508 5739 2597 5793 est
2626 5736 2696 5793 de
2728 5734 2989 5795 dominio
3011 5735 3286 5794 vitiorum
3310 5732 3396 5789 vel
3429 5748 3462 5790 a
3492 5730 3787 5790 consortio
