3942 6390
184 448 305 517 589

1368 450 1874 515 EXPLANATIO
1916 452 1995 514 IN
2043 452 2423 517 PSALMOS.

3492 456 3609 521 590

187 587 546 653 daemonum,
580 586 680 658 qui
730 584 1010 642 dicuntur
1056 584 1309 658 populus
1358 586 1664 654 barbarus,
1700 586 1839 658 quia
1865 587 1922 654 Α
1950 586 2129 642 etiam
2162 611 2187 637 (ι
2225 582 2451 658 rupem,
2494 586 2551 641 id
2583 592 2693 657 est,
2727 588 2974 659 gentiles
3002 589 3188 646 siccos
3236 596 3293 648 et
3338 594 3533 650 aridos
3564 613 3600 652 a

183 680 330 731 sunt
361 674 601 730 alienati
619 692 653 730 a
684 675 821 730 Deo.

257 765 327 819 Et
356 767 671 837 postquam
694 763 802 819 iste
836 762 1009 818 Israel
1034 764 1208 819 exivit
1240 764 1308 819 de
1340 763 1831 835 :Egypto,Judaea,

181 852 244 908 id
274 858 365 909 est
394 852 687 918 Christus,
717 852 818 924 qui
852 853 979 908 ideo
1011 870 1114 925 per
1149 852 1415 908 Judzeam
1464 851 1831 924 intelligitur,

183 942 327 1013 quia
353 943 424 998 de
456 942 614 997 tribu
645 941 801 997 Juda
832 946 1007 996 natus
1037 946 1144 1008 est,
1179 959 1213 996 a
1242 960 1358 1013 quo
1406 942 1608 997 Judma
1655 942 1831 1008 dicta,

181 1032 284 1102 qui
316 1031 549 1104 proprie
597 1029 773 1086 etiam
822 1031 1040 1085 dicitur
1086 1030 1309 1095 Judma,
1362 1030 1499 1101 quia
1543 1031 1833 1085 confessio

184 1125 387 1175 nostra
415 1124 522 1190 est,
557 1118 695 1192 quia
723 1136 858 1175 eum
894 1123 1160 1175 nostrum
1206 1118 1563 1175 Salvatorem
1616 1118 1832 1173 intelli-
1879 1179 1882 1182 ,

182 1209 380 1281 gimus
413 1226 426 1264 :
456 1214 512 1264 et
540 1209 666 1280 ipse
696 1209 967 1264 Christus
993 1213 1083 1263 est
1110 1212 1261 1264 terra
1290 1212 1507 1278 nostra,
1535 1225 1831 1281 perquem

182 1298 591 1363 subsistimus,
625 1297 778 1352 sicut
807 1301 864 1352 et
905 1314 1008 1369 per
1035 1297 1299 1353 Judazam
1335 1297 1691 1352 Israeliticus
1730 1315 1831 1369 po-

180 1386 362 1459 pulus
397 1404 410 1442 :
443 1387 644 1442 Iudaea
672 1385 791 1452 illa,
825 1385 1047 1441 scilicet
1076 1385 1531 1453 Christus,facta
1561 1390 1650 1441 est
1672 1403 1835 1441 sanc-

181 1475 425 1531 tiﬁcatio
459 1473 657 1541 Israel,
675 1474 734 1529 id
766 1479 855 1530 est
883 1474 1196 1529 Christiani
1223 1474 1451 1546 populi:
1473 1475 1613 1546 quia
1641 1474 1834 1529 Chris-

179 1565 379 1621 tianus
410 1562 665 1637 populus
696 1580 797 1635 per
817 1562 1116 1619 Christum
1150 1562 1326 1618 habet
1354 1580 1588 1617 omnem
1622 1562 1835 1618 sancti-

178 1654 513 1710 ﬁcationem
549 1669 562 1708 :
598 1656 656 1708 et
699 1651 897 1720 Israel,
931 1651 990 1707 id
1039 1655 1148 1718 est,
1183 1651 1437 1723 populus
1491 1652 1587 1707 ille
1634 1652 1831 1707 Chris-

178 1743 402 1811 tianus,
448 1746 539 1797 est
596 1741 785 1797 factus
844 1744 1102 1813 potestas
1154 1741 1283 1811 ejus
1333 1741 1569 1809 Judawe,
1613 1742 1668 1796 id
1720 1746 1830 1808 est,

176 1831 416 1898 Christi,
450 1830 509 1887 id
541 1834 649 1897 est,
684 1830 944 1887 ostendit
974 1829 1272 1885 Christum
1304 1836 1625 1902 potentem,
1659 1848 1694 1885 a
1718 1848 1832 1902 quo

176 1920 587 1976 fortitudinem
617 1918 779 1975 illam
826 1919 1071 1991 accepit,
1105 1922 1171 1974 ut
1222 1923 1341 1975 tam
1391 1918 1636 1974 ﬁrmiter
1676 1925 1831 1975 stare

176 2014 239 2066 et
268 2013 473 2066 contra
499 2008 642 2066 vitia
671 2024 933 2081 pugnare
959 2008 1167 2079 possit.

250 2099 320 2154 Et
349 2114 453 2171 per
475 2097 586 2153 hoc
630 2095 728 2152 ille
762 2096 1017 2168 populus
1046 2097 1238 2152 factus
1268 2100 1359 2151 est
1389 2096 1589 2165 Israel,
1623 2101 1680 2152 et
1709 2096 1827 2153 exi-

173 2188 261 2243 vit
308 2187 379 2243 de
422 2187 665 2260 Egypto
712 2185 1099 2251 inﬁdelitatis,
1151 2186 1291 2258 quia
1333 2210 1360 2237 ‹‹
1397 2203 1557 2242 mare
1597 2187 1743 2241 vidit
1772 2190 1830 2241 et

174 2276 349 2349 fugit,
386 2298 414 2325 »
443 2275 502 2331 id
533 2284 639 2343 est,
672 2290 876 2332 omnes
908 2274 1299 2331 amaricantes
1340 2274 1399 2330 in
1432 2275 1707 2348 peccatis,
1736 2275 1826 2330 vi-

174 2366 392 2420 derunt
420 2363 628 2420 faciem
659 2363 760 2420 Dei
794 2381 807 2419 :
842 2368 899 2419 et
939 2387 966 2414 «
1000 2364 1294 2432 Jordanis,
1332 2387 1360 2413 »
1394 2365 1450 2419 id
1499 2369 1609 2433 est,
1643 2364 1824 2436 aliqui

177 2455 428 2510 ﬂuentes
445 2453 623 2510 variis
639 2453 947 2510 desideriis
976 2454 1035 2509 in
1053 2470 1233 2521 mare,
1247 2454 1306 2509 id
1329 2459 1437 2521 est,
1454 2455 1512 2509 in
1535 2455 1825 2510 mundum

176 2543 520 2599 discurrunt
548 2560 561 2600 :
596 2542 857 2600 conversi
890 2546 1031 2598 sunt
1068 2567 1096 2593 ‹‹
1133 2547 1473 2612 retrorsum,
1509 2567 1535 2594 »
1569 2544 1650 2600 ita
1698 2548 1762 2599 ut
1792 2561 1828 2600 a

174 2633 434 2705 peccatis
464 2636 680 2699 essent,
710 2636 769 2694 et
797 2632 869 2687 ad
900 2631 1223 2701 Christum,
1257 2633 1315 2687 id
1347 2638 1437 2688 est
1485 2634 1557 2688 ad
1606 2634 1824 2689 fontem

176 2738 377 2788 suum,
407 2722 665 2789 redeant,
702 2738 736 2777 a
765 2738 880 2792 quo
917 2721 977 2776 in
1007 2722 1357 2792 perfectione
1387 2722 1562 2778 creati
1594 2727 1750 2778 sunt.

248 2810 319 2865 Et
350 2815 490 2866 tunc
520 2834 547 2860 «
582 2814 810 2865 montes
844 2832 871 2859 ››
904 2808 1010 2878 illi,
1052 2809 1111 2865 id
1150 2815 1240 2865 est
1280 2809 1514 2866 altiores
1539 2811 1597 2865 in
1631 2812 1821 2869 Eccle-

170 2898 286 2967 sia,
318 2898 665 2955 sanctificati
695 2915 729 2953 a
758 2897 1009 2965 Christo,
1035 2921 1063 2948 «
1097 2898 1534 2955 exsultaverunt
1568 2922 1595 2949 ››
1628 2902 1699 2956 de
1718 2903 1826 2957 vir-

171 2988 404 3044 tutibus
452 2986 599 3057 suis,
651 3009 679 3037 ‹‹
725 2987 881 3042 sicut
928 2987 1225 3051 arietes,»
1276 2988 1417 3059 quia
1463 2994 1604 3044 sunt
1644 2990 1825 3047 duces

167 3075 389 3150 gregis,
422 3074 576 3129 sicut
599 3074 810 3130 arietes
844 3091 856 3128 :
892 3097 919 3124 ‹‹
956 3079 1013 3129 et
1040 3074 1238 3142 colles,
1264 3097 1291 3124 »
1322 3075 1383 3129 id
1413 3080 1502 3132 est
1532 3076 1616 3131 illi
1643 3079 1827 3134 mino-

168 3182 287 3230 res,
322 3162 615 3235 quierant
663 3161 805 3218 culti
856 3163 928 3217 ab
980 3162 1097 3219 illis
1148 3161 1478 3233 altioribus,
1533 3165 1671 3221 lacti
1721 3185 1826 3239 per

169 3250 647 3325 praedicationem
677 3267 879 3306 eorum
914 3273 943 3301 «
975 3252 1126 3307 sicut
1156 3252 1290 3324 agni
1323 3254 1540 3322 ovium,
1578 3277 1606 3304 υ
1637 3253 1695 3309 id
1735 3261 1825 3312 est

169 3341 534 3406 innocentes,
568 3338 1028 3394 exsultaverunt.

184 3456 193 3461 -
246 3450 275 3477 ‹‹
308 3426 458 3494 Quid
488 3429 579 3482 est
606 3426 734 3493 tibi,
758 3426 955 3482 mare?
978 3450 1006 3476 »
1040 3428 1179 3484 Pars
1209 3430 1488 3485 secunda.
1513 3429 1827 3489 Continua-

168 3516 255 3572 tio
290 3533 304 3572 :
339 3515 496 3571 Mare
528 3515 679 3589 fugit
706 3514 959 3587 priorem
990 3516 1192 3585 vitam,
1225 3521 1304 3587 et,
1336 3535 1369 3573 ο
1420 3542 1447 3569 ‹‹
1482 3536 1663 3587 mare,
1704 3544 1731 3571 ››
1763 3520 1824 3577 id

168 3609 284 3674 est,
309 3620 342 3660 ο
371 3621 474 3661 vos
505 3604 897 3661 amaricantes
927 3604 986 3660 in
1018 3607 1296 3679 peccatis,
1334 3628 1361 3657 ‹‹
1393 3608 1535 3679 quid
1580 3614 1670 3666 est
1718 3610 1824 3666 tibi

166 3693 330 3766 quod
357 3692 628 3766 fugisti,»
651 3693 710 3750 id
741 3696 831 3750 est
859 3695 1113 3768 priorem
1147 3698 1633 3753 consuetudinem
1659 3698 1825 3755 dimi-

166 3781 348 3838 sisti?
378 3805 404 3833 «
440 3787 499 3838 et
526 3787 613 3851 tu,
644 3783 940 3853 Jordanis,
974 3806 1002 3833 ››
1034 3786 1176 3857 quid
1209 3790 1297 3841 est
1328 3785 1433 3841 tibi
1464 3811 1490 3837 «
1528 3787 1666 3859 quia
1694 3806 1826 3844 con-

161 3887 374 3929 versus
402 3887 467 3928 es
495 3877 841 3941 retrorsum,
878 3897 906 3923 ››
940 3875 1012 3929 ad
1044 3874 1229 3930 Deum
1261 3875 1482 3931 fontem
1513 3881 1682 3932 tuum
1707 3878 1735 3933 τ.)

241 3961 330 4027 Et,
364 3978 397 4016 ο
426 3978 549 4032 vos,
582 3984 609 4012 «
644 3966 896 4031 montes,
925 3984 954 4012 ››
986 3962 1045 4017 id
1077 3968 1165 4019 est
1195 3965 1384 4020 sancti
1417 3966 1823 4039 apostoli,qu:e

164 4067 350 4106 causa
397 4050 508 4106 fuit
553 4067 734 4122 quare
783 4068 885 4107 vos
932 4075 957 4101 «
994 4051 1332 4109 exsultastis
1384 4053 1539 4110 sicut
1566 4056 1825 4111 arietes?

162 4145 223 4195 et
259 4160 287 4188 ››
318 4155 351 4193 o
382 4156 505 4207 vos,
540 4162 567 4190 «
604 4138 802 4208 colles,
838 4162 866 4190 ››
898 4140 1040 4211 quid
1067 4141 1407 4198 exsultastis
1439 4166 1467 4192 «
1502 4143 1657 4198 sicut
1686 4144 1820 4216 agni

161 4228 364 4284 ovium
385 4228 414 4283 ‘P
446 4250 475 4278 ››
506 4228 671 4301 ponit
701 4228 1079 4285 solutionem.

238 4318 443 4382 Quaero
475 4334 581 4373 cur
609 4316 865 4390 fugisti?
894 4322 1003 4374 etc.
1038 4319 1181 4374 Ecce
1214 4337 1473 4377 causam.
1505 4321 1638 4378 Ideo
1662 4338 1823 4378 mare

166 4404 340 4478 fugit,
373 4410 433 4461 et
461 4410 667 4463 caetera
698 4406 851 4463 facta
882 4412 1022 4465 sunt
1052 4408 1244 4480 (Exod.
1278 4409 1439 4481 xvn),
1476 4410 1614 4482 quia
1646 4434 1673 4461 ‹‹
1706 4416 1821 4468 ter-

164 4511 254 4561 ra,
290 4516 319 4544 »
353 4494 412 4550 id
461 4500 553 4551 est
598 4495 836 4563 terreni,
870 4519 898 4547 «
934 4501 1093 4553 mota
1141 4501 1229 4554 est
1263 4520 1290 4547 ››
1332 4515 1366 4554 a
1391 4499 1571 4554 veteri
1602 4498 1718 4555 vita
1748 4500 1821 4555 ad

164 4599 379 4640 novam
413 4600 427 4639 :
461 4589 520 4640 et
548 4583 659 4640 hoc
691 4606 719 4635 «
753 4602 788 4641 a
832 4585 980 4642 facie
1008 4585 1262 4653 Domini,
1302 4609 1328 4635 ››
1361 4587 1419 4642 id
1450 4591 1558 4652 est,
1590 4592 1825 4659 propter

1944 693 2076 732 vero
2110 694 2257 742 rore,
2288 680 2345 731 et
2374 676 2704 748 cognitione
2744 676 2867 745 Dei,
2902 678 3188 734 convertit
3230 704 3256 729 ‹‹
3292 676 3373 735 ἰιι’
3402 683 3594 741 fontes

1946 780 2253 835 aquarum,
2287 789 2313 815 ι(
2349 765 2406 819 id
2440 770 2549 830 est,
2585 769 2649 820 ut
2680 765 2790 837 ipsi
2822 765 3069 837 gentiles
3112 767 3258 823 ﬁant
3304 769 3494 827 fontes
3537 777 3595 829 et

1944 851 2126 924 origo,
2160 870 2228 908 ex
2260 854 2475 924 quibus
2507 871 2691 925 aqua},
2727 853 2784 907 id
2824 858 2912 910 est
2958 854 3256 926 doctrinm,
3289 858 3593 929 profluunt

1942 939 2094 995 aliis.

2015 1053 2040 1079 ‹‹
2078 1030 2202 1084 Non
2236 1031 2424 1086 nobis.
2465 1056 2490 1079 ››
2520 1032 2588 1086 Et
2619 1032 3116 1104 quandoquidem,
3138 1050 3181 1089 -ο
3219 1033 3484 1103 Domine,
3508 1038 3591 1093 ita

1942 1119 2231 1175 convertis
2262 1125 2511 1191 petram,
2542 1125 2600 1174 et
2630 1126 2836 1176 CtDtCl‘a
2876 1122 3154 1177 beneficia
3205 1124 3347 1179 facis
3396 1126 3586 1193 nobis,

1941 1223 2068 1277 ego,
2096 1231 2121 1258 α
2156 1208 2469 1276 Domine,»
2501 1210 2575 1264 da
2608 1210 2777 1265 nobis
2809 1210 3271 1267 misericordiam
3301 1217 3360 1268 et
3386 1216 3591 1270 verita-

1944 1300 2089 1352 tem:
2112 1301 2169 1352 et
2198 1316 2375 1371 super
2404 1297 2505 1353 illa
2536 1299 2938 1355 misericordia
2964 1303 3068 1356 tua
3085 1324 3110 1351 ‹‹
3128 1301 3204 1357 da
3222 1302 3470 1374 gloriam
3492 1322 3590 1360 no-

1945 1384 2086 1440 mini
2121 1390 2240 1455 tuo,
2268 1405 2382 1442 non
2404 1387 2594 1455 nobis,
2622 1410 2650 1438 »
2672 1388 2729 1443 id
2752 1392 2863 1457 est,
2885 1391 2972 1443 l’ac
2998 1406 3103 1445 nos
3130 1390 3453 1464 intelligere
3479 1394 3586 1448 mi-

1942 1473 2320 1531 sericordiam
2354 1480 2519 1532 tuam
2552 1476 2713 1532 nullo
2747 1483 2947 1533 nostro
2979 1479 3187 1534 merito
3228 1480 3398 1536 nobis
3440 1482 3588 1539 dari.

1939 1564 2042 1617 sed
2078 1568 2314 1636 propter
2362 1582 2573 1621 nomen
2624 1569 2792 1621 tuum
2834 1566 3292 1639 ampliandum:
3345 1574 3410 1625 ut
3455 1569 3594 1627 inde

1944 1650 2167 1707 nullam
2196 1654 2596 1709 attribuamus
2626 1654 2797 1711 nobis
2825 1654 3063 1711 laudem
3092 1660 3150 1711 et
3182 1656 3455 1730 gloriam,
3484 1660 3589 1716 sed

1943 1744 2131 1795 totum
2182 1742 2550 1797 ascribamus
2585 1742 2808 1797 nomini
2840 1748 2939 1798 tuo
2975 1761 2988 1798 :
3020 1744 3081 1798 in
3113 1762 3230 1801 uno
3260 1768 3287 1795 ‹‹
3323 1763 3439 1802 non
3480 1764 3589 1804 no-

1940 1827 2052 1896 bis,
2090 1851 2118 1877 »
2143 1828 2377 1885 Judalos
2406 1828 2793 1902 intelligimus
2826 1849 2839 1887 :
2874 1830 2935 1886 in
2967 1831 3103 1896 alio,
3137 1856 3164 1883 ‹‹
3199 1850 3315 1889 non
3346 1835 3589 1904 nobis,»

1940 1921 2162 1989 gentes,
2182 1918 2405 1974 scilicet
2416 1935 2604 1990 neque
2615 1919 2800 1974 Judaei
2816 1936 3001 1991 neque
3013 1924 3217 1992 gentes
3228 1927 3593 1994 praesumant

1939 2005 2052 2062 sibi
2083 2006 2208 2061 dari
2240 2006 2705 2062 misericordiam
2732 2007 3059 2063 secundum
3090 2009 3301 2065 merita
3330 2028 3457 2066 sua.

2010 2118 2037 2143 «
2073 2095 2157 2150 Da
2185 2094 2455 2167 gloriam,
2490 2118 2518 2145 ››
2551 2095 2702 2164 dico,
2736 2118 2764 2146 «
2799 2113 2977 2169 super
3005 2096 3406 2156 misericordia
3425 2103 3585 2169 tua,»

1936 2183 1995 2239 id
2027 2188 2136 2249 est,
2169 2184 2238 2239 de
2270 2183 2615 2240 remissione
2646 2189 3022 2257 peccatorum
3073 2190 3131 2242 et
3181 2186 3585 2245 aliis'miseri-

1937 2273 2189 2329 corditer
2216 2272 2501 2346 impensis
2531 2291 2543 2328 :
2580 2297 2608 2325 ‹‹
2642 2278 2700 2329 et
2737 2274 2978 2331 veritate
3025 2278 3148 2341 tua,
3184 2298 3213 2326 »
3261 2276 3322 2332 id
3371 2281 3483 2345 est,
3515 2279 3588 2334 de

1936 2362 2276 2435 impletione
2308 2362 2809 2435 promissionum:
2844 2364 2927 2419 ita
2958 2365 3033 2422 da
3062 2364 3311 2436 gloriam
3361 2366 3586 2423 nomini

1934 2456 2057 2517 tuo,
2081 2476 2109 2501 ‹‹
2146 2470 2216 2508 ne
2241 2453 2477 2525 quando
2506 2453 2705 2508 dicant
2733 2456 2935 2525 gentes
2969 2470 2983 2509 :
3019 2453 3126 2510 Ubi
3167 2458 3257 2511 est
3305 2455 3461 2514 Deus
3489 2473 3584 2513 eo-

1935 2540 2113 2596 rum?
2146 2563 2174 2590 »
2207 2541 2488 2614 quoniam
2518 2541 2828 2614 putantvel
2860 2560 2968 2599 nos
2990 2560 3103 2598 non
3137 2542 3352 2600 habere
3367 2544 3584 2603 Deum:

1932 2628 2043 2695 vel,
2076 2630 2125 2683 si
2160 2630 2868 2703 habemus,impotentem
2899 2648 3034 2687 eum
3065 2636 3297 2704 putant,
3321 2650 3457 2690 cum
3479 2651 3587 2691 nos

1932 2718 2167 2773 videant
2194 2736 2482 2790 pauperes
2514 2724 2569 2774 et
2598 2736 2914 2791 pannosos.

2005 2830 2033 2857 ‹‹
2069 2807 2223 2863 Deus
2254 2812 2469 2862 autem.
2512 2830 2536 2854 ››
2569 2807 2782 2863 Gentes
2809 2812 3019 2880 putant
3049 2825 3155 2864 nos
3204 2827 3321 2865 non
3369 2810 3585 2868 habere

1934 2897 2139 2966 Deum,
2164 2896 2251 2951 vel
2283 2895 2333 2951 si
2364 2913 2539 2968 quem
2571 2895 2880 2963 habemus,
2913 2900 3124 2967 putant
3151 2913 3285 2952 eum
3314 2910 3444 2954 esse
3471 2898 3581 2955 im-

1918 2988 2251 3061 potentem,
2283 2984 2384 3040 sed
2409 3006 2436 3035 ‹‹
2462 2983 2619 3039 Deus
2657 2987 2855 3039 noster
2878 3006 2907 3032 ››
2951 2988 3041 3039 est
3069 3006 3096 3033 α
3123 2984 3183 3039 in
3204 2983 3348 3042 ecelo
3372 3007 3401 3035 ››
3424 2987 3581 3059 quod

1934 3078 2195 3147 apparet,
2228 3073 2368 3145 quia
2398 3095 2426 3123 «
2461 3072 2661 3128 omnia
2689 3088 3052 3144 quaecunque
3081 3071 3266 3128 voluit
3296 3074 3452 3131 fecit.
3487 3097 3517 3125 ››
3588 3106 3591 3109 η

2005 3187 2032 3213 ‹‹
2059 3161 2317 3219 Simulac
2326 3180 2408 3217 ra.
2425 3184 2454 3211 ››
2478 3161 2616 3217 Pars
2629 3161 2821 3217 tertia.
2836 3161 2991 3217 Deus
3012 3165 3213 3217 noster
3227 3166 3318 3219 est
3336 3163 3397 3218 in
3414 3164 3579 3235 cmlo,

1936 3255 2143 3323 potens
2173 3269 2351 3324 super
2380 3250 2599 3318 omnia,
2632 3250 2733 3306 sed
2767 3249 2844 3305 dii
2878 3272 2906 3299 «
2938 3250 3226 3323 gentium,
3250 3273 3279 3302 »
3312 3252 3414 3325 qui
3443 3257 3586 3311 sunt

1939 3364 1966 3391 ‹‹
2000 3340 2338 3409 simulacra,
2372 3344 2683 3413 argentum
2717 3362 2743 3389 ››
2768 3343 2907 3395 sunt
2937 3363 2964 3390 «
2998 3344 3055 3396 et
3083 3357 3295 3397 aurum
3328 3363 3356 3392 »
3382 3359 3587 3400 secun-

1936 3430 2077 3485 dum
2110 3429 2439 3486 materiam.
2460 3430 2597 3504 ldeq
2612 3429 2733 3485 hzec
2754 3430 2868 3486 duo
2891 3428 3051 3498 dicit,
3072 3447 3199 3502 quae
3220 3435 3360 3491 sunt
3380 3431 3589 3505 pretio-

1935 3517 2093 3576 siora
2116 3519 2372 3588 metalla,
2407 3519 2545 3592 quia
2565 3519 2615 3574 si
2635 3518 2885 3575 stultum
2918 3522 3007 3574 est
3025 3519 3269 3576 adorare
3287 3536 3499 3579 aureas
3520 3525 3588 3583 et

1935 3614 2241 3682 argenteas
2264 3607 2572 3682 imagines,
2588 3606 2774 3664 multo
2806 3606 3048 3665 stultius
3079 3609 3322 3666 adorare
3345 3610 3585 3679 ferreas,

1933 3698 2021 3754 vel
2052 3699 2124 3754 de
2153 3714 2505 3769 quocunque
2521 3696 2621 3752 vili
2639 3696 2898 3753 metallo.
2919 3696 3259 3754 Secundum
3278 3699 3586 3764 materiam

1935 3789 2077 3843 sunt
2105 3790 2415 3858 argentum
2460 3790 2519 3841 et
2565 3802 2799 3853 aurum,
2833 3786 3160 3841 secundum
3206 3788 3586 3859 compositio-

1935 3892 2068 3931 nem
2102 3877 2241 3929 sunt
2271 3897 2297 3923 «
2333 3890 2509 3946 opera
2536 3890 2822 3928 manuum
2854 3870 3164 3928 hominum
3198 3890 3211 3928 :
3247 3895 3276 3922 »
3307 3878 3364 3929 et
3393 3875 3453 3930 in
3475 3875 3585 3931 hoc

1934 3967 2172 4019 notatur
2201 3961 2458 4018 maxima
2487 3978 2689 4018 eorum
2723 3960 2996 4032 stultitia,
3030 3962 3184 4032 quod
3216 3978 3285 4017 ea
3312 3978 3440 4033 quae
3470 3961 3586 4034 ipsi

1934 4051 2177 4123 faciunt,
2209 4050 2379 4123 quasi
2410 4050 2742 4106 Creatorem
2776 4066 2953 4105 suum
2982 4053 3351 4106 venerantur.

2004 4143 2073 4197 Et
2102 4145 2167 4196 ut
2197 4140 2447 4195 maxime
2478 4138 2740 4194 derideat
2771 4136 3212 4194 idololatrarum
3243 4137 3581 4210 stultitiam,

1932 4229 2213 4286 describit
2243 4227 2698 4284 simulacrorum
2727 4226 3155 4298 impotentiam,
3179 4227 3382 4283 dicens
3416 4244 3430 4283 :
3460 4250 3488 4280 α
3509 4227 3587 4285 Os

1930 4319 2171 4387 habent,
2209 4339 2236 4367 ››
2277 4317 2434 4389 quod
2484 4315 2708 4372 faciunt
2737 4315 2868 4387 ejus
2895 4315 3172 4386 artiﬁces,
3207 4340 3234 4367 ‹‹
3270 4320 3329 4373 et
3352 4333 3468 4372 non
3501 4315 3586 4372 lo-

1932 4412 2208 4481 quentur,
2241 4404 2440 4462 oculos
2472 4405 2692 4461 habent
2723 4409 2780 4460 et
2811 4422 2927 4460 non
2959 4404 3261 4461 videbunt.
3297 4427 3327 4455 »
3578 4464 3583 4467 τ

2005 4520 2033 4548 ‹‹
2065 4498 2250 4552 Aures
2280 4494 2588 4565 habent,et
2615 4510 2731 4548 non
2756 4493 3027 4562 audient;
3064 4510 3237 4550 nares
3258 4493 3497 4564 habent,
3529 4498 3589 4550 et

1934 4610 1962 4637 ‹‹
1996 4603 2113 4641 non
2145 4584 2495 4641 odorabunt.
2516 4584 2725 4638 Manus
2756 4581 2992 4650 habent,
3012 4587 3069 4638 et
3089 4598 3204 4638 nou
3228 4581 3583 4655 palpabunt:

162 4671 375 4729 faciem
399 4673 523 4741 Dei,
556 4690 736 4746 quam
768 4680 1116 4747 praesentem
1145 4676 1439 4743 viderunt,
1469 4676 1692 4733 scilicet
1721 4694 1822 4732 co-
1854 4690 1901 4755 D
1935 4699 1961 4725 ‹‹
1996 4675 2173 4747 pedes
2221 4672 2458 4741 habent,
2493 4677 2550 4727 ct
2598 4688 2713 4727 non
2762 4669 3175 4727 ambulabunt.
3208 4693 3237 4719 »
3286 4671 3415 4728 Non
3455 4672 3585 4728 dico

162 4760 494 4834 gnitionem
521 4762 623 4819 Dei
654 4763 990 4820 habuerunt
1019 4782 1031 4821 :
1065 4768 1123 4820 et
1154 4782 1225 4819 ne
1271 4782 1485 4820 novum
1535 4764 1824 4837 intellige-

163 4867 390 4918 remus,
423 4852 611 4909 dicit:
647 4876 675 4903 «
710 4870 744 4909 a
783 4854 930 4910 facie
981 4854 1082 4910 Dci
1135 4854 1337 4921 Jacoh,
1374 4878 1402 4903 ››
1453 4856 1509 4911 id
1558 4860 1670 4925 est,
1727 4853 1824 4909 ille

164 4939 322 4996 Deus
371 4957 549 5013 quem
600 4947 948 5013 praesentem
995 4944 1255 4999 vidimus
1304 4944 1365 4999 in
1416 4961 1674 5015 corpore,
1717 4943 1828 4997 fuit

164 5027 268 5084 ille
299 5028 454 5085 Deus
488 5046 663 5102 quem
686 5032 951 5087 adoravit
977 5032 1182 5088 Jacob.

240 5140 268 5167 ‹‹
304 5117 415 5184 Qui
448 5140 476 5168 ››
498 5119 655 5175 Deus
688 5121 1006 5177 ostendens
1038 5121 1208 5176 nobis
1254 5121 1461 5177 faciem
1514 5137 1684 5175 suam
1726 5138 1829 5191 per

166 5206 543 5279 praesentiam
570 5208 856 5282 corporis,
891 5234 917 5259 ‹‹
952 5209 1233 5266 convertit
1282 5214 1529 5281 petram,
1566 5231 1594 5257 ››
1629 5209 1683 5264 id
1717 5213 1825 5277 est,

166 5300 438 5368 petrosos
467 5296 724 5366 Judaeos,
761 5299 832 5353 de
865 5299 1082 5370 quibus
1113 5297 1330 5353 dicitur
1362 5315 1375 5352 :
1411 5321 1437 5347 ‹‹
1484 5298 1692 5353 Potens
1740 5300 1830 5352 est

168 5385 327 5441 Deus
338 5386 721 5459 delapidibus
735 5387 866 5443 istis
879 5387 1164 5444 suscitare
1188 5387 1604 5442 ﬁlios‘Abraha:
1620 5387 1826 5456 (Matth.

167 5477 279 5542 ιιι),
317 5497 345 5522 n
376 5474 435 5530 id
483 5480 592 5545 est,
625 5477 698 5532 de
742 5476 836 5532 his
881 5476 1099 5533 Judzeis
1135 5494 1147 5531 :
1188 5476 1488 5543 convertit,
1523 5475 1674 5541 dico,
1709 5499 1736 5525 ‹‹
1770 5475 1828 5530 in

167 5566 384 5636 stagna
412 5580 725 5636 aquarum,
746 5566 844 5620 »id
878 5569 985 5634 est,
1002 5569 1068 5620 ut
1089 5565 1209 5620 sint
1233 5568 1508 5637 stagnum
1527 5564 1831 5620 continens

171 5653 453 5724 aquas,id
476 5658 586 5722 est,
602 5655 747 5711 ﬁant
768 5654 1120 5719 Ecclesia,in
1143 5672 1260 5726 qua
1281 5653 1831 5726 continenturaquze

170 5741 503 5817 baptismi:
557 5749 615 5805 et
660 5762 777 5804 non
828 5749 1061 5809 tantum
1110 5743 1396 5803 convertit
1438 5742 1694 5817 Judwos,
1727 5744 1831 5806 sed

1936 4768 2168 4819 tantum
2218 4779 2333 4817 non
2382 4761 2699 4833 loquentur
2729 4761 2883 4816 sicut
2930 4759 3222 4831 homines,
3256 4761 3358 4816 sed
3408 4784 3436 4811 ‹‹
3469 4778 3586 4818 non

1934 4852 2487 4909 c1amabunt>>sicut
2515 4850 2782 4922 quaedam
2814 4849 3242 4906 irrationabilia
3273 4849 3584 4907 animalia:

1934 4942 1995 4998 in
2028 4960 2143 5014 quo
2178 4941 2429 4996 maxime
2459 4958 2664 4995 eorum
2698 4940 2924 4995 deridet
2953 4938 3287 5009 stultitiam,
3315 4939 3418 5012 qui
3448 4938 3589 4997 talia

1935 5033 2201 5098 adorant,
2235 5048 2364 5102 qua:
2399 5046 2503 5084 nec
2534 5029 2787 5085 clamare
2819 5029 3048 5100 possint
3091 5030 3246 5085 sicut
3292 5030 3445 5085 asini
3492 5028 3584 5086 vel

1938 5120 2211 5192 quaelibet
2236 5118 2661 5174 irrationabilia
2693 5117 2990 5173 animalia.
3027 5117 3165 5174 Dico
3214 5135 3330 5174 non
3369 5118 3587 5175 clama-

1940 5211 2107 5277 bunt,
2142 5210 2223 5264 ita
2252 5208 2488 5280 quidem
2521 5208 2675 5278 quod
2710 5206 2768 5261 in
2802 5210 3038 5279 gutture
3077 5224 3183 5263 suo
3216 5230 3245 5256 »
3285 5207 3539 5263 clament
3570 5223 3585 5264 :

1938 5301 2094 5371 quod
2130 5300 2258 5353 ideo
2286 5296 2446 5365 dicit,
2481 5296 2622 5369 quia
2669 5296 3021 5366 quandoque
3067 5295 3127 5351 in
3178 5295 3590 5368 hujuscemodi

1940 5388 2111 5443 idolis
2143 5386 2467 5458 loquuntur
2496 5384 2803 5440 daemonia.

2012 5500 2037 5527 ‹‹
2073 5475 2306 5532 Similes
2341 5474 2457 5529 illis
2490 5475 2634 5529 {iant
2663 5473 2762 5545 qui
2795 5474 3019 5529 faciunt
3048 5491 3136 5542 ea,
3172 5496 3199 5523 ››
3232 5474 3290 5530 id
3335 5479 3425 5531 est
3450 5475 3590 5531 arti-

1940 5568 2077 5622 ﬁces
2093 5565 2410 5620 idolorum:
2438 5563 2591 5635 quod
2620 5563 2773 5618 sicut
2795 5562 2896 5618 illa
2916 5579 3029 5618 non
3047 5564 3265 5633 vident,
3281 5580 3387 5620 nec
3408 5562 3594 5621 alium

1942 5656 2161 5712 habent
2190 5670 2430 5710 sensum
2464 5649 2846 5724 corporalem,
2882 5651 2963 5707 ita
3006 5651 3254 5708 factores
3300 5652 3593 5709 idolorum

1942 5746 2247 5822 priventur
2266 5742 2426 5803 omni
2456 5741 2652 5818 vigore
2684 5741 2921 5801 animae:
2944 5764 2971 5795 ‹‹
3005 5743 3062 5801 et
3079 5764 3107 5794 »
3140 5758 3258 5802 non
3280 5740 3597 5822 solum‘qui
