3942 6384
386 431 498 495 591

800 433 1206 495 HAYMONIS
1236 434 1779 497 HALBEBSTAT.
1811 430 2053 497 EPISG.
2087 433 2263 497 OPP.
2292 434 2524 496 PARS.
2559 437 2607 496 Ι.
2641 470 2719 480 -
2748 438 3156 502 COMMENT.
3190 440 3386 502 BlBL.

3681 444 3805 505 592

386 562 613 623 faciunt
641 580 730 631 ea,
762 564 865 621 sed
897 587 926 615 ‹‹
958 582 1164 623 omnes
1194 565 1294 638 qui
1327 566 1635 622 conﬁdunt
1679 564 1742 621 in
1774 565 1881 633 eis,
1916 587 1944 616 »
1975 564 2035 622 id
2064 565 2121 639 Α
2150 566 2337 634 (Eccli.
2371 566 2487 641 xv).
2524 590 2552 619 »
2584 569 2749 628 Unde
2778 570 3093 630 Psalmista
3118 572 3258 630 alibi
3293 590 3307 629 :
3339 596 3367 624 ‹‹
3401 573 3690 633 Peccatori
3718 576 3805 633 di-

384 653 494 721 est,
528 651 627 726 qui
661 654 734 710 ab
764 652 847 709 eis
880 654 1047 726 quasi
1081 673 1115 710 a
1145 656 1261 712 Deo
1294 659 1501 727 petunt
1532 654 1838 711 auxilium.

457 743 672 799 Gentes
692 760 902 815 speran
912 747 997 800 tes
1010 744 1069 798 in
1087 745 1188 815 huj
1200 745 1427 800 usmodi
1444 744 1617 800 idolis
1632 744 1778 799 nihil
1794 743 2039 816 proﬁcui

379 831 734 901 habuerunt,
769 834 870 889 sed
905 858 931 884 «
965 835 1244 901 domus,»
1278 835 1334 889 id
1364 838 1454 889 est
1483 834 1876 907 congregatio,
1902 858 1927 883 ‹‹
1955 835 2037 890 Is-

383 921 524 992 rael,
560 944 589 972 ››
619 922 678 977 id
709 926 799 978 est
829 922 1145 979 Christiani
1184 923 1407 997 populi,
1441 947 1470 973 «
1504 922 1761 995 speravit
1808 922 1867 977 in
1919 923 2036 979 Do-

378 1010 562 1079 mino,
595 1032 626 1062 »
657 1015 716 1070 et
745 1011 870 1085 ipse
899 1017 989 1069 est
1019 1036 1046 1064 ‹‹
1084 1013 1320 1085 adjutor
1346 1030 1552 1070 eorum
1582 1034 1612 1065 ιο
1647 1013 1720 1069 ad
1742 1013 1889 1069 bene
1910 1029 2041 1084 ope-

379 1101 657 1171 randam,
695 1124 718 1153 α
753 1105 810 1158 et
838 1107 1133 1175 protector
1162 1120 1367 1160 eorum
1398 1107 1487 1160 est
1517 1125 1547 1153 ››
1579 1106 1785 1159 contra
1815 1102 1988 1159 mala.

454 1213 485 1243 «
515 1191 740 1249 Domus
768 1193 981 1262 Aaron,
1019 1215 1048 1243 »
1097 1192 1157 1248 id
1206 1196 1295 1248 est
1342 1192 1720 1265 congregatio
1769 1192 2036 1248 sacerdo-

379 1284 532 1353 tum,
561 1304 591 1334 ‹‹
624 1282 883 1356 speravit
911 1282 972 1338 in
1003 1282 1273 1352 Domino,
1309 1305 1337 1333 ››
1375 1286 1432 1339 et
1479 1299 1597 1339 non
1648 1281 1773 1339 sine
1820 1282 2038 1351 lructu,

382 1371 487 1428 sed
519 1394 549 1423 «
582 1372 820 1445 adiutor
848 1388 1050 1428 eorum
1081 1377 1139 1428 et
1167 1376 1458 1445 protector
1486 1388 1690 1428 eorum
1721 1375 1830 1427 est.

453 1460 607 1527 Quid
635 1476 740 1533 per
767 1460 1048 1534 singula?
1079 1462 1296 1518 Omnes
1325 1462 1397 1519 de
1433 1478 1786 1534 quacunque
1831 1460 2038 1517 condi-

381 1549 544 1607 tione
574 1570 605 1603 «
632 1550 737 1622 qui
770 1549 983 1607 timent
1011 1551 1352 1620 Dominum,
1385 1554 1769 1624 speraverant
1815 1550 1877 1606 in
1925 1550 2038 1606 Do-

383 1637 548 1697 mino
580 1654 596 1696 :
628 1661 659 1693 υ
691 1643 749 1697 et
778 1640 1064 1697 auxilium
1093 1641 1156 1697 in
1187 1658 1253 1698 eo
1283 1641 1653 1710 invenerunt,
1687 1640 1829 1712 quia
1874 1663 1903 1691 ‹‹
1934 1641 2038 1696 ad-

378 1728 547 1800 jutor
573 1746 777 1787 eorum
806 1735 867 1787 et
894 1734 1187 1804 protector
1209 1747 1413 1789 eorum
1444 1734 1552 1787 est.
1590 1752 1617 1780 »

454 1818 530 1875 Et
556 1819 715 1891 quod
745 1819 858 1876 fuit
886 1824 1089 1877 noster
1118 1820 1372 1892 adjutor,
1405 1837 1521 1876 non
1550 1820 1666 1875 fuit
1694 1837 1764 1876 ex
1811 1819 2039 1876 meritis

2146 654 2231 710 xit
2262 655 2447 713 Deus:
2474 682 2501 707 ‹‹
2537 661 2725 725 Quare
2754 666 2816 716 tu
2848 678 3089 718 enarras
3110 661 3380 734 justitias
3412 664 3800 736 meas?(Psal.

2148 750 2299 815 xux)
2332 769 2359 797 »
2412 770 2441 798 ‹‹
2475 764 2665 820 neque
2708 767 2935 816 omnes,
2970 774 2998 800 ››
3049 751 3107 805 id
3156 756 3246 807 est
3295 769 3410 809 non
3455 769 3661 810 omnes
3688 754 3797 823 illi,

2149 857 2178 885 ‹‹
2231 835 2331 907 qui
2382 838 2748 894 descendunt
2796 841 2857 896 in
2908 840 3228 897 infernum.
3281 864 3310 891 »
3358 840 3553 914 Aliqui
3602 847 3803 903 autem

2147 920 2541 983 laudaverunt
2588 927 2649 984 in
2698 929 2950 999 inferno,
3005 930 3161 987 sicut
3220 930 3539 1004 prophetas,
3588 936 3645 989 et
3696 933 3801 990 alii

2141 1012 2290 1084 justi
2322 1018 2456 1072 ante
2487 1016 2803 1073 adventum
2830 1017 3069 1074 Christi.

2221 1103 2435 1160 Mortui
2470 1122 2588 1163 non
2616 1105 2968 1175 laudabunt,
2998 1130 3025 1159 α
3060 1109 3164 1165 sed
3196 1125 3303 1165 nos
3333 1109 3431 1181 qui
3463 1108 3734 1179 vivimus,
3773 1133 3803 1159 »

2146 1208 2284 1249 vera
2311 1193 2452 1262 vita,
2485 1194 2710 1251 scilicet
2738 1195 2799 1253 in
2826 1196 3165 1265 virtutibus,
3199 1221 3227 1248 ‹‹
3262 1197 3664 1259 benedicimus
3694 1199 3807 1259 Do-

2149 1282 2331 1352 mino,
2358 1305 2383 1333 »
2417 1283 2474 1338 id
2497 1288 2606 1356 est,
2628 1284 2974 1357 incipientes
2998 1310 3025 1337 ‹‹
3049 1303 3117 1342 ex
3137 1287 3247 1344 hoc
3271 1304 3451 1356 nunc,
3478 1311 3507 1337 ››
3525 1288 3583 1344 id
3601 1293 3708 1356 est,
3733 1306 3807 1346 ex

2148 1370 2257 1428 hoc
2274 1373 2632 1445 praesenti,et
2649 1380 3089 1447 perseverantes
3107 1377 3167 1433 in
3182 1375 3461 1434 laudibus
3477 1377 3577 1435 Dei
3588 1377 3801 1439 solius.

2630 1553 2704 1609 IN
2745 1553 3095 1611 PSALMUM
3134 1554 3322 1613 CXIV.

2685 1660 2962 1718 Trruws.
3003 1661 3262 1721 Alleluia.

2220 1841 2249 1869 ‹‹
2283 1818 2469 1876 Dilexi
2500 1820 2845 1893 quoniam.»
2886 1822 3173 1893 Loquitur
3202 1821 3510 1895 propheta,
3539 1826 3597 1893 et
3625 1821 3804 1887 habet

383 1906 626 1975 nostris,
652 1909 757 1965 sed
785 1925 891 1981 per
938 1908 1403 1965 misericordiam
1453 1926 1625 1966 suam
1671 1932 1699 1960 ‹‹
1750 1908 2039 1966 Dominus
2067 1938 2116 2007 B
2148 1909 2457 1966 materiam
2489 1909 2847 1982 seipsum,et
2875 1910 3022 1968 alios
3051 1927 3378 1981 conversos,
3407 1915 3466 1969 et
3495 1911 3801 1971 exauditos

381 2012 613 2055 memor
636 1998 750 2054 fuit
776 1998 986 2068 nostri,
1020 2021 1050 2049 »
1082 1999 1239 2072 quod
1271 1999 1526 2056 maxime
1555 2000 1799 2071 apparet
1827 2015 1896 2054 ex
1926 1998 2035 2054 hoc
2067 1998 2110 2007 ⁷
2144 1999 2217 2054 de
2244 1998 2592 2071 peccatis,et
2611 2003 2843 2057 orantes
2861 2016 2965 2072 pro
2986 1998 3231 2071 reliquo,
3247 1999 3307 2055 id
3327 2001 3438 2068 est,
3455 2016 3561 2072 pro
3583 2004 3801 2057 aeterna

377 2087 536 2159 quod
568 2086 782 2143 Filium
813 2104 990 2144 suum
1020 2105 1125 2161 pro
1173 2092 1376 2145 nostra
1415 2088 1814 2160 redemptione
1842 2087 2033 2144 incar-

376 2176 507 2233 nari
536 2176 693 2243 fecit,
724 2199 753 2228 «
784 2180 844 2233 et
873 2177 1169 2233 benedixit
1199 2177 1392 2248 nobis,
1429 2200 1457 2228 ››
1502 2178 1561 2233 id
1615 2182 1724 2245 est,
1757 2176 2037 2249 multipli-

376 2265 533 2327 cavit
560 2280 806 2322 numero
835 2269 894 2323 et
921 2265 1263 2323 virtutibus.

447 2355 523 2411 Et
547 2356 763 2428 quibus
792 2355 1008 2413 nobis?
1038 2380 1067 2408 «
1102 2355 1405 2413 Benedixit
1444 2355 1646 2412 domui
1697 2356 1895 2425 Israel,
1929 2356 2032 2412 be-

376 2444 602 2501 nedixit
630 2444 832 2501 domui
861 2446 1052 2501 Aaron
1087 2462 1103 2501 :
1139 2468 1167 2495 ››
1194 2449 1251 2502 et
1297 2446 1475 2502 etiam
1504 2469 1533 2496 ‹‹
1566 2445 1861 2501 benedixit
1908 2462 2032 2500 om-

376 2533 559 2591 nibus
581 2533 683 2607 qui
703 2534 916 2591 timent
943 2535 1261 2591 Dominum
1295 2552 1310 2591 :
1345 2558 1375 2585 ››
1406 2552 1596 2608 neque
1641 2535 1753 2591 hoc
1799 2538 2033 2591 tantum

378 2624 725 2698 potentibus
752 2623 975 2694 saeculi,
1008 2624 1109 2680 sed
1139 2647 1166 2675 ‹‹
1198 2624 1453 2697 pusillis,
1490 2647 1519 2675 ››
1547 2625 1874 2681 secundum
1916 2629 2033 2680 sta-

377 2717 511 2769 tum
540 2713 871 2771 humanum
904 2736 933 2765 ‹‹
967 2731 1104 2771 cum
1135 2714 1479 2787 majoribus,
1513 2738 1540 2766 ››
1578 2714 1668 2771 vel
1714 2714 1949 2787 pusillis
1979 2711 2045 2770 ct'

378 2803 709 2876 majoribus
738 2805 1067 2862 secundum
1097 2804 1326 2861 merita.

450 2890 740 2950 Dominus
785 2894 910 2950 haec
968 2894 1253 2950 beneficia
1308 2894 1445 2950 fecit
1492 2894 1683 2963 nobis,
1733 2898 1793 2950 et
1842 2894 2034 2951 adhuc

380 3007 410 3034 α
445 2983 686 3056 adjiciat
723 2984 1012 3042 Dominus
1046 3007 1072 3034 ››
1122 2985 1610 3054 benedictionem,
1643 2984 1734 3041 vel
1775 2984 2033 3040 ﬁliorum

376 3072 836 3145 successionem,
872 3097 899 3124 ‹‹
934 3092 1111 3146 super
1137 3091 1256 3143 vos,
1294 3097 1320 3124 »
1352 3091 1663 3131 conversos
1693 3075 1763 3129 de
1783 3074 2032 3131 Judaais:

375 3161 468 3226 vel
511 3179 693 3236 super
736 3181 845 3220 nos
892 3180 1203 3220 conversos
1250 3164 1321 3219 de
1371 3165 1669 3235 gentibus,
1718 3163 1807 3220 vel
1858 3181 2036 3236 super

376 3253 655 3343 majores,
676 3251 767 3309 vel
798 3270 978 3343 super
996 3271 1097 3343 vos
1128 3252 1376 3343 pusillos
1408 3253 1685 3343 adjiciat:
1719 3275 1747 3303 «
1781 3257 1839 3309 et
1856 3270 2036 3326 super
2066 3317 2105 3343 ﬂ

2141 2088 2439 2144 vitazetin
2462 2088 2655 2160 prima
2675 2092 2841 2161 parte
2870 2087 3130 2145 ostendit
3165 2088 3321 2160 quod
3344 2104 3481 2145 cum
3504 2087 3566 2147 in
3596 2105 3795 2162 pecca-

2144 2177 2220 2233 tis
2249 2177 2479 2244 fuisset,
2497 2177 2747 2235 immisit
2773 2178 2930 2235 Deus
2960 2176 3180 2234 multas
3212 2175 3649 2248 tribulationes,
3668 2194 3797 2251 qua

2142 2271 2461 2340 coegerunt
2503 2284 2640 2323 eum
2687 2265 2941 2322 clamare
2988 2283 3094 2338 pro
3137 2266 3414 2339 peccatis,
3446 2270 3507 2324 et
3533 2265 3798 2325 clamans

2144 2356 2454 2413 exauditus
2482 2360 2592 2413 est.
2625 2356 2689 2412 In
2720 2356 2983 2413 secunda
3016 2360 3202 2429 parte,
3235 2372 3363 2428 quae
3412 2354 3653 2429 incipit:
3690 2380 3721 2408 ‹‹
3752 2356 3799 2417 0

2143 2444 2410 2515 Domine,
2442 2444 2629 2501 libera
2656 2445 2919 2501 animam
2950 2461 3167 2514 meam,
3186 2467 3214 2494 ››
3240 2446 3370 2517 jam
3399 2445 3709 2503 exauditus
3727 2446 3799 2507 de

2143 2535 2419 2607 peccatis,
2454 2534 2602 2607 petit
2630 2535 2788 2606 quod
2838 2534 3147 2592 residuum
3197 2534 3311 2592 sibi
3358 2534 3533 2604 videt,
3573 2534 3799 2599 scilicet

2141 2623 2322 2680 vitam
2353 2628 2652 2680 aeternam.
2686 2623 2936 2681 Intentio
2970 2628 3061 2682 est
3090 2628 3157 2681 ut
3185 2641 3290 2697 pro
3320 2622 3424 2681 tali
3456 2623 3797 2681 liberatione

2143 2713 2394 2770 Domino
2426 2712 2666 2770 alleluia
2691 2730 2828 2769 cum
2860 2712 3250 2789 exsultatione
3279 2717 3605 2773 cantemus.

2214 2803 2367 2859 Dum
2396 2801 2602 2860 multis
2613 2804 2878 2860 monitus
2890 2801 3372 2863 tribulationibus
3387 2801 3702 2863 clamarem
3720 2804 3792 2859 ad

2142 2893 2464 2949 Dominum
2494 2909 2601 2965 pro
2631 2891 2907 2965 peccatis,
2942 2891 3242 2949 exaudivit
3272 2907 3366 2949 me
3396 2892 3713 2951 Dominus:
3737 2896 3797 2951 et

2144 2982 2425 3055 quoniam
2447 2982 2763 3049 exaudivit,
2779 2979 2953 3038 dilexi
2975 2980 3307 3039 Dominum.
3324 2980 3548 3043 Dicitur
3561 2980 3793 3043 dilectio

2143 3072 2248 3129 Dei
2279 3072 2511 3129 duobus
2542 3069 3032 3140 modis,liberalis
3054 3074 3112 3127 et
3131 3069 3378 3129 servilis.
3393 3069 3791 3138 Servilis,cum

2142 3162 2247 3219 bro
2278 3162 2450 3218 bonis
2465 3160 2892 3233 temporalibus
2910 3160 3096 3217 Deum
3114 3159 3569 3234 diligimus,qum
3580 3175 3791 3232 parum

2142 3256 2311 3326 grata
2340 3254 2431 3308 est
2460 3250 2758 3323 Deo,quia
2787 3249 2963 3307 etiam
2995 3248 3080 3306 sic
3110 3246 3363 3321 diligunt
3385 3263 3521 3304 eum
3551 3246 3796 3323 quilibet

375 3320 532 3399 ﬁlios
558 3320 785 3398 vestros
818 3363 847 3391 ››
873 3320 1365 3411 benedictionem,
1397 3320 1499 3397 vel
1517 3341 1773 3398 ﬁliorum
1804 3320 2034 3398 succes-
2063 3320 2107 3383 ε
2142 3320 2407 3414 pessimi.
2443 3320 2727 3396 Liberalis
2756 3343 2844 3395 est
2874 3337 3129 3408 dilectio,
3164 3320 3282 3411 qua
3326 3338 3511 3395 Deum
3560 3320 3797 3409 propter

375 3430 627 3488 sionem.
1379 3481 1399 3498 ,

449 3517 591 3574 Dico
622 3541 652 3570 «
683 3518 943 3590 adjiciat,
980 3541 1010 3568 ››
1041 3522 1099 3575 et
1142 3535 1276 3575 vere
1324 3518 1582 3591 adjiciet,
1616 3520 1758 3591 quia
1807 3543 1835 3571 ‹‹
1867 3538 1972 3578 vos
2001 3544 2030 3572 ››

379 3606 547 3665 eritis
578 3630 605 3658 «
638 3606 950 3677 benedicti,
987 3629 1016 3657 ››
1048 3607 1107 3663 id
1139 3612 1230 3664 est
1267 3608 1642 3680 multiplicati
1692 3608 1754 3665 in
1801 3608 2031 3668 virtuti-

379 3690 543 3754 bus:
594 3701 653 3753 et
698 3696 810 3753 hoc
861 3718 889 3747 (ι
920 3713 954 3752 a
1002 3697 1269 3767 Domino,
1307 3720 1335 3747 ››
1384 3698 1442 3752 id
1490 3702 1601 3765 est,
1633 3699 1707 3754 ad
1747 3698 2031 3757 honorem

380 3784 636 3854 Domini,
670 3802 786 3842 non
818 3786 890 3841 ad
922 3786 1170 3859 gloriam
1217 3787 1394 3843 vestri
1430 3804 1443 3843 :
1495 3788 1595 3860 qui
1645 3788 1792 3846 bene
1840 3795 2032 3861 potest

378 3875 583 3932 ﬁdeles
633 3893 774 3932 suos
822 3875 1183 3944 benedicere,
1218 3877 1359 3948 quia
1405 3876 1530 3950 ipse
1573 3882 1662 3934 est
1699 3902 1727 3929 «
1762 3879 1863 3951 qui
1895 3880 2034 3936 fecit

378 3956 592 4025 emlum
623 3969 680 4025 et
708 3970 948 4037 terram,
980 3986 1010 4016 »
1044 3966 1118 4022 ad
1148 3964 1427 4022 litteram.
1946 4012 1955 4018 .

451 4078 483 4109 «
510 4054 735 4112 Caelum
765 4054 915 4123 coeli,
948 4078 977 4107 »
1008 4053 1067 4112 id
1100 4059 1209 4125 est,
1244 4073 1587 4129 supremum
1621 4057 2034 4126 cmlum,dedit

377 4170 407 4199 α
440 4145 709 4216 Domino,
728 4167 756 4195 »
786 4145 847 4200 id
880 4149 971 4201 est
999 4145 1235 4214 Jesu,in
1259 4162 1373 4217 quo
1404 4146 1530 4219 ipse
1555 4151 2028 4219 regnaret;«ter-

374 4252 503 4292 ram
534 4239 733 4293 autem
764 4234 925 4291 dedit
955 4233 1090 4290 ﬁliis
1122 4234 1498 4305 hominum,»
1521 4235 1579 4290 in
1613 4254 1730 4307 qua
1750 4237 1866 4294 Deo
1884 4236 2031 4292 mili-

372 4328 585 4394 tarent,
637 4330 695 4381 et
740 4323 868 4380 caeli
913 4322 1336 4380 habitationem
1384 4330 1875 4397 promererentur.
1923 4327 2029 4383 Per

374 4413 638 4472 «calum
667 4412 845 4470 coeli»
876 4429 1195 4485 possumus
1225 4414 2023 4489 firmamentumintelligere,

374 4503 531 4576 quod
563 4492 824 4560 continet
852 4502 998 4559 alios
1028 4502 1224 4568 coelos,
1240 4502 1461 4560 scilicet
1481 4504 1748 4575 regiones
1764 4504 2025 4575 planeta-

373 4609 529 4661 rum,
545 4592 617 4650 de
636 4609 752 4665 quo
776 4593 1037 4665 dejectus
1060 4591 1169 4648 fuit
1190 4591 1481 4648 diabolus.
1500 4592 1603 4648 Vel
1626 4610 1729 4665 per
1759 4616 1785 4643 ‹‹
1813 4593 2024 4650 οωΙυω

2142 3429 2407 3503 seipsum
2428 3428 2876 3502 diligimus,nec
2908 3428 2980 3485 ab
3010 3444 3077 3485 eo
3102 3425 3682 3500 aliquatribulatione
3702 3442 3792 3482 se-

2134 3520 2310 3594 jungi
2332 3535 2671 3592 possumus.
2691 3518 2856 3575 Unde
2869 3515 3215 3590 Apostolus:
3238 3536 3261 3566 ι
3283 3516 3482 3588 Neque
3497 3531 3677 3587 mors,
3698 3531 3797 3571 ne-

2141 3627 2256 3682 que
2273 3609 2412 3679 vita,
2428 3624 2619 3682 neque
2640 3611 2909 3664 creatura
2929 3605 3045 3664 alia
3083 3610 3275 3679 potest
3312 3622 3419 3662 nos
3459 3621 3729 3678 separare
3754 3621 3795 3663 a

2141 3698 2426 3756 charitate
2448 3698 2548 3755 Dei
2561 3699 2737 3769 (Rom.
2751 3698 2894 3767 vm).
2914 3720 2943 3749 »
2960 3698 3096 3764 Qua:
3111 3694 3343 3773 dilectio
3360 3700 3451 3752 est
3461 3698 3626 3767 grata
3636 3693 3753 3750 Deo
3770 3710 3785 3770 ς

2140 3794 2198 3846 et
2227 3788 2337 3845 hoc
2366 3805 2578 3862 genere
2609 3786 2938 3844 dilectionis
2958 3787 3162 3858 justus
3190 3784 3289 3842 ille
3330 3785 3603 3841 turbatus
3642 3782 3795 3842 dicit

2140 3895 2203 3935 se
2233 3878 2419 3934 Deum
2449 3877 2728 3950 diligere:
2753 3877 2882 3932 ideo
2903 3899 2931 3928 «
2967 3875 3160 3943 dilexi,
3180 3874 3459 3946 quoniam
3476 3874 3601 3947 ipse
3617 3889 3793 3931 exaue

2139 3967 2259 4023 diet
2289 3967 2466 4036 Deus,
2503 3988 2531 4019 «
2563 3967 2622 4022 id
2652 3970 2761 4035 est,
2794 3966 2949 4022 sicut
2976 3965 3104 4038 ipse
3137 3964 3381 4031 audivit,
3414 3963 3498 4022 sic
3530 3963 3590 4019 in
3621 3980 3790 4021 exau-

2139 4057 2358 4113 ditione
2389 4054 2777 4129 perseveravit
2808 4072 2822 4111 :
2857 4078 2886 4107 ‹‹
2917 4072 3120 4112 vocem
3146 4053 3428 4125 orationis
3458 4069 3616 4110 mea.
3651 4075 3683 4103 ››

2209 4146 2345 4203 Ideo
2378 4146 2499 4203 scio
2530 4146 2688 4218 quod
2719 4145 3011 4217 exaudiet,
3027 4168 3054 4195 «
3088 4144 3226 4216 quia
3247 4143 3551 4199 inclinavit
3575 4142 3742 4214 «jam
3757 4164 3788 4195 υ

2139 4254 2341 4293 aurem
2373 4253 2543 4292 suam
2574 4236 2742 4303 mihi,
2778 4258 2805 4285 ››
2838 4234 2897 4290 id
2929 4239 3037 4303 est,
3064 4231 3578 4290 condescendendo
3608 4235 3663 4287 et
3682 4230 3787 4287 hu-

2138 4325 2421 4383 miliando
2453 4341 2624 4382 suam
2650 4322 3023 4380 clementiam
3053 4326 3110 4378 et
3140 4320 3480 4394 potentiam,
3515 4335 3607 4377 me
3642 4318 3785 4374 libe-

2137 4414 2287 4472 ravit
2319 4432 2332 4470 :
2369 4437 2397 4464 ‹‹
2432 4417 2489 4470 et
2521 4436 2548 4464 »
2580 4411 2719 4485 quia
2751 4411 2835 4467 sic
2866 4409 3189 4478 inclinavit,
3214 4408 3299 4466 sic
3329 4404 3791 4474 exaudivit,idao.

2137 4527 2165 4556 α
2198 4503 2479 4573 invocabo
2509 4525 2538 4552 ››
2570 4517 2726 4572 eum,
2744 4504 2810 4556 ut
2836 4515 2930 4555 me
2960 4513 3328 4572 perseverare
3357 4495 3531 4554 faciat
3559 4495 3617 4553 in
3647 4510 3785 4559 eus-

2138 4593 2301 4649 todia
2332 4610 2365 4648 a
2393 4591 2647 4664 peccatis
2682 4607 2695 4647 :
2730 4594 2788 4646 et
2813 4589 2925 4646 hoc
2955 4612 2983 4641 «
3016 4588 3078 4644 in
3108 4586 3315 4645 diebus
3347 4584 3513 4652 meis,
3535 4607 3561 4639 «
3596 4584 3652 4643 id
3672 4586 3781 4652 est,

375 4681 505 4737 cwli
534 4704 563 4731 ››
594 4698 915 4754 pessumus
939 4681 1265 4754 intelligere
1294 4681 1454 4737 aliud
1487 4681 1700 4738 coelum
1730 4700 1911 4755 supra
1928 4684 2025 4739 ﬁr-
2055 4690 2105 4755 Ι)
2136 4683 2195 4738 in
2226 4682 2337 4738 hac
2368 4679 2561 4752 fragili
2592 4679 2731 4749 vita,
2758 4678 2858 4735 ubi
2886 4680 3123 4750 Semper
3148 4677 3208 4733 in
3239 4676 3450 4745 timore
3479 4689 3705 4741 sumus,
3728 4675 3787 4727 et

374 4775 764 4841 mamentum,
800 4771 872 4827 ad
903 4771 1082 4843 quod,
1106 4775 1172 4825 ut
1192 4771 1335 4826 dicit
1359 4772 1769 4844 Hieronymus,
1788 4772 2026 4829 anhela-

373 4860 475 4917 bat
502 4859 869 4929 diabolus,et
897 4859 1028 4915 ideo
1059 4860 1170 4914 fuit
1188 4861 1449 4929 dejeetus
1474 4878 1486 4915 :
1513 4862 1669 4933 quod
1693 4861 1903 4918 coelum
1924 4865 2029 4920 Do-

374 4940 576 5005 minus
602 4948 764 5006 dedit
792 4949 1045 5006 Christo.
1064 4946 1356 5022 Allegoria
1379 4967 1392 5004 :
1419 4950 1525 5006 Per
1546 4974 1573 5001 «
1598 4951 1810 5008 coelum
1836 4953 1963 5009 coeli
1997 4976 2026 5003 »

372 5030 692 5110 possumus
723 5038 1048 5111 intelligere
1081 5037 1316 5095 altiores
1347 5039 1407 5095 in
1437 5039 1715 5110 Ecclesia,
1747 5043 1848 5114 qui
1881 5043 2028 5100 alios

371 5127 676 5184 continent
704 5133 761 5184 et
790 5132 1003 5200 regunt
1036 5144 1049 5182 :
1085 5127 1189 5200 qui
1222 5132 1363 5183 sunt
1412 5129 1535 5184 dati
1585 5130 1852 5201 Domino,
1889 5132 2028 5204 quia

369 5216 429 5272 in
458 5217 545 5275 eis
591 5208 924 5289 specialiter
953 5215 1242 5273 Dominus
1273 5216 1522 5274 habitat.
1548 5219 1654 5275 Per
1684 5223 1898 5277 terram
1937 5239 2029 5279 ac-

369 5305 624 5379 cipimus
653 5305 911 5362 minores
943 5305 1002 5359 in
1033 5304 1313 5375 Ecclesia,
1344 5307 1443 5379 qui
1479 5324 1592 5362 non
1624 5312 1857 5365 tantum
1891 5312 2026 5368 sub-

369 5394 478 5452 diti
509 5397 651 5451 sunt
680 5394 950 5465 Domino,
984 5395 1087 5450 sed
1119 5394 1299 5451 etiam
1326 5396 1467 5452 ﬁliis
1497 5396 1828 5455 hominum.

433 5485 520 5541 Ad
574 5482 686 5539 hoc
731 5500 937 5556 precor
985 5488 1050 5539 ut
1097 5483 1363 5555 adjicias,
1418 5490 1485 5541 ut
1550 5503 1657 5543 nos
1709 5488 2022 5559 justificati

366 5571 545 5645 digne
572 5572 871 5644 possimus
900 5571 1142 5629 laudare
1167 5578 1245 5641 te,
1280 5573 1419 5644 quia
1448 5573 1509 5633 in
1540 5576 1792 5646 peccatis
1815 5601 1842 5627 ‹‹
1868 5595 2024 5636 mor-

367 5659 455 5714 tui
487 5650 962 5717 non‘laudabunt
990 5666 1069 5731 te,
1088 5660 1353 5728 Domine,
1376 5685 1403 5713 ››
1436 5662 1855 5736 placitalaude,
1873 5668 2027 5725 sicut

373 5744 591 5807 dicitur
622 5765 635 5808 :
668 5770 696 5800 «
731 5749 859 5807 Non
886 5755 976 5807 est
1006 5750 1272 5827 speciosa
1298 5750 1431 5810 laus
1462 5752 1521 5809 in
1552 5770 1652 5811 ore
1697 5758 2024 5829 peccatoris

2140 4772 2307 4845 proni
2340 4771 2411 4826 ad
2443 4770 2702 4841 lapsum.

2210 4861 2341 4917 Ideo
2371 4860 2501 4916 dico
2533 4882 2561 4909 ‹‹
2594 4857 3202 4925 exaudiet,invocabo,
3222 4878 3249 4905 »
3273 4854 3414 4927 quia
3436 4852 3613 4911 habui
3631 4849 3781 4909 mul-

2137 4955 2228 5007 tas
2262 4949 2696 5014 tribulationes,
2732 4947 2791 5003 in
2819 4946 3036 5019 quibus
3064 4944 3311 5002 clamavi
3346 4961 3359 4999 :
3390 4944 3473 5000 ita
3499 4958 3647 5013 opus
3674 4940 3786 4999 fuit

2137 5039 2282 5095 mihi
2309 5043 2376 5094 ut
2405 5056 2498 5094 me
2529 5037 2862 5105 exaudiret;
2897 5040 2954 5092 et
2998 5035 3110 5092 hoc
3160 5038 3250 5091 est
3287 5051 3300 5088 :
3337 5055 3366 5085 «
3396 5030 3784 5089 circumdede-

2136 5133 2275 5185 runt
2309 5146 2403 5184 me
2432 5126 2662 5184 dolores
2695 5126 2926 5194 mortis,
2960 5148 2988 5176 «
3021 5123 3079 5181 id
3111 5128 3201 5180 est
3229 5122 3437 5179 anima:
3468 5119 3783 5176 anxietates

2136 5217 2536 5293 gravissimae;
2569 5220 2626 5272 et
2668 5214 2930 5289 pericula
2976 5213 3213 5281 inferni,
3249 5234 3278 5263 »
3318 5211 3378 5267 id
3426 5214 3534 5276 est,
3564 5206 3785 5282 gravis-

2134 5307 2287 5364 sima
2315 5304 2576 5379 pericula
2623 5309 2680 5360 et
2720 5302 3132 5360 tribulationes
3181 5300 3461 5373 corporis,
3492 5296 3693 5370 quales
3722 5295 3785 5351 in

2131 5397 2360 5454 inferno
2391 5394 2535 5452 mali
2559 5395 2859 5450 sustinent
2889 5409 2903 5448 :
2938 5417 2964 5444 α
2992 5392 3342 5449 invenerunt
3370 5406 3483 5460 me,
3522 5410 3550 5439 »
3583 5386 3641 5443 id
3673 5388 3783 5452 est,

2130 5489 2416 5545 venerunt
2446 5483 2594 5540 mihi
2626 5501 2639 5539 :
2675 5483 2777 5540 sed
2827 5482 2957 5539 ideo
3007 5481 3373 5548 invenerunt,
3425 5477 3565 5551 quia
3614 5475 3787 5547 quasi

2132 5577 2434 5649 expositus
2462 5575 2594 5631 sine
2623 5573 2890 5646 adjutore
2911 5572 3140 5644 jacens,
3165 5575 3222 5628 et
3250 5569 3546 5643 projectus
3578 5566 3637 5623 in
3660 5580 3789 5639 pec-

2133 5667 2300 5735 catis,
2334 5681 2440 5722 nec
2473 5681 2594 5720 sua:
2625 5662 2803 5719 saluti
2836 5662 3169 5735 providens.

2206 5756 2337 5817 Haec
2365 5771 2459 5812 me
2487 5754 2836 5811 invenerunt
2865 5756 2924 5811 et
2953 5752 3348 5827 arripuerunt,
3383 5753 3440 5809 et
3469 5763 3575 5823 ego
3621 5770 3651 5800 ςς
3684 5743 3788 5817 tri-
