3942 6388
158 480 272 544 593

1338 480 1842 543 EXPLANATIO
1886 480 1965 541 ΙΝ
2008 480 2388 543 PSALMOS.

3456 482 3576 549 594

155 612 516 674 balationem
548 633 577 663 »
605 610 885 686 corporis,
922 634 951 665 «
981 614 1039 670 et
1082 610 1341 671 dolorem
1376 636 1404 663 ››
1437 613 1618 670 animi
1647 636 1676 665 «
1709 612 1804 669 in-
1918 614 2016 682 sit,
2049 612 2161 671 nisi
2191 614 2424 671 vanitas
2455 617 2515 671 et
2562 613 2958 685 mendacium,
2993 632 3054 672 se
3085 633 3119 672 a
3149 612 3396 673 Domino
3443 621 3575 675 tan-

153 705 304 771 veni,
329 727 358 755 »
390 705 449 760 id
480 707 590 771 est,
624 703 866 776 cognovi
899 702 1020 758 haec
1053 703 1197 758 mihi
1224 721 1258 759 a
1278 704 1527 760 Domino
1560 703 1712 759 mitti
1736 704 1809 759 ad

153 793 589 851 correctionem.
626 792 890 849 Invenire
920 791 1075 849 enim
1108 793 1547 849 tribulationem
1572 797 1661 848 est
1679 810 1810 848 eam

150 883 261 942 sibi
291 900 326 938 a
355 884 471 938 Deo
498 881 739 937 immitti
772 898 875 953 pro
908 886 1282 954 peccatorum
1325 881 1684 937 correctione
1716 899 1809 936 co-

149 986 427 1047 gnoscere
452 988 464 1027 :
492 994 521 1021 ‹‹
554 976 613 1027 et
643 992 671 1021 η
706 986 842 1026 cum
873 970 1089 1037 inveni,
1122 971 1384 1026 monitus
1418 970 1536 1026 illis
1570 970 1813 1026 tribula~

149 1062 434 1126 tionibus,
467 1083 495 1110 «
528 1059 791 1116 invocavi
826 1076 1038 1115 nomen
1074 1059 1324 1115 Domini.
1364 1082 1390 1108 ››

222 1175 249 1202 ‹‹
282 1152 327 1207 Ο
359 1149 626 1207 Domine.
653 1171 681 1199 »
703 1149 842 1204 Pars
874 1148 1154 1205 secunda.
1177 1148 1552 1204 Continuatio
1578 1167 1591 1204 :
1618 1150 1811 1214 Quan-
1838 1184 1841 1187 -

151 1241 466 1314 doquidem
499 1256 603 1313 per
634 1237 1073 1295 tribulationem
1091 1254 1183 1293 me
1206 1238 1512 1304 monuisti,
1529 1237 1704 1292 etiam
1729 1237 1814 1292 in-

147 1334 454 1386 vocantem
487 1345 579 1384 me
611 1326 900 1383 exaudisti
932 1328 1005 1383 de
1036 1325 1312 1399 peccatis,
1350 1327 1437 1381 fac
1478 1327 1633 1399 quod
1668 1327 1811 1383 resi-

149 1421 333 1476 duum
364 1422 475 1481 est,
509 1416 734 1474 scilicet
760 1440 787 1465 ‹‹
822 1415 1008 1470 libera
1040 1414 1301 1470 animam
1330 1432 1519 1470 meam
1548 1438 1574 1463 ››
1599 1416 1669 1470 de
1692 1432 1814 1471 om-

148 1510 208 1565 ni
238 1507 662 1581 impedimento
694 1504 914 1571 saeculi,
947 1502 1173 1560 scilicet
1206 1505 1424 1576 perduc
1445 1503 1505 1558 in
1527 1508 1809 1560 :eternum

147 1598 434 1671 requiem,
459 1597 632 1669 juxta
660 1594 1007 1667 Apostolum
1034 1611 1047 1649 :
1074 1617 1101 1643 «
1136 1592 1276 1660 Quis
1308 1609 1401 1648 me
1434 1593 1710 1649 liberabit
1739 1595 1812 1650 de

147 1686 388 1760 corpore
419 1683 625 1741 mortis
655 1684 837 1755 hujus
870 1684 1045 1753 (Rom.
1076 1682 1224 1751 vn)?
1258 1706 1285 1731 ››
1317 1681 1455 1737 Dico
1487 1705 1514 1731 «
1550 1682 1754 1747 libera,
1782 1704 1809 1730 »

146 1779 205 1833 et
233 1775 354 1833 scio
387 1774 529 1848 quia
554 1772 831 1830 liberabit
860 1776 917 1827 et
948 1772 1086 1828 facit
1115 1771 1507 1844 apostrophen
1540 1772 1613 1826 ad
1644 1770 1809 1826 audi-

147 1868 305 1922 tures
338 1882 352 1921 :
384 1863 524 1937 quia
554 1886 584 1912 «
616 1861 901 1918 Dominus
936 1884 963 1909 ››
993 1864 1083 1915 est
1113 1884 1141 1909 «
1174 1859 1510 1915 misericors
1540 1882 1568 1909 »
1602 1860 1661 1914 in
1706 1876 1808 1915 na-

146 1956 302 2021 tura,
337 1975 366 2004 ‹‹
400 1955 459 2009 et
497 1953 720 2024 justus,
757 1937 1160 2022 n'corrigendo
1209 1954 1449 2021 peccata
1480 1964 1494 2003 :
1532 1970 1561 1999 ‹‹
1591 1952 1649 2003 et
1686 1947 1810 2021 ipse

146 2044 304 2101 Deus
334 2044 538 2098 noster
568 2040 903 2105 miseretur,
933 2060 960 2085 ν
984 2037 1123 2110 quia
1153 2043 1445 2093 correctos
1477 2037 1685 2103 salvat,
1720 2038 1809 2093 fa-

146 2131 310 2189 ciens
341 2147 441 2189 eos
472 2128 859 2185 immortales.
883 2127 1011 2183 Alia
1056 2126 1362 2182 translatio
1410 2127 1607 2192 habet,
1636 2149 1665 2176 «
1699 2126 1808 2181 mi-

147 2221 461 2279 serebitur.
498 2242 526 2269 »

216 2311 289 2367 Et
317 2324 452 2366 vere
471 2309 677 2380 justus
708 2311 764 2363 et
793 2305 1150 2372 misericors,
1184 2305 1324 2377 quia
1368 2304 1493 2377 ipse
1524 2307 1615 2360 est
1644 2327 1672 2355 ‹‹
1710 2322 1809 2360 cu-

144 2399 412 2457 stodiens
443 2396 717 2472 parvulos
749 2395 1037 2454 Dominus
1068 2416 1096 2444 »
1131 2412 1165 2451 a
1194 2393 1546 2468 peccatis,id
1569 2398 1677 2461 est,
1700 2394 1811 2449 hu-

144 2488 320 2546 miles
350 2487 451 2561 qui
484 2502 545 2543 se
575 2502 785 2560 parvos
814 2484 1039 2541 faciunt
1072 2502 1086 2553 ;
1118 2486 1176 2540 et
1203 2483 1340 2539 inde
1370 2482 1430 2538 in
1463 2481 1688 2555 meipso
1720 2499 1811 2537 ar-

148 2581 505 2651 gumentum
537 2576 802 2642 ostendo,
838 2574 975 2648 quia
1010 2593 1037 2624 ‹‹
1068 2591 1174 2647 ego
1224 2590 1357 2629 sum
1406 2572 1753 2629 humiliatus
1785 2594 1813 2621 ››

150 2666 435 2740 parvulus
493 2666 719 2734 factus;
755 2687 783 2714 «
837 2668 894 2720 et
943 2686 971 2714 »
1022 2663 1148 2737 ipse
1180 2687 1207 2714 «
1239 2662 1508 2719 liberavit
1551 2680 1646 2718 me
1680 2686 1709 2712 »
1742 2663 1813 2718 ab

149 2758 330 2814 enere
361 2758 755 2830 peccatorum.

224 2847 300 2902 Et
326 2846 468 2917 quia
492 2845 577 2900 sic
609 2859 703 2899 me
733 2843 1021 2909 liberavit,
1056 2860 1089 2898 ο
1122 2866 1149 2892 ‹‹
1183 2843 1383 2898 anima
1412 2859 1562 2911 mea,
1586 2857 1819 2897 conver-

149 2940 275 2992 tere
311 2957 341 2985 »
374 2935 445 2990 ab
496 2934 655 2989 omni
707 2932 1094 2988 delectatione
1142 2936 1529 2997 terrenorum,
1563 2953 1590 2981 «
1626 2931 1684 2986 in
1728 2949 1815 2987 re-

149 3022 357 3097 quiem
389 3026 573 3087 tuam,
600 3043 627 3070 »
649 3020 708 3076 id
730 3024 820 3076 est
850 3021 922 3075 ad
954 3020 1161 3085 Deum,
1184 3019 1287 3090 qui
1316 3022 1406 3074 est
1432 3035 1565 3075 vere
1588 3020 1819 3091 requies

154 3110 284 3179 tua,
320 3128 356 3166 a
378 3127 494 3182 quo
525 3109 784 3182 profecta
812 3125 875 3164 es
906 3112 1103 3164 creata
1128 3108 1189 3161 in
1230 3107 1582 3179 perfectione
1610 3124 1623 3162 :
1657 3110 1716 3162 et
1745 3107 1817 3163 ad

154 3216 297 3259 eum
328 3198 506 3254 debes
535 3197 763 3263 reverti,
788 3219 816 3246 «
852 3197 991 3268 quia
1021 3195 1306 3251 Dominus
1337 3195 1624 3251 benefecit
1652 3196 1820 3263 tibi,»

155 3291 218 3346 id
250 3291 365 3353 est,
398 3285 625 3343 dimisit
655 3290 915 3358 peccata,
948 3285 1084 3341 fecit
1114 3284 1354 3358 dignam
1384 3284 1572 3358 gloria
1600 3302 1731 3352 sua,
1765 3290 1823 3342 et

154 3378 404 3436 tandem
427 3376 599 3433 faciet
627 3374 1043 3444 immortalem,
1074 3372 1523 3447 impassibilem.

229 3464 423 3523 Vertit
451 3482 516 3521 se
547 3465 618 3521 ad
651 3464 984 3520 auditores:
1011 3479 1146 3519 vere
1176 3461 1501 3519 benefaciet
1532 3462 1676 3518 mihi
1710 3463 1822 3519 Do-

158 3556 451 3621 minus”
486 3553 627 3626 quia
655 3552 890 3625 eripuit,
928 3574 957 3601 »
988 3552 1048 3608 id
1080 3555 1188 3620 est,
1222 3551 1428 3624 eripiet
1459 3568 1563 3623 per
1604 3551 1824 3607 violen-

158 3644 310 3703 tiam
345 3666 374 3694 «
407 3642 668 3699 animam
701 3658 893 3697 meam
922 3642 994 3697 de
1022 3644 1230 3707 morte,
1266 3663 1293 3689 »
1324 3641 1384 3695 id
1423 3643 1531 3708 est,
1565 3642 1636 3697 de
1665 3640 1826 3696 omni

161 3735 382 3791 timore
411 3731 641 3801 mortis,
674 3734 731 3787 et
759 3747 864 3804 per
892 3731 1003 3787 hoc
1034 3753 1063 3781 «
1096 3729 1299 3786 oculos
1344 3746 1527 3801 meos,
1565 3753 1592 3779 »
1625 3730 1684 3786 id
1715 3732 1824 3799 est,

161 3818 529 3888 affectiones,
557 3843 586 3871 «
620 3838 655 3876 a
682 3819 980 3894 lacrymis,
1015 3842 1044 3869 »
1073 3820 1360 3892 quianon
1408 3819 1618 3875 faciam
1672 3819 1829 3874 unde

162 3908 248 3968 ibi
278 3910 363 3967 sit
394 3909 535 3966 mihi
569 3909 1037 3982 lacrymandum.
1072 3908 1235 3965 Unde
1265 3908 1517 3964 dicitur:
1543 3932 1571 3958 «
1594 3909 1829 3964 Abster-

164 4000 266 4074 get
294 4001 455 4056 Deus
485 4014 721 4054 omnem
751 3997 1075 4071 lacrymam
1106 3997 1179 4053 ab
1206 3997 1392 4053 oculis
1420 4014 1624 4054 eorum
1647 3996 1828 4070 (Apoc.

163 4092 321 4159 XXI)‘;
360 4106 388 4137 η
419 4091 476 4143 et
504 4109 532 4137 «
566 4086 743 4160 pedes
774 4103 956 4155 meos,
996 4108 1023 4136 n
1053 4085 1112 4141 id
1143 4089 1235 4142 est
1261 4085 1599 4142 affectiones
1647 4102 1831 4156 meas,

167 4201 200 4230 «
232 4195 269 4236 a
297 4178 474 4250 lapsu
507 4198 534 4226 »
567 4174 967 4248 eripietzquia
994 4174 1075 4231 ibi
1107 4175 1191 4231 sic
1223 4175 1413 4231 securi
1444 4173 1835 4246 erimus,quia

166 4264 339 4325 nullo
374 4269 611 4339 peccato
638 4264 1024 4321 movebimur.
1058 4264 1123 4319 In
1154 4264 1264 4319 hac
1303 4262 1423 4320 vita
1470 4262 1832 4319 contrarium

166 4355 346 4414 nobis
368 4358 480 4426 est,
495 4354 635 4426 quia
655 4353 751 4409 hic
773 4368 1006 4425 semper
1035 4351 1095 4407 in
1127 4352 1337 4408 timore
1367 4353 1574 4408 mortis
1601 4369 1832 4421 sumus,

168 4446 230 4503 et
251 4461 361 4518 pro
394 4442 647 4516 peccatis
677 4442 967 4515 lacrymas
997 4441 1397 4509 fundimus,et
1415 4458 1649 4514 semper
1668 4441 1836 4513 proni

171 4534 247 4592 ad
279 4534 522 4606 lapsum
549 4548 779 4588 sumus.

244 4623 320 4680 Et
349 4626 493 4678 tunc
524 4644 553 4671 ‹‹
584 4619 825 4694 placebo
859 4620 1129 4686 Domino,
1168 4643 1196 4670 »
1224 4621 1364 4692 quia
1409 4618 1635 4675 nullam
1666 4618 1748 4675 ibi
1776 4619 1836 4674 in

1919 710 2048 761 tum
2074 707 2294 761 donum
2325 704 2633 777 recepisse,
2668 709 2735 760 ut
2769 705 3014 761 Domino
3066 722 3181 760 non
3228 706 3433 762 timeat
3482 723 3579 764 re-

1921 812 2319 867 compensare,
2354 795 2510 866 quod
2552 795 2676 865 ipse
2728 793 2994 849 Christus
3044 794 3193 849 mori
3240 793 3427 851 voluit
3474 794 3577 869 pro

1920 889 2122 939 nostra
2169 883 2377 940 salute.
2413 884 2475 938 In
2505 885 2765 938 secunda
2794 888 2979 954 parte,
3012 900 3139 955 qua}
3185 882 3393 955 incipit
3424 896 3441 938 :‘
3468 906 3499 934 ‹‹
3530 886 3576 941 0

1920 972 2184 1039 Domine,
2219 973 2360 1045 quia
2388 989 2493 1045 ego
2526 990 2729 1028 servus
2771 976 2929 1038 tuus,
2968 993 2993 1019 ››
3027 970 3284 1027 ostendit
3313 980 3376 1028 se
3406 964 3576 1029 Chri-

1921 1064 1993 1118 sti
2029 1080 2260 1118 servum
2293 1079 2440 1129 esse,
2471 1067 2529 1118 et
2559 1062 2615 1117 in
2652 1064 2763 1117 ﬁde
2795 1061 3083 1117 catholica
3122 1077 3487 1132 permanere,
3519 1066 3576 1118 et

1920 1150 2050 1207 ideo
2083 1152 2345 1224 martyrii
2377 1152 2467 1207 sui
2500 1152 2813 1206 utilitatem
2849 1150 2961 1206 sibi
2993 1142 3575 1223 provenireJntentiO

1919 1245 2028 1307 est,
2061 1245 2128 1295 ut
2156 1241 2467 1296 laudemus
2494 1242 2677 1295 Deum
2702 1258 2804 1311 per
2824 1240 2945 1295 hmo
2970 1239 3254 1294 beneficia
3278 1255 3289 1293 :
3319 1242 3377 1293 et
3399 1238 3573 1295 talem

1920 1329 2091 1385 nobis
2122 1330 2514 1385 constantiam
2564 1330 2685 1397 dat,
2720 1333 2786 1383 ut
2835 1332 3021 1383 morte
3068 1330 3269 1383 nostra
3323 1323 3574 1383 mortem

1920 1419 2152 1475 Domini
2187 1435 2631 1491 reeompensare
2660 1418 2929 1473 velimus.

1993 1508 2146 1563 Dicit
2174 1512 2398 1579 martyr
2428 1508 2527 1579 qui
2563 1508 2844 1579 loquitur,
2867 1506 3055 1579 gratia
3085 1506 3185 1562 Dei
3207 1500 3531 1578 inspiratus
3556 1521 3570 1562 :

1922 1621 1949 1648 «
1983 1597 2214 1653 Credidi
2250 1620 2276 1646 ι»
2307 1598 2511 1664 corde;
2548 1596 2711 1652 Unde
2740 1596 3090 1668 Apostolus:
3127 1619 3152 1645 ‹‹
3187 1595 3372 1651 Corde
3392 1596 3575 1651 credi-

1917 1690 2017 1742 tur
2056 1688 2127 1742 ad
2174 1686 2473 1757 justitiam
2524 1686 2695 1757 (Rom.
2730 1686 2808 1758 x.)
2844 1708 2869 1734 υ
2897 1687 3049 1740 Bene
3094 1684 3302 1756 incipit
3330 1701 3365 1740 ει
3389 1708 3419 1735 cc
3453 1690 3574 1741 cre-

1918 1776 2060 1843 didi,
2092 1798 2117 1824 ››
2149 1776 2289 1848 quia
2317 1774 2460 1830 nihil
2494 1774 2630 1830 boni
2663 1791 2981 1846 possumus
3013 1766 3343 1845 facere,nisi
3367 1763 3568 1830 creda-

1920 1881 2086 1932 mus;
2117 1865 2271 1919 unde
2300 1863 2645 1936 Apostolus:
2668 1888 2693 1913 ‹‹
2715 1863 2899 1919 Omne
2922 1864 3077 1935 quod
3101 1879 3215 1917 non
3238 1854 3325 1918 est
3346 1852 3416 1919 ex
3438 1863 3575 1933 fide,

1920 1957 2224 2027 peccatum
2254 1957 2345 2008 est
2375 1953 2671 2025 (Rom.x1v)
2696 1968 2708 2008 :
2736 1973 2763 2002 »
2800 1976 2828 2002 «
2862 1956 3098 2025 propter
3122 1952 3300 2024 quod,
3327 1972 3355 2001 »
3382 1951 3442 2007 id
3462 1955 3574 2021 est,

1921 2043 2023 2116 qui
2053 2041 2273 2097 credidi
2305 2064 2334 2092 «
2367 2042 2600 2098 locutus
2630 2058 2833 2107 sum,»
2868 2040 3025 2113 quia,
3062 2040 3109 2096 si
3142 2056 3291 2113 opus
3318 2038 3447 2109 fuit,
3481 2050 3576 2096 Ve-

1919 2132 2152 2189 ritatem
2201 2148 2319 2187 non
2365 2132 2521 2187 tacui
2557 2147 2570 2186 :
2606 2149 2732 2203 quae
2789 2130 3079 2186 confessio
3120 2129 3293 2197 valet,
3324 2132 3578 2186 testante

1919 2220 2214 2294 Apostolo,
2250 2220 2350 2294 qui
2395 2221 2476 2276 ait
2507 2238 2521 2275 :
2556 2243 2583 2271 ‹‹
2618 2221 2728 2276 Ore
2775 2218 3065 2276 confessio
3108 2219 3174 2275 fit
3205 2221 3277 2275 ad
3322 2206 3577 2275 salutem

1921 2313 2096 2382 (Rom.
2129 2312 2214 2380 χ.)
2247 2332 2274 2359 ››
2307 2311 2565 2366 Locutus
2595 2328 2748 2379 sum,
2774 2333 2803 2361 «
2828 2326 2934 2383 ego
2967 2314 3163 2366 autem
3190 2331 3216 2358 η
3240 2326 3355 2367 non
3379 2300 3583 2384 praedi“-

1922 2402 2074 2457 catio
2127 2417 2301 2457 mea:
2338 2424 2365 2451 «
2402 2399 2750 2456 humiliatus
2800 2417 2954 2469 sum,
2992 2422 3020 2450 ››
3061 2416 3177 2455 non
3228 2386 3449 2467 mente,‘
3477 2400 3580 2455 sed

1922 2490 2301 2547 tribulatione
2331 2489 2638 2562 corporali,
2671 2493 2728 2545 et
2759 2489 2868 2545 hoc
2899 2513 2928 2540 «
2962 2489 3141 2545 nimis
3174 2512 3201 2538 ››
3232 2484 3577 2560 importabi-

1922 2579 2074 2649 liter,
2106 2579 2193 2635 vcl
2221 2579 2391 2635 valde
2424 2596 2437 2633 :
2473 2578 2608 2634 licet
2640 2594 2830 2634 essem
2864 2565 3069 2633 multis
3099 2576 3355 2633 miseriis
3399 2576 3583 2634 amici-

1923 2672 2041 2735 tus,
2078 2685 2193 2723 non
2243 2668 2464 2723 cessavi
2512 2671 2710 2724 tamen
2741 2685 2774 2722 a
2806 2668 3215 2739 praedicatione
3260 2666 3384 2722 Dei.
3419 2653 3584 2724 Unde

1923 2756 2236 2828 Apostolus
2269 2772 2283 2810 :
2318 2779 2347 2806 «
2381 2758 2607 2811 Teneor
2637 2757 2694 2810 in
2725 2755 2997 2824 vinculis,
3033 2755 3135 2811 sed
3183 2747 3438 2811 verbum'
3478 2740 3582 2811 Dei

1925 2862 2041 2901 non
2073 2848 2266 2916 potest
2297 2832 2524 2917 alligari
2555 2846 2629 2913 (II
2663 2846 2798 2900 Tim.
2833 2847 2923 2911 ιι.)
2956 2866 2983 2893 ››
3191 2831 3194 2834 ’
3434 2828 3439 2835 ’

2001 2956 2028 2985 ‹‹
2059 2933 2311 3004 Credidi,
2345 2931 2574 2988 loeutus
2606 2950 2761 3001 sum,
2795 2932 3142 2988 humiliatus
3172 2947 3329 2999 sum,
3362 2936 3392 2981 »‘
3423 2933 3480 2987 et
3500 2931 3583 2988 ita

1924 3014 2125 3080 videor
2154 3039 2248 3078 me
2279 3023 2470 3078 dicere
2503 3023 2731 3088 fortem,
2756 3023 2856 3078 sed
2881 3025 3077 3077 tamen
3108 3008 3584 3093 quandocuiiqu'e

1927 3111 2279 3185 prudentius
2308 3112 2423 3166 vidi
2458 3114 2729 3166 naturam
2761 3126 2976 3175 meam,
3009 3109 3267 3164 intellexi
3311 3114 3405 3190 me
3433 3092 3584 3166 nihil

1928 3217 2077 3269 esse,
2108 3200 2231 3255 nihi
2280 3199 2633 3267 vanitatem;
2671 3200 2865 3255 ethoc
2911 3201 3000 3254 est
3032 3215 3045 3253 :
3079 3221 3108 3249 ‹‹
3140 3212 3247 3271 ego
3288 3196 3427 3266 dixi“,
3463 3219 3492 3248 »
3523 3196 3584 3254 i’d

1932 3294 2041 3356 est,
2074 3290 2229 3361 apud
2261 3306 2354 3345 me
2386 3288 2545 3344 intus
2579 3287 2859 3343 tractavi:
2886 3304 3074 3360 neque
3102 3287 3213 3343 hoc
3242 3276 3585 3365 impruden-

1851 3354 1895 3422 (ἶ
1934 3381 2022 3434 ter
2053 3377 2292 3445 faciens,
2318 3378 2418 3434 sed
2451 3399 2480 3427 «
2512 3376 2573 3432 in
2602 3393 2843 3432 excessu
2874 3393 3028 3443 meo,
3052 3398 3080 3426 ››
3102 3376 3161 3433 id
3181 3360 3589 3445 est,humanos

1933 3468 2179 3523 affectus
2210 3468 2493 3523 excedens
2524 3467 2748 3522 ratione
2780 3484 2794 3522 :
2825 3466 2944 3522 dixi
2974 3466 3104 3536 hoc,
3137 3454 3364 3523 scilicet
3394 3466 3424 3517 ἀ
3457 3466 3589 3522 oui-'-

1935 3556 2028 3612 nis
2060 3557 2234 3612 homo
2265 3557 2537 3624 mendax,
2566 3578 2593 3603 ››
2626 3554 2848 3612 scilicet
2873 3555 2972 3628 qui
3001 3556 3179 3612 homo
3209 3540 3587 3612 tantum'est‘.

2007 3645 2157 3712 Dixi,
2192 3669 2219 3695 ‹‹
2255 3644 2497 3713 credidi,
2528 3645 2763 3700 locutus
2795 3661 2952 3711 sum,
2986 3644 3334 3701 humiliatus
3369 3644 3525 3721 sum,
3560 3652 3590 3694 Jb

1936 3738 1995 3789 et
2016 3734 2492 3806 quandoquidem
2527 3733 2811 3789 Dominus
2834 3734 2955 3789 haec
2976 3735 3131 3790 bona
3150 3722 3296 3789 mihi
3321 3730 3591 3801 contulit’,

1937 3840 2075 3896 ergo
2098 3846 2125 3873 «
2151 3823 2291 3895 quid
2323 3823 2644 3878 retribuam
2678 3823 2923 3877 Domino
2945 3841 3049 3894 pro
3071 3823 3349 3878 omnibus
3373 3843 3401 3870 n
3423 3823 3594 3897 bene-

1940 3911 2089 3967 ficiis
2120 3934 2147 3961 «
2182 3929 2308 3983 qum
2342 3934 2369 3959 )›
2404 3911 2526 3983 ipse
2552 3934 2581 3960 «
2616 3910 2889 3965 retribuit
2918 3910 3108 3965 mihi?
3138 3932 3167 3959 υ
3199 3916 3315 3965 nbn
3346 3908 3450 3981 prb
3482 3908 3592 3964 Ι)ὸὲ

1941 4002 2034 4057 nis
2066 4001 2314 4065 meritis,
2346 4002 2447 4055 sed
2479 4017 2582 4070 pro
2615 3998 2787 4054 malis
2817 3999 2965 4054 dans
2997 3998 3170 4052 bona.

2013 4089 2150 4145 Dico
2181 4111 2211 4139 «
2239 4088 2382 4161 quid
2431 4087 2776 4156 retribuam,
2812 4108 2837 4135 ››
2870 4109 2898 4136 ‹‹
2940 4085 3179 4142 calicem
3227 4084 3527 4154 salutaris,
3564 4107 3592 4135 ι»

1942 4180 2000 4235 id
2032 4182 2138 4246 est,
2160 4180 2345 4232 morte
2373 4193 2504 4231 mea
2524 4178 2772 4230 mortem
2806 4174 3040 4231 Domini
3072 4173 3383 4230 imitabor:
3407 4176 3465 4230 ct
3483 4173 3596 4230 hoc

1943 4285 2062 4324 non
2093 4268 2178 4323 sic
2224 4266 2435 4322 faciam
2482 4268 2549 4320 ut
2593 4281 2709 4320 non
2767 4263 2959 4320 libens
3009 4264 3196 4319 facere
3240 4261 3460 4329 videar,
3492 4251 3595 4319 sed

1946 4380 1974 4408 ‹‹
2009 4356 2315 4428 accipiam,
2343 4378 2371 4405 »
2391 4353 2449 4410 id
2473 4357 2581 4422 est,
2609 4369 2822 4426 magno
2843 4351 3133 4410 desiderio
3155 4338 3595 4426 appetam,calil

1945 4462 2073 4502 cem
2120 4444 2251 4500 dico
2303 4443 2599 4511 salutaris,
2632 4442 2691 4497 id
2740 4446 2830 4499 est
2877 4440 3217 4508 Salvatoris,
3248 4442 3437 4523 quem
3471 4436 3599 4512 ipse

1945 4551 2051 4607 pro
2082 4537 2285 4590 nostra
2310 4532 2709 4604 redemptione
2742 4531 3030 4587 sustinuit
3060 4546 3073 4586 :
3108 4546 3242 4586 cum
3274 4527 3437 4596 dicit,
3460 4536 3491 4580 (ξ
3514 4526 3602 4585 θά-

1946 4622 2175 4691 lutaris,
2214 4645 2241 4671 ››
2275 4622 2472 4678 innuit
2503 4621 2657 4695 quod
2688 4623 2747 4676 et
2765 4620 2892 4693 ipse
2922 4636 3025 4691 per
3052 4619 3211 4675 hunc
3240 4616 3483 4675 calicem
3514 4612 3604 4673 sd-

172 4726 271 4767 me
301 4709 686 4767 offensionem
717 4708 1008 4764 inveniet:
1041 4708 1312 4765 sublatus
1343 4708 1413 4763 de
1434 4707 1669 4780 regione
1692 4724 1838 4763 mor—
1870 4722 1916 4787 D
1946 4712 2131 4769 lutem
2163 4714 2514 4784 assequatur
2546 4727 2558 4766 :
2592 4709 2720 4764 dico
2751 4732 2779 4758 «
2815 4707 3119 4780 accipiam,
3148 4729 3175 4756 ››
3198 4730 3226 4757 ‹‹
3249 4710 3306 4763 et
3328 4729 3357 4757 ››
3380 4710 3448 4763 ut
3467 4702 3602 4778 pos;

172 4805 441 4867 tuorum,
476 4802 533 4854 et
563 4797 792 4870 positus
827 4819 855 4847 ‹‹
885 4796 947 4852 in
998 4797 1233 4870 regione
1281 4796 1568 4864 vivorum,
1599 4820 1627 4846 »
1661 4797 1719 4852 id
1751 4801 1843 4852 est

173 4891 524 4945 sanctorum
550 4904 563 4942 :
590 4903 693 4959 per
723 4886 1125 4943 excellentiam
1157 4886 1301 4942 dicit
1333 4903 1394 4942 se
1424 4887 1653 4959 placere
1701 4888 1839 4953 Deo,

172 4977 322 5051 quia
352 4992 490 5051 cum
516 4976 612 5031 hic
643 4975 843 5031 nullus
859 4976 1062 5047 justus
1093 4976 1219 5032 sine
1259 4979 1495 5048 peccato
1544 4993 1673 5033 esse
1703 4993 1841 5048 pos-

175 5067 278 5135 sit,
310 5065 431 5122 Deo
462 5065 691 5138 placere
722 5082 827 5136 per
856 5064 1057 5121 omnia
1088 5081 1205 5121 non
1236 5068 1447 5137 potest.

679 5209 751 5265 IN
793 5208 1143 5265 PSALMUM
1191 5154 1350 5264 CXV.

732 5299 1007 5356 TITULUS.
1039 5298 1297 5354 Alleluia.

254 5446 283 5474 ‹‹
316 5419 554 5477 Credidi
586 5425 842 5495 propter.
880 5444 907 5472 ι)
937 5422 1061 5478 Vox
1090 5425 1181 5478 est
1212 5426 1538 5493 martyrum
1590 5419 1844 5487 Domini,

179 5517 240 5570 et
269 5508 539 5582 loquitur
567 5510 739 5583 quasi
770 5510 830 5566 in
862 5528 982 5567 una
1011 5528 1281 5584 persona,
1311 5510 1578 5566 omnium
1624 5514 1849 5584 marty—

181 5618 321 5659 rum
354 5614 669 5672 personam
700 5599 976 5666 induens,
1005 5604 1062 5655 et
1082 5599 1194 5672 ipsi
1217 5599 1396 5655 iidem
1419 5602 1559 5654 sunt
1580 5599 1846 5667 materia,

182 5687 472 5761 martyrio
504 5706 611 5745 suo
643 5692 893 5745 mortem
928 5688 1157 5744 Domini
1210 5688 1532 5745 imitantes.
1567 5689 1631 5744 In
1660 5689 1852 5762 prima

183 5778 356 5853 parte
388 5778 646 5835 ostendit
677 5782 900 5852 martyr
931 5777 1031 5850 qui
1062 5777 1344 5850 loquitur,
1370 5796 1505 5836 cum
1528 5796 1597 5836 ex
1618 5796 1677 5836 se
1704 5779 1851 5835 nihil

1951 4801 2064 4859 sim
2107 4800 2455 4873 persolvere,
2488 4823 2516 4851 ‹‹
2551 4816 2764 4855 nomen
2811 4797 3043 4854 Domini
3086 4796 3389 4852 invocabo.
3424 4817 3453 4846 ››
3498 4795 3607 4851 Per

1952 4887 2192 4945 calicem
2227 4888 2357 4943 ideo
2388 4885 2774 4958 intelligimus
2805 4888 3077 4954 mortem,
3111 4885 3252 4957 quia
3292 4900 3429 4940 cum
3459 4898 3604 4956 qua-

1952 4980 2088 5034 dam
2119 4976 2505 5033 delectatione
2549 4975 2847 5048 accipiunt
2892 4991 3020 5031 eam
3072 4974 3285 5045 sancti,
3317 4976 3374 5030 et
3401 4976 3493 5030 est
3521 4971 3607 5029 eis

1952 5068 2208 5141 perfecta
2237 5065 2493 5123 refectio.

2026 5157 2330 5225 Invocabo,
2365 5171 2577 5212 nomen
2608 5154 2864 5221 Domini,
2898 5176 2925 5203 ‹‹
2960 5152 3204 5209 reddam
3234 5155 3367 5209 vota
3392 5167 3543 5220 mea,
3579 5173 3608 5201 ››

1955 5248 2013 5303 id
2043 5250 2152 5316 est,
2187 5244 2491 5318 complebo
2522 5259 2695 5316 opere
2725 5243 2880 5314 quod
2913 5240 3466 5307 desideraveram,id
3498 5242 3611 5310 est,

1955 5335 2434 5408 meipsum,sicut
2464 5332 2952 5401 desideraveram,
2978 5331 3253 5403 passione
3282 5330 3489 5387 ﬁniam
3514 5346 3527 5386 :
3551 5332 3614 5386 o't

1955 5425 2066 5481 hoc
2086 5441 2329 5480 «coram
2361 5422 2519 5479 omni
2551 5420 2766 5494 pepulo
2798 5422 2997 5493 ejus,»
3024 5423 3087 5476 ut
3110 5420 3209 5476 alii
3230 5420 3291 5475 in
3313 5432 3408 5476 me
3429 5433 3618 5476 exem-

1960 5513 2125 5587 plum
2158 5512 2413 5585 capiant.
2438 5512 2571 5567 Ideo
2602 5511 2687 5566 sic
2718 5511 2960 5566 reddam
2992 5514 3144 5579 vota,
3171 5508 3309 5582 quia
3333 5533 3353 5560 α
3380 5508 3441 5564 in
3472 5524 3617 5565 con-

1959 5608 2161 5676 spectu
2194 5601 2427 5658 Domini
2449 5618 2609 5656 mors
2631 5604 2969 5656 sanctorum
2996 5600 3144 5670 ejus,
3169 5620 3195 5648 ››
3221 5616 3350 5670 qua:
3378 5601 3467 5655 est
3486 5608 3620 5655 con-

1957 5689 2308 5762 temptibilis
2326 5689 2397 5745 ad
2417 5692 2796 5760 conspectum
2814 5686 3142 5754 hominum,
3158 5689 3287 5742 cst«
3304 5685 3618 5759 pretiosa,»

1962 5782 2021 5839 id
2052 5784 2143 5837 est
2190 5779 2449 5851 placens.
2480 5776 2585 5833 Vel
2635 5794 2793 5834 mors
2846 5780 3207 5848 sanctorum,
3242 5792 3370 5848 qua:
3421 5779 3513 5834 est
3560 5777 3621 5834 in
