3942 6444
406 481 524 543 595

783 479 1193 541 ΗΑΥΜΟΝ18
1240 477 1780 538 HALBERSTAT.
1830 475 2084 538 EPISC.
2128 474 2302 536 OPP.
2349 475 2550 537 PARS
2595 478 2642 538 l.
2697 513 2768 524 --
2813 479 3217 542 COMMENT.
3264 481 3463 543 BIBL.

3721 485 3827 546 596

405 619 725 687 conspectu
759 609 1012 676 Domini,
1043 609 1102 666 id
1135 614 1225 665 est
1272 609 1507 682 placens
1554 609 1626 679 ei,
1660 613 1752 664 est
1781 608 2055 681 pretiosa,
2087 605 2148 676 Α
2175 607 2346 680 pulos
2373 608 2798 684 intelligamus.
2836 611 3004 668 Ponit
3033 613 3308 670 materias
3337 613 3554 683 laudis,
3589 616 3826 673 dicens:

407 703 466 759 id
498 707 590 758 est
618 699 904 774 sanguine
931 698 1150 754 Christi
1183 703 1400 771 empta.
1442 700 1526 754 Ad
1559 698 1668 754 hoc
1699 700 1856 755 enim
1905 717 2062 755 mor-

404 796 544 849 tuus
575 795 683 859 est,
719 793 784 844 ut
809 791 868 845 et
896 805 1023 857 nos,
1058 788 1106 844 si
1149 805 1386 844 necesse
1435 793 1544 860 est,
1574 807 1678 862 pro
1725 807 1790 845 eo
1845 789 2063 845 moria-

403 897 540 936 mur
572 895 584 934 :
620 879 775 951 quod
807 882 1004 934 autem
1038 894 1252 950 magno
1284 879 1468 950 pretio
1499 883 1763 952 emptum
1791 884 1900 950 est,
1925 897 2052 952 pre-

401 969 622 1026 tiosum
651 973 762 1024 est.

473 1081 500 1108 «
535 1058 580 1113 Ο
611 1056 878 1114 Domine.
905 1080 934 1106 »
957 1057 1098 1113 Pars
1128 1059 1406 1113 secunda.
1425 1059 1552 1114 Hrec
1577 1064 1632 1115 te
1656 1060 1950 1116 tribuente
1971 1079 2064 1117 su-

397 1145 607 1215 stinui,
649 1146 770 1202 haec
820 1145 1015 1218 passio
1065 1164 1218 1216 mea,
1253 1170 1278 1196 ‹‹
1315 1163 1348 1201 ο
1380 1148 1650 1216 Domine,
1687 1173 1714 1197 ››
1746 1149 1908 1205 utilis
1955 1150 2065 1206 erit

397 1235 570 1303 mihi,
595 1235 736 1308 quia
763 1253 870 1309 ego
901 1236 1152 1308 persiste
1183 1235 1244 1292 in
1268 1238 1382 1292 fide
1403 1241 1460 1292 et
1482 1238 1719 1294 servitio
1743 1241 1938 1295 tuo.Et
1959 1257 2060 1295 an-

392 1327 640 1398 tequam
665 1325 941 1381 ostendat
972 1325 1312 1395 utilitatem,
1336 1327 1595 1382 ostendit
1618 1345 1680 1384 se
1710 1327 1769 1383 in
1802 1329 1901 1383 Dei
1935 1347 2063 1385 scr-

387 1414 538 1471 vitio
570 1431 932 1487 permanere,
960 1431 1096 1471 cum
1119 1415 1286 1487 dicit,
1305 1439 1332 1466 α
1353 1417 1494 1489 quia
1515 1433 1620 1490 ego
1643 1435 1848 1474 servus
1867 1421 2008 1474 tuus
2035 1441 2060 1467 ››

388 1503 632 1572 sum,id
657 1507 769 1572 est,
787 1504 929 1577 quia
960 1508 1164 1578 reputo
1196 1509 1251 1561 te
1281 1505 1638 1562 altissimum
1667 1511 1724 1563 et
1743 1507 2058 1564 Dominum

385 1610 634 1662 meum;
665 1597 725 1650 et
743 1597 810 1649 ut
833 1594 1120 1666 majorem
1157 1595 1430 1668 ostendat
1453 1595 2059 1670 humilitatem,repli-

385 1685 492 1742 cat
522 1699 536 1738 :
571 1703 600 1734 ‹‹
632 1698 738 1756 ego
769 1699 974 1739 servus
1007 1686 1146 1738 tuus
1176 1686 1233 1739 et
1262 1683 1420 1740 {ilius
1451 1685 1678 1740 ancilla:
1721 1689 1854 1755 tuae,
1892 1711 1918 1736 ››
1950 1687 2061 1743 Ec-

383 1771 587 1830 clesize
617 1771 864 1840 scilicet,
897 1771 1164 1828 imitator
1193 1771 1570 1845 antiquorum
1605 1779 1865 1847 patrum.

464 1859 616 1928 Quia
664 1860 746 1916 ita
793 1877 924 1916 sum
974 1877 1198 1929 servus,
1249 1861 1380 1918 ideo
1421 1885 1450 1913 ‹‹
1503 1863 1778 1936 dirupisti
1829 1865 2062 1922 vincula

384 1967 548 2017 mea,
572 1972 598 2000 υ
617 1949 677 2005 id
699 1953 806 2018 est,
832 1967 936 2023 per
955 1951 1303 2024 martyrium
1338 1951 1664 2009 dissolvisti
1688 1971 1779 2009 me
1802 1955 1874 2009 ab
1898 1955 2057 2010 omni
2091 1981 2139 2046 Β

377 2039 626 2098 vinculo
656 2043 1050 2112 peccatorum.
1075 2040 1313 2096 Certum
1347 2044 1542 2097 autem
1581 2043 1752 2098 nobis
1782 2047 1872 2099 est
1901 2045 2056 2116 quod

381 2145 599 2188 omnes
627 2127 688 2184 hi
720 2127 820 2201 qui
853 2128 912 2184 in
955 2129 1069 2184 fide
1118 2128 1408 2185 catholica
1457 2148 1562 2204 pro
1611 2132 1846 2190 Christo
1897 2153 2058 2191 mar-

381 2217 611 2292 tyrium
649 2217 967 2286 sustinent,
996 2217 1172 2274 etiam
1225 2219 1272 2274 si
1326 2219 1737 2278 criminalibus
1788 2223 2053 2296 impediti

385 2306 536 2372 sint,
569 2305 769 2360 omnia
795 2309 992 2361 tamen
1016 2305 1074 2361 in
1099 2307 1360 2380 martyrii
1385 2310 1672 2383 sanguine
1705 2311 2053 2369 diluuntur:

388 2409 532 2453 cum
563 2393 708 2450 dicit
733 2393 966 2450 vincula
995 2412 1105 2450 sua
1135 2395 1449 2468 disrumpi,
1481 2399 1623 2470 quia
1671 2401 1884 2457 Christi
1925 2421 2055 2464 ser-

387 2500 503 2541 vus
534 2482 664 2549 fuit,
699 2483 800 2538 dat
846 2482 1018 2538 nobis
1067 2483 1396 2555 intelligere
1427 2489 1583 2559 quod
1618 2487 1665 2542 si
1698 2489 1798 2560 qui
1833 2497 2055 2566 marty-

390 2573 552 2632 rium
585 2571 904 2644 patiantur,
933 2571 1030 2644 qui
1065 2590 1180 2628 non
1233 2573 1353 2630 sint
1401 2576 1516 2630 veri
1567 2578 1862 2646 catholici,
1894 2599 2054 2637 mar-

389 2660 616 2736 tyrium
647 2677 850 2716 eorum
885 2679 1002 2718 non
1034 2661 1354 2736 disrumpit
1381 2663 1618 2721 vincula
1640 2672 2010 2739 peccatorum
2037 2689 2050 2728 :

392 2749 552 2810 sicut
591 2749 789 2824 plures
836 2767 940 2824 pro
989 2749 1314 2809 hmresibus
1361 2754 1487 2810 suis
1539 2756 1755 2811 mortui
1809 2763 1970 2826 sunt,
1999 2765 2057 2816 et

392 2838 542 2899 nihil
594 2839 818 2914 profuit
847 2839 952 2896 eis.
985 2839 1058 2896 Et
1087 2839 1228 2913 quia
1276 2841 1398 2898 scio
1447 2845 1603 2915 quod
1649 2845 1884 2903 vincula
1931 2849 2052 2904 dis-

392 2945 658 3003 rumpes,
685 2929 815 2986 ideo
847 2952 876 2980 ‹‹
911 2929 1254 2986 sacriﬁcabo
1287 2931 1390 2986 tibi
1430 2932 1708 3003 hostiam,
1739 2957 1768 2985 ››
1800 2954 1914 2992 non
1948 2955 2052 3011 pe-

389 3020 633 3090 cudum,
665 3021 767 3090 sed
800 3043 828 3070 «
862 3019 1080 3086 laudis,
1114 3041 1142 3070 ››
1174 3019 1232 3075 id
1263 3025 1372 3076 est.
1407 3023 1701 3096 meipsum
1731 3027 2056 3098 acceptabi-

390 3106 509 3164 lem
539 3107 820 3178 hostiam,
843 3109 1254 3185 moﬂiﬁcando
1285 3110 1344 3165 in
1378 3127 1472 3166 me
1501 3113 1702 3168 omnia
1729 3113 1868 3170 vitia
1888 3139 1914 3166 ‹‹
1941 3119 1999 3171 et
2021 3140 2050 3166 n

389 3199 458 3253 ut
487 3198 734 3270 possim,
767 3221 796 3248 ‹‹
827 3214 1042 3254 nomen
1091 3197 1323 3254 Domini
1375 3199 1677 3258 invocabo.
1714 3225 1741 3252 η
1775 3203 1892 3260 Ηοο
1932 3223 2047 3261 non

387 3289 480 3345 est
507 3287 581 3343 de
610 3286 893 3343 Hebraica
920 3287 1184 3355 veritate,
1219 3288 1321 3344 sed
1353 3289 1734 3346 translatores
1761 3310 2046 3366 apposue-

382 3377 558 3442 runt;
589 3379 649 3431 et
679 3375 808 3430 ideo
841 3374 1230 3448 Hieronymus
1260 3375 1319 3431 in
1351 3377 1462 3432 hoc
1510 3377 1637 3434 loco
1685 3384 1741 3435 et
1782 3381 1841 3436 in
1893 3382 2044 3451 aliis,
2079 3347 2122 3412 α

387 3461 491 3518 ubi
523 3461 664 3534 quid
688 3479 803 3518 non
827 3463 1008 3518 estde
1036 3464 1318 3521 Hebraica
1346 3465 1799 3540 vcritate,ponit
1820 3471 2052 3528 asteris-

388 3565 548 3618 eum,
579 3549 636 3604 id
671 3553 764 3606 est
802 3551 1039 3624 signum
1093 3553 1541 3624 prohibitionis;
1574 3557 1808 3613 obelum
1862 3561 2046 3631 ponit,

386 3637 488 3694 ubi
522 3654 626 3710 per
653 3638 1012 3694 contrarium
1047 3641 1257 3708 evenit,
1291 3643 1515 3698 scilicet
1545 3645 1644 3700 ubi
1697 3647 1920 3720 aliquid
1955 3649 2050 3704 in-

384 3725 546 3783 venit
575 3725 866 3794 ablatum,
897 3729 1051 3800 quod
1079 3729 1291 3784 retinet
1321 3730 1606 3788 Ilcbraica
1633 3733 1868 3792 veritas.

458 3815 690 3873 Laudes
720 3817 969 3873 devoveo
1000 3817 1137 3886 Deo,
1161 3821 1220 3875 et
1241 3817 1372 3875 illas
1393 3819 1598 3878 laudes
1622 3845 1648 3872 «
1677 3824 1912 3880 reddam
1939 3825 2048 3881 Do-

385 3904 568 3973 mino,
602 3905 826 3963 scilicet
858 3930 886 3957 ‹‹
917 3912 1051 3964 vota
1082 3924 1215 3964 mea
1250 3925 1264 3965 :
1303 3931 1330 3958 »
1361 3913 1418 3966 et
1447 3910 1558 3966 hoc
1588 3911 1647 3966 in
1682 3919 2048 3986 «conspectu

384 3993 580 4051 omnis
610 3994 808 4068 populi
833 3995 984 4066 ejus,
1009 4018 1036 4045 »
1060 4001 1126 4052 ut
1145 3995 1278 4053 aliis
1301 3998 1635 4070 exemplum
1668 4001 1862 4058 laudis
1883 4003 2013 4058 exhi
2033 4035 2051 4043 -

383 4083 555 4140 beam
579 4099 594 4139 :
617 4088 676 4140 et
703 4083 814 4141 hoc
845 4085 1056 4142 faciam
1080 4110 1109 4136 ‹‹
1134 4087 1192 4142 in
1227 4087 1396 4144 atriis
1423 4090 1636 4146 domus
1669 4092 1966 4159 Domini,»
1989 4093 2048 4150 id

383 4174 494 4238 est,
513 4170 571 4226 in
597 4173 868 4244 praesenti
903 4174 1180 4242 Ecclesia,
1203 4193 1331 4248 qua:
1363 4182 1605 4234 vocatur
1635 4181 1851 4238 atrium
1875 4201 2046 4256 prop-

383 4262 475 4315 ter
503 4259 956 4332 amplitudinem
995 4263 1228 4330 domus,
1265 4265 1405 4337 quia
1454 4266 1511 4322 in
1559 4285 1627 4324 ea
1676 4271 1827 4326 Deus
1875 4271 2048 4328 habi-

384 4351 491 4404 tat.
524 4347 624 4404 Vel
659 4365 762 4420 per
791 4350 1031 4406 domum
1065 4351 1390 4424 accipimus
1421 4355 1716 4413 cmlestem
1751 4360 1992 4415 domum
2029 4377 2043 4414 :

383 4451 490 4510 per
509 4437 749 4504 atrium,
785 4443 1131 4511 prmsentcm
1160 4441 1502 4511 Ecclesiam,
1528 4462 1655 4516 quae
1686 4451 1776 4502 est
1805 4447 2044 4516 atrium,

379 4522 440 4579 id
473 4528 564 4580 est
588 4523 866 4582 introitus
897 4527 968 4582 ad
1002 4527 1298 4585 cmlcstem
1351 4532 1600 4602 patriam
1637 4550 1650 4588 :
1683 4537 1742 4590 et
1774 4534 1874 4590 illa
1913 4541 2046 4592 vota

383 4628 515 4670 mea
545 4614 787 4670 reddam
820 4632 928 4688 ego
950 4616 1077 4688 jam
1112 4635 1214 4690 spe
1244 4642 1271 4668 α
1309 4619 1365 4675 in
1401 4620 1594 4676 medio
1625 4622 1732 4688 tui,
1769 4623 2044 4680 llierusa-

380 4699 518 4771 lem,
558 4724 584 4752 ιι
617 4702 857 4760 caelesti.

865 4845 937 4901 IN
979 4847 1329 4904 PSALMUM
1370 4849 1556 4905 CXVI.

921 4936 1201 4992 Tiwws.
1245 4938 1504 4992 Alleluia.

452 5078 481 5106 ι(
517 5056 776 5112 Laudate
809 5057 1147 5127 Dominum,
1180 5077 1386 5117 omnes
1418 5066 1640 5133 gentes.
1667 5087 1692 5112 ι)
1714 5065 1898 5122 Ilabet
1920 5085 2046 5138 pro-

379 5143 558 5216 pheta
589 5145 921 5213 materiam,
956 5147 1422 5206 misericordiam
1471 5157 1528 5206 et
1574 5153 1880 5209 veritatem
1928 5157 2042 5212 Do-

381 5230 614 5302 mini,et
627 5233 902 5289 admonet
916 5235 985 5290 ad
1003 5239 1362 5293 cantandum
1379 5225 1858 5297 alleluiaEtiride
1871 5245 2041 5300 dicit:

380 5341 407 5365 ‹‹
443 5337 650 5374 omnes
681 5326 905 5393 gentes,
931 5345 956 5370 ι»
983 5323 1036 5378 id
1062 5329 1172 5390 est,
1205 5344 1410 5382 omnes
1443 5328 1732 5394 nationes,
1758 5353 1784 5377 α
1813 5330 2042 5388 laudate

381 5405 696 5464 Dominum
723 5427 734 5464 :
774 5432 800 5457 υ
833 5415 892 5464 et
921 5429 1044 5477 vos,
1064 5436 1091 5458 ‹‹
1117 5430 1323 5469 omnes
1357 5415 1578 5486 populi,
1605 5439 1631 5462 υ
1654 5415 1709 5470 id
1731 5423 1820 5473 est
1841 5422 2038 5491 populi

377 5495 646 5550 omnium
678 5498 962 5567 gentium,
989 5500 1158 5572 quasi
1183 5519 1388 5557 omnes
1422 5504 1692 5574 Romani,
1711 5507 1795 5561 vel
1824 5509 2036 5577 Latini,

351 5582 460 5650 _vel
499 5583 679 5638 Graeci
708 5608 735 5635 α
765 5584 1000 5642 laudate
1021 5606 1178 5643 eum.
1200 5591 1632 5664 nVcl,pnpulos
1655 5595 2034 5666 aecipiamus,

375 5669 715 5740 quicunque
729 5673 839 5726 sub
854 5692 969 5730 una
983 5675 1106 5744 lege
1118 5677 1338 5744 vivunt;
1357 5681 2036 5750 gentes,bominesunius

353 5831 362 5836 _
368 5752 630 5846 civitatis
657 5772 668 5808 :
693 5757 780 5811 vel
818 5776 918 5828 per
947 5769 1150 5832 gentes
1181 5782 1508 5835 conversos,
1527 5771 1778 5841 gentiles
1800 5791 1902 5843 per
1933 5793 2032 5846 po-

2174 717 2202 745 ‹‹
2237 695 2514 766 quoniam
2547 697 2950 754 misericordia
2974 701 3124 771 ejus,
3152 722 3178 749 »
3203 700 3262 756 id
3292 706 3381 757 est
3407 703 3684 759 remissio
3707 723 3827 778 pec-

2174 788 2460 852 catorum,
2493 791 2550 840 et
2580 785 2706 841 alia:
2737 788 2938 860 gratia:
2962 789 3384 859 justificantes,
3419 814 3447 841 «
3482 795 3575 847 est
3617 795 3828 849 conﬁr-

2174 877 2334 928 mata
2365 891 2543 946 super
2571 893 2698 940 nos,
2727 899 2752 925 ››
2786 875 2840 931 id
2875 880 2984 944 est,
3008 876 3092 932 ita
3122 878 3370 934 firmiter
3399 880 3574 936 nobis
3604 883 3826 949 data,ut

2164 961 2292 1032 jam
2323 963 2448 1034 ipse
2479 964 2752 1020 diabolus
2785 965 3098 1021 insidiator
3127 983 3242 1022 non
3277 968 3465 1040 possit
3494 969 3672 1026 nobis
3703 971 3828 1027 diri-

2174 1066 2328 1123 pere.
2365 1075 2391 1100 u
2423 1053 2493 1107 Et
2520 1053 2734 1108 veritas
2768 1054 3020 1122 Domini,
3049 1079 3069 1107 ι
3100 1055 3157 1110 id
3179 1060 3268 1111 est
3297 1057 3560 1129 impletio
3591 1062 3829 1131 promis-

2173 1139 2432 1205 sionum,
2471 1161 2492 1188 ι
2528 1146 2726 1198 manet
2753 1143 2810 1197 in
2841 1148 3123 1200 aster-num
3159 1167 3179 1194 ιο
3217 1145 3358 1217 quia
3387 1151 3445 1202 et
3475 1147 3572 1203 hic
3605 1147 3824 1221 incipit,

2173 1232 2232 1283 et
2261 1227 2318 1283 in
2353 1233 2634 1285 aeternum
2671 1233 2934 1287 manebit
2963 1236 3021 1288 et
3052 1232 3228 1290 ultra.

2639 1374 2710 1429 ΙΝ
2753 1375 3102 1431 PSALMUM
3143 1376 3358 1433 CXVII.

2707 1464 2849 1520 'l‘rru
2859 1481 2984 1520 LUS.
3035 1464 3292 1521 Alleluia.

2249 1609 2269 1634 ι
2306 1586 2678 1644 Conlitemini
2709 1589 2958 1645 Domino
2987 1589 3287 1662 quoniam.
3312 1611 3339 1644 ιι
3374 1591 3437 1647 In
3470 1591 3580 1648 hoc
3601 1593 3824 1665 psalmo

2172 1674 2347 1730 habet
2377 1677 2660 1749 propheta
2682 1678 2987 1735 materiam
3012 1679 3329 1737 bonitatem
3354 1681 3454 1736 Dei
3480 1697 3494 1737 :
3519 1681 3592 1738 de
3613 1681 3726 1739 hac
3747 1685 3825 1740 sic

2171 1765 2329 1836 agit:
2358 1765 2420 1820 In
2453 1765 2639 1838 prima
2687 1772 2852 1839 parte
2901 1768 3159 1825 ostendit
3189 1775 3371 1826 Deum
3420 1769 3506 1828 sic
3552 1773 3829 1844 adjuvare

2171 1871 2332 1920 suos,
2368 1859 2578 1912 utnon
2625 1856 2874 1913 timeant
2921 1859 3062 1930 quid
3117 1858 3292 1914 faciat
3338 1858 3535 1926 homo,
3567 1865 3628 1917 et
3654 1862 3828 1917 etiam

2172 1943 2456 2016 despiciat
2489 1945 2780 2002 inimicos.
2817 1947 2878 2002 In
2913 1948 3172 2004 secunda
3203 1951 3388 2021 parte,
3423 1965 3551 2022 quas
3582 1949 3825 2024 incipit:

2176 2056 2196 2081 α
2236 2033 2461 2089 Bonum
2496 2039 2586 2090 est
2615 2036 2963 2104 eonfi<lere,-
2999 2036 3256 2093 ostendit
3284 2039 3438 2111 quod
3481 2040 3828 2096 confidenti-

2168 2121 2280 2178 bus
2313 2127 2368 2176 et
2389 2123 2764 2194 sperantibus
2787 2124 2844 2180 in
2871 2126 3114 2182 Domino
3137 2126 3313 2183 faciat
3333 2129 3667 2200 Deus,quod
3693 2129 3825 2184 nul-

2168 2211 2235 2266 lae
2268 2211 2679 2268 tribulationes
2711 2215 2942 2288 possint
2973 2233 3061 2272 (διε
3093 2233 3318 2286 nocere,
3343 2217 3441 2272 sed
3475 2216 3652 2274 etiam
3683 2218 3823 2274 ulci.

2168 2306 2410 2356 scantur
2438 2303 2509 2357 de
2539 2303 2796 2360 inimicis
2827 2305 3046 2370 suis,et
3075 2305 3249 2361 etiam
3281 2309 3580 2362 convertat
3607 2324 3711 2363 cos
3733 2325 3746 2364 :
3769 2312 3822 2362 et

2167 2388 2214 2445 si
2247 2389 2563 2462 aliquando
2594 2394 2834 2463 cadunt,
2859 2394 3012 2450 Deus
3045 2394 3257 2452 relevct
3285 2397 3478 2452 eos.ln
3501 2395 3674 2452 tertia
3691 2414 3822 2470 par-

2167 2481 2242 2547 te,
2258 2497 2383 2552 qurc
2404 2480 2608 2554 incipit
2632 2499 2645 2536 :
2678 2502 2699 2531 ι
2723 2482 2956 2555 Aperite
2981 2483 3124 2539 mihi
3143 2488 3396 2556 portas,-
3417 2484 3623 2541 videns
3644 2503 3821 2559 quas-

2165 2569 2301 2624 dam
2334 2574 2532 2642 portas
2563 2589 2666 2643 per
2695 2589 2841 2645 quas
2872 2572 3110 2629 ducitur
3139 2573 3211 2630 ad
3242 2572 3562 2642 Christum,
3597 2574 3700 2648 qui
3731 2580 3820 2630 est

2166 2661 2334 2729 porta
2364 2659 2585 2715 ducens
2617 2662 2687 2716 ad
2729 2665 3006 2718 mternam
3055 2661 3302 2735 gloriam
3354 2664 3528 2733 (Joan.
3560 2666 3638 2733 χ),
3676 2665 3820 2737 petit

2165 2750 2230 2800 ut
2260 2745 2670 2804 introducatur
2698 2749 2758 2804 in
2790 2750 2921 2806 illas
2945 2750 3242 2824 portas.In
3266 2755 3476 2824 quarta
3497 2757 3817 2826 parte,quae

2164 2834 2408 2908 incipit:
2443 2859 2465 2886 ι
2501 2838 2854 2895 Benedictus
2884 2839 2984 2912 qui
3006 2839 3241 2896 venitin
3269 2840 3505 2898 nomine
3528 2841 3812 2908 Domini,-

2162 2923 2368 2980 videns
2399 2928 2718 2998 quemdam
2753 2929 3127 2985 benedictum
3159 2929 3388 2986 venisse
3418 2929 3478 2986 in
3501 2931 3816 3000 mundum,

2162 3029 2197 3068 a
2227 3030 2342 3086 quo
2373 3013 2470 3069 alii
2507 3015 2949 3084 benedicentur,
2982 3023 3180 3074 monet
3205 3017 3353 3074 alios
3385 3017 3583 3075 ﬁdeles
3615 3023 3682 3074 ut
3714 3019 3816 3075 be-

2162 3102 2374 3158 nedicti
2407 3121 2510 3175 per
2539 3105 2696 3161 hunc
2726 3107 3041 3162 Dominum
3073 3108 3438 3164 constituant
3463 3107 3513 3163 ei
3545 3107 3702 3164 diem
3724 3125 3815 3164 so-

2161 3191 2440 3247 lemnem.
2474 3194 2728 3250 lntendit
2759 3213 2864 3250 nos
2896 3197 3212 3254 admonere
3243 3200 3307 3252 ut
3339 3213 3445 3268 pro
3476 3195 3816 3269 hujusmodi

2160 3281 2461 3337 beneficiis
2490 3282 2695 3340 laudes
2726 3284 2954 3342 debitas
2984 3286 3232 3342 Domino
3267 3285 3606 3352 referamus,
3639 3289 3699 3341 et
3724 3291 3816 3342 est

2160 3387 2267 3424 vox
2298 3371 2592 3443 prophetas
2625 3372 2711 3428 vel
2743 3373 2997 3446 alicujus
3018 3375 3324 3446 justi,non
3347 3390 3450 3447 pro
3473 3390 3534 3430 se
3557 3373 3812 3442 solo,sed

2161 3457 2220 3513 in
2254 3476 2502 3530 persona
2531 3462 2798 3518 omnium
2821 3463 3121 3534 justerum
3156 3462 3481 3536 loquentis:
3513 3486 3533 3512 ι
3558 3463 3814 3519 Conﬁte—

2162 3547 2305 3602 mini
2338 3549 2608 3617 Domino,
2647 3574 2668 3602 ι
2703 3551 2762 3606 id
2794 3555 2903 3620 est,
2934 3553 3170 3608 laudate
3209 3551 3523 3608 Dominum
3558 3567 3572 3607 :
3605 3555 3664 3607 et
3711 3552 3810 3608 de-

2161 3636 2332 3705 betis,
2373 3660 2394 3687 ι
2429 3639 2729 3710 quoniam,
2767 3663 2789 3692 ι
2829 3641 2954 3713 ipse
2983 3640 3361 3714 singulariter
3387 3661 3408 3692 ι
3434 3640 3620 3697 bonus
3646 3663 3668 3689 ι
3707 3657 3809 3712 per

2161 3741 2223 3780 se
2248 3741 2262 3780 :
2297 3729 2353 3780 et
2383 3727 2722 3800 quicunque
2751 3729 2888 3785 boni
2920 3734 3080 3796 sunt,
3103 3747 3172 3786 ex
3201 3745 3267 3786 eo
3297 3729 3436 3786 boni
3457 3732 3626 3784 sunt:
3653 3730 3809 3785 unde

2160 3813 2430 3871 Christus
2461 3815 2695 3872 cuidam
2730 3817 3108 3884 adolescenti,
3138 3817 3365 3874 vocanti
3398 3833 3532 3874 eum
3565 3818 3807 3884 bonum,

2160 3906 2218 3957 et
2247 3920 2360 3958 non
2394 3903 2740 3978 intelligenti
2773 3923 2908 3963 eum
2927 3925 3053 3964 esse
3075 3906 3466 3975 Deum,dixit:
3499 3926 3522 3957 ι
3543 3905 3690 3972 Quid
3717 3923 3811 3963 me

2158 4008 2330 4048 vocas
2362 3993 2627 4051 bonum?
2658 3997 2839 4052 Nemo
2870 3997 3081 4064 bonus,
3116 3997 3228 4052 nisi
3261 3995 3422 4053 solus
3470 3997 3624 4052 Deus
3653 3996 3806 4064 (Luc.

2157 4085 2340 4150 xvm).
2377 4107 2398 4134 ι
2436 4084 2627 4140 Etiam
2662 4085 2840 4140 nolite
2871 4085 3234 4158 negligentes
3260 4102 3388 4142 esse
3418 4085 3491 4141 ad
3521 4085 3809 4141 conﬁten-

2159 4171 2326 4239 dum,
2355 4195 2375 4221 α
2405 4174 2682 4244 quoniam
2710 4175 3113 4232 misericordia
3141 4176 3270 4247 ejus
3297 4197 3317 4224 ι
3340 4179 3566 4230 tantum
3587 4179 3677 4229 est
3701 4193 3722 4224 ι
3745 4173 3808 4230 in

2159 4261 2390 4329 saecula,
2425 4286 2445 4312 ο
2473 4261 2526 4318 id
2552 4268 2662 4332 est,
2684 4264 2944 4336 quandiu
2970 4265 3078 4320 hoc
3101 4263 3383 4321 saeculum
3407 4263 3809 4335 durabit,quia

2158 4355 2292 4421 post
2322 4351 2473 4407 hanc
2503 4353 2682 4408 vitam
2717 4354 2885 4410 tarda
2916 4359 3006 4410 est
3035 4354 3343 4410 confessio.

2229 4440 2298 4494 Et
2328 4440 2435 4496 hoc
2467 4443 2621 4514 quod
2654 4459 2760 4515 ego
2793 4459 3023 4509 moneo,
3047 4442 3270 4499 scilicet
3298 4442 3578 4508 confiteri,
3605 4461 3627 4490 ι
3651 4442 3810 4497 dicat

2157 4545 2336 4600 nunc,
2375 4553 2396 4578 ιι
2431 4529 2488 4584 id
2517 4535 2623 4590 est.
2661 4531 2718 4586 in
2749 4533 3022 4604 przescnti
3053 4531 3287 4600 sacculo,
3319 4553 3340 4580 α
3367 4530 3602 4599 Israel,-
3629 4531 3686 4586 id
3719 4535 3809 4586 est

2155 4632 2360 4672 omnes
2379 4617 2601 4673 sudditi
2630 4618 2945 4675 Christiani
2965 4624 3355 4692 proponentes
3373 4618 3483 4676 sibi
3505 4618 3656 4674 hanc
3677 4635 3786 4672 can
3800 4648 3812 4656 —

2073 4717 2121 4781 D
2155 4723 2280 4760 sam
2313 4704 2529 4773 laudis,
2569 4727 2589 4755 ι
2625 4708 2905 4780 quoniam
2937 4728 2964 4760 η
2999 4708 3286 4764 Dominus
3315 4712 3404 4764 est
3437 4731 3458 4756 α
3485 4707 3675 4763 bonus
3702 4729 3723 4754 ι
3751 4711 3810 4761 et

2161 4815 2182 4842 σι
2219 4795 2498 4865 quoniam
2531 4795 2590 4851 in
2623 4796 2904 4853 saeculum
2942 4797 3345 4853 misericordia
3371 4797 3516 4869 ejus.
3551 4819 3572 4844 ι

2227 4883 2297 4937 Et
2327 4901 2440 4939 non
2477 4888 2707 4940 tantum
2738 4885 2959 4942 subditi
2987 4885 3364 4942 cxbortcntnr
3391 4901 3453 4941 se
3476 4884 3545 4940 ad
3569 4883 3809 4940 laudem

2156 4971 2278 5040 Dei,
2314 4973 2413 5028 sed
2447 4973 2624 5030 etiam
2662 4997 2682 5024 α
2719 4975 2931 5030 domus
2960 4975 3172 5041 Aaron,
3202 4997 3222 5023 ι
3248 4974 3306 5028 id
3337 4977 3425 5030 est
3453 4977 3575 5028 tota
3603 4971 3810 5027 electio

2156 5063 2527 5117 sacerdotum
2559 5067 2615 5119 et
2647 5063 2894 5118 aliorum
2929 5062 3325 5135 prmlateruin,
3361 5083 3381 5111 ι
3408 5062 3561 5118 dicat
3589 5079 3804 5122 nune.-

2155 5149 2469 5204 cxhortans
2497 5151 2566 5205 ad
2601 5150 2833 5208 laudem
2876 5151 2998 5219 Dei,
3037 5170 3063 5204 ιι
3095 5151 3372 5223 quoniam
3422 5150 3481 5205 in
3523 5149 3806 5206 szcculum

2156 5237 2561 5295 misericordia
2588 5242 2737 5311 ejus.
2775 5263 2796 5290 ι

2224 5329 2293 5382 Et.
2306 5327 2444 5398 quid
2463 5329 2618 5398 persi
2631 5329 2844 5401 ngula?
2863 5353 2882 5382 ι
2902 5329 3275 5386 Dicantnnnc
3293 5351 3313 5377 ι
3332 5328 3506 5384 etiam
3525 5350 3545 5376 ι
3563 5345 3800 5383 omnes»

2153 5417 2223 5470 de
2253 5435 2605 5489 quacunque
2635 5424 2828 5490 gente,
2863 5420 3214 5486 conditione,
3250 5417 3503 5482 natione,
3539 5442 3561 5467 α
3597 5417 3695 5488 qui
3733 5417 3803 5470 ti-

2151 5511 2313 5560 ment
2343 5507 2712 5574 1)οῐῐιὶιηιιιι,υ
2736 5508 2846 5563 hoc
2867 5508 3120 5573 dicant,¢
3141 5508 3418 5582 quoniam
3443 5505 3498 5561 in
3521 5505 3803 5561 sacculum

2151 5595 2551 5651 misericordia
2581 5599 2730 5668 ejus.
2761 5621 2781 5646 ιο
2810 5599 2960 5653 Bene
2993 5599 3121 5653 dico
3153 5597 3308 5670 quod
3340 5597 3418 5652 sit
3447 5594 3805 5665 bonus,quia

2147 5686 2203 5739 in
2232 5703 2324 5740 me
2354 5691 2532 5758 patet,
2565 5687 2704 5758 quia
2738 5710 2758 5735 α
2795 5687 3049 5742 invocavi
3104 5687 3414 5743 Dominum
3448 5685 3519 5740 de
3549 5682 3802 5739 tribula-

2146 5776 2322 5843 tione,
2356 5795 2381 5826 ι»
2420 5775 2476 5830 id
2505 5781 2612 5843 est,
2647 5777 2906 5830 monitus
2941 5777 3021 5832 fui
3055 5777 3318 5832 invocare
3351 5775 3664 5830 Dominum
3699 5789 3802 5844 per
