  <div class='ocr_page' id='page_1' title='image "/cluster/home/n/w/nwhite01/storage/ocr_20150623/115-116/uc1.31175006916467/104.png"; bbox 0 0 3944 6426; ppageno 0'>
   <div class='ocr_carea' id='block_1_1' title="bbox 125 348 1749 413">
    <p class='ocr_par' dir='ltr' id='par_1_1' title="bbox 125 349 1749 413">
     <span class='ocr_line' id='line_1_1' title="bbox 125 349 1749 413; baseline -0.003 -1"><span class='ocrx_word' id='word_1_1' title='bbox 125 358 214 413; x_wconf 75' lang='grc'><strong>193</strong></span> <span class='ocrx_word' id='word_1_2' title='bbox 1489 349 1749 409; x_wconf 71' lang='grc' dir='ltr'>ΟΟΜΠΕΙ</span> 
     </span>
    </p>
   </div>
   <div class='ocr_carea' id='block_1_2' title="bbox 1928 348 2152 413">
    <p class='ocr_par' dir='ltr' id='par_1_2' title="bbox 1928 352 2152 409">
     <span class='ocr_line' id='line_1_2' title="bbox 1928 352 2152 409; baseline 0.013 -3"><span class='ocrx_word' id='word_1_3' title='bbox 1928 353 1954 406; x_wconf 59' lang='grc' dir='ltr'><strong>Ἰ</strong></span> <span class='ocrx_word' id='word_1_4' title='bbox 1994 352 2152 409; x_wconf 84' lang='lat' dir='ltr'><strong>GEN.</strong></span> 
     </span>
    </p>
   </div>
   <div class='ocr_carea' id='block_1_3' title="bbox 3306 364 3529 419">
    <p class='ocr_par' dir='ltr' id='par_1_3' title="bbox 3306 364 3529 419">
     <span class='ocr_line' id='line_1_3' title="bbox 3306 364 3529 419; baseline 0.027 -6"><span class='ocrx_word' id='word_1_5' title='bbox 3306 364 3529 419; x_wconf 69' lang='grc'><strong>,194</strong></span> 
     </span>
    </p>
   </div>
   <div class='ocr_carea' id='block_1_4' title="bbox 115 473 3526 557">
    <p class='ocr_par' dir='ltr' id='par_1_4' title="bbox 115 473 3526 557">
     <span class='ocr_line' id='line_1_4' title="bbox 115 473 3526 557; baseline 0.002 -20"><span class='ocrx_word' id='word_1_6' title='bbox 115 485 201 537; x_wconf 90' lang='lat' dir='ltr'><strong>tur</strong></span> <span class='ocrx_word' id='word_1_7' title='bbox 225 481 425 535; x_wconf 91' lang='lat' dir='ltr'><strong>autem</strong></span> <span class='ocrx_word' id='word_1_8' title='bbox 452 476 723 550; x_wconf 78' lang='lat' dir='ltr'><strong>spatium</strong></span> <span class='ocrx_word' id='word_1_9' title='bbox 751 478 911 535; x_wconf 90' lang='lat' dir='ltr'><strong>circa</strong></span> <span class='ocrx_word' id='word_1_10' title='bbox 934 480 1184 551; x_wconf 85' lang='lat' dir='ltr'><strong>puteum</strong></span> <span class='ocrx_word' id='word_1_11' title='bbox 1216 477 1296 535; x_wconf 91' lang='lat' dir='ltr'><strong>ad</strong></span> <span class='ocrx_word' id='word_1_12' title='bbox 1329 476 1477 534; x_wconf 92' lang='lat' dir='ltr'><strong>illud</strong></span> <span class='ocrx_word' id='word_1_13' title='bbox 1509 474 1759 548; x_wconf 90' lang='lat' dir='ltr'><strong>emptio-</strong></span> <span class='ocrx_word' id='word_1_14' title='bbox 1785 475 1834 530; x_wconf 80' lang='grc' dir='ltr'><strong>Α</strong></span> <span class='ocrx_word' id='word_1_15' title='bbox 1873 473 2247 545; x_wconf 86' lang='lat' dir='ltr'><strong>Abimelech,</strong></span> <span class='ocrx_word' id='word_1_16' title='bbox 2278 476 2341 535; x_wconf 87' lang='lat' dir='ltr'>id</span> <span class='ocrx_word' id='word_1_17' title='bbox 2400 482 2490 536; x_wconf 91' lang='lat' dir='ltr'><strong>est</strong></span> <span class='ocrx_word' id='word_1_18' title='bbox 2539 492 2819 549; x_wconf 82' lang='lat' dir='ltr'><strong>regnum,</strong></span> <span class='ocrx_word' id='word_1_19' title='bbox 2863 479 2959 537; x_wconf 86' lang='lat' dir='ltr'><strong>vel</strong></span> <span class='ocrx_word' id='word_1_20' title='bbox 3007 482 3302 555; x_wconf 84' lang='lat' dir='ltr'><strong>sapientia</strong></span> <span class='ocrx_word' id='word_1_21' title='bbox 3342 484 3526 557; x_wconf 88' lang='lat' dir='ltr'><strong>hujus</strong></span> 
     </span>
    </p>
   </div>
   <div class='ocr_carea' id='block_1_5' title="bbox 114 566 1758 641">
    <p class='ocr_par' dir='ltr' id='par_1_5' title="bbox 114 566 1758 641">
     <span class='ocr_line' id='line_1_5' title="bbox 114 566 1758 641; baseline -0.004 -15"><span class='ocrx_word' id='word_1_22' title='bbox 114 570 196 626; x_wconf 89' lang='lat' dir='ltr'><strong>nis</strong></span> <span class='ocrx_word' id='word_1_23' title='bbox 218 572 458 641; x_wconf 90' lang='lat' dir='ltr'><strong>pactum</strong></span> <span class='ocrx_word' id='word_1_24' title='bbox 489 566 789 639; x_wconf 82' lang='lat' dir='ltr'><strong>pertinere</strong></span> <span class='ocrx_word' id='word_1_25' title='bbox 817 568 879 623; x_wconf 92' lang='lat' dir='ltr'><strong>in</strong></span> <span class='ocrx_word' id='word_1_26' title='bbox 903 584 1025 641; x_wconf 88' lang='lat' dir='ltr'><strong>quo</strong></span> <span class='ocrx_word' id='word_1_27' title='bbox 1058 566 1295 624; x_wconf 77' lang='lat' dir='ltr'><strong>fuerant</strong></span> <span class='ocrx_word' id='word_1_28' title='bbox 1323 582 1497 637; x_wconf 65' lang='lat' dir='ltr'><strong>agna:</strong></span> <span class='ocrx_word' id='word_1_29' title='bbox 1527 570 1758 638; x_wconf 84' lang='lat' dir='ltr'><strong>septem</strong></span> 
     </span>
    </p>
   </div>
   <div class='ocr_carea' id='block_1_6' title="bbox 115 653 1758 729">
    <p class='ocr_par' dir='ltr' id='par_1_6' title="bbox 115 653 1758 729">
     <span class='ocr_line' id='line_1_6' title="bbox 115 653 1758 729; baseline -0.003 -15"><span class='ocrx_word' id='word_1_30' title='bbox 115 658 275 727; x_wconf 65' lang='lat' dir='ltr'><strong>datae,</strong></span> <span class='ocrx_word' id='word_1_31' title='bbox 304 656 559 729; x_wconf 84' lang='lat' dir='ltr'><strong>quando</strong></span> <span class='ocrx_word' id='word_1_32' title='bbox 587 656 936 714; x_wconf 83' lang='lat' dir='ltr'><strong>Abimelech</strong></span> <span class='ocrx_word' id='word_1_33' title='bbox 986 662 1042 715; x_wconf 86' lang='lat' dir='ltr'><strong>et</strong></span> <span class='ocrx_word' id='word_1_34' title='bbox 1079 657 1390 714; x_wconf 81' lang='lat' dir='ltr'><strong>Abraham</strong></span> <span class='ocrx_word' id='word_1_35' title='bbox 1421 655 1537 712; x_wconf 87' lang='lat' dir='ltr'><strong>sibi</strong></span> <span class='ocrx_word' id='word_1_36' title='bbox 1576 653 1758 711; x_wconf 89' lang='lat' dir='ltr'><strong>etiam</strong></span> 
     </span>
    </p>
   </div>
   <div class='ocr_carea' id='block_1_7' title="bbox 109 748 557 825">
    <p class='ocr_par' dir='ltr' id='par_1_7' title="bbox 109 748 557 825">
     <span class='ocr_line' id='line_1_7' title="bbox 109 748 557 825; baseline -0.009 -21"><span class='ocrx_word' id='word_1_37' title='bbox 109 748 470 820; x_wconf 89' lang='lat' dir='ltr'><strong>juraverunt.</strong></span> <span class='ocrx_word' id='word_1_38' title='bbox 542 808 557 825; x_wconf 28' lang='grc' dir='ltr'><strong>κ</strong></span> 
     </span>
    </p>
   </div>
   <div class='ocr_carea' id='block_1_8' title="bbox 178 833 1755 909">
    <p class='ocr_par' dir='ltr' id='par_1_8' title="bbox 178 833 1755 909">
     <span class='ocr_line' id='line_1_8' title="bbox 178 833 1755 909; baseline -0.001 -20"><span class='ocrx_word' id='word_1_39' title='bbox 178 836 346 893; x_wconf 73' lang='lat' dir='ltr'><strong>Vens.</strong></span> <span class='ocrx_word' id='word_1_40' title='bbox 377 839 466 892; x_wconf 84' lang='lat' dir='ltr'><strong>2t.</strong></span> <span class='ocrx_word' id='word_1_41' title='bbox 504 867 572 877; x_wconf 89' lang='lat'><strong><em>—</em></strong></span> <span class='ocrx_word' id='word_1_42' title='bbox 600 836 1038 909; x_wconf 85' lang='lat' dir='ltr'><strong>Habitavitque</strong></span> <span class='ocrx_word' id='word_1_43' title='bbox 1091 837 1156 893; x_wconf 87' lang='lat' dir='ltr'><strong>in</strong></span> <span class='ocrx_word' id='word_1_44' title='bbox 1202 836 1430 893; x_wconf 87' lang='lat' dir='ltr'><strong>deserto</strong></span> <span class='ocrx_word' id='word_1_45' title='bbox 1476 833 1755 891; x_wconf 87' lang='lat' dir='ltr'><strong>Pharan.</strong></span> 
     </span>
    </p>
   </div>
   <div class='ocr_carea' id='block_1_9' title="bbox 113 923 1757 999">
    <p class='ocr_par' dir='ltr' id='par_1_9' title="bbox 113 923 1757 999">
     <span class='ocr_line' id='line_1_9' title="bbox 113 923 1757 999; baseline -0.004 -16"><span class='ocrx_word' id='word_1_46' title='bbox 113 925 334 983; x_wconf 89' lang='lat' dir='ltr'><strong>Pharan</strong></span> <span class='ocrx_word' id='word_1_47' title='bbox 362 940 527 980; x_wconf 91' lang='lat' dir='ltr'><strong>nunc</strong></span> <span class='ocrx_word' id='word_1_48' title='bbox 565 924 865 998; x_wconf 89' lang='lat' dir='ltr'><strong>oppidum</strong></span> <span class='ocrx_word' id='word_1_49' title='bbox 894 927 1003 995; x_wconf 91' lang='lat' dir='ltr'><strong>[Z.,</strong></span> <span class='ocrx_word' id='word_1_50' title='bbox 1040 928 1231 982; x_wconf 87' lang='lat' dir='ltr'><strong>Faron</strong></span> <span class='ocrx_word' id='word_1_51' title='bbox 1272 923 1591 999; x_wconf 86' lang='lat' dir='ltr'><strong>oppidum,</strong></span> <span class='ocrx_word' id='word_1_52' title='bbox 1620 924 1757 985; x_wconf 91' lang='lat' dir='ltr'><strong>etc.]</strong></span> 
     </span>
    </p>
   </div>
   <div class='ocr_carea' id='block_1_10' title="bbox 112 1011 1760 1087">
    <p class='ocr_par' dir='ltr' id='par_1_10' title="bbox 112 1011 1760 1087">
     <span class='ocr_line' id='line_1_10' title="bbox 112 1011 1760 1087; baseline -0.004 -15"><span class='ocrx_word' id='word_1_53' title='bbox 112 1019 265 1072; x_wconf 89' lang='lat' dir='ltr'><strong>trans</strong></span> <span class='ocrx_word' id='word_1_54' title='bbox 296 1012 585 1071; x_wconf 84' lang='lat' dir='ltr'><strong>Arabiam</strong></span> <span class='ocrx_word' id='word_1_55' title='bbox 627 1015 909 1086; x_wconf 90' lang='lat' dir='ltr'><strong>junctum</strong></span> <span class='ocrx_word' id='word_1_56' title='bbox 954 1014 1293 1085; x_wconf 87' lang='lat' dir='ltr'><strong>Saracenis,</strong></span> <span class='ocrx_word' id='word_1_57' title='bbox 1325 1013 1432 1087; x_wconf 88' lang='lat' dir='ltr'><strong>qui</strong></span> <span class='ocrx_word' id='word_1_58' title='bbox 1462 1013 1525 1070; x_wconf 92' lang='lat' dir='ltr'><strong>in</strong></span> <span class='ocrx_word' id='word_1_59' title='bbox 1558 1011 1760 1069; x_wconf 82' lang='lat' dir='ltr'><strong>solitu-</strong></span> 
     </span>
    </p>
   </div>
   <div class='ocr_carea' id='block_1_11' title="bbox 110 1099 1757 1177">
    <p class='ocr_par' dir='ltr' id='par_1_11' title="bbox 110 1099 1757 1177">
     <span class='ocr_line' id='line_1_11' title="bbox 110 1099 1757 1177; baseline -0.004 -16"><span class='ocrx_word' id='word_1_60' title='bbox 110 1104 240 1161; x_wconf 85' lang='lat' dir='ltr'><strong>dine</strong></span> <span class='ocrx_word' id='word_1_61' title='bbox 266 1104 407 1177; x_wconf 90' lang='lat' dir='ltr'><strong>vagi</strong></span> <span class='ocrx_word' id='word_1_62' title='bbox 435 1109 655 1161; x_wconf 88' lang='lat' dir='ltr'><strong>errant.</strong></span> <span class='ocrx_word' id='word_1_63' title='bbox 688 1106 797 1160; x_wconf 90' lang='lat' dir='ltr'><strong>Per</strong></span> <span class='ocrx_word' id='word_1_64' title='bbox 840 1104 958 1161; x_wconf 91' lang='lat' dir='ltr'><strong>hoc</strong></span> <span class='ocrx_word' id='word_1_65' title='bbox 1002 1105 1365 1161; x_wconf 88' lang='lat' dir='ltr'><strong>transierunt</strong></span> <span class='ocrx_word' id='word_1_66' title='bbox 1406 1101 1512 1159; x_wconf 87' lang='lat' dir='ltr'><strong>ﬁlii</strong></span> <span class='ocrx_word' id='word_1_67' title='bbox 1550 1099 1757 1158; x_wconf 89' lang='lat' dir='ltr'><strong>Israel-</strong></span> 
     </span>
    </p>
   </div>
   <div class='ocr_carea' id='block_1_12' title="bbox 114 1193 1758 1251">
    <p class='ocr_par' dir='ltr' id='par_1_12' title="bbox 114 1193 1758 1251">
     <span class='ocr_line' id='line_1_12' title="bbox 114 1193 1758 1251; baseline -0.003 -1"><span class='ocrx_word' id='word_1_68' title='bbox 114 1210 241 1250; x_wconf 89' lang='lat' dir='ltr'><strong>cum</strong></span> <span class='ocrx_word' id='word_1_69' title='bbox 270 1193 345 1250; x_wconf 92' lang='lat' dir='ltr'><strong>de</strong></span> <span class='ocrx_word' id='word_1_70' title='bbox 374 1196 582 1251; x_wconf 90' lang='lat' dir='ltr'><strong>monte</strong></span> <span class='ocrx_word' id='word_1_71' title='bbox 624 1194 766 1250; x_wconf 89' lang='lat' dir='ltr'><strong>Sina</strong></span> <span class='ocrx_word' id='word_1_72' title='bbox 814 1198 1011 1251; x_wconf 84' lang='lat' dir='ltr'><strong>castra</strong></span> <span class='ocrx_word' id='word_1_73' title='bbox 1049 1193 1400 1250; x_wconf 83' lang='lat' dir='ltr'><strong>movissent.</strong></span> <span class='ocrx_word' id='word_1_74' title='bbox 1436 1195 1531 1249; x_wconf 88' lang='lat' dir='ltr'><strong>Est</strong></span> <span class='ocrx_word' id='word_1_75' title='bbox 1555 1195 1758 1248; x_wconf 89' lang='lat' dir='ltr'><strong>autem</strong></span> 
     </span>
    </p>
   </div>
   <div class='ocr_carea' id='block_1_13' title="bbox 115 1279 1759 1355">
    <p class='ocr_par' dir='ltr' id='par_1_13' title="bbox 115 1279 1759 1355">
     <span class='ocr_line' id='line_1_13' title="bbox 115 1279 1759 1355; baseline -0.001 -15"><span class='ocrx_word' id='word_1_76' title='bbox 115 1288 266 1340; x_wconf 88' lang='lat' dir='ltr'><strong>trans</strong></span> <span class='ocrx_word' id='word_1_77' title='bbox 293 1282 605 1351; x_wconf 60' lang='lat' dir='ltr'><strong>Arabiam,</strong></span> <span class='ocrx_word' id='word_1_78' title='bbox 642 1286 707 1339; x_wconf 92' lang='lat' dir='ltr'><strong>ut</strong></span> <span class='ocrx_word' id='word_1_79' title='bbox 734 1283 1024 1355; x_wconf 82' lang='lat' dir='ltr'><strong>diximus,</strong></span> <span class='ocrx_word' id='word_1_80' title='bbox 1045 1288 1255 1340; x_wconf 89' lang='lat' dir='ltr'><strong>contra</strong></span> <span class='ocrx_word' id='word_1_81' title='bbox 1287 1281 1610 1339; x_wconf 86' lang='lat' dir='ltr'><strong>australem</strong></span> <span class='ocrx_word' id='word_1_82' title='bbox 1637 1279 1759 1354; x_wconf 88' lang='lat' dir='ltr'><strong>pla-</strong></span> 
     </span>
    </p>
   </div>
   <div class='ocr_carea' id='block_1_14' title="bbox 114 1371 1757 1442">
    <p class='ocr_par' dir='ltr' id='par_1_14' title="bbox 114 1371 1757 1442">
     <span class='ocr_line' id='line_1_14' title="bbox 114 1371 1757 1442; baseline -0.002 -12"><span class='ocrx_word' id='word_1_83' title='bbox 114 1389 263 1442; x_wconf 85' lang='lat' dir='ltr'><strong>gam,</strong></span> <span class='ocrx_word' id='word_1_84' title='bbox 304 1377 361 1430; x_wconf 88' lang='lat' dir='ltr'><strong>et</strong></span> <span class='ocrx_word' id='word_1_85' title='bbox 409 1373 593 1430; x_wconf 86' lang='lat' dir='ltr'><strong>distat</strong></span> <span class='ocrx_word' id='word_1_86' title='bbox 632 1373 712 1430; x_wconf 87' lang='lat' dir='ltr'><strong>ab</strong></span> <span class='ocrx_word' id='word_1_87' title='bbox 749 1372 907 1429; x_wconf 63' lang='lat' dir='ltr'><strong>IElia</strong></span> <span class='ocrx_word' id='word_1_88' title='bbox 953 1378 1162 1430; x_wconf 90' lang='lat' dir='ltr'><strong>contra</strong></span> <span class='ocrx_word' id='word_1_89' title='bbox 1208 1373 1500 1430; x_wconf 83' lang='lat' dir='ltr'><strong>orientem</strong></span> <span class='ocrx_word' id='word_1_90' title='bbox 1550 1371 1757 1429; x_wconf 86' lang='lat' dir='ltr'><strong>itinere</strong></span> 
     </span>
    </p>
   </div>
   <div class='ocr_carea' id='block_1_15' title="bbox 111 1460 1754 1528">
    <p class='ocr_par' dir='ltr' id='par_1_15' title="bbox 111 1460 1754 1528">
     <span class='ocr_line' id='line_1_15' title="bbox 111 1460 1754 1528; baseline -0.002 -9"><span class='ocrx_word' id='word_1_91' title='bbox 111 1461 331 1519; x_wconf 90' lang='lat' dir='ltr'><strong>dierum</strong></span> <span class='ocrx_word' id='word_1_92' title='bbox 382 1463 587 1519; x_wconf 90' lang='lat' dir='ltr'><strong>trium.</strong></span> <span class='ocrx_word' id='word_1_93' title='bbox 642 1462 731 1519; x_wconf 90' lang='lat' dir='ltr'><strong>Ibi</strong></span> <span class='ocrx_word' id='word_1_94' title='bbox 786 1462 1093 1520; x_wconf 88' lang='lat' dir='ltr'><strong>habitasse</strong></span> <span class='ocrx_word' id='word_1_95' title='bbox 1149 1463 1462 1520; x_wconf 88' lang='lat' dir='ltr'><strong>lsmaelem</strong></span> <span class='ocrx_word' id='word_1_96' title='bbox 1517 1460 1754 1528; x_wconf 90' lang='lat' dir='ltr'><strong>dicitur,</strong></span> 
     </span>
    </p>
   </div>
   <div class='ocr_carea' id='block_1_16' title="bbox 113 1551 1684 1626">
    <p class='ocr_par' dir='ltr' id='par_1_16' title="bbox 113 1551 1684 1626">
     <span class='ocr_line' id='line_1_16' title="bbox 113 1551 1684 1626; baseline -0.002 -18"><span class='ocrx_word' id='word_1_97' title='bbox 113 1551 260 1608; x_wconf 91' lang='lat' dir='ltr'><strong>unde</strong></span> <span class='ocrx_word' id='word_1_98' title='bbox 284 1556 342 1608; x_wconf 91' lang='lat' dir='ltr'><strong>et</strong></span> <span class='ocrx_word' id='word_1_99' title='bbox 369 1551 705 1620; x_wconf 72' lang='lat' dir='ltr'><strong>Ismaelittn,</strong></span> <span class='ocrx_word' id='word_1_100' title='bbox 737 1552 843 1626; x_wconf 88' lang='lat' dir='ltr'><strong>qui</strong></span> <span class='ocrx_word' id='word_1_101' title='bbox 872 1568 1037 1609; x_wconf 89' lang='lat' dir='ltr'><strong>nunc</strong></span> <span class='ocrx_word' id='word_1_102' title='bbox 1069 1553 1354 1611; x_wconf 89' lang='lat' dir='ltr'><strong>Saraceni</strong></span> <span class='ocrx_word' id='word_1_103' title='bbox 1382 1552 1684 1609; x_wconf 90' lang='lat' dir='ltr'><strong>dicuntur.</strong></span> 
     </span>
    </p>
   </div>
   <div class='ocr_carea' id='block_1_17' title="bbox 173 1640 1756 1713">
    <p class='ocr_par' dir='ltr' id='par_1_17' title="bbox 173 1640 1756 1713">
     <span class='ocr_line' id='line_1_17' title="bbox 173 1640 1756 1713; baseline 0.001 -16"><span class='ocrx_word' id='word_1_104' title='bbox 173 1643 341 1699; x_wconf 73' lang='lat' dir='ltr'><strong>Vens.</strong></span> <span class='ocrx_word' id='word_1_105' title='bbox 367 1645 557 1699; x_wconf 62' lang='lat'><strong>22-24.</strong></span> <span class='ocrx_word' id='word_1_106' title='bbox 576 1673 645 1684; x_wconf 93' lang='grc'><strong><em>-</em></strong></span> <span class='ocrx_word' id='word_1_107' title='bbox 665 1642 890 1700; x_wconf 84' lang='lat' dir='ltr'><strong>Eodem</strong></span> <span class='ocrx_word' id='word_1_108' title='bbox 920 1649 1185 1713; x_wconf 87' lang='lat' dir='ltr'><strong>tempore</strong></span> <span class='ocrx_word' id='word_1_109' title='bbox 1207 1644 1367 1700; x_wconf 97' lang='lat' dir='ltr'><strong>dixit</strong></span> <span class='ocrx_word' id='word_1_110' title='bbox 1386 1640 1756 1709; x_wconf 81' lang='lat' dir='ltr'><strong>Abimclech,</strong></span> 
     </span>
    </p>
   </div>
   <div class='ocr_carea' id='block_1_18' title="bbox 114 1732 1760 1805">
    <p class='ocr_par' dir='ltr' id='par_1_18' title="bbox 114 1732 1760 1805">
     <span class='ocr_line' id='line_1_18' title="bbox 114 1732 1760 1805; baseline -0.001 -16"><span class='ocrx_word' id='word_1_111' title='bbox 114 1737 164 1789; x_wconf 84' lang='lat' dir='ltr'><strong>et</strong></span> <span class='ocrx_word' id='word_1_112' title='bbox 195 1732 411 1789; x_wconf 75' lang='lat' dir='ltr'><strong>Fit-hat</strong></span> <span class='ocrx_word' id='word_1_113' title='bbox 445 1733 733 1804; x_wconf 80' lang='lat' dir='ltr'><strong>princeps</strong></span> <span class='ocrx_word' id='word_1_114' title='bbox 761 1733 1059 1791; x_wconf 84' lang='lat' dir='ltr'><strong>exercitus</strong></span> <span class='ocrx_word' id='word_1_115' title='bbox 1102 1736 1253 1805; x_wconf 84' lang='lat' dir='ltr'><strong>ejus,</strong></span> <span class='ocrx_word' id='word_1_116' title='bbox 1283 1734 1366 1791; x_wconf 90' lang='lat' dir='ltr'><strong>ad</strong></span> <span class='ocrx_word' id='word_1_117' title='bbox 1400 1732 1760 1790; x_wconf 81' lang='lat' dir='ltr'><strong>Abraham:</strong></span> 
     </span>
    </p>
   </div>
   <div class='ocr_carea' id='block_1_19' title="bbox 1869 566 3531 649">
    <p class='ocr_par' dir='ltr' id='par_1_19' title="bbox 1869 566 3531 649">
     <span class='ocr_line' id='line_1_19' title="bbox 1869 566 3531 649; baseline 0.008 -29"><span class='ocrx_word' id='word_1_118' title='bbox 1869 566 2085 622; x_wconf 91' lang='lat' dir='ltr'><strong>mundi</strong></span> <span class='ocrx_word' id='word_1_119' title='bbox 2134 567 2415 641; x_wconf 89' lang='lat' dir='ltr'><strong>suscepit,</strong></span> <span class='ocrx_word' id='word_1_120' title='bbox 2467 568 2872 626; x_wconf 89' lang='lat' dir='ltr'><strong>testimonium</strong></span> <span class='ocrx_word' id='word_1_121' title='bbox 2938 572 3318 644; x_wconf 88' lang='lat' dir='ltr'><strong>perhibentes</strong></span> <span class='ocrx_word' id='word_1_122' title='bbox 3382 576 3531 649; x_wconf 90' lang='lat' dir='ltr'><strong>quia</strong></span> 
     </span>
    </p>
   </div>
   <div class='ocr_carea' id='block_1_20' title="bbox 1868 655 3529 735">
    <p class='ocr_par' dir='ltr' id='par_1_20' title="bbox 1868 655 3529 735">
     <span class='ocr_line' id='line_1_20' title="bbox 1868 655 3529 735; baseline 0.008 -26"><span class='ocrx_word' id='word_1_123' title='bbox 1868 655 2247 727; x_wconf 86' lang='lat' dir='ltr'><strong>profunditas</strong></span> <span class='ocrx_word' id='word_1_124' title='bbox 2281 662 2629 715; x_wconf 90' lang='lat' dir='ltr'><strong>sanctarum</strong></span> <span class='ocrx_word' id='word_1_125' title='bbox 2677 659 3138 733; x_wconf 89' lang='lat' dir='ltr'><strong>Scripturarum,</strong></span> <span class='ocrx_word' id='word_1_126' title='bbox 3172 662 3295 719; x_wconf 85' lang='lat' dir='ltr'><strong>sive</strong></span> <span class='ocrx_word' id='word_1_127' title='bbox 3335 664 3529 735; x_wconf 90' lang='lat' dir='ltr'><strong>gratia</strong></span> 
     </span>
    </p>
   </div>
   <div class='ocr_carea' id='block_1_21' title="bbox 1866 742 3527 825">
    <p class='ocr_par' dir='ltr' id='par_1_21' title="bbox 1866 742 3527 825">
     <span class='ocr_line' id='line_1_21' title="bbox 1866 742 3527 825; baseline 0.007 -25"><span class='ocrx_word' id='word_1_128' title='bbox 1866 742 2270 817; x_wconf 82' lang='lat' dir='ltr'><strong>baptismatis,</strong></span> <span class='ocrx_word' id='word_1_129' title='bbox 2340 763 2478 821; x_wconf 70' lang='lat' dir='ltr'><strong>quae</strong></span> <span class='ocrx_word' id='word_1_130' title='bbox 2528 747 2900 818; x_wconf 89' lang='lat' dir='ltr'><strong>signiﬁcatur</strong></span> <span class='ocrx_word' id='word_1_131' title='bbox 2954 766 3064 824; x_wconf 92' lang='lat' dir='ltr'><strong>per</strong></span> <span class='ocrx_word' id='word_1_132' title='bbox 3118 757 3389 825; x_wconf 87' lang='lat' dir='ltr'><strong>puteum,</strong></span> <span class='ocrx_word' id='word_1_133' title='bbox 3445 754 3527 812; x_wconf 91' lang='lat' dir='ltr'><strong>ad</strong></span> 
     </span>
    </p>
   </div>
   <div class='ocr_carea' id='block_1_22' title="bbox 1867 832 3525 914">
    <p class='ocr_par' dir='ltr' id='par_1_22' title="bbox 1867 832 3525 914">
     <span class='ocr_line' id='line_1_22' title="bbox 1867 832 3525 914; baseline 0.008 -25"><span class='ocrx_word' id='word_1_134' title='bbox 1867 832 2196 905; x_wconf 86' lang='lat' dir='ltr'><strong>Abraham,</strong></span> <span class='ocrx_word' id='word_1_135' title='bbox 2229 836 2291 892; x_wconf 91' lang='lat' dir='ltr'><strong>id</strong></span> <span class='ocrx_word' id='word_1_136' title='bbox 2341 841 2431 893; x_wconf 90' lang='lat' dir='ltr'><strong>est</strong></span> <span class='ocrx_word' id='word_1_137' title='bbox 2476 836 2555 894; x_wconf 92' lang='lat' dir='ltr'><strong>ad</strong></span> <span class='ocrx_word' id='word_1_138' title='bbox 2598 837 2920 896; x_wconf 89' lang='lat' dir='ltr'><strong>Dominum</strong></span> <span class='ocrx_word' id='word_1_139' title='bbox 2957 841 3160 897; x_wconf 86' lang='lat' dir='ltr'><strong>Jesum</strong></span> <span class='ocrx_word' id='word_1_140' title='bbox 3203 842 3525 914; x_wconf 87' lang='lat' dir='ltr'><strong>Christum,</strong></span> 
     </span>
    </p>
   </div>
   <div class='ocr_carea' id='block_1_23' title="bbox 1868 923 3435 998">
    <p class='ocr_par' dir='ltr' id='par_1_23' title="bbox 1868 923 3435 998">
     <span class='ocr_line' id='line_1_23' title="bbox 1868 923 3435 998; baseline 0.006 -20"><span class='ocrx_word' id='word_1_141' title='bbox 1868 923 2166 995; x_wconf 88' lang='lat' dir='ltr'><strong>pertinent</strong></span> <span class='ocrx_word' id='word_1_142' title='bbox 2190 924 2543 998; x_wconf 81' lang='lat' dir='ltr'><strong>specialiter.</strong></span> <span class='ocrx_word' id='word_1_143' title='bbox 3430 948 3435 955; x_wconf 81' lang='lat'><em>‘</em></span> 
     </span>
    </p>
   </div>
   <div class='ocr_carea' id='block_1_24' title="bbox 1941 1030 3528 1112">
    <p class='ocr_par' dir='ltr' id='par_1_24' title="bbox 1941 1030 3528 1112">
     <span class='ocr_line' id='line_1_24' title="bbox 1941 1030 3528 1112; baseline 0.009 -29"><span class='ocrx_word' id='word_1_144' title='bbox 1941 1030 2177 1088; x_wconf 87' lang='lat' dir='ltr'><strong>Idcirco</strong></span> <span class='ocrx_word' id='word_1_145' title='bbox 2203 1037 2450 1089; x_wconf 89' lang='lat' dir='ltr'><strong>vocatus</strong></span> <span class='ocrx_word' id='word_1_146' title='bbox 2478 1038 2564 1090; x_wconf 89' lang='lat' dir='ltr'><strong>est</strong></span> <span class='ocrx_word' id='word_1_147' title='bbox 2598 1034 2760 1091; x_wconf 86' lang='lat' dir='ltr'><strong>locus</strong></span> <span class='ocrx_word' id='word_1_148' title='bbox 2789 1037 2898 1093; x_wconf 87' lang='lat' dir='ltr'><strong>ille</strong></span> <span class='ocrx_word' id='word_1_149' title='bbox 2933 1037 3248 1111; x_wconf 83' lang='lat' dir='ltr'><strong>Bersabee,</strong></span> <span class='ocrx_word' id='word_1_150' title='bbox 3274 1040 3420 1112; x_wconf 91' lang='lat' dir='ltr'><strong>quia</strong></span> <span class='ocrx_word' id='word_1_151' title='bbox 3443 1041 3528 1097; x_wconf 89' lang='lat' dir='ltr'><strong>ibi</strong></span> 
     </span>
    </p>
   </div>
   <div class='ocr_carea' id='block_1_25' title="bbox 1869 1121 3527 1198">
    <p class='ocr_par' dir='ltr' id='par_1_25' title="bbox 1869 1121 3527 1198">
     <span class='ocr_line' id='line_1_25' title="bbox 1869 1121 3527 1198; baseline 0.007 -23"><span class='ocrx_word' id='word_1_152' title='bbox 1869 1123 2120 1191; x_wconf 89' lang='lat' dir='ltr'><strong>uterque</strong></span> <span class='ocrx_word' id='word_1_153' title='bbox 2136 1122 2402 1191; x_wconf 87' lang='lat' dir='ltr'><strong>juravit.</strong></span> <span class='ocrx_word' id='word_1_154' title='bbox 2430 1121 2660 1195; x_wconf 82' lang='lat' dir='ltr'><strong>Duplex</strong></span> <span class='ocrx_word' id='word_1_155' title='bbox 2691 1128 2893 1181; x_wconf 91' lang='lat' dir='ltr'><strong>autem</strong></span> <span class='ocrx_word' id='word_1_156' title='bbox 2932 1130 3065 1198; x_wconf 86' lang='lat' dir='ltr'><strong>[est]</strong></span> <span class='ocrx_word' id='word_1_157' title='bbox 3095 1142 3282 1185; x_wconf 92' lang='lat' dir='ltr'><strong>causa</strong></span> <span class='ocrx_word' id='word_1_158' title='bbox 3311 1145 3417 1185; x_wconf 90' lang='lat' dir='ltr'><strong>cur</strong></span> <span class='ocrx_word' id='word_1_159' title='bbox 3443 1128 3527 1186; x_wconf 90' lang='lat' dir='ltr'><strong>ita</strong></span> 
     </span>
    </p>
   </div>
   <div class='ocr_carea' id='block_1_26' title="bbox 1872 1207 3527 1285">
    <p class='ocr_par' dir='ltr' id='par_1_26' title="bbox 1872 1207 3527 1285">
     <span class='ocr_line' id='line_1_26' title="bbox 1872 1207 3527 1285; baseline 0.007 -21"><span class='ocrx_word' id='word_1_160' title='bbox 1872 1207 2212 1282; x_wconf 89' lang='lat' dir='ltr'><strong>appellatus</strong></span> <span class='ocrx_word' id='word_1_161' title='bbox 2243 1210 2336 1281; x_wconf 88' lang='lat' dir='ltr'><strong>sit,</strong></span> <span class='ocrx_word' id='word_1_162' title='bbox 2366 1211 2489 1267; x_wconf 88' lang='lat' dir='ltr'><strong>sive</strong></span> <span class='ocrx_word' id='word_1_163' title='bbox 2519 1212 2664 1285; x_wconf 89' lang='lat' dir='ltr'><strong>quia</strong></span> <span class='ocrx_word' id='word_1_164' title='bbox 2696 1218 2926 1285; x_wconf 88' lang='lat' dir='ltr'><strong>septem</strong></span> <span class='ocrx_word' id='word_1_165' title='bbox 2958 1230 3151 1283; x_wconf 82' lang='lat' dir='ltr'><strong>agnas</strong></span> <span class='ocrx_word' id='word_1_166' title='bbox 3179 1215 3527 1276; x_wconf 89' lang='lat' dir='ltr'><strong>Abimelech</strong></span> 
     </span>
    </p>
   </div>
   <div class='ocr_carea' id='block_1_27' title="bbox 1869 1296 3525 1376">
    <p class='ocr_par' dir='ltr' id='par_1_27' title="bbox 1869 1296 3525 1376">
     <span class='ocr_line' id='line_1_27' title="bbox 1869 1296 3525 1376; baseline 0.007 -22"><span class='ocrx_word' id='word_1_167' title='bbox 1869 1296 1947 1354; x_wconf 91' lang='lat' dir='ltr'><strong>de</strong></span> <span class='ocrx_word' id='word_1_168' title='bbox 1974 1313 2166 1355; x_wconf 92' lang='lat' dir='ltr'><strong>manu</strong></span> <span class='ocrx_word' id='word_1_169' title='bbox 2202 1298 2460 1357; x_wconf 70' lang='lat' dir='ltr'><strong>Abrahaa</strong></span> <span class='ocrx_word' id='word_1_170' title='bbox 2489 1302 2823 1375; x_wconf 89' lang='lat' dir='ltr'><strong>acceperit:</strong></span> <span class='ocrx_word' id='word_1_171' title='bbox 2858 1308 3088 1376; x_wconf 85' lang='lat' dir='ltr'><strong>septem</strong></span> <span class='ocrx_word' id='word_1_172' title='bbox 3120 1305 3282 1362; x_wconf 91' lang='lat' dir='ltr'><strong>enim</strong></span> <span class='ocrx_word' id='word_1_173' title='bbox 3311 1307 3525 1365; x_wconf 90' lang='lat' dir='ltr'><strong>dicun-</strong></span> 
     </span>
    </p>
   </div>
   <div class='ocr_carea' id='block_1_28' title="bbox 1872 1387 3528 1469">
    <p class='ocr_par' dir='ltr' id='par_1_28' title="bbox 1872 1387 3528 1469">
     <span class='ocr_line' id='line_1_28' title="bbox 1872 1387 3528 1469; baseline 0.007 -26"><span class='ocrx_word' id='word_1_174' title='bbox 1872 1389 1969 1443; x_wconf 92' lang='lat' dir='ltr'><strong>tur</strong></span> <span class='ocrx_word' id='word_1_175' title='bbox 1990 1387 2216 1459; x_wconf 89' lang='lat' dir='ltr'><strong>Sabee;</strong></span> <span class='ocrx_word' id='word_1_176' title='bbox 2260 1387 2383 1445; x_wconf 91' lang='lat' dir='ltr'><strong>sive</strong></span> <span class='ocrx_word' id='word_1_177' title='bbox 2408 1390 2577 1463; x_wconf 92' lang='lat' dir='ltr'><strong>quod</strong></span> <span class='ocrx_word' id='word_1_178' title='bbox 2622 1390 2704 1447; x_wconf 91' lang='lat' dir='ltr'><strong>ibi</strong></span> <span class='ocrx_word' id='word_1_179' title='bbox 2732 1391 3085 1463; x_wconf 89' lang='lat' dir='ltr'><strong>juraverint,</strong></span> <span class='ocrx_word' id='word_1_180' title='bbox 3114 1394 3261 1467; x_wconf 91' lang='lat' dir='ltr'><strong>quia</strong></span> <span class='ocrx_word' id='word_1_181' title='bbox 3289 1400 3346 1452; x_wconf 89' lang='lat' dir='ltr'><strong>et</strong></span> <span class='ocrx_word' id='word_1_182' title='bbox 3368 1397 3528 1469; x_wconf 87' lang='lat' dir='ltr'><strong>jura-</strong></span> 
     </span>
    </p>
   </div>
   <div class='ocr_carea' id='block_1_29' title="bbox 1871 1477 3526 1555">
    <p class='ocr_par' dir='ltr' id='par_1_29' title="bbox 1871 1477 3526 1555">
     <span class='ocr_line' id='line_1_29' title="bbox 1871 1477 3526 1555; baseline 0.005 -23"><span class='ocrx_word' id='word_1_183' title='bbox 1871 1480 2146 1534; x_wconf 89' lang='lat' dir='ltr'><strong>mentum</strong></span> <span class='ocrx_word' id='word_1_184' title='bbox 2171 1477 2361 1536; x_wconf 90' lang='lat' dir='ltr'><strong>Sabee</strong></span> <span class='ocrx_word' id='word_1_185' title='bbox 2390 1478 2658 1537; x_wconf 86' lang='lat' dir='ltr'><strong>similiter</strong></span> <span class='ocrx_word' id='word_1_186' title='bbox 2701 1480 3059 1555; x_wconf 87' lang='lat' dir='ltr'><strong>appellatur.</strong></span> <span class='ocrx_word' id='word_1_187' title='bbox 3090 1482 3264 1548; x_wconf 86' lang='lat' dir='ltr'><strong>Quod</strong></span> <span class='ocrx_word' id='word_1_188' title='bbox 3309 1485 3356 1539; x_wconf 88' lang='lat' dir='ltr'><strong>si</strong></span> <span class='ocrx_word' id='word_1_189' title='bbox 3387 1490 3526 1542; x_wconf 88' lang='lat' dir='ltr'><strong>ante</strong></span> 
     </span>
    </p>
   </div>
   <div class='ocr_carea' id='block_1_30' title="bbox 1870 1565 3529 1648">
    <p class='ocr_par' dir='ltr' id='par_1_30' title="bbox 1870 1565 3529 1648">
     <span class='ocr_line' id='line_1_30' title="bbox 1870 1565 3529 1648; baseline 0.005 -25"><span class='ocrx_word' id='word_1_190' title='bbox 1870 1565 2033 1625; x_wconf 89' lang='lat' dir='ltr'><strong>hanc</strong></span> <span class='ocrx_word' id='word_1_191' title='bbox 2061 1583 2313 1625; x_wconf 89' lang='lat' dir='ltr'><strong>causam</strong></span> <span class='ocrx_word' id='word_1_192' title='bbox 2341 1584 2528 1642; x_wconf 91' lang='lat' dir='ltr'><strong>supra</strong></span> <span class='ocrx_word' id='word_1_193' title='bbox 2555 1585 2783 1628; x_wconf 87' lang='lat' dir='ltr'><strong>nomen</strong></span> <span class='ocrx_word' id='word_1_194' title='bbox 2811 1571 3090 1643; x_wconf 81' lang='lat' dir='ltr'><strong>legimus,</strong></span> <span class='ocrx_word' id='word_1_195' title='bbox 3126 1572 3391 1630; x_wconf 89' lang='lat' dir='ltr'><strong>sciamus</strong></span> <span class='ocrx_word' id='word_1_196' title='bbox 3419 1590 3529 1648; x_wconf 89' lang='lat' dir='ltr'><strong>per</strong></span> 
     </span>
    </p>
   </div>
   <div class='ocr_carea' id='block_1_31' title="bbox 1873 1656 3531 1731">
    <p class='ocr_par' dir='ltr' id='par_1_31' title="bbox 1873 1656 3531 1731">
     <span class='ocr_line' id='line_1_31' title="bbox 1873 1656 3531 1731; baseline 0.005 -17"><span class='ocrx_word' id='word_1_197' title='bbox 1873 1656 2365 1731; x_wconf 87' lang='lat' dir='ltr'><strong>anticipationem</strong></span> <span class='ocrx_word' id='word_1_198' title='bbox 2394 1658 2625 1717; x_wconf 92' lang='lat' dir='ltr'><strong>dictum</strong></span> <span class='ocrx_word' id='word_1_199' title='bbox 2652 1677 2802 1730; x_wconf 89' lang='lat' dir='ltr'><strong>esse,</strong></span> <span class='ocrx_word' id='word_1_200' title='bbox 2827 1662 2980 1719; x_wconf 91' lang='lat' dir='ltr'><strong>sicut</strong></span> <span class='ocrx_word' id='word_1_201' title='bbox 3006 1666 3064 1719; x_wconf 92' lang='lat' dir='ltr'><strong>et</strong></span> <span class='ocrx_word' id='word_1_202' title='bbox 3090 1663 3294 1720; x_wconf 90' lang='lat' dir='ltr'><strong>Bethel</strong></span> <span class='ocrx_word' id='word_1_203' title='bbox 3315 1669 3371 1721; x_wconf 92' lang='lat' dir='ltr'><strong>et</strong></span> <span class='ocrx_word' id='word_1_204' title='bbox 3400 1665 3531 1722; x_wconf 85' lang='lat' dir='ltr'><strong>Gal—</strong></span> 
     </span>
    </p>
   </div>
   <div class='ocr_carea' id='block_1_32' title="bbox 1872 1746 3527 1827">
    <p class='ocr_par' dir='ltr' id='par_1_32' title="bbox 1872 1746 3527 1827">
     <span class='ocr_line' id='line_1_32' title="bbox 1872 1746 3527 1827; baseline 0.005 -25"><span class='ocrx_word' id='word_1_205' title='bbox 1872 1746 2029 1817; x_wconf 89' lang='lat' dir='ltr'><strong>gala,</strong></span> <span class='ocrx_word' id='word_1_206' title='bbox 2057 1763 2195 1822; x_wconf 73' lang='lat' dir='ltr'><strong>qua:</strong></span> <span class='ocrx_word' id='word_1_207' title='bbox 2215 1750 2421 1823; x_wconf 90' lang='lat' dir='ltr'><strong>utique</strong></span> <span class='ocrx_word' id='word_1_208' title='bbox 2449 1766 2644 1824; x_wconf 90' lang='lat' dir='ltr'><strong>usque</strong></span> <span class='ocrx_word' id='word_1_209' title='bbox 2673 1751 2751 1808; x_wconf 90' lang='lat' dir='ltr'><strong>ad</strong></span> <span class='ocrx_word' id='word_1_210' title='bbox 2782 1755 3022 1825; x_wconf 87' lang='lat' dir='ltr'><strong>tempus</strong></span> <span class='ocrx_word' id='word_1_211' title='bbox 3049 1767 3175 1826; x_wconf 90' lang='lat' dir='ltr'><strong>quo</strong></span> <span class='ocrx_word' id='word_1_212' title='bbox 3204 1755 3310 1822; x_wconf 85' lang='lat' dir='ltr'><strong>[Z.,</strong></span> <span class='ocrx_word' id='word_1_213' title='bbox 3336 1754 3527 1827; x_wconf 91' lang='lat' dir='ltr'><strong>quod]</strong></span> 
     </span>
    </p>
   </div>
   <div class='ocr_carea' id='block_1_33' title="bbox 114 1823 3530 1911">
    <p class='ocr_par' dir='ltr' id='par_1_33' title="bbox 114 1823 3530 1911">
     <span class='ocr_line' id='line_1_33' title="bbox 114 1823 3530 1911; baseline 0.004 -22"><span class='ocrx_word' id='word_1_214' title='bbox 114 1823 389 1879; x_wconf 71' lang='grc' dir='ltr'><strong>Βοπιίηιιε</strong></span> <span class='ocrx_word' id='word_1_215' title='bbox 411 1828 607 1879; x_wconf 65' lang='lat' dir='ltr'><strong>tecum</strong></span> <span class='ocrx_word' id='word_1_216' title='bbox 633 1828 720 1881; x_wconf 72' lang='grc' dir='ltr'><strong>εδί</strong></span> <span class='ocrx_word' id='word_1_217' title='bbox 737 1824 803 1880; x_wconf 66' lang='lat' dir='ltr'><strong>in</strong></span> <span class='ocrx_word' id='word_1_218' title='bbox 821 1824 1121 1881; x_wconf 72' lang='grc' dir='ltr'><strong>αηίυενείε</strong></span> <span class='ocrx_word' id='word_1_219' title='bbox 1150 1839 1283 1897; x_wconf 58' lang='grc' dir='ltr'><strong>φασιν</strong></span> <span class='ocrx_word' id='word_1_220' title='bbox 1311 1825 1462 1896; x_wconf 68' lang='lat' dir='ltr'><strong>agis-</strong></span> <span class='ocrx_word' id='word_1_221' title='bbox 1484 1824 1642 1879; x_wconf 77' lang='grc' dir='ltr'>ιῘιινα</span> <span class='ocrx_word' id='word_1_222' title='bbox 1672 1837 1760 1879; x_wconf 73' lang='grc' dir='ltr'><strong>θν-</strong></span> <span class='ocrx_word' id='word_1_223' title='bbox 1790 1835 1832 1891; x_wconf 85' lang='grc' dir='ltr'>Β</span> <span class='ocrx_word' id='word_1_224' title='bbox 1869 1836 1955 1893; x_wconf 91' lang='lat' dir='ltr'><strong>ita</strong></span> <span class='ocrx_word' id='word_1_225' title='bbox 2002 1838 2318 1911; x_wconf 67' lang='lat' dir='ltr'><strong>appellatas</strong></span> <span class='ocrx_word' id='word_1_226' title='bbox 2365 1839 2502 1908; x_wconf 89' lang='lat' dir='ltr'><strong>sint,</strong></span> <span class='ocrx_word' id='word_1_227' title='bbox 2538 1823 2707 1897; x_wconf 87' lang='lat' dir='ltr'><strong>aliter</strong></span> <span class='ocrx_word' id='word_1_228' title='bbox 2746 1823 3149 1899; x_wconf 80' lang='lat' dir='ltr'><strong>vocabantur.</strong></span> <span class='ocrx_word' id='word_1_229' title='bbox 3183 1823 3530 1901; x_wconf 73' lang='lat' dir='ltr'><strong>Notandum</strong></span> 
     </span>
    </p>
   </div>
   <div class='ocr_carea' id='block_1_34' title="bbox 114 1912 1758 1986">
    <p class='ocr_par' dir='ltr' id='par_1_34' title="bbox 114 1912 1758 1986">
     <span class='ocr_line' id='line_1_34' title="bbox 114 1912 1758 1986; baseline 0.001 -18"><span class='ocrx_word' id='word_1_230' title='bbox 114 1928 179 1983; x_wconf 88' lang='lat' dir='ltr'><strong>go</strong></span> <span class='ocrx_word' id='word_1_231' title='bbox 199 1928 304 1983; x_wconf 87' lang='lat' dir='ltr'><strong>per</strong></span> <span class='ocrx_word' id='word_1_232' title='bbox 326 1914 671 1982; x_wconf 88' lang='lat' dir='ltr'><strong>Dominum,</strong></span> <span class='ocrx_word' id='word_1_233' title='bbox 696 1928 773 1971; x_wconf 91' lang='lat' dir='ltr'><strong>ne</strong></span> <span class='ocrx_word' id='word_1_234' title='bbox 795 1928 1009 1971; x_wconf 85' lang='lat' dir='ltr'><strong>noceas</strong></span> <span class='ocrx_word' id='word_1_235' title='bbox 1036 1914 1208 1986; x_wconf 88' lang='lat' dir='ltr'><strong>mihi,</strong></span> <span class='ocrx_word' id='word_1_236' title='bbox 1236 1920 1293 1971; x_wconf 91' lang='lat' dir='ltr'><strong>et</strong></span> <span class='ocrx_word' id='word_1_237' title='bbox 1317 1913 1571 1983; x_wconf 78' lang='lat' dir='ltr'><strong>posteris</strong></span> <span class='ocrx_word' id='word_1_238' title='bbox 1591 1912 1758 1976; x_wconf 83' lang='lat' dir='ltr'><strong>meis.</strong></span> 
     </span>
    </p>
   </div>
   <div class='ocr_carea' id='block_1_35' title="bbox 112 2001 1758 2078">
    <p class='ocr_par' dir='ltr' id='par_1_35' title="bbox 112 2001 1758 2078">
     <span class='ocr_line' id='line_1_35' title="bbox 112 2001 1758 2078; baseline 0.001 -20"><span class='ocrx_word' id='word_1_239' title='bbox 112 2007 163 2058; x_wconf 87' lang='lat' dir='ltr'><strong>et</strong></span> <span class='ocrx_word' id='word_1_240' title='bbox 187 2002 438 2076; x_wconf 89' lang='lat' dir='ltr'><strong>reliqua,</strong></span> <span class='ocrx_word' id='word_1_241' title='bbox 471 2018 795 2078; x_wconf 90' lang='lat' dir='ltr'><strong>usquequo</strong></span> <span class='ocrx_word' id='word_1_242' title='bbox 818 2001 1037 2074; x_wconf 84' lang='lat' dir='ltr'><strong>legitur</strong></span> <span class='ocrx_word' id='word_1_243' title='bbox 1060 2023 1076 2061; x_wconf 92' lang='lat'><strong>:</strong></span> <span class='ocrx_word' id='word_1_244' title='bbox 1108 2005 1359 2063; x_wconf 81' lang='lat' dir='ltr'><strong>tentavit</strong></span> <span class='ocrx_word' id='word_1_245' title='bbox 1380 2006 1539 2061; x_wconf 84' lang='lat' dir='ltr'><strong>Deus</strong></span> <span class='ocrx_word' id='word_1_246' title='bbox 1557 2003 1758 2059; x_wconf 85' lang='lat' dir='ltr'><strong>Abra-</strong></span> 
     </span>
    </p>
   </div>
   <div class='ocr_carea' id='block_1_36' title="bbox 114 2091 1757 2167">
    <p class='ocr_par' dir='ltr' id='par_1_36' title="bbox 114 2091 1757 2167">
     <span class='ocr_line' id='line_1_36' title="bbox 114 2091 1757 2167; baseline 0 -19"><span class='ocrx_word' id='word_1_247' title='bbox 114 2092 259 2149; x_wconf 90' lang='lat' dir='ltr'><strong>ham.</strong></span> <span class='ocrx_word' id='word_1_248' title='bbox 291 2095 397 2148; x_wconf 85' lang='lat' dir='ltr'><strong>Per</strong></span> <span class='ocrx_word' id='word_1_249' title='bbox 424 2091 778 2150; x_wconf 87' lang='lat' dir='ltr'><strong>Abimelech</strong></span> <span class='ocrx_word' id='word_1_250' title='bbox 804 2093 1064 2165; x_wconf 72' lang='lat' dir='ltr'><strong>regnum</strong></span> <span class='ocrx_word' id='word_1_251' title='bbox 1108 2093 1201 2151; x_wconf 89' lang='lat' dir='ltr'><strong>vel</strong></span> <span class='ocrx_word' id='word_1_252' title='bbox 1240 2094 1541 2167; x_wconf 90' lang='lat' dir='ltr'><strong>sapientes</strong></span> <span class='ocrx_word' id='word_1_253' title='bbox 1573 2093 1757 2165; x_wconf 90' lang='lat' dir='ltr'><strong>hujus</strong></span> 
     </span>
    </p>
   </div>
   <div class='ocr_carea' id='block_1_37' title="bbox 113 2181 1759 2257">
    <p class='ocr_par' dir='ltr' id='par_1_37' title="bbox 113 2181 1759 2257">
     <span class='ocr_line' id='line_1_37' title="bbox 113 2181 1759 2257; baseline 0.001 -20"><span class='ocrx_word' id='word_1_254' title='bbox 113 2181 331 2251; x_wconf 88' lang='lat' dir='ltr'><strong>mundi,</strong></span> <span class='ocrx_word' id='word_1_255' title='bbox 361 2198 473 2256; x_wconf 91' lang='lat' dir='ltr'><strong>per</strong></span> <span class='ocrx_word' id='word_1_256' title='bbox 504 2181 707 2240; x_wconf 86' lang='lat' dir='ltr'><strong>Fichol</strong></span> <span class='ocrx_word' id='word_1_257' title='bbox 730 2182 1075 2257; x_wconf 86' lang='lat' dir='ltr'><strong>philosophi</strong></span> <span class='ocrx_word' id='word_1_258' title='bbox 1094 2184 1266 2241; x_wconf 90' lang='lat' dir='ltr'><strong>istius</strong></span> <span class='ocrx_word' id='word_1_259' title='bbox 1293 2182 1495 2241; x_wconf 63' lang='lat' dir='ltr'><strong>seaculi</strong></span> <span class='ocrx_word' id='word_1_260' title='bbox 1527 2182 1759 2255; x_wconf 87' lang='lat' dir='ltr'><strong>[intelli-</strong></span> 
     </span>
    </p>
   </div>
   <div class='ocr_carea' id='block_1_38' title="bbox 113 2270 1756 2345">
    <p class='ocr_par' dir='ltr' id='par_1_38' title="bbox 113 2270 1756 2345">
     <span class='ocr_line' id='line_1_38' title="bbox 113 2270 1756 2345; baseline 0.001 -17"><span class='ocrx_word' id='word_1_261' title='bbox 113 2274 360 2341; x_wconf 90' lang='lat' dir='ltr'><strong>guntur].</strong></span> <span class='ocrx_word' id='word_1_262' title='bbox 395 2271 568 2329; x_wconf 90' lang='lat' dir='ltr'><strong>Unde</strong></span> <span class='ocrx_word' id='word_1_263' title='bbox 617 2270 773 2329; x_wconf 84' lang='lat' dir='ltr'><strong>bene</strong></span> <span class='ocrx_word' id='word_1_264' title='bbox 820 2272 1166 2330; x_wconf 81' lang='lat' dir='ltr'><strong>Abimelech</strong></span> <span class='ocrx_word' id='word_1_265' title='bbox 1202 2280 1384 2345; x_wconf 89' lang='lat' dir='ltr'><strong>pater</strong></span> <span class='ocrx_word' id='word_1_266' title='bbox 1423 2289 1589 2331; x_wconf 89' lang='lat' dir='ltr'><strong>meus</strong></span> <span class='ocrx_word' id='word_1_267' title='bbox 1625 2287 1756 2341; x_wconf 84' lang='lat' dir='ltr'><strong>rex,</strong></span> 
     </span>
    </p>
   </div>
   <div class='ocr_carea' id='block_1_39' title="bbox 114 2360 1762 2438">
    <p class='ocr_par' dir='ltr' id='par_1_39' title="bbox 114 2360 1762 2438">
     <span class='ocr_line' id='line_1_39' title="bbox 114 2360 1762 2438; baseline 0.001 -21"><span class='ocrx_word' id='word_1_268' title='bbox 114 2360 297 2418; x_wconf 79' lang='lat' dir='ltr'><strong>Fichol</strong></span> <span class='ocrx_word' id='word_1_269' title='bbox 318 2366 525 2419; x_wconf 91' lang='lat' dir='ltr'><strong>autem</strong></span> <span class='ocrx_word' id='word_1_270' title='bbox 552 2362 978 2436; x_wconf 88' lang='lat' dir='ltr'><strong>interpretatur</strong></span> <span class='ocrx_word' id='word_1_271' title='bbox 1004 2378 1067 2421; x_wconf 91' lang='lat' dir='ltr'><strong>os</strong></span> <span class='ocrx_word' id='word_1_272' title='bbox 1086 2365 1373 2433; x_wconf 87' lang='lat' dir='ltr'><strong>omnium,</strong></span> <span class='ocrx_word' id='word_1_273' title='bbox 1398 2368 1644 2438; x_wconf 89' lang='lat' dir='ltr'><strong>propter</strong></span> <span class='ocrx_word' id='word_1_274' title='bbox 1666 2378 1762 2420; x_wconf 89' lang='lat' dir='ltr'><strong>ra-</strong></span> 
     </span>
    </p>
   </div>
   <div class='ocr_carea' id='block_1_40' title="bbox 110 2450 1759 2526">
    <p class='ocr_par' dir='ltr' id='par_1_40' title="bbox 110 2450 1759 2526">
     <span class='ocr_line' id='line_1_40' title="bbox 110 2450 1759 2526; baseline 0.001 -19"><span class='ocrx_word' id='word_1_275' title='bbox 110 2450 380 2507; x_wconf 89' lang='lat' dir='ltr'><strong>tionalem</strong></span> <span class='ocrx_word' id='word_1_276' title='bbox 408 2450 891 2522; x_wconf 86' lang='lat' dir='ltr'><strong>intelligentiam,</strong></span> <span class='ocrx_word' id='word_1_277' title='bbox 921 2468 1061 2525; x_wconf 64' lang='lat' dir='ltr'><strong>quin</strong></span> <span class='ocrx_word' id='word_1_278' title='bbox 1107 2452 1305 2524; x_wconf 90' lang='lat' dir='ltr'><strong>logica</strong></span> <span class='ocrx_word' id='word_1_279' title='bbox 1352 2452 1591 2521; x_wconf 92' lang='lat' dir='ltr'><strong>dicitur,</strong></span> <span class='ocrx_word' id='word_1_280' title='bbox 1620 2468 1759 2526; x_wconf 65' lang='lat' dir='ltr'><strong>quae</strong></span> 
     </span>
    </p>
   </div>
   <div class='ocr_carea' id='block_1_41' title="bbox 112 2539 1763 2611">
    <p class='ocr_par' dir='ltr' id='par_1_41' title="bbox 112 2539 1763 2611">
     <span class='ocr_line' id='line_1_41' title="bbox 112 2539 1763 2611; baseline 0.002 -17"><span class='ocrx_word' id='word_1_281' title='bbox 112 2539 285 2597; x_wconf 89' lang='lat' dir='ltr'><strong>Deum</strong></span> <span class='ocrx_word' id='word_1_282' title='bbox 320 2544 556 2598; x_wconf 81' lang='lat' dir='ltr'><strong>Patrem</strong></span> <span class='ocrx_word' id='word_1_283' title='bbox 593 2541 871 2599; x_wconf 85' lang='lat' dir='ltr'><strong>omnium</strong></span> <span class='ocrx_word' id='word_1_284' title='bbox 911 2541 1250 2611; x_wconf 87' lang='lat' dir='ltr'><strong>conﬁtetur,</strong></span> <span class='ocrx_word' id='word_1_285' title='bbox 1281 2546 1349 2600; x_wconf 91' lang='lat' dir='ltr'><strong>ut</strong></span> <span class='ocrx_word' id='word_1_286' title='bbox 1394 2547 1483 2600; x_wconf 92' lang='lat' dir='ltr'><strong>est</strong></span> <span class='ocrx_word' id='word_1_287' title='bbox 1522 2542 1763 2600; x_wconf 88' lang='lat' dir='ltr'><strong>Abime-</strong></span> 
     </span>
    </p>
   </div>
   <div class='ocr_carea' id='block_1_42' title="bbox 110 2628 1756 2707">
    <p class='ocr_par' dir='ltr' id='par_1_42' title="bbox 110 2628 1756 2707">
     <span class='ocr_line' id='line_1_42' title="bbox 110 2628 1756 2707; baseline 0.003 -22"><span class='ocrx_word' id='word_1_288' title='bbox 110 2628 229 2686; x_wconf 90' lang='lat' dir='ltr'><strong>lech</strong></span> <span class='ocrx_word' id='word_1_289' title='bbox 252 2647 266 2698; x_wconf 94' lang='lat'><strong>;</strong></span> <span class='ocrx_word' id='word_1_290' title='bbox 293 2634 352 2687; x_wconf 87' lang='lat' dir='ltr'><strong>et</strong></span> <span class='ocrx_word' id='word_1_291' title='bbox 367 2634 622 2704; x_wconf 88' lang='lat' dir='ltr'><strong>propter</strong></span> <span class='ocrx_word' id='word_1_292' title='bbox 648 2630 966 2702; x_wconf 90' lang='lat' dir='ltr'><strong>moralem,</strong></span> <span class='ocrx_word' id='word_1_293' title='bbox 996 2647 1135 2707; x_wconf 64' lang='lat' dir='ltr'><strong>quae</strong></span> <span class='ocrx_word' id='word_1_294' title='bbox 1162 2632 1358 2690; x_wconf 90' lang='lat' dir='ltr'><strong>ethica</strong></span> <span class='ocrx_word' id='word_1_295' title='bbox 1386 2632 1756 2705; x_wconf 90' lang='lat' dir='ltr'><strong>nominatur,</strong></span> 
     </span>
    </p>
   </div>
   <div class='ocr_carea' id='block_1_43' title="bbox 111 2719 1759 2797">
    <p class='ocr_par' dir='ltr' id='par_1_43' title="bbox 111 2719 1759 2797">
     <span class='ocr_line' id='line_1_43' title="bbox 111 2719 1759 2797; baseline 0.004 -22"><span class='ocrx_word' id='word_1_296' title='bbox 111 2734 234 2791; x_wconf 78' lang='lat' dir='ltr'><strong>quae</strong></span> <span class='ocrx_word' id='word_1_297' title='bbox 271 2719 333 2777; x_wconf 92' lang='lat' dir='ltr'><strong>in</strong></span> <span class='ocrx_word' id='word_1_298' title='bbox 363 2736 470 2779; x_wconf 92' lang='lat' dir='ltr'><strong>ore</strong></span> <span class='ocrx_word' id='word_1_299' title='bbox 500 2726 592 2778; x_wconf 88' lang='lat' dir='ltr'><strong>est</strong></span> <span class='ocrx_word' id='word_1_300' title='bbox 618 2722 895 2779; x_wconf 90' lang='lat' dir='ltr'><strong>omnium</strong></span> <span class='ocrx_word' id='word_1_301' title='bbox 939 2726 997 2780; x_wconf 89' lang='lat' dir='ltr'><strong>et</strong></span> <span class='ocrx_word' id='word_1_302' title='bbox 1040 2723 1120 2780; x_wconf 92' lang='lat' dir='ltr'><strong>ad</strong></span> <span class='ocrx_word' id='word_1_303' title='bbox 1152 2738 1367 2780; x_wconf 89' lang='lat' dir='ltr'><strong>omnes</strong></span> <span class='ocrx_word' id='word_1_304' title='bbox 1398 2724 1669 2797; x_wconf 88' lang='lat' dir='ltr'><strong>pertinet,</strong></span> <span class='ocrx_word' id='word_1_305' title='bbox 1703 2732 1759 2783; x_wconf 93' lang='lat' dir='ltr'><strong>et</strong></span> 
     </span>
    </p>
   </div>
   <div class='ocr_carea' id='block_1_44' title="bbox 110 2810 1759 2887">
    <p class='ocr_par' dir='ltr' id='par_1_44' title="bbox 110 2810 1759 2887">
     <span class='ocr_line' id='line_1_44' title="bbox 110 2810 1759 2887; baseline 0.004 -20"><span class='ocrx_word' id='word_1_306' title='bbox 110 2825 210 2883; x_wconf 88' lang='lat' dir='ltr'><strong>pro</strong></span> <span class='ocrx_word' id='word_1_307' title='bbox 229 2810 651 2870; x_wconf 88' lang='lat' dir='ltr'><strong>communium</strong></span> <span class='ocrx_word' id='word_1_308' title='bbox 673 2811 1064 2872; x_wconf 87' lang='lat' dir='ltr'><strong>similitudine</strong></span> <span class='ocrx_word' id='word_1_309' title='bbox 1089 2818 1531 2887; x_wconf 67' lang='lat' dir='ltr'><strong>praeceptorum</strong></span> <span class='ocrx_word' id='word_1_310' title='bbox 1553 2816 1616 2872; x_wconf 91' lang='lat' dir='ltr'><strong>in</strong></span> <span class='ocrx_word' id='word_1_311' title='bbox 1636 2832 1759 2873; x_wconf 87' lang='lat' dir='ltr'><strong>om-</strong></span> 
     </span>
    </p>
   </div>
   <div class='ocr_carea' id='block_1_45' title="bbox 111 2900 1755 2976">
    <p class='ocr_par' dir='ltr' id='par_1_45' title="bbox 111 2900 1755 2976">
     <span class='ocr_line' id='line_1_45' title="bbox 111 2900 1755 2976; baseline 0.005 -23"><span class='ocrx_word' id='word_1_312' title='bbox 111 2900 265 2956; x_wconf 80' lang='lat' dir='ltr'><strong>nium</strong></span> <span class='ocrx_word' id='word_1_313' title='bbox 293 2916 396 2958; x_wconf 91' lang='lat' dir='ltr'><strong>ore</strong></span> <span class='ocrx_word' id='word_1_314' title='bbox 435 2905 734 2973; x_wconf 83' lang='lat' dir='ltr'><strong>versatur,</strong></span> <span class='ocrx_word' id='word_1_315' title='bbox 763 2917 956 2976; x_wconf 92' lang='lat' dir='ltr'><strong>quam</strong></span> <span class='ocrx_word' id='word_1_316' title='bbox 1009 2902 1350 2975; x_wconf 89' lang='lat' dir='ltr'><strong>designavit</strong></span> <span class='ocrx_word' id='word_1_317' title='bbox 1388 2905 1495 2960; x_wconf 90' lang='lat' dir='ltr'><strong>iste</strong></span> <span class='ocrx_word' id='word_1_318' title='bbox 1535 2904 1755 2962; x_wconf 86' lang='lat' dir='ltr'><strong>Fichol.</strong></span> 
     </span>
    </p>
   </div>
   <div class='ocr_carea' id='block_1_46' title="bbox 112 2988 1758 3067">
    <p class='ocr_par' dir='ltr' id='par_1_46' title="bbox 112 2988 1758 3067">
     <span class='ocr_line' id='line_1_46' title="bbox 112 2988 1758 3067; baseline 0.004 -22"><span class='ocrx_word' id='word_1_319' title='bbox 112 2988 169 3044; x_wconf 85' lang='lat' dir='ltr'><strong>Hi</strong></span> <span class='ocrx_word' id='word_1_320' title='bbox 195 2989 351 3046; x_wconf 88' lang='lat' dir='ltr'><strong>enim</strong></span> <span class='ocrx_word' id='word_1_321' title='bbox 380 2990 637 3047; x_wconf 88' lang='lat' dir='ltr'><strong>veniunt</strong></span> <span class='ocrx_word' id='word_1_322' title='bbox 683 2990 762 3047; x_wconf 93' lang='lat' dir='ltr'><strong>ad</strong></span> <span class='ocrx_word' id='word_1_323' title='bbox 800 2991 1129 3061; x_wconf 85' lang='lat' dir='ltr'><strong>Abraham,</strong></span> <span class='ocrx_word' id='word_1_324' title='bbox 1161 2993 1307 3067; x_wconf 89' lang='lat' dir='ltr'><strong>quia</strong></span> <span class='ocrx_word' id='word_1_325' title='bbox 1348 3009 1628 3065; x_wconf 91' lang='lat' dir='ltr'><strong>regnum,</strong></span> <span class='ocrx_word' id='word_1_326' title='bbox 1661 2994 1758 3052; x_wconf 91' lang='lat' dir='ltr'><strong>vel</strong></span> 
     </span>
    </p>
   </div>
   <div class='ocr_carea' id='block_1_47' title="bbox 111 3078 1757 3157">
    <p class='ocr_par' dir='ltr' id='par_1_47' title="bbox 111 3078 1757 3157">
     <span class='ocr_line' id='line_1_47' title="bbox 111 3078 1757 3157; baseline 0.005 -25"><span class='ocrx_word' id='word_1_327' title='bbox 111 3078 412 3151; x_wconf 87' lang='lat' dir='ltr'><strong>sapientes,</strong></span> <span class='ocrx_word' id='word_1_328' title='bbox 437 3095 548 3136; x_wconf 90' lang='lat' dir='ltr'><strong>seu</strong></span> <span class='ocrx_word' id='word_1_329' title='bbox 570 3079 919 3155; x_wconf 87' lang='lat' dir='ltr'><strong>philosophi</strong></span> <span class='ocrx_word' id='word_1_330' title='bbox 948 3080 1120 3138; x_wconf 83' lang='lat' dir='ltr'><strong>istius</strong></span> <span class='ocrx_word' id='word_1_331' title='bbox 1164 3082 1368 3139; x_wconf 66' lang='lat' dir='ltr'><strong>saeculi</strong></span> <span class='ocrx_word' id='word_1_332' title='bbox 1408 3099 1516 3157; x_wconf 89' lang='lat' dir='ltr'><strong>per</strong></span> <span class='ocrx_word' id='word_1_333' title='bbox 1545 3084 1757 3141; x_wconf 91' lang='lat' dir='ltr'><strong>huma-</strong></span> 
     </span>
    </p>
   </div>
   <div class='ocr_carea' id='block_1_48' title="bbox 1872 1929 3530 2007">
    <p class='ocr_par' dir='ltr' id='par_1_48' title="bbox 1872 1929 3530 2007">
     <span class='ocr_line' id='line_1_48' title="bbox 1872 1929 3530 2007; baseline 0.005 -25"><span class='ocrx_word' id='word_1_334' title='bbox 1872 1930 2097 1998; x_wconf 89' lang='lat' dir='ltr'><strong>autem,</strong></span> <span class='ocrx_word' id='word_1_335' title='bbox 2125 1930 2183 1984; x_wconf 90' lang='lat' dir='ltr'><strong>et</strong></span> <span class='ocrx_word' id='word_1_336' title='bbox 2224 1943 2299 1985; x_wconf 81' lang='lat' dir='ltr'><strong>ex</strong></span> <span class='ocrx_word' id='word_1_337' title='bbox 2327 1929 2630 2002; x_wconf 88' lang='lat' dir='ltr'><strong>prioribus</strong></span> <span class='ocrx_word' id='word_1_338' title='bbox 2679 1934 2736 1987; x_wconf 92' lang='lat' dir='ltr'><strong>et</strong></span> <span class='ocrx_word' id='word_1_339' title='bbox 2764 1945 2837 1986; x_wconf 82' lang='lat' dir='ltr'><strong>ex</strong></span> <span class='ocrx_word' id='word_1_340' title='bbox 2868 1931 3149 2003; x_wconf 73' lang='lat' dir='ltr'><strong>prtesenti</strong></span> <span class='ocrx_word' id='word_1_341' title='bbox 3176 1931 3333 2001; x_wconf 91' lang='lat' dir='ltr'><strong>loco,</strong></span> <span class='ocrx_word' id='word_1_342' title='bbox 3359 1932 3530 2007; x_wconf 92' lang='lat' dir='ltr'><strong>quod</strong></span> 
     </span>
    </p>
   </div>
   <div class='ocr_carea' id='block_1_49' title="bbox 1870 2016 3530 2092">
    <p class='ocr_par' dir='ltr' id='par_1_49' title="bbox 1870 2016 3530 2092">
     <span class='ocr_line' id='line_1_49' title="bbox 1870 2016 3530 2092; baseline 0.004 -21"><span class='ocrx_word' id='word_1_343' title='bbox 1870 2017 2039 2073; x_wconf 87' lang='lat' dir='ltr'><strong>Isaac</strong></span> <span class='ocrx_word' id='word_1_344' title='bbox 2068 2031 2193 2073; x_wconf 91' lang='lat' dir='ltr'><strong>non</strong></span> <span class='ocrx_word' id='word_1_345' title='bbox 2241 2016 2315 2074; x_wconf 90' lang='lat' dir='ltr'><strong>sit</strong></span> <span class='ocrx_word' id='word_1_346' title='bbox 2358 2022 2537 2075; x_wconf 91' lang='lat' dir='ltr'><strong>natus</strong></span> <span class='ocrx_word' id='word_1_347' title='bbox 2579 2017 2657 2076; x_wconf 90' lang='lat' dir='ltr'><strong>ad</strong></span> <span class='ocrx_word' id='word_1_348' title='bbox 2695 2034 2989 2092; x_wconf 88' lang='lat' dir='ltr'><strong>quercum</strong></span> <span class='ocrx_word' id='word_1_349' title='bbox 3017 2019 3302 2092; x_wconf 84' lang='lat' dir='ltr'><strong>Mambre,</strong></span> <span class='ocrx_word' id='word_1_350' title='bbox 3330 2022 3435 2078; x_wconf 89' lang='lat' dir='ltr'><strong>sed</strong></span> <span class='ocrx_word' id='word_1_351' title='bbox 3465 2021 3530 2078; x_wconf 92' lang='lat' dir='ltr'><strong>in</strong></span> 
     </span>
    </p>
   </div>
   <div class='ocr_carea' id='block_1_50' title="bbox 1873 2104 3529 2184">
    <p class='ocr_par' dir='ltr' id='par_1_50' title="bbox 1873 2104 3529 2184">
     <span class='ocr_line' id='line_1_50' title="bbox 1873 2104 3529 2184; baseline 0.004 -23"><span class='ocrx_word' id='word_1_352' title='bbox 1873 2104 2127 2178; x_wconf 89' lang='lat' dir='ltr'><strong>Geraris,</strong></span> <span class='ocrx_word' id='word_1_353' title='bbox 2158 2106 2265 2163; x_wconf 92' lang='lat' dir='ltr'><strong>ubi</strong></span> <span class='ocrx_word' id='word_1_354' title='bbox 2302 2111 2359 2165; x_wconf 88' lang='lat' dir='ltr'><strong>et</strong></span> <span class='ocrx_word' id='word_1_355' title='bbox 2406 2107 2701 2165; x_wconf 91' lang='lat' dir='ltr'><strong>Bersabee</strong></span> <span class='ocrx_word' id='word_1_356' title='bbox 2757 2124 2953 2183; x_wconf 91' lang='lat' dir='ltr'><strong>usque</strong></span> <span class='ocrx_word' id='word_1_357' title='bbox 3002 2109 3184 2167; x_wconf 89' lang='lat' dir='ltr'><strong>hodie</strong></span> <span class='ocrx_word' id='word_1_358' title='bbox 3230 2110 3529 2184; x_wconf 91' lang='lat' dir='ltr'><strong>oppidum</strong></span> 
     </span>
    </p>
   </div>
   <div class='ocr_carea' id='block_1_51' title="bbox 1873 2196 3528 2272">
    <p class='ocr_par' dir='ltr' id='par_1_51' title="bbox 1873 2196 3528 2272">
     <span class='ocr_line' id='line_1_51' title="bbox 1873 2196 3528 2272; baseline 0.003 -21"><span class='ocrx_word' id='word_1_359' title='bbox 1873 2197 1983 2251; x_wconf 92' lang='lat' dir='ltr'><strong>est.</strong></span> <span class='ocrx_word' id='word_1_360' title='bbox 2018 2196 2162 2262; x_wconf 69' lang='lat' dir='ltr'><strong>Quin</strong></span> <span class='ocrx_word' id='word_1_361' title='bbox 2191 2196 2505 2270; x_wconf 87' lang='lat' dir='ltr'><strong>provincia</strong></span> <span class='ocrx_word' id='word_1_362' title='bbox 2547 2200 2684 2254; x_wconf 90' lang='lat' dir='ltr'><strong>ante</strong></span> <span class='ocrx_word' id='word_1_363' title='bbox 2736 2212 2860 2254; x_wconf 91' lang='lat' dir='ltr'><strong>non</strong></span> <span class='ocrx_word' id='word_1_364' title='bbox 2909 2197 3142 2269; x_wconf 90' lang='lat' dir='ltr'><strong>grande</strong></span> <span class='ocrx_word' id='word_1_365' title='bbox 3187 2202 3427 2272; x_wconf 89' lang='lat' dir='ltr'><strong>tempus</strong></span> <span class='ocrx_word' id='word_1_366' title='bbox 3454 2214 3528 2257; x_wconf 83' lang='lat' dir='ltr'><strong>ex</strong></span> 
     </span>
    </p>
   </div>
   <div class='ocr_carea' id='block_1_52' title="bbox 1871 2282 3527 2365">
    <p class='ocr_par' dir='ltr' id='par_1_52' title="bbox 1871 2282 3527 2365">
     <span class='ocr_line' id='line_1_52' title="bbox 1871 2282 3527 2365; baseline 0.004 -27"><span class='ocrx_word' id='word_1_367' title='bbox 1871 2282 2165 2341; x_wconf 89' lang='lat' dir='ltr'><strong>divisione</strong></span> <span class='ocrx_word' id='word_1_368' title='bbox 2216 2285 2546 2359; x_wconf 67' lang='lat' dir='ltr'><strong>prmsidum</strong></span> <span class='ocrx_word' id='word_1_369' title='bbox 2590 2285 2901 2343; x_wconf 80' lang='lat' dir='ltr'><strong>Palestinae</strong></span> <span class='ocrx_word' id='word_1_370' title='bbox 2941 2288 3153 2359; x_wconf 88' lang='lat' dir='ltr'><strong>[Petr.,</strong></span> <span class='ocrx_word' id='word_1_371' title='bbox 3186 2286 3527 2365; x_wconf 69' lang='lat' dir='ltr'><strong>Palaestina]</strong></span> 
     </span>
    </p>
   </div>
   <div class='ocr_carea' id='block_1_53' title="bbox 1867 2371 3527 2451">
    <p class='ocr_par' dir='ltr' id='par_1_53' title="bbox 1867 2371 3527 2451">
     <span class='ocr_line' id='line_1_53' title="bbox 1867 2371 3527 2451; baseline 0.003 -21"><span class='ocrx_word' id='word_1_372' title='bbox 1867 2371 2173 2431; x_wconf 87' lang='lat' dir='ltr'><strong>Salutaris</strong></span> <span class='ocrx_word' id='word_1_373' title='bbox 2199 2378 2291 2432; x_wconf 90' lang='lat' dir='ltr'><strong>est</strong></span> <span class='ocrx_word' id='word_1_374' title='bbox 2318 2374 2498 2432; x_wconf 91' lang='lat' dir='ltr'><strong>dicta.</strong></span> <span class='ocrx_word' id='word_1_375' title='bbox 2534 2375 2721 2448; x_wconf 86' lang='lat' dir='ltr'><strong>Hujus</strong></span> <span class='ocrx_word' id='word_1_376' title='bbox 2751 2375 2835 2433; x_wconf 91' lang='lat' dir='ltr'><strong>rei</strong></span> <span class='ocrx_word' id='word_1_377' title='bbox 2876 2377 3181 2449; x_wconf 89' lang='lat' dir='ltr'><strong>Scriptura</strong></span> <span class='ocrx_word' id='word_1_378' title='bbox 3208 2378 3373 2435; x_wconf 90' lang='lat' dir='ltr'><strong>testis</strong></span> <span class='ocrx_word' id='word_1_379' title='bbox 3412 2382 3527 2451; x_wconf 91' lang='lat' dir='ltr'><strong>est,</strong></span> 
     </span>
    </p>
   </div>
   <div class='ocr_carea' id='block_1_54' title="bbox 1867 2464 3526 2536">
    <p class='ocr_par' dir='ltr' id='par_1_54' title="bbox 1867 2464 3526 2536">
     <span class='ocr_line' id='line_1_54' title="bbox 1867 2464 3526 2536; baseline 0.004 -17"><span class='ocrx_word' id='word_1_380' title='bbox 1867 2478 2008 2536; x_wconf 67' lang='lat' dir='ltr'><strong>quin</strong></span> <span class='ocrx_word' id='word_1_381' title='bbox 2037 2464 2157 2521; x_wconf 89' lang='lat' dir='ltr'><strong>ait:</strong></span> <span class='ocrx_word' id='word_1_382' title='bbox 2192 2465 2271 2522; x_wconf 85' lang='lat' dir='ltr'><strong>Et</strong></span> <span class='ocrx_word' id='word_1_383' title='bbox 2302 2464 2598 2523; x_wconf 77' lang='lat' dir='ltr'><strong>habitavit</strong></span> <span class='ocrx_word' id='word_1_384' title='bbox 2625 2465 2940 2524; x_wconf 86' lang='lat' dir='ltr'><strong>Abraham</strong></span> <span class='ocrx_word' id='word_1_385' title='bbox 2968 2466 3032 2523; x_wconf 92' lang='lat' dir='ltr'><strong>in</strong></span> <span class='ocrx_word' id='word_1_386' title='bbox 3078 2470 3240 2526; x_wconf 89' lang='lat' dir='ltr'><strong>terra</strong></span> <span class='ocrx_word' id='word_1_387' title='bbox 3274 2467 3526 2525; x_wconf 90' lang='lat' dir='ltr'><strong>Philisti-</strong></span> 
     </span>
    </p>
   </div>
   <div class='ocr_carea' id='block_1_55' title="bbox 1867 2567 2111 2610">
    <p class='ocr_par' dir='ltr' id='par_1_55' title="bbox 1867 2567 2111 2610">
     <span class='ocr_line' id='line_1_55' title="bbox 1867 2567 2111 2610; baseline 0.008 -2"><span class='ocrx_word' id='word_1_388' title='bbox 1867 2567 2089 2610; x_wconf 85' lang='lat' dir='ltr'><strong>norum</strong></span> <span class='ocrx_word' id='word_1_389' title='bbox 2097 2596 2111 2610; x_wconf 87' lang='lat'><strong>.</strong></span> 
     </span>
    </p>
   </div>
   <div class='ocr_carea' id='block_1_56' title="bbox 1940 2660 3531 2735">
    <p class='ocr_par' dir='ltr' id='par_1_56' title="bbox 1940 2660 3531 2735">
     <span class='ocr_line' id='line_1_56' title="bbox 1940 2660 3531 2735; baseline 0.004 -19"><span class='ocrx_word' id='word_1_390' title='bbox 1940 2660 2252 2719; x_wconf 86' lang='lat' dir='ltr'><strong>Abraham</strong></span> <span class='ocrx_word' id='word_1_391' title='bbox 2284 2678 2423 2721; x_wconf 90' lang='lat' dir='ltr'><strong>vero</strong></span> <span class='ocrx_word' id='word_1_392' title='bbox 2445 2664 2757 2734; x_wconf 77' lang='lat' dir='ltr'><strong>plantavit</strong></span> <span class='ocrx_word' id='word_1_393' title='bbox 2782 2678 2991 2721; x_wconf 87' lang='lat' dir='ltr'><strong>nemus</strong></span> <span class='ocrx_word' id='word_1_394' title='bbox 3030 2665 3093 2721; x_wconf 93' lang='lat' dir='ltr'><strong>in</strong></span> <span class='ocrx_word' id='word_1_395' title='bbox 3122 2665 3436 2735; x_wconf 87' lang='lat' dir='ltr'><strong>Bersabee,</strong></span> <span class='ocrx_word' id='word_1_396' title='bbox 3471 2670 3531 2723; x_wconf 89' lang='lat' dir='ltr'><strong>et</strong></span> 
     </span>
    </p>
   </div>
   <div class='ocr_carea' id='block_1_57' title="bbox 1869 2747 3524 2823">
    <p class='ocr_par' dir='ltr' id='par_1_57' title="bbox 1869 2747 3524 2823">
     <span class='ocr_line' id='line_1_57' title="bbox 1869 2747 3524 2823; baseline 0.004 -19"><span class='ocrx_word' id='word_1_397' title='bbox 1869 2747 2123 2823; x_wconf 91' lang='lat' dir='ltr'><strong>reliqua.</strong></span> <span class='ocrx_word' id='word_1_398' title='bbox 2154 2755 2376 2809; x_wconf 90' lang='lat' dir='ltr'><strong>Nemus</strong></span> <span class='ocrx_word' id='word_1_399' title='bbox 2419 2751 2666 2809; x_wconf 83' lang='lat' dir='ltr'><strong>arbores</strong></span> <span class='ocrx_word' id='word_1_400' title='bbox 2711 2757 2851 2809; x_wconf 90' lang='lat' dir='ltr'><strong>sunt</strong></span> <span class='ocrx_word' id='word_1_401' title='bbox 2895 2752 3203 2810; x_wconf 69' lang='lat' dir='ltr'><strong>umbrosae</strong></span> <span class='ocrx_word' id='word_1_402' title='bbox 3243 2758 3298 2810; x_wconf 90' lang='lat' dir='ltr'><strong>et</strong></span> <span class='ocrx_word' id='word_1_403' title='bbox 3327 2754 3524 2811; x_wconf 81' lang='lat' dir='ltr'><strong>infru-</strong></span> 
     </span>
    </p>
   </div>
   <div class='ocr_carea' id='block_1_58' title="bbox 1870 2840 3531 2915">
    <p class='ocr_par' dir='ltr' id='par_1_58' title="bbox 1870 2840 3531 2915">
     <span class='ocr_line' id='line_1_58' title="bbox 1870 2840 3531 2915; baseline 0.004 -22"><span class='ocrx_word' id='word_1_404' title='bbox 1870 2842 2118 2897; x_wconf 81' lang='lat' dir='ltr'><strong>ctuosae.</strong></span> <span class='ocrx_word' id='word_1_405' title='bbox 2153 2840 2385 2898; x_wconf 82' lang='lat' dir='ltr'><strong>Habent</strong></span> <span class='ocrx_word' id='word_1_406' title='bbox 2405 2842 2567 2899; x_wconf 92' lang='lat' dir='ltr'><strong>enim</strong></span> <span class='ocrx_word' id='word_1_407' title='bbox 2590 2840 2714 2899; x_wconf 91' lang='lat' dir='ltr'><strong>lata</strong></span> <span class='ocrx_word' id='word_1_408' title='bbox 2741 2846 2797 2898; x_wconf 89' lang='lat' dir='ltr'><strong>et</strong></span> <span class='ocrx_word' id='word_1_409' title='bbox 2819 2857 3062 2899; x_wconf 72' lang='lat' dir='ltr'><strong>amoena</strong></span> <span class='ocrx_word' id='word_1_410' title='bbox 3086 2840 3250 2913; x_wconf 83' lang='lat' dir='ltr'><strong>folia,</strong></span> <span class='ocrx_word' id='word_1_411' title='bbox 3269 2848 3325 2900; x_wconf 92' lang='lat' dir='ltr'><strong>et</strong></span> <span class='ocrx_word' id='word_1_412' title='bbox 3349 2843 3531 2915; x_wconf 82' lang='lat' dir='ltr'><strong>signi-</strong></span> 
     </span>
    </p>
   </div>
   <div class='ocr_carea' id='block_1_59' title="bbox 1866 2928 3530 3007">
    <p class='ocr_par' dir='ltr' id='par_1_59' title="bbox 1866 2928 3530 3007">
     <span class='ocr_line' id='line_1_59' title="bbox 1866 2928 3530 3007; baseline 0.003 -22"><span class='ocrx_word' id='word_1_413' title='bbox 1866 2928 2011 2986; x_wconf 88' lang='lat' dir='ltr'><strong>ﬁcat</strong></span> <span class='ocrx_word' id='word_1_414' title='bbox 2038 2945 2171 2987; x_wconf 90' lang='lat' dir='ltr'><strong>esse</strong></span> <span class='ocrx_word' id='word_1_415' title='bbox 2207 2947 2364 3004; x_wconf 93' lang='lat' dir='ltr'><strong>quos</strong></span> <span class='ocrx_word' id='word_1_416' title='bbox 2401 2930 2577 3002; x_wconf 91' lang='lat' dir='ltr'><strong>elegit</strong></span> <span class='ocrx_word' id='word_1_417' title='bbox 2626 2931 2911 2989; x_wconf 89' lang='lat' dir='ltr'><strong>Dominus</strong></span> <span class='ocrx_word' id='word_1_418' title='bbox 2968 2948 3042 2988; x_wconf 84' lang='lat' dir='ltr'><strong>ex</strong></span> <span class='ocrx_word' id='word_1_419' title='bbox 3087 2933 3391 3007; x_wconf 87' lang='lat' dir='ltr'><strong>gentibus,</strong></span> <span class='ocrx_word' id='word_1_420' title='bbox 3422 2933 3530 3007; x_wconf 89' lang='lat' dir='ltr'><strong>qui</strong></span> 
     </span>
    </p>
   </div>
   <div class='ocr_carea' id='block_1_60' title="bbox 1868 3018 3530 3095">
    <p class='ocr_par' dir='ltr' id='par_1_60' title="bbox 1868 3018 3530 3095">
     <span class='ocr_line' id='line_1_60' title="bbox 1868 3018 3530 3095; baseline 0.001 -20"><span class='ocrx_word' id='word_1_421' title='bbox 1868 3022 2040 3076; x_wconf 89' lang='lat' dir='ltr'><strong>erant</strong></span> <span class='ocrx_word' id='word_1_422' title='bbox 2094 3018 2446 3077; x_wconf 89' lang='lat' dir='ltr'><strong>liberalibus</strong></span> <span class='ocrx_word' id='word_1_423' title='bbox 2506 3018 2736 3077; x_wconf 87' lang='lat' dir='ltr'><strong>artibus</strong></span> <span class='ocrx_word' id='word_1_424' title='bbox 2786 3019 3082 3081; x_wconf 84' lang='lat' dir='ltr'><strong>instructi.</strong></span> <span class='ocrx_word' id='word_1_425' title='bbox 3112 3027 3170 3077; x_wconf 89' lang='lat' dir='ltr'><strong>et</strong></span> <span class='ocrx_word' id='word_1_426' title='bbox 3215 3021 3392 3094; x_wconf 91' lang='lat' dir='ltr'><strong>quasi</strong></span> <span class='ocrx_word' id='word_1_427' title='bbox 3421 3036 3530 3095; x_wconf 87' lang='lat' dir='ltr'><strong>per</strong></span> 
     </span>
    </p>
   </div>
   <div class='ocr_carea' id='block_1_61' title="bbox 1866 3110 3529 3181">
    <p class='ocr_par' dir='ltr' id='par_1_61' title="bbox 1866 3110 3529 3181">
     <span class='ocr_line' id='line_1_61' title="bbox 1866 3110 3529 3181; baseline -0.001 -11"><span class='ocrx_word' id='word_1_428' title='bbox 1866 3113 1984 3171; x_wconf 91' lang='lat' dir='ltr'><strong>hoc</strong></span> <span class='ocrx_word' id='word_1_429' title='bbox 2010 3111 2378 3168; x_wconf 88' lang='lat' dir='ltr'><strong>videbantur</strong></span> <span class='ocrx_word' id='word_1_430' title='bbox 2421 3110 2633 3181; x_wconf 90' lang='lat' dir='ltr'><strong>magni</strong></span> <span class='ocrx_word' id='word_1_431' title='bbox 2677 3115 2735 3167; x_wconf 90' lang='lat' dir='ltr'><strong>et</strong></span> <span class='ocrx_word' id='word_1_432' title='bbox 2781 3110 3031 3179; x_wconf 87' lang='lat' dir='ltr'><strong>dilatati,</strong></span> <span class='ocrx_word' id='word_1_433' title='bbox 3064 3115 3119 3167; x_wconf 89' lang='lat' dir='ltr'><strong>et</strong></span> <span class='ocrx_word' id='word_1_434' title='bbox 3166 3116 3370 3168; x_wconf 86' lang='lat' dir='ltr'><strong>tamen</strong></span> <span class='ocrx_word' id='word_1_435' title='bbox 3400 3112 3529 3169; x_wconf 90' lang='lat' dir='ltr'><strong>sine</strong></span> 
     </span>
    </p>
   </div>
   <div class='ocr_carea' id='block_1_62' title="bbox 110 3168 3530 3276">
    <p class='ocr_par' dir='ltr' id='par_1_62' title="bbox 110 3168 3530 3276">
     <span class='ocr_line' id='line_1_62' title="bbox 110 3168 3530 3276; baseline 0.001 -20"><span class='ocrx_word' id='word_1_436' title='bbox 110 3168 724 3276; x_wconf 38' lang='lat' dir='ltr'><strong>F9iniem889ﬁa‘f1</strong></span> <span class='ocrx_word' id='word_1_437' title='bbox 752 3176 1047 3276; x_wconf 51' lang='lat' dir='ltr'><strong>Vénemf‘f“</strong></span> <span class='ocrx_word' id='word_1_438' title='bbox 1084 3171 1164 3276; x_wconf 47' lang='lat' dir='ltr'><strong>id</strong></span> <span class='ocrx_word' id='word_1_439' title='bbox 1194 3172 1513 3242; x_wconf 61' lang='lat' dir='ltr'><strong>Chrismm’</strong></span> <span class='ocrx_word' id='word_1_440' title='bbox 1545 3173 1753 3276; x_wconf 45' lang='lat' dir='ltr'><strong>in“???</strong></span> <span class='ocrx_word' id='word_1_441' title='bbox 1784 3194 1826 3249; x_wconf 75' lang='grc' dir='ltr'>ο</span> <span class='ocrx_word' id='word_1_442' title='bbox 1866 3168 2068 3262; x_wconf 54' lang='lat' dir='ltr'><strong>iructu</strong></span> <span class='ocrx_word' id='word_1_443' title='bbox 2098 3201 2379 3276; x_wconf 87' lang='lat' dir='ltr'><strong>spiritalis</strong></span> <span class='ocrx_word' id='word_1_444' title='bbox 2407 3168 2842 3273; x_wconf 57' lang='lat' dir='ltr'><strong>intelligentiae;</strong></span> <span class='ocrx_word' id='word_1_445' title='bbox 2871 3168 3030 3275; x_wconf 76' lang='lat' dir='ltr'><strong>quos</strong></span> <span class='ocrx_word' id='word_1_446' title='bbox 3055 3201 3384 3266; x_wconf 87' lang='lat' dir='ltr'><strong>Abraham,</strong></span> <span class='ocrx_word' id='word_1_447' title='bbox 3419 3168 3530 3259; x_wconf 82' lang='lat' dir='ltr'><strong>sci-</strong></span> 
     </span>
    </p>
   </div>
   <div class='ocr_carea' id='block_1_63' title="bbox 111 3259 1753 3332">
    <p class='ocr_par' dir='ltr' id='par_1_63' title="bbox 111 3259 1753 3332">
     <span class='ocr_line' id='line_1_63' title="bbox 111 3259 1753 3332; baseline 0.004 -18"><span class='ocrx_word' id='word_1_448' title='bbox 111 3263 298 3327; x_wconf 77' lang='lat' dir='ltr'><strong>gentes</strong></span> <span class='ocrx_word' id='word_1_449' title='bbox 326 3260 388 3316; x_wconf 88' lang='lat' dir='ltr'><strong>in</strong></span> <span class='ocrx_word' id='word_1_450' title='bbox 420 3259 614 3332; x_wconf 91' lang='lat' dir='ltr'><strong>signis</strong></span> <span class='ocrx_word' id='word_1_451' title='bbox 641 3264 701 3317; x_wconf 93' lang='lat' dir='ltr'><strong>et</strong></span> <span class='ocrx_word' id='word_1_452' title='bbox 726 3260 1036 3319; x_wconf 89' lang='lat' dir='ltr'><strong>miraculis</strong></span> <span class='ocrx_word' id='word_1_453' title='bbox 1090 3264 1279 3319; x_wconf 93' lang='lat' dir='ltr'><strong>Deum</strong></span> <span class='ocrx_word' id='word_1_454' title='bbox 1327 3279 1457 3320; x_wconf 89' lang='lat' dir='ltr'><strong>esse</strong></span> <span class='ocrx_word' id='word_1_455' title='bbox 1483 3280 1623 3321; x_wconf 90' lang='lat' dir='ltr'><strong>cum</strong></span> <span class='ocrx_word' id='word_1_456' title='bbox 1653 3264 1753 3321; x_wconf 91' lang='lat' dir='ltr'><strong>illo</strong></span> 
     </span>
    </p>
   </div>
   <div class='ocr_carea' id='block_1_64' title="bbox 109 3347 1755 3423">
    <p class='ocr_par' dir='ltr' id='par_1_64' title="bbox 109 3347 1755 3423">
     <span class='ocr_line' id='line_1_64' title="bbox 109 3347 1755 3423; baseline 0.004 -19"><span class='ocrx_word' id='word_1_457' title='bbox 109 3347 163 3403; x_wconf 89' lang='lat' dir='ltr'><strong>in</strong></span> <span class='ocrx_word' id='word_1_458' title='bbox 190 3348 479 3406; x_wconf 89' lang='lat' dir='ltr'><strong>universis</strong></span> <span class='ocrx_word' id='word_1_459' title='bbox 500 3365 639 3423; x_wconf 67' lang='lat' dir='ltr'><strong>qua:</strong></span> <span class='ocrx_word' id='word_1_460' title='bbox 666 3356 889 3422; x_wconf 81' lang='lat' dir='ltr'><strong>ageret.</strong></span> <span class='ocrx_word' id='word_1_461' title='bbox 915 3351 1082 3409; x_wconf 90' lang='lat' dir='ltr'><strong>Unde</strong></span> <span class='ocrx_word' id='word_1_462' title='bbox 1111 3356 1201 3410; x_wconf 88' lang='lat' dir='ltr'><strong>est</strong></span> <span class='ocrx_word' id='word_1_463' title='bbox 1228 3352 1409 3410; x_wconf 91' lang='lat' dir='ltr'><strong>illud:</strong></span> <span class='ocrx_word' id='word_1_464' title='bbox 1439 3354 1597 3411; x_wconf 87' lang='lat' dir='ltr'><strong>Deus</strong></span> <span class='ocrx_word' id='word_1_465' title='bbox 1622 3360 1755 3411; x_wconf 88' lang='lat' dir='ltr'><strong>erat</strong></span> 
     </span>
    </p>
   </div>
   <div class='ocr_carea' id='block_1_65' title="bbox 110 3437 1750 3514">
    <p class='ocr_par' dir='ltr' id='par_1_65' title="bbox 110 3437 1750 3514">
     <span class='ocr_line' id='line_1_65' title="bbox 110 3437 1750 3514; baseline 0.007 -24"><span class='ocrx_word' id='word_1_466' title='bbox 110 3437 163 3493; x_wconf 84' lang='lat' dir='ltr'><strong>in</strong></span> <span class='ocrx_word' id='word_1_467' title='bbox 199 3440 455 3511; x_wconf 83' lang='lat' dir='ltr'><strong>Christo,</strong></span> <span class='ocrx_word' id='word_1_468' title='bbox 484 3440 783 3497; x_wconf 88' lang='lat' dir='ltr'><strong>mundum</strong></span> <span class='ocrx_word' id='word_1_469' title='bbox 828 3442 1228 3500; x_wconf 80' lang='lat' dir='ltr'><strong>reconcilians</strong></span> <span class='ocrx_word' id='word_1_470' title='bbox 1271 3444 1387 3500; x_wconf 86' lang='lat' dir='ltr'><strong>sibi</strong></span> <span class='ocrx_word' id='word_1_471' title='bbox 1417 3443 1506 3514; x_wconf 86' lang='lat' dir='ltr'><strong>(II</strong></span> <span class='ocrx_word' id='word_1_472' title='bbox 1533 3444 1671 3501; x_wconf 90' lang='lat' dir='ltr'><strong>Cor.</strong></span> <span class='ocrx_word' id='word_1_473' title='bbox 1693 3461 1750 3501; x_wconf 92' lang='lat' dir='ltr'><strong>v.</strong></span> 
     </span>
    </p>
   </div>
   <div class='ocr_carea' id='block_1_66' title="bbox 117 3526 1752 3604">
    <p class='ocr_par' dir='ltr' id='par_1_66' title="bbox 117 3526 1752 3604">
     <span class='ocr_line' id='line_1_66' title="bbox 117 3526 1752 3604; baseline 0.006 -23"><span class='ocrx_word' id='word_1_474' title='bbox 117 3526 208 3600; x_wconf 89' lang='lat' dir='ltr'><strong>l9).</strong></span> <span class='ocrx_word' id='word_1_475' title='bbox 235 3529 324 3585; x_wconf 85' lang='lat' dir='ltr'><strong>Ait</strong></span> <span class='ocrx_word' id='word_1_476' title='bbox 349 3530 638 3603; x_wconf 89' lang='lat' dir='ltr'><strong>quidem:</strong></span> <span class='ocrx_word' id='word_1_477' title='bbox 678 3532 835 3589; x_wconf 84' lang='lat' dir='ltr'><strong>Jura</strong></span> <span class='ocrx_word' id='word_1_478' title='bbox 858 3547 1001 3604; x_wconf 87' lang='lat' dir='ltr'><strong>ergo</strong></span> <span class='ocrx_word' id='word_1_479' title='bbox 1024 3547 1142 3603; x_wconf 91' lang='lat' dir='ltr'><strong>per</strong></span> <span class='ocrx_word' id='word_1_480' title='bbox 1181 3535 1371 3590; x_wconf 84' lang='lat' dir='ltr'><strong>Deum</strong></span> <span class='ocrx_word' id='word_1_481' title='bbox 1414 3550 1490 3592; x_wconf 87' lang='lat' dir='ltr'><strong>ne</strong></span> <span class='ocrx_word' id='word_1_482' title='bbox 1518 3550 1752 3604; x_wconf 87' lang='lat' dir='ltr'><strong>noceas,</strong></span> 
     </span>
    </p>
   </div>
   <div class='ocr_carea' id='block_1_67' title="bbox 110 3619 1755 3699">
    <p class='ocr_par' dir='ltr' id='par_1_67' title="bbox 110 3619 1755 3699">
     <span class='ocr_line' id='line_1_67' title="bbox 110 3619 1755 3699; baseline 0.006 -28"><span class='ocrx_word' id='word_1_483' title='bbox 110 3632 173 3672; x_wconf 89' lang='lat' dir='ltr'><strong>eo</strong></span> <span class='ocrx_word' id='word_1_484' title='bbox 198 3619 357 3689; x_wconf 92' lang='lat' dir='ltr'><strong>quod</strong></span> <span class='ocrx_word' id='word_1_485' title='bbox 388 3619 605 3676; x_wconf 90' lang='lat' dir='ltr'><strong>tandiu</strong></span> <span class='ocrx_word' id='word_1_486' title='bbox 631 3620 942 3693; x_wconf 88' lang='lat' dir='ltr'><strong>permansi</strong></span> <span class='ocrx_word' id='word_1_487' title='bbox 988 3622 1052 3678; x_wconf 91' lang='lat' dir='ltr'><strong>in</strong></span> <span class='ocrx_word' id='word_1_488' title='bbox 1093 3622 1436 3692; x_wconf 89' lang='lat' dir='ltr'><strong>ignorantia</strong></span> <span class='ocrx_word' id='word_1_489' title='bbox 1469 3629 1649 3699; x_wconf 89' lang='lat' dir='ltr'><strong>atque</strong></span> <span class='ocrx_word' id='word_1_490' title='bbox 1692 3625 1755 3681; x_wconf 92' lang='lat' dir='ltr'><strong>in</strong></span> 
     </span>
    </p>
   </div>
   <div class='ocr_carea' id='block_1_68' title="bbox 111 3704 1756 3785">
    <p class='ocr_par' dir='ltr' id='par_1_68' title="bbox 111 3704 1756 3785">
     <span class='ocr_line' id='line_1_68' title="bbox 111 3704 1756 3785; baseline 0.006 -24"><span class='ocrx_word' id='word_1_491' title='bbox 111 3704 478 3777; x_wconf 87' lang='lat' dir='ltr'><strong>inﬁdelitate;</strong></span> <span class='ocrx_word' id='word_1_492' title='bbox 528 3715 583 3765; x_wconf 91' lang='lat' dir='ltr'><strong>et</strong></span> <span class='ocrx_word' id='word_1_493' title='bbox 628 3711 884 3780; x_wconf 83' lang='lat' dir='ltr'><strong>posteris</strong></span> <span class='ocrx_word' id='word_1_494' title='bbox 912 3712 1079 3782; x_wconf 85' lang='lat' dir='ltr'><strong>meis,</strong></span> <span class='ocrx_word' id='word_1_495' title='bbox 1110 3715 1525 3785; x_wconf 89' lang='lat' dir='ltr'><strong>permansuris</strong></span> <span class='ocrx_word' id='word_1_496' title='bbox 1560 3716 1620 3770; x_wconf 93' lang='lat' dir='ltr'><strong>in</strong></span> <span class='ocrx_word' id='word_1_497' title='bbox 1647 3714 1756 3771; x_wconf 92' lang='lat' dir='ltr'><strong>hu-</strong></span> 
     </span>
    </p>
   </div>
   <div class='ocr_carea' id='block_1_69' title="bbox 111 3798 1754 3873">
    <p class='ocr_par' dir='ltr' id='par_1_69' title="bbox 111 3798 1754 3873">
     <span class='ocr_line' id='line_1_69' title="bbox 111 3798 1754 3873; baseline 0.006 -21"><span class='ocrx_word' id='word_1_498' title='bbox 111 3811 279 3853; x_wconf 88' lang='lat' dir='ltr'><strong>mana</strong></span> <span class='ocrx_word' id='word_1_499' title='bbox 323 3798 666 3872; x_wconf 90' lang='lat' dir='ltr'><strong>sapientia;</strong></span> <span class='ocrx_word' id='word_1_500' title='bbox 706 3801 1001 3873; x_wconf 84' lang='lat' dir='ltr'><strong>stirpique</strong></span> <span class='ocrx_word' id='word_1_501' title='bbox 1044 3817 1207 3869; x_wconf 67' lang='lat' dir='ltr'><strong>meae,</strong></span> <span class='ocrx_word' id='word_1_502' title='bbox 1237 3803 1567 3861; x_wconf 89' lang='lat' dir='ltr'><strong>meditandi</strong></span> <span class='ocrx_word' id='word_1_503' title='bbox 1596 3806 1754 3862; x_wconf 91' lang='lat' dir='ltr'><strong>hanc</strong></span> 
     </span>
    </p>
   </div>
   <div class='ocr_carea' id='block_1_70' title="bbox 109 3884 1757 3968">
    <p class='ocr_par' dir='ltr' id='par_1_70' title="bbox 109 3884 1757 3968">
     <span class='ocr_line' id='line_1_70' title="bbox 109 3884 1757 3968; baseline 0.007 -26"><span class='ocrx_word' id='word_1_504' title='bbox 109 3884 569 3958; x_wconf 87' lang='lat' dir='ltr'><strong>intelligentiam.</strong></span> <span class='ocrx_word' id='word_1_505' title='bbox 603 3889 722 3947; x_wconf 86' lang='lat' dir='ltr'><strong>Sed</strong></span> <span class='ocrx_word' id='word_1_506' title='bbox 740 3892 929 3960; x_wconf 88' lang='lat' dir='ltr'><strong>juxta</strong></span> <span class='ocrx_word' id='word_1_507' title='bbox 960 3893 1435 3951; x_wconf 85' lang='lat' dir='ltr'><strong>misericordiam</strong></span> <span class='ocrx_word' id='word_1_508' title='bbox 1465 3911 1647 3968; x_wconf 72' lang='lat' dir='ltr'><strong>quam</strong></span> <span class='ocrx_word' id='word_1_509' title='bbox 1668 3898 1757 3967; x_wconf 86' lang='lat' dir='ltr'><strong>fe-</strong></span> 
     </span>
    </p>
   </div>
   <div class='ocr_carea' id='block_1_71' title="bbox 111 3978 1758 4057">
    <p class='ocr_par' dir='ltr' id='par_1_71' title="bbox 111 3978 1758 4057">
     <span class='ocr_line' id='line_1_71' title="bbox 111 3978 1758 4057; baseline 0.007 -26"><span class='ocrx_word' id='word_1_510' title='bbox 111 3978 161 4031; x_wconf 88' lang='lat' dir='ltr'><strong>ci</strong></span> <span class='ocrx_word' id='word_1_511' title='bbox 183 3978 301 4049; x_wconf 84' lang='lat' dir='ltr'><strong>tibi,</strong></span> <span class='ocrx_word' id='word_1_512' title='bbox 333 3978 393 4034; x_wconf 89' lang='lat' dir='ltr'><strong>id</strong></span> <span class='ocrx_word' id='word_1_513' title='bbox 424 3984 520 4036; x_wconf 90' lang='lat' dir='ltr'><strong>est</strong></span> <span class='ocrx_word' id='word_1_514' title='bbox 548 3981 789 4053; x_wconf 87' lang='lat' dir='ltr'><strong>corpori</strong></span> <span class='ocrx_word' id='word_1_515' title='bbox 824 3981 1132 4055; x_wconf 88' lang='lat' dir='ltr'><strong>tuo,quod</strong></span> <span class='ocrx_word' id='word_1_516' title='bbox 1159 3989 1247 4039; x_wconf 92' lang='lat' dir='ltr'><strong>est</strong></span> <span class='ocrx_word' id='word_1_517' title='bbox 1269 3984 1547 4057; x_wconf 82' lang='lat' dir='ltr'><strong>Ecclesia,</strong></span> <span class='ocrx_word' id='word_1_518' title='bbox 1566 3987 1758 4057; x_wconf 78' lang='lat' dir='ltr'><strong>facies</strong></span> 
     </span>
    </p>
   </div>
   <div class='ocr_carea' id='block_1_72' title="bbox 112 4067 1763 4147">
    <p class='ocr_par' dir='ltr' id='par_1_72' title="bbox 112 4067 1763 4147">
     <span class='ocr_line' id='line_1_72' title="bbox 112 4067 1763 4147; baseline 0.008 -28"><span class='ocrx_word' id='word_1_519' title='bbox 112 4067 260 4135; x_wconf 86' lang='lat' dir='ltr'><strong>mihi,</strong></span> <span class='ocrx_word' id='word_1_520' title='bbox 292 4074 344 4125; x_wconf 88' lang='lat' dir='ltr'><strong>et</strong></span> <span class='ocrx_word' id='word_1_521' title='bbox 376 4075 560 4126; x_wconf 58' lang='lat' dir='ltr'><strong>terra?</strong></span> <span class='ocrx_word' id='word_1_522' title='bbox 584 4071 647 4125; x_wconf 86' lang='lat' dir='ltr'><strong>in</strong></span> <span class='ocrx_word' id='word_1_523' title='bbox 677 4085 799 4143; x_wconf 89' lang='lat' dir='ltr'><strong>qua</strong></span> <span class='ocrx_word' id='word_1_524' title='bbox 832 4078 1108 4129; x_wconf 85' lang='lat' dir='ltr'><strong>versatus</strong></span> <span class='ocrx_word' id='word_1_525' title='bbox 1153 4087 1213 4130; x_wconf 90' lang='lat' dir='ltr'><strong>es</strong></span> <span class='ocrx_word' id='word_1_526' title='bbox 1262 4074 1544 4147; x_wconf 84' lang='lat' dir='ltr'><strong>advena;</strong></span> <span class='ocrx_word' id='word_1_527' title='bbox 1579 4079 1645 4131; x_wconf 86' lang='lat' dir='ltr'><strong>ut</strong></span> <span class='ocrx_word' id='word_1_528' title='bbox 1672 4079 1763 4132; x_wconf 92' lang='lat' dir='ltr'><strong>est</strong></span> 
     </span>
    </p>
   </div>
   <div class='ocr_carea' id='block_1_73' title="bbox 110 4154 1763 4240">
    <p class='ocr_par' dir='ltr' id='par_1_73' title="bbox 110 4154 1763 4240">
     <span class='ocr_line' id='line_1_73' title="bbox 110 4154 1763 4240; baseline 0.007 -31"><span class='ocrx_word' id='word_1_529' title='bbox 110 4154 278 4213; x_wconf 88' lang='lat' dir='ltr'><strong>illud:</strong></span> <span class='ocrx_word' id='word_1_530' title='bbox 328 4159 544 4229; x_wconf 84' lang='lat' dir='ltr'><strong>Vulpes</strong></span> <span class='ocrx_word' id='word_1_531' title='bbox 579 4159 797 4240; x_wconf 70' lang='lat' dir='ltr'><strong>foveas</strong></span> <span class='ocrx_word' id='word_1_532' title='bbox 850 4159 1089 4227; x_wconf 77' lang='lat' dir='ltr'><strong>habent,</strong></span> <span class='ocrx_word' id='word_1_533' title='bbox 1112 4168 1169 4218; x_wconf 90' lang='lat' dir='ltr'><strong>et</strong></span> <span class='ocrx_word' id='word_1_534' title='bbox 1198 4164 1469 4221; x_wconf 83' lang='lat' dir='ltr'><strong>volucres</strong></span> <span class='ocrx_word' id='word_1_535' title='bbox 1508 4166 1647 4222; x_wconf 77' lang='lat' dir='ltr'><strong>caeli</strong></span> <span class='ocrx_word' id='word_1_536' title='bbox 1672 4166 1763 4223; x_wconf 88' lang='lat' dir='ltr'><strong>ni-</strong></span> 
     </span>
    </p>
   </div>
   <div class='ocr_carea' id='block_1_74' title="bbox 110 4243 1763 4327">
    <p class='ocr_par' dir='ltr' id='par_1_74' title="bbox 110 4243 1763 4327">
     <span class='ocr_line' id='line_1_74' title="bbox 110 4243 1763 4327; baseline 0.009 -29"><span class='ocrx_word' id='word_1_537' title='bbox 110 4243 218 4312; x_wconf 85' lang='lat' dir='ltr'><strong>dos,</strong></span> <span class='ocrx_word' id='word_1_538' title='bbox 245 4247 406 4316; x_wconf 80' lang='lat' dir='ltr'><strong>ﬁlius</strong></span> <span class='ocrx_word' id='word_1_539' title='bbox 457 4255 664 4306; x_wconf 86' lang='lat' dir='ltr'><strong>autem</strong></span> <span class='ocrx_word' id='word_1_540' title='bbox 721 4249 980 4307; x_wconf 88' lang='lat' dir='ltr'><strong>hominis</strong></span> <span class='ocrx_word' id='word_1_541' title='bbox 1027 4266 1148 4308; x_wconf 89' lang='lat' dir='ltr'><strong>non</strong></span> <span class='ocrx_word' id='word_1_542' title='bbox 1203 4252 1381 4310; x_wconf 89' lang='lat' dir='ltr'><strong>habet</strong></span> <span class='ocrx_word' id='word_1_543' title='bbox 1436 4253 1539 4310; x_wconf 89' lang='lat' dir='ltr'><strong>ubi</strong></span> <span class='ocrx_word' id='word_1_544' title='bbox 1578 4263 1763 4327; x_wconf 85' lang='lat' dir='ltr'><strong>caput</strong></span> 
     </span>
    </p>
   </div>
   <div class='ocr_carea' id='block_1_75' title="bbox 109 4334 982 4407">
    <p class='ocr_par' dir='ltr' id='par_1_75' title="bbox 109 4334 982 4407">
     <span class='ocr_line' id='line_1_75' title="bbox 109 4334 982 4407; baseline 0.013 -25"><span class='ocrx_word' id='word_1_545' title='bbox 109 4344 261 4387; x_wconf 81' lang='lat' dir='ltr'><strong>suum</strong></span> <span class='ocrx_word' id='word_1_546' title='bbox 288 4335 540 4391; x_wconf 85' lang='lat' dir='ltr'><strong>reclinet</strong></span> <span class='ocrx_word' id='word_1_547' title='bbox 566 4334 737 4404; x_wconf 87' lang='lat' dir='ltr'><strong>(Luc.</strong></span> <span class='ocrx_word' id='word_1_548' title='bbox 766 4351 847 4403; x_wconf 79' lang='lat' dir='ltr'><strong>Ix,</strong></span> <span class='ocrx_word' id='word_1_549' title='bbox 873 4339 982 4407; x_wconf 84' lang='lat'><strong>58).</strong></span> 
     </span>
    </p>
   </div>
   <div class='ocr_carea' id='block_1_76' title="bbox 172 4417 1761 4495">
    <p class='ocr_par' dir='ltr' id='par_1_76' title="bbox 172 4417 1761 4495">
     <span class='ocr_line' id='line_1_76' title="bbox 172 4417 1761 4495; baseline 0.007 -23"><span class='ocrx_word' id='word_1_550' title='bbox 172 4417 452 4490; x_wconf 88' lang='lat' dir='ltr'><strong>Dixitque</strong></span> <span class='ocrx_word' id='word_1_551' title='bbox 480 4418 844 4477; x_wconf 88' lang='lat' dir='ltr'><strong>Abraham:</strong></span> <span class='ocrx_word' id='word_1_552' title='bbox 894 4421 1026 4493; x_wconf 85' lang='lat' dir='ltr'><strong>Ego</strong></span> <span class='ocrx_word' id='word_1_553' title='bbox 1059 4422 1329 4493; x_wconf 80' lang='lat' dir='ltr'><strong>jurabo,‘</strong></span> <span class='ocrx_word' id='word_1_554' title='bbox 1370 4422 1543 4495; x_wconf 82' lang='lat' dir='ltr'><strong>juxta</strong></span> <span class='ocrx_word' id='word_1_555' title='bbox 1580 4424 1761 4483; x_wconf 90' lang='lat' dir='ltr'><strong>illud:</strong></span> 
     </span>
    </p>
   </div>
   <div class='ocr_carea' id='block_1_77' title="bbox 130 4504 1765 4585">
    <p class='ocr_par' dir='ltr' id='par_1_77' title="bbox 130 4504 1765 4585">
     <span class='ocr_line' id='line_1_77' title="bbox 130 4504 1765 4585; baseline 0.009 -24"><span class='ocrx_word' id='word_1_556' title='bbox 130 4504 231 4572; x_wconf 83' lang='lat' dir='ltr'><strong>Qui</strong></span> <span class='ocrx_word' id='word_1_557' title='bbox 276 4510 600 4567; x_wconf 79' lang='lat' dir='ltr'><strong>crediderit</strong></span> <span class='ocrx_word' id='word_1_558' title='bbox 647 4515 702 4569; x_wconf 89' lang='lat' dir='ltr'><strong>et</strong></span> <span class='ocrx_word' id='word_1_559' title='bbox 767 4510 1105 4580; x_wconf 82' lang='lat' dir='ltr'><strong>baptizatus</strong></span> <span class='ocrx_word' id='word_1_560' title='bbox 1142 4513 1358 4585; x_wconf 87' lang='lat' dir='ltr'><strong>fuerit,</strong></span> <span class='ocrx_word' id='word_1_561' title='bbox 1389 4516 1594 4573; x_wconf 88' lang='lat' dir='ltr'><strong>salvus</strong></span> <span class='ocrx_word' id='word_1_562' title='bbox 1652 4520 1765 4575; x_wconf 88' lang='lat' dir='ltr'><strong>erit</strong></span> 
     </span>
    </p>
   </div>
   <div class='ocr_carea' id='block_1_78' title="bbox 108 4588 1766 4678">
    <p class='ocr_par' dir='ltr' id='par_1_78' title="bbox 108 4588 1766 4678">
     <span class='ocr_line' id='line_1_78' title="bbox 108 4588 1766 4678; baseline 0.008 -27"><span class='ocrx_word' id='word_1_563' title='bbox 108 4588 329 4654; x_wconf 74' lang='lat' dir='ltr'><strong>(Matth.</strong></span> <span class='ocrx_word' id='word_1_564' title='bbox 356 4616 471 4660; x_wconf 76' lang='lat' dir='ltr'><strong>xvi.</strong></span> <span class='ocrx_word' id='word_1_565' title='bbox 510 4600 620 4667; x_wconf 87' lang='lat' dir='ltr'><strong>l6).</strong></span> <span class='ocrx_word' id='word_1_566' title='bbox 653 4631 725 4641; x_wconf 90' lang='lat'><strong>—-</strong></span> <span class='ocrx_word' id='word_1_567' title='bbox 751 4600 833 4657; x_wconf 87' lang='lat' dir='ltr'><strong>Et</strong></span> <span class='ocrx_word' id='word_1_568' title='bbox 863 4602 1203 4671; x_wconf 88' lang='lat' dir='ltr'><strong>increpavit</strong></span> <span class='ocrx_word' id='word_1_569' title='bbox 1240 4602 1591 4664; x_wconf 86' lang='lat' dir='ltr'><strong>Abimelech</strong></span> <span class='ocrx_word' id='word_1_570' title='bbox 1618 4623 1766 4678; x_wconf 89' lang='lat' dir='ltr'><strong>pro-</strong></span> 
     </span>
    </p>
   </div>
   <div class='ocr_carea' id='block_1_79' title="bbox 108 4690 1761 4763">
    <p class='ocr_par' dir='ltr' id='par_1_79' title="bbox 108 4690 1761 4763">
     <span class='ocr_line' id='line_1_79' title="bbox 108 4690 1761 4763; baseline 0.008 -21"><span class='ocrx_word' id='word_1_571' title='bbox 108 4690 227 4751; x_wconf 80' lang='lat' dir='ltr'><strong>pter</strong></span> <span class='ocrx_word' id='word_1_572' title='bbox 251 4693 497 4757; x_wconf 87' lang='lat' dir='ltr'><strong>puteum</strong></span> <span class='ocrx_word' id='word_1_573' title='bbox 528 4703 726 4762; x_wconf 67' lang='lat' dir='ltr'><strong>aquae,</strong></span> <span class='ocrx_word' id='word_1_574' title='bbox 757 4705 928 4763; x_wconf 88' lang='lat' dir='ltr'><strong>quem</strong></span> <span class='ocrx_word' id='word_1_575' title='bbox 977 4694 1039 4747; x_wconf 87' lang='lat' dir='ltr'><strong>vi</strong></span> <span class='ocrx_word' id='word_1_576' title='bbox 1063 4692 1445 4751; x_wconf 84' lang='lat' dir='ltr'><strong>abstulerant</strong></span> <span class='ocrx_word' id='word_1_577' title='bbox 1482 4697 1644 4753; x_wconf 86' lang='lat' dir='ltr'><strong>servi</strong></span> <span class='ocrx_word' id='word_1_578' title='bbox 1689 4699 1761 4755; x_wconf 87' lang='lat' dir='ltr'><strong>il-</strong></span> 
     </span>
    </p>
   </div>
   <div class='ocr_carea' id='block_1_80' title="bbox 114 4771 1760 4855">
    <p class='ocr_par' dir='ltr' id='par_1_80' title="bbox 114 4771 1760 4855">
     <span class='ocr_line' id='line_1_80' title="bbox 114 4771 1760 4855; baseline 0.011 -28"><span class='ocrx_word' id='word_1_579' title='bbox 114 4771 252 4847; x_wconf 82' lang='lat' dir='ltr'><strong>lius;</strong></span> <span class='ocrx_word' id='word_1_580' title='bbox 274 4778 421 4850; x_wconf 83' lang='lat' dir='ltr'><strong>quia</strong></span> <span class='ocrx_word' id='word_1_581' title='bbox 468 4778 698 4837; x_wconf 86' lang='lat' dir='ltr'><strong>multos</strong></span> <span class='ocrx_word' id='word_1_582' title='bbox 746 4795 823 4837; x_wconf 80' lang='lat' dir='ltr'><strong>ex</strong></span> <span class='ocrx_word' id='word_1_583' title='bbox 872 4780 1258 4839; x_wconf 88' lang='lat' dir='ltr'><strong>credentibus</strong></span> <span class='ocrx_word' id='word_1_584' title='bbox 1310 4790 1640 4855; x_wconf 89' lang='lat' dir='ltr'><strong>coegerunt</strong></span> <span class='ocrx_word' id='word_1_585' title='bbox 1677 4788 1760 4846; x_wconf 90' lang='lat' dir='ltr'><strong>ad</strong></span> 
     </span>
    </p>
   </div>
   <div class='ocr_carea' id='block_1_81' title="bbox 113 4859 608 4926">
    <p class='ocr_par' dir='ltr' id='par_1_81' title="bbox 113 4859 608 4926">
     <span class='ocr_line' id='line_1_81' title="bbox 113 4859 608 4926; baseline 0.022 -10"><span class='ocrx_word' id='word_1_586' title='bbox 113 4859 256 4921; x_wconf 88' lang='lat' dir='ltr'><strong>idola</strong></span> <span class='ocrx_word' id='word_1_587' title='bbox 280 4865 608 4926; x_wconf 86' lang='lat' dir='ltr'><strong>declinare.</strong></span> 
     </span>
    </p>
   </div>
   <div class='ocr_carea' id='block_1_82' title="bbox 171 4948 1757 5033">
    <p class='ocr_par' dir='ltr' id='par_1_82' title="bbox 171 4948 1757 5033">
     <span class='ocr_line' id='line_1_82' title="bbox 171 4948 1757 5033; baseline 0.01 -29"><span class='ocrx_word' id='word_1_588' title='bbox 171 4948 608 5027; x_wconf 82' lang='lat' dir='ltr'><strong>Responditque</strong></span> <span class='ocrx_word' id='word_1_589' title='bbox 642 4953 1035 5013; x_wconf 87' lang='lat' dir='ltr'><strong>Abimelech:</strong></span> <span class='ocrx_word' id='word_1_590' title='bbox 1082 4958 1322 5015; x_wconf 86' lang='lat' dir='ltr'><strong>Nescivi</strong></span> <span class='ocrx_word' id='word_1_591' title='bbox 1362 4960 1495 5032; x_wconf 88' lang='lat' dir='ltr'><strong>quis</strong></span> <span class='ocrx_word' id='word_1_592' title='bbox 1543 4962 1757 5033; x_wconf 83' lang='lat' dir='ltr'><strong>fecerit</strong></span> 
     </span>
    </p>
   </div>
   <div class='ocr_carea' id='block_1_83' title="bbox 117 5032 1752 5122">
    <p class='ocr_par' dir='ltr' id='par_1_83' title="bbox 117 5032 1752 5122">
     <span class='ocr_line' id='line_1_83' title="bbox 117 5032 1752 5122; baseline 0.01 -30"><span class='ocrx_word' id='word_1_593' title='bbox 117 5032 255 5096; x_wconf 82' lang='lat' dir='ltr'><strong>hanc</strong></span> <span class='ocrx_word' id='word_1_594' title='bbox 281 5056 427 5099; x_wconf 86' lang='lat' dir='ltr'><strong>rem.</strong></span> <span class='ocrx_word' id='word_1_595' title='bbox 458 5042 583 5101; x_wconf 89' lang='lat' dir='ltr'><strong>Sed</strong></span> <span class='ocrx_word' id='word_1_596' title='bbox 619 5048 676 5101; x_wconf 87' lang='lat' dir='ltr'><strong>et</strong></span> <span class='ocrx_word' id='word_1_597' title='bbox 711 5049 780 5101; x_wconf 91' lang='lat' dir='ltr'><strong>tu</strong></span> <span class='ocrx_word' id='word_1_598' title='bbox 809 5060 930 5102; x_wconf 87' lang='lat' dir='ltr'><strong>non</strong></span> <span class='ocrx_word' id='word_1_599' title='bbox 953 5046 1242 5105; x_wconf 86' lang='lat' dir='ltr'><strong>indicasti</strong></span> <span class='ocrx_word' id='word_1_600' title='bbox 1257 5047 1424 5107; x_wconf 87' lang='lat' dir='ltr'><strong>mihi.</strong></span> <span class='ocrx_word' id='word_1_601' title='bbox 1460 5050 1752 5122; x_wconf 89' lang='lat' dir='ltr'><strong>Subaudi,</strong></span> 
     </span>
    </p>
   </div>
   <div class='ocr_carea' id='block_1_84' title="bbox 116 5131 1412 5211">
    <p class='ocr_par' dir='ltr' id='par_1_84' title="bbox 116 5131 1412 5211">
     <span class='ocr_line' id='line_1_84' title="bbox 116 5131 1412 5211; baseline 0.012 -31"><span class='ocrx_word' id='word_1_602' title='bbox 116 5137 289 5200; x_wconf 88' lang='lat' dir='ltr'><strong>neque</strong></span> <span class='ocrx_word' id='word_1_603' title='bbox 311 5145 420 5204; x_wconf 89' lang='lat' dir='ltr'><strong>per</strong></span> <span class='ocrx_word' id='word_1_604' title='bbox 445 5131 672 5204; x_wconf 87' lang='lat' dir='ltr'><strong>legem,</strong></span> <span class='ocrx_word' id='word_1_605' title='bbox 702 5149 904 5209; x_wconf 90' lang='lat' dir='ltr'><strong>neque</strong></span> <span class='ocrx_word' id='word_1_606' title='bbox 929 5150 1040 5210; x_wconf 89' lang='lat' dir='ltr'><strong>per</strong></span> <span class='ocrx_word' id='word_1_607' title='bbox 1062 5137 1412 5211; x_wconf 88' lang='lat' dir='ltr'><strong>prophetas.</strong></span> 
     </span>
    </p>
   </div>
   <div class='ocr_carea' id='block_1_85' title="bbox 179 5217 1749 5304">
    <p class='ocr_par' dir='ltr' id='par_1_85' title="bbox 179 5217 1749 5304">
     <span class='ocr_line' id='line_1_85' title="bbox 179 5217 1749 5304; baseline 0.009 -30"><span class='ocrx_word' id='word_1_608' title='bbox 179 5217 324 5276; x_wconf 78' lang='lat' dir='ltr'><strong>Tulit</strong></span> <span class='ocrx_word' id='word_1_609' title='bbox 355 5222 567 5296; x_wconf 88' lang='lat' dir='ltr'><strong>itaque</strong></span> <span class='ocrx_word' id='word_1_610' title='bbox 590 5223 908 5282; x_wconf 84' lang='lat' dir='ltr'><strong>Abraham</strong></span> <span class='ocrx_word' id='word_1_611' title='bbox 944 5240 1098 5295; x_wconf 88' lang='lat' dir='ltr'><strong>oves,</strong></span> <span class='ocrx_word' id='word_1_612' title='bbox 1129 5225 1406 5285; x_wconf 89' lang='lat' dir='ltr'><strong>videlicet</strong></span> <span class='ocrx_word' id='word_1_613' title='bbox 1428 5227 1749 5304; x_wconf 89' lang='lat' dir='ltr'><strong>simplices,</strong></span> 
     </span>
    </p>
   </div>
   <div class='ocr_carea' id='block_1_86' title="bbox 119 5305 1754 5391">
    <p class='ocr_par' dir='ltr' id='par_1_86' title="bbox 119 5305 1754 5391">
     <span class='ocr_line' id='line_1_86' title="bbox 119 5305 1754 5391; baseline 0.008 -27"><span class='ocrx_word' id='word_1_614' title='bbox 119 5308 162 5357; x_wconf 77' lang='lat' dir='ltr'><strong>et</strong></span> <span class='ocrx_word' id='word_1_615' title='bbox 195 5305 369 5382; x_wconf 85' lang='lat' dir='ltr'><strong>boves,</strong></span> <span class='ocrx_word' id='word_1_616' title='bbox 401 5311 630 5369; x_wconf 88' lang='lat' dir='ltr'><strong>scilicet</strong></span> <span class='ocrx_word' id='word_1_617' title='bbox 653 5312 955 5382; x_wconf 91' lang='lat' dir='ltr'><strong>doctores,</strong></span> <span class='ocrx_word' id='word_1_618' title='bbox 987 5320 1045 5374; x_wconf 91' lang='lat' dir='ltr'><strong>et</strong></span> <span class='ocrx_word' id='word_1_619' title='bbox 1075 5316 1253 5373; x_wconf 84' lang='lat' dir='ltr'><strong>dedit</strong></span> <span class='ocrx_word' id='word_1_620' title='bbox 1291 5317 1661 5391; x_wconf 88' lang='lat' dir='ltr'><strong>Abimelech,</strong></span> <span class='ocrx_word' id='word_1_621' title='bbox 1689 5318 1754 5376; x_wconf 91' lang='lat' dir='ltr'><strong>id</strong></span> 
     </span>
    </p>
   </div>
   <div class='ocr_carea' id='block_1_87' title="bbox 117 5397 1755 5482">
    <p class='ocr_par' dir='ltr' id='par_1_87' title="bbox 117 5397 1755 5482">
     <span class='ocr_line' id='line_1_87' title="bbox 117 5397 1755 5482; baseline 0.01 -31"><span class='ocrx_word' id='word_1_622' title='bbox 117 5397 192 5450; x_wconf 81' lang='lat' dir='ltr'><strong>est</strong></span> <span class='ocrx_word' id='word_1_623' title='bbox 240 5401 628 5473; x_wconf 87' lang='lat' dir='ltr'><strong>sequentibus</strong></span> <span class='ocrx_word' id='word_1_624' title='bbox 679 5402 864 5477; x_wconf 88' lang='lat' dir='ltr'><strong>hujus</strong></span> <span class='ocrx_word' id='word_1_625' title='bbox 913 5405 1148 5464; x_wconf 90' lang='lat' dir='ltr'><strong>mundi.</strong></span> <span class='ocrx_word' id='word_1_626' title='bbox 1201 5407 1755 5482; x_wconf 86' lang='lat' dir='ltr'><strong>Percusseruntque</strong></span> 
     </span>
    </p>
   </div>
   <div class='ocr_carea' id='block_1_88' title="bbox 121 5483 507 5559">
    <p class='ocr_par' dir='ltr' id='par_1_88' title="bbox 121 5483 507 5559">
     <span class='ocr_line' id='line_1_88' title="bbox 121 5483 507 5559; baseline 0.016 -17"><span class='ocrx_word' id='word_1_627' title='bbox 121 5483 266 5542; x_wconf 80' lang='lat' dir='ltr'><strong>ambo</strong></span> <span class='ocrx_word' id='word_1_628' title='bbox 287 5489 507 5559; x_wconf 72' lang='lat' dir='ltr'><strong>laedas.</strong></span> 
     </span>
    </p>
   </div>
   <div class='ocr_carea' id='block_1_89' title="bbox 179 5569 1757 5657">
    <p class='ocr_par' dir='ltr' id='par_1_89' title="bbox 179 5569 1757 5657">
     <span class='ocr_line' id='line_1_89' title="bbox 179 5569 1757 5657; baseline 0.01 -30"><span class='ocrx_word' id='word_1_629' title='bbox 179 5569 244 5625; x_wconf 84' lang='lat' dir='ltr'><strong>Et</strong></span> <span class='ocrx_word' id='word_1_630' title='bbox 258 5577 465 5633; x_wconf 87' lang='lat' dir='ltr'><strong>statuit</strong></span> <span class='ocrx_word' id='word_1_631' title='bbox 477 5577 531 5633; x_wconf 88' lang='lat' dir='ltr'><strong>A</strong></span> <span class='ocrx_word' id='word_1_632' title='bbox 541 5577 798 5637; x_wconf 88' lang='lat' dir='ltr'><strong>braham</strong></span> <span class='ocrx_word' id='word_1_633' title='bbox 815 5587 1037 5651; x_wconf 88' lang='lat' dir='ltr'><strong>septem</strong></span> <span class='ocrx_word' id='word_1_634' title='bbox 1052 5596 1246 5655; x_wconf 86' lang='lat' dir='ltr'><strong>agnas</strong></span> <span class='ocrx_word' id='word_1_635' title='bbox 1256 5584 1457 5655; x_wconf 82' lang='lat' dir='ltr'><strong>gregis</strong></span> <span class='ocrx_word' id='word_1_636' title='bbox 1468 5598 1757 5657; x_wconf 89' lang='lat' dir='ltr'><strong>seorsum,</strong></span> 
     </span>
    </p>
   </div>
   <div class='ocr_carea' id='block_1_90' title="bbox 124 5661 1757 5747">
    <p class='ocr_par' dir='ltr' id='par_1_90' title="bbox 124 5661 1757 5747">
     <span class='ocr_line' id='line_1_90' title="bbox 124 5661 1757 5747; baseline 0.014 -38"><span class='ocrx_word' id='word_1_637' title='bbox 124 5661 167 5711; x_wconf 84' lang='lat' dir='ltr'><strong>et</strong></span> <span class='ocrx_word' id='word_1_638' title='bbox 181 5661 411 5737; x_wconf 85' lang='lat' dir='ltr'><strong>reliqua.</strong></span> <span class='ocrx_word' id='word_1_639' title='bbox 430 5669 547 5725; x_wconf 87' lang='lat' dir='ltr'><strong>Per</strong></span> <span class='ocrx_word' id='word_1_640' title='bbox 564 5673 799 5743; x_wconf 89' lang='lat' dir='ltr'><strong>septem</strong></span> <span class='ocrx_word' id='word_1_641' title='bbox 822 5686 1015 5741; x_wconf 89' lang='lat' dir='ltr'><strong>agnas</strong></span> <span class='ocrx_word' id='word_1_642' title='bbox 1033 5672 1453 5744; x_wconf 85' lang='lat' dir='ltr'><strong>signiﬁcantur</strong></span> <span class='ocrx_word' id='word_1_643' title='bbox 1476 5675 1757 5747; x_wconf 90' lang='lat' dir='ltr'><strong>apostoli,</strong></span> 
     </span>
    </p>
   </div>
   <div class='ocr_carea' id='block_1_91' title="bbox 125 5749 1761 5836">
    <p class='ocr_par' dir='ltr' id='par_1_91' title="bbox 125 5749 1761 5836">
     <span class='ocr_line' id='line_1_91' title="bbox 125 5749 1761 5836; baseline 0.008 -27"><span class='ocrx_word' id='word_1_644' title='bbox 125 5749 416 5817; x_wconf 73' lang='lat' dir='ltr'><strong>eptiiormis</strong></span> <span class='ocrx_word' id='word_1_645' title='bbox 445 5758 911 5831; x_wconf 90' lang='lat' dir='ltr'><strong>Spiritussancti</strong></span> <span class='ocrx_word' id='word_1_646' title='bbox 951 5763 1155 5832; x_wconf 87' lang='lat' dir='ltr'><strong>gratia</strong></span> <span class='ocrx_word' id='word_1_647' title='bbox 1184 5762 1437 5836; x_wconf 90' lang='lat' dir='ltr'><strong>repleti.</strong></span> <span class='ocrx_word' id='word_1_648' title='bbox 1475 5763 1597 5821; x_wconf 92' lang='lat' dir='ltr'><strong>Sed</strong></span> <span class='ocrx_word' id='word_1_649' title='bbox 1620 5764 1761 5822; x_wconf 92' lang='lat' dir='ltr'><strong>ideo</strong></span> 
     </span>
    </p>
   </div>
   <div class='ocr_carea' id='block_1_92' title="bbox 123 5842 1763 5928">
    <p class='ocr_par' dir='ltr' id='par_1_92' title="bbox 123 5842 1763 5928">
     <span class='ocr_line' id='line_1_92' title="bbox 123 5842 1763 5928; baseline 0.007 -28"><span class='ocrx_word' id='word_1_650' title='bbox 123 5842 594 5909; x_wconf 65' lang='lat' dir='ltr'><strong>sagnuadicuntur</strong></span> <span class='ocrx_word' id='word_1_651' title='bbox 618 5848 767 5923; x_wconf 88' lang='lat' dir='ltr'><strong>quia</strong></span> <span class='ocrx_word' id='word_1_652' title='bbox 783 5850 1062 5912; x_wconf 85' lang='lat' dir='ltr'><strong>membra</strong></span> <span class='ocrx_word' id='word_1_653' title='bbox 1089 5851 1301 5911; x_wconf 87' lang='lat' dir='ltr'><strong>Christi</strong></span> <span class='ocrx_word' id='word_1_654' title='bbox 1325 5853 1587 5928; x_wconf 86' lang='lat' dir='ltr'><strong>pariunt,</strong></span> <span class='ocrx_word' id='word_1_655' title='bbox 1606 5869 1763 5928; x_wconf 89' lang='lat' dir='ltr'><strong>quos</strong></span> 
     </span>
    </p>
   </div>
   <div class='ocr_carea' id='block_1_93' title="bbox 1864 3292 3529 3364">
    <p class='ocr_par' dir='ltr' id='par_1_93' title="bbox 1864 3292 3529 3364">
     <span class='ocr_line' id='line_1_93' title="bbox 1864 3292 3529 3364; baseline -0.001 -11"><span class='ocrx_word' id='word_1_656' title='bbox 1864 3295 2001 3353; x_wconf 90' lang='lat' dir='ltr'><strong>licet</strong></span> <span class='ocrx_word' id='word_1_657' title='bbox 2054 3293 2345 3351; x_wconf 90' lang='lat' dir='ltr'><strong>Dominus</strong></span> <span class='ocrx_word' id='word_1_658' title='bbox 2383 3308 2455 3349; x_wconf 89' lang='lat' dir='ltr'><strong>ac</strong></span> <span class='ocrx_word' id='word_1_659' title='bbox 2494 3292 2855 3364; x_wconf 83' lang='lat' dir='ltr'><strong>Redemptor</strong></span> <span class='ocrx_word' id='word_1_660' title='bbox 2893 3296 3096 3348; x_wconf 89' lang='lat' dir='ltr'><strong>noster</strong></span> <span class='ocrx_word' id='word_1_661' title='bbox 3130 3293 3194 3348; x_wconf 93' lang='lat' dir='ltr'><strong>in</strong></span> <span class='ocrx_word' id='word_1_662' title='bbox 3234 3292 3529 3351; x_wconf 88' lang='lat' dir='ltr'><strong>Bersabee</strong></span> 
     </span>
    </p>
   </div>
   <div class='ocr_carea' id='block_1_94' title="bbox 1866 3381 3531 3459">
    <p class='ocr_par' dir='ltr' id='par_1_94' title="bbox 1866 3381 3531 3459">
     <span class='ocr_line' id='line_1_94' title="bbox 1866 3381 3531 3459; baseline -0.002 -17"><span class='ocrx_word' id='word_1_663' title='bbox 1866 3383 2181 3459; x_wconf 88' lang='lat' dir='ltr'><strong>plantavit,</strong></span> <span class='ocrx_word' id='word_1_664' title='bbox 2234 3383 2296 3440; x_wconf 88' lang='lat' dir='ltr'><strong>id</strong></span> <span class='ocrx_word' id='word_1_665' title='bbox 2343 3387 2432 3439; x_wconf 90' lang='lat' dir='ltr'><strong>est</strong></span> <span class='ocrx_word' id='word_1_666' title='bbox 2488 3397 2673 3440; x_wconf 70' lang='lat' dir='ltr'><strong>sacra:</strong></span> <span class='ocrx_word' id='word_1_667' title='bbox 2735 3381 3049 3454; x_wconf 70' lang='lat' dir='ltr'><strong>Scriptura:</strong></span> <span class='ocrx_word' id='word_1_668' title='bbox 3112 3381 3380 3451; x_wconf 91' lang='lat' dir='ltr'><strong>inseruit,</strong></span> <span class='ocrx_word' id='word_1_669' title='bbox 3422 3398 3531 3457; x_wconf 90' lang='lat' dir='ltr'><strong>per</strong></span> 
     </span>
    </p>
   </div>
   <div class='ocr_carea' id='block_1_95' title="bbox 1865 3470 3529 3549">
    <p class='ocr_par' dir='ltr' id='par_1_95' title="bbox 1865 3470 3529 3549">
     <span class='ocr_line' id='line_1_95' title="bbox 1865 3470 3529 3549; baseline -0.001 -18"><span class='ocrx_word' id='word_1_670' title='bbox 1865 3491 2128 3549; x_wconf 90' lang='lat' dir='ltr'><strong>quorum</strong></span> <span class='ocrx_word' id='word_1_671' title='bbox 2171 3472 2529 3547; x_wconf 78' lang='lat' dir='ltr'><strong>eloquentiae</strong></span> <span class='ocrx_word' id='word_1_672' title='bbox 2576 3471 3006 3529; x_wconf 87' lang='lat' dir='ltr'><strong>fecunditatem</strong></span> <span class='ocrx_word' id='word_1_673' title='bbox 3057 3474 3162 3543; x_wconf 91' lang='lat' dir='ltr'><strong>[Z.,</strong></span> <span class='ocrx_word' id='word_1_674' title='bbox 3194 3470 3529 3529; x_wconf 87' lang='lat' dir='ltr'><strong>facundita-</strong></span> 
     </span>
    </p>
   </div>
   <div class='ocr_carea' id='block_1_96' title="bbox 1868 3560 3320 3637">
    <p class='ocr_par' dir='ltr' id='par_1_96' title="bbox 1868 3560 3320 3637">
     <span class='ocr_line' id='line_1_96' title="bbox 1868 3560 3320 3637; baseline -0.003 -15"><span class='ocrx_word' id='word_1_675' title='bbox 1868 3568 2011 3636; x_wconf 85' lang='lat' dir='ltr'><strong>tem]</strong></span> <span class='ocrx_word' id='word_1_676' title='bbox 2034 3579 2171 3621; x_wconf 89' lang='lat' dir='ltr'><strong>eam</strong></span> <span class='ocrx_word' id='word_1_677' title='bbox 2198 3562 2261 3620; x_wconf 91' lang='lat' dir='ltr'><strong>in</strong></span> <span class='ocrx_word' id='word_1_678' title='bbox 2287 3561 2602 3637; x_wconf 90' lang='lat' dir='ltr'><strong>superﬁcie</strong></span> <span class='ocrx_word' id='word_1_679' title='bbox 2630 3560 2955 3617; x_wconf 90' lang='lat' dir='ltr'><strong>verborum</strong></span> <span class='ocrx_word' id='word_1_680' title='bbox 2980 3560 3320 3619; x_wconf 90' lang='lat' dir='ltr'><strong>adornavit.</strong></span> 
     </span>
    </p>
   </div>
   <div class='ocr_carea' id='block_1_97' title="bbox 2478 3669 2913 3727">
    <p class='ocr_par' dir='ltr' id='par_1_97' title="bbox 2478 3669 2913 3727">
     <span class='ocr_line' id='line_1_97' title="bbox 2478 3669 2913 3727; baseline -0.002 -3"><span class='ocrx_word' id='word_1_681' title='bbox 2478 3669 2718 3727; x_wconf 80' lang='lat' dir='ltr'><strong>CAPUT</strong></span> <span class='ocrx_word' id='word_1_682' title='bbox 2756 3670 2913 3726; x_wconf 81' lang='lat' dir='ltr'><strong>XXII.</strong></span> 
     </span>
    </p>
   </div>
   <div class='ocr_carea' id='block_1_98' title="bbox 1940 3758 3534 3829">
    <p class='ocr_par' dir='ltr' id='par_1_98' title="bbox 1940 3758 3534 3829">
     <span class='ocr_line' id='line_1_98' title="bbox 1940 3758 3534 3829; baseline 0.002 -16"><span class='ocrx_word' id='word_1_683' title='bbox 1940 3760 2116 3817; x_wconf 73' lang='lat' dir='ltr'><strong>Vsus.</strong></span> <span class='ocrx_word' id='word_1_684' title='bbox 2153 3764 2202 3816; x_wconf 78' lang='lat' dir='ltr'><strong>l.</strong></span> <span class='ocrx_word' id='word_1_685' title='bbox 2232 3792 2302 3802; x_wconf 98' lang='lat'><strong>—</strong></span> <span class='ocrx_word' id='word_1_686' title='bbox 2337 3761 2609 3817; x_wconf 86' lang='lat' dir='ltr'><strong>Tentavit</strong></span> <span class='ocrx_word' id='word_1_687' title='bbox 2630 3760 2789 3816; x_wconf 84' lang='lat' dir='ltr'><strong>Deus</strong></span> <span class='ocrx_word' id='word_1_688' title='bbox 2811 3759 3152 3829; x_wconf 86' lang='lat' dir='ltr'><strong>Abraham,</strong></span> <span class='ocrx_word' id='word_1_689' title='bbox 3186 3763 3239 3815; x_wconf 91' lang='lat' dir='ltr'><strong>et</strong></span> <span class='ocrx_word' id='word_1_690' title='bbox 3262 3758 3421 3815; x_wconf 85' lang='lat' dir='ltr'><strong>dixit</strong></span> <span class='ocrx_word' id='word_1_691' title='bbox 3451 3758 3534 3816; x_wconf 86' lang='lat' dir='ltr'><strong>ad</strong></span> 
     </span>
    </p>
   </div>
   <div class='ocr_carea' id='block_1_99' title="bbox 1867 3847 3530 3922">
    <p class='ocr_par' dir='ltr' id='par_1_99' title="bbox 1867 3847 3530 3922">
     <span class='ocr_line' id='line_1_99' title="bbox 1867 3847 3530 3922; baseline -0.001 -15"><span class='ocrx_word' id='word_1_692' title='bbox 1867 3860 2023 3920; x_wconf 88' lang='lat' dir='ltr'><strong>eum,</strong></span> <span class='ocrx_word' id='word_1_693' title='bbox 2052 3854 2109 3907; x_wconf 90' lang='lat' dir='ltr'><strong>et</strong></span> <span class='ocrx_word' id='word_1_694' title='bbox 2153 3848 2407 3922; x_wconf 89' lang='lat' dir='ltr'><strong>reliqua,</strong></span> <span class='ocrx_word' id='word_1_695' title='bbox 2440 3864 2759 3922; x_wconf 90' lang='lat' dir='ltr'><strong>usquequo</strong></span> <span class='ocrx_word' id='word_1_696' title='bbox 2805 3847 3042 3919; x_wconf 89' lang='lat' dir='ltr'><strong>dicitur,</strong></span> <span class='ocrx_word' id='word_1_697' title='bbox 3073 3848 3530 3920; x_wconf 85' lang='lat' dir='ltr'><strong>appellavitque</strong></span> 
     </span>
    </p>
   </div>
   <div class='ocr_carea' id='block_1_100' title="bbox 1872 3938 2986 3996">
    <p class='ocr_par' dir='ltr' id='par_1_100' title="bbox 1872 3938 2986 3996">
     <span class='ocr_line' id='line_1_100' title="bbox 1872 3938 2986 3996; baseline -0.004 0"><span class='ocrx_word' id='word_1_698' title='bbox 1872 3955 2086 3996; x_wconf 84' lang='lat' dir='ltr'><strong>nomen</strong></span> <span class='ocrx_word' id='word_1_699' title='bbox 2116 3940 2234 3996; x_wconf 87' lang='lat' dir='ltr'><strong>loci</strong></span> <span class='ocrx_word' id='word_1_700' title='bbox 2261 3940 2471 3995; x_wconf 87' lang='lat' dir='ltr'><strong>illius:</strong></span> <span class='ocrx_word' id='word_1_701' title='bbox 2493 3939 2783 3993; x_wconf 83' lang='lat' dir='ltr'><strong>Dominus</strong></span> <span class='ocrx_word' id='word_1_702' title='bbox 2808 3938 2986 3993; x_wconf 83' lang='lat' dir='ltr'><strong>videt.</strong></span> 
     </span>
    </p>
   </div>
   <div class='ocr_carea' id='block_1_101' title="bbox 1943 4042 3531 4118">
    <p class='ocr_par' dir='ltr' id='par_1_101' title="bbox 1943 4042 3531 4118">
     <span class='ocr_line' id='line_1_101' title="bbox 1943 4042 3531 4118; baseline -0.002 -15"><span class='ocrx_word' id='word_1_703' title='bbox 1943 4046 2138 4113; x_wconf 62' lang='lat' dir='ltr'><strong>Quaeri</strong></span> <span class='ocrx_word' id='word_1_704' title='bbox 2161 4045 2311 4103; x_wconf 90' lang='lat' dir='ltr'><strong>solet</strong></span> <span class='ocrx_word' id='word_1_705' title='bbox 2339 4044 2653 4118; x_wconf 89' lang='lat' dir='ltr'><strong>quomodo</strong></span> <span class='ocrx_word' id='word_1_706' title='bbox 2684 4060 2891 4101; x_wconf 90' lang='lat' dir='ltr'><strong>verum</strong></span> <span class='ocrx_word' id='word_1_707' title='bbox 2921 4044 2998 4100; x_wconf 90' lang='lat' dir='ltr'><strong>sit</strong></span> <span class='ocrx_word' id='word_1_708' title='bbox 3025 4042 3193 4117; x_wconf 91' lang='lat' dir='ltr'><strong>quod</strong></span> <span class='ocrx_word' id='word_1_709' title='bbox 3222 4043 3531 4101; x_wconf 82' lang='lat' dir='ltr'><strong>Abraham</strong></span> 
     </span>
    </p>
   </div>
   <div class='ocr_carea' id='block_1_102' title="bbox 1874 4133 3531 4193">
    <p class='ocr_par' dir='ltr' id='par_1_102' title="bbox 1874 4133 3531 4193">
     <span class='ocr_line' id='line_1_102' title="bbox 1874 4133 3531 4193; baseline 0.001 -1"><span class='ocrx_word' id='word_1_710' title='bbox 1874 4139 2028 4193; x_wconf 89' lang='lat' dir='ltr'><strong>Deus</strong></span> <span class='ocrx_word' id='word_1_711' title='bbox 2068 4140 2295 4193; x_wconf 89' lang='lat' dir='ltr'><strong>tentare</strong></span> <span class='ocrx_word' id='word_1_712' title='bbox 2341 4134 2591 4192; x_wconf 89' lang='lat' dir='ltr'><strong>dicitur:</strong></span> <span class='ocrx_word' id='word_1_713' title='bbox 2632 4151 2774 4191; x_wconf 93' lang='lat' dir='ltr'><strong>cum</strong></span> <span class='ocrx_word' id='word_1_714' title='bbox 2816 4133 3078 4192; x_wconf 72' lang='lat' dir='ltr'><strong>Iacobus</strong></span> <span class='ocrx_word' id='word_1_715' title='bbox 3125 4134 3324 4191; x_wconf 89' lang='lat' dir='ltr'><strong>dicat:</strong></span> <span class='ocrx_word' id='word_1_716' title='bbox 3373 4136 3531 4193; x_wconf 85' lang='lat' dir='ltr'><strong>Deus</strong></span> 
     </span>
    </p>
   </div>
   <div class='ocr_carea' id='block_1_103' title="bbox 1872 4224 3529 4299">
    <p class='ocr_par' dir='ltr' id='par_1_103' title="bbox 1872 4224 3529 4299">
     <span class='ocr_line' id='line_1_103' title="bbox 1872 4224 3529 4299; baseline -0.002 -14"><span class='ocrx_word' id='word_1_717' title='bbox 1872 4228 2165 4285; x_wconf 88' lang='lat' dir='ltr'><strong>neminem</strong></span> <span class='ocrx_word' id='word_1_718' title='bbox 2212 4229 2451 4285; x_wconf 84' lang='lat' dir='ltr'><strong>tentat?</strong></span> <span class='ocrx_word' id='word_1_719' title='bbox 2493 4225 2639 4299; x_wconf 85' lang='lat' dir='ltr'><strong>(Jac.</strong></span> <span class='ocrx_word' id='word_1_720' title='bbox 2672 4242 2711 4295; x_wconf 85' lang='grc' dir='ltr'>ι,</span> <span class='ocrx_word' id='word_1_721' title='bbox 2745 4224 2853 4298; x_wconf 83' lang='lat' dir='ltr'><strong>l3.)</strong></span> <span class='ocrx_word' id='word_1_722' title='bbox 2884 4225 3003 4282; x_wconf 87' lang='lat' dir='ltr'><strong>Nisi</strong></span> <span class='ocrx_word' id='word_1_723' title='bbox 3044 4224 3190 4299; x_wconf 88' lang='lat' dir='ltr'><strong>quia</strong></span> <span class='ocrx_word' id='word_1_724' title='bbox 3227 4224 3529 4282; x_wconf 89' lang='lat' dir='ltr'><strong>locutione</strong></span> 
     </span>
    </p>
   </div>
   <div class='ocr_carea' id='block_1_104' title="bbox 1877 4314 3533 4389">
    <p class='ocr_par' dir='ltr' id='par_1_104' title="bbox 1877 4314 3533 4389">
     <span class='ocr_line' id='line_1_104' title="bbox 1877 4314 3533 4389; baseline -0.002 -16"><span class='ocrx_word' id='word_1_725' title='bbox 1877 4316 2323 4389; x_wconf 91' lang='lat' dir='ltr'><strong>Scripturarum</strong></span> <span class='ocrx_word' id='word_1_726' title='bbox 2374 4314 2524 4372; x_wconf 91' lang='lat' dir='ltr'><strong>solet</strong></span> <span class='ocrx_word' id='word_1_727' title='bbox 2574 4314 2692 4371; x_wconf 90' lang='lat' dir='ltr'><strong>dici</strong></span> <span class='ocrx_word' id='word_1_728' title='bbox 2731 4318 2959 4372; x_wconf 90' lang='lat' dir='ltr'><strong>tentare</strong></span> <span class='ocrx_word' id='word_1_729' title='bbox 3003 4330 3115 4388; x_wconf 92' lang='lat' dir='ltr'><strong>pro</strong></span> <span class='ocrx_word' id='word_1_730' title='bbox 3144 4330 3216 4371; x_wconf 93' lang='lat' dir='ltr'><strong>eo</strong></span> <span class='ocrx_word' id='word_1_731' title='bbox 3245 4314 3416 4388; x_wconf 90' lang='lat' dir='ltr'><strong>quod</strong></span> <span class='ocrx_word' id='word_1_732' title='bbox 3445 4319 3533 4371; x_wconf 90' lang='lat' dir='ltr'><strong>est</strong></span> 
     </span>
    </p>
   </div>
   <div class='ocr_carea' id='block_1_105' title="bbox 1869 4403 3531 4478">
    <p class='ocr_par' dir='ltr' id='par_1_105' title="bbox 1869 4403 3531 4478">
     <span class='ocr_line' id='line_1_105' title="bbox 1869 4403 3531 4478; baseline -0.002 -15"><span class='ocrx_word' id='word_1_733' title='bbox 1869 4407 2112 4478; x_wconf 90' lang='lat' dir='ltr'><strong>probat.</strong></span> <span class='ocrx_word' id='word_1_734' title='bbox 2142 4404 2408 4462; x_wconf 89' lang='lat' dir='ltr'><strong>Tentatio</strong></span> <span class='ocrx_word' id='word_1_735' title='bbox 2434 4420 2579 4461; x_wconf 92' lang='lat' dir='ltr'><strong>vero</strong></span> <span class='ocrx_word' id='word_1_736' title='bbox 2624 4403 2726 4461; x_wconf 91' lang='lat' dir='ltr'><strong>illa</strong></span> <span class='ocrx_word' id='word_1_737' title='bbox 2776 4404 2851 4460; x_wconf 91' lang='lat' dir='ltr'><strong>de</strong></span> <span class='ocrx_word' id='word_1_738' title='bbox 2895 4420 3020 4478; x_wconf 91' lang='lat' dir='ltr'><strong>qua</strong></span> <span class='ocrx_word' id='word_1_739' title='bbox 3065 4404 3329 4461; x_wconf 87' lang='lat' dir='ltr'><strong>Jacobus</strong></span> <span class='ocrx_word' id='word_1_740' title='bbox 3367 4404 3531 4472; x_wconf 91' lang='lat' dir='ltr'><strong>dicit,</strong></span> 
     </span>
    </p>
   </div>
   <div class='ocr_carea' id='block_1_106' title="bbox 1877 4491 3535 4568">
    <p class='ocr_par' dir='ltr' id='par_1_106' title="bbox 1877 4491 3535 4568">
     <span class='ocr_line' id='line_1_106' title="bbox 1877 4491 3535 4568; baseline -0.002 -15"><span class='ocrx_word' id='word_1_741' title='bbox 1877 4511 2005 4553; x_wconf 90' lang='lat' dir='ltr'><strong>non</strong></span> <span class='ocrx_word' id='word_1_742' title='bbox 2050 4494 2396 4567; x_wconf 88' lang='lat' dir='ltr'><strong>intelligitur</strong></span> <span class='ocrx_word' id='word_1_743' title='bbox 2434 4493 2551 4551; x_wconf 90' lang='lat' dir='ltr'><strong>nisi</strong></span> <span class='ocrx_word' id='word_1_744' title='bbox 2596 4509 2721 4568; x_wconf 89' lang='lat' dir='ltr'><strong>qua</strong></span> <span class='ocrx_word' id='word_1_745' title='bbox 2749 4493 3007 4567; x_wconf 86' lang='lat' dir='ltr'><strong>quisque</strong></span> <span class='ocrx_word' id='word_1_746' title='bbox 3035 4499 3316 4567; x_wconf 89' lang='lat' dir='ltr'><strong>peccator</strong></span> <span class='ocrx_word' id='word_1_747' title='bbox 3339 4491 3535 4567; x_wconf 90' lang='lat' dir='ltr'><strong>impli-</strong></span> 
     </span>
    </p>
   </div>
   <div class='ocr_carea' id='block_1_107' title="bbox 1878 4582 3534 4657">
    <p class='ocr_par' dir='ltr' id='par_1_107' title="bbox 1878 4582 3534 4657">
     <span class='ocr_line' id='line_1_107' title="bbox 1878 4582 3534 4657; baseline -0.003 -15"><span class='ocrx_word' id='word_1_748' title='bbox 1878 4590 2070 4643; x_wconf 91' lang='lat' dir='ltr'><strong>catur.</strong></span> <span class='ocrx_word' id='word_1_749' title='bbox 2104 4585 2270 4643; x_wconf 90' lang='lat' dir='ltr'><strong>Unde</strong></span> <span class='ocrx_word' id='word_1_750' title='bbox 2313 4582 2635 4657; x_wconf 88' lang='lat' dir='ltr'><strong>Apostolus</strong></span> <span class='ocrx_word' id='word_1_751' title='bbox 2680 4583 2860 4641; x_wconf 86' lang='lat' dir='ltr'><strong>dicit:</strong></span> <span class='ocrx_word' id='word_1_752' title='bbox 2908 4584 3002 4641; x_wconf 91' lang='lat' dir='ltr'><strong>Ne</strong></span> <span class='ocrx_word' id='word_1_753' title='bbox 3026 4584 3189 4655; x_wconf 83' lang='lat' dir='ltr'><strong>forte</strong></span> <span class='ocrx_word' id='word_1_754' title='bbox 3212 4583 3534 4641; x_wconf 87' lang='lat' dir='ltr'><strong>tentaverit</strong></span> 
     </span>
    </p>
   </div>
   <div class='ocr_carea' id='block_1_108' title="bbox 1874 4671 3535 4748">
    <p class='ocr_par' dir='ltr' id='par_1_108' title="bbox 1874 4671 3535 4748">
     <span class='ocr_line' id='line_1_108' title="bbox 1874 4671 3535 4748; baseline -0.004 -15"><span class='ocrx_word' id='word_1_755' title='bbox 1874 4691 1976 4733; x_wconf 89' lang='lat' dir='ltr'><strong>vos</strong></span> <span class='ocrx_word' id='word_1_756' title='bbox 2017 4677 2068 4733; x_wconf 89' lang='lat' dir='ltr'><strong>is</strong></span> <span class='ocrx_word' id='word_1_757' title='bbox 2116 4676 2223 4748; x_wconf 87' lang='lat' dir='ltr'><strong>qui</strong></span> <span class='ocrx_word' id='word_1_758' title='bbox 2266 4680 2459 4734; x_wconf 87' lang='lat' dir='ltr'><strong>tentat</strong></span> <span class='ocrx_word' id='word_1_759' title='bbox 2516 4676 2578 4744; x_wconf 90' lang='grc' dir='ltr'><strong>(Ι</strong></span> <span class='ocrx_word' id='word_1_760' title='bbox 2608 4674 2807 4732; x_wconf 86' lang='lat' dir='ltr'><strong>Thess.</strong></span> <span class='ocrx_word' id='word_1_761' title='bbox 2851 4690 2934 4738; x_wconf 81' lang='grc' dir='ltr'>ιιι,</span> <span class='ocrx_word' id='word_1_762' title='bbox 2974 4677 3052 4739; x_wconf 83' lang='lat'><strong>5).</strong></span> <span class='ocrx_word' id='word_1_763' title='bbox 3098 4676 3248 4731; x_wconf 88' lang='lat' dir='ltr'><strong>Nam</strong></span> <span class='ocrx_word' id='word_1_764' title='bbox 3291 4678 3349 4728; x_wconf 88' lang='lat' dir='ltr'><strong>et</strong></span> <span class='ocrx_word' id='word_1_765' title='bbox 3392 4671 3535 4728; x_wconf 87' lang='lat' dir='ltr'><strong>alibi</strong></span> 
     </span>
    </p>
   </div>
   <div class='ocr_carea' id='block_1_109' title="bbox 1872 4759 3535 4839">
    <p class='ocr_par' dir='ltr' id='par_1_109' title="bbox 1872 4759 3535 4839">
     <span class='ocr_line' id='line_1_109' title="bbox 1872 4759 3535 4839; baseline -0.003 -18"><span class='ocrx_word' id='word_1_766' title='bbox 1872 4765 2167 4839; x_wconf 89' lang='lat' dir='ltr'><strong>scriptum</strong></span> <span class='ocrx_word' id='word_1_767' title='bbox 2190 4768 2315 4822; x_wconf 90' lang='lat' dir='ltr'><strong>est:</strong></span> <span class='ocrx_word' id='word_1_768' title='bbox 2353 4765 2565 4822; x_wconf 83' lang='lat' dir='ltr'><strong>Tentat</strong></span> <span class='ocrx_word' id='word_1_769' title='bbox 2610 4779 2711 4822; x_wconf 89' lang='lat' dir='ltr'><strong>vos</strong></span> <span class='ocrx_word' id='word_1_770' title='bbox 2748 4764 3060 4829; x_wconf 78' lang='lat' dir='ltr'><strong>Dominus,</strong></span> <span class='ocrx_word' id='word_1_771' title='bbox 3093 4768 3160 4818; x_wconf 90' lang='lat' dir='ltr'><strong>ut</strong></span> <span class='ocrx_word' id='word_1_772' title='bbox 3188 4761 3341 4817; x_wconf 87' lang='lat' dir='ltr'><strong>sciat</strong></span> <span class='ocrx_word' id='word_1_773' title='bbox 3369 4761 3424 4816; x_wconf 91' lang='lat' dir='ltr'><strong>si</strong></span> <span class='ocrx_word' id='word_1_774' title='bbox 3447 4759 3535 4816; x_wconf 89' lang='lat' dir='ltr'><strong>di-</strong></span> 
     </span>
    </p>
   </div>
   <div class='ocr_carea' id='block_1_110' title="bbox 1870 4847 3536 4927">
    <p class='ocr_par' dir='ltr' id='par_1_110' title="bbox 1870 4847 3536 4927">
     <span class='ocr_line' id='line_1_110' title="bbox 1870 4847 3536 4927; baseline -0.005 -16"><span class='ocrx_word' id='word_1_775' title='bbox 1870 4854 2075 4927; x_wconf 88' lang='lat' dir='ltr'><strong>ligatis</strong></span> <span class='ocrx_word' id='word_1_776' title='bbox 2098 4870 2233 4912; x_wconf 86' lang='lat' dir='ltr'><strong>eum</strong></span> <span class='ocrx_word' id='word_1_777' title='bbox 2259 4854 2420 4922; x_wconf 89' lang='lat' dir='ltr'><strong>(Lev.</strong></span> <span class='ocrx_word' id='word_1_778' title='bbox 2451 4868 2572 4921; x_wconf 80' lang='lat' dir='ltr'><strong>xm,</strong></span> <span class='ocrx_word' id='word_1_779' title='bbox 2596 4851 2881 4921; x_wconf 84' lang='lat' dir='ltr'><strong>3).Etiam</strong></span> <span class='ocrx_word' id='word_1_780' title='bbox 2906 4849 3023 4906; x_wconf 91' lang='lat' dir='ltr'><strong>hoc</strong></span> <span class='ocrx_word' id='word_1_781' title='bbox 3048 4864 3266 4919; x_wconf 88' lang='lat' dir='ltr'><strong>genere</strong></span> <span class='ocrx_word' id='word_1_782' title='bbox 3283 4847 3536 4921; x_wconf 86' lang='lat' dir='ltr'><strong>loquen-</strong></span> 
     </span>
    </p>
   </div>
   <div class='ocr_carea' id='block_1_111' title="bbox 1865 4936 3533 5015">
    <p class='ocr_par' dir='ltr' id='par_1_111' title="bbox 1865 4936 3533 5015">
     <span class='ocr_line' id='line_1_111' title="bbox 1865 4936 3533 5015; baseline -0.004 -16"><span class='ocrx_word' id='word_1_783' title='bbox 1865 4942 1948 5012; x_wconf 92' lang='lat' dir='ltr'><strong>di,</strong></span> <span class='ocrx_word' id='word_1_784' title='bbox 1976 4949 2043 5000; x_wconf 91' lang='lat' dir='ltr'><strong>ut</strong></span> <span class='ocrx_word' id='word_1_785' title='bbox 2067 4945 2242 5015; x_wconf 89' lang='lat' dir='ltr'><strong>sciat,</strong></span> <span class='ocrx_word' id='word_1_786' title='bbox 2263 4942 2493 4999; x_wconf 90' lang='lat' dir='ltr'><strong>dictum</strong></span> <span class='ocrx_word' id='word_1_787' title='bbox 2514 4944 2623 5011; x_wconf 91' lang='lat' dir='ltr'><strong>est,</strong></span> <span class='ocrx_word' id='word_1_788' title='bbox 2647 4956 2719 4997; x_wconf 90' lang='lat' dir='ltr'><strong>ac</strong></span> <span class='ocrx_word' id='word_1_789' title='bbox 2741 4940 2791 4996; x_wconf 90' lang='lat' dir='ltr'><strong>si</strong></span> <span class='ocrx_word' id='word_1_790' title='bbox 2819 4938 3136 5010; x_wconf 90' lang='lat' dir='ltr'><strong>diceretur,</strong></span> <span class='ocrx_word' id='word_1_791' title='bbox 3159 4940 3225 4994; x_wconf 88' lang='lat' dir='ltr'><strong>ut</strong></span> <span class='ocrx_word' id='word_1_792' title='bbox 3245 4936 3395 4993; x_wconf 90' lang='lat' dir='ltr'><strong>scire</strong></span> <span class='ocrx_word' id='word_1_793' title='bbox 3419 4953 3533 4994; x_wconf 88' lang='lat' dir='ltr'><strong>vos</strong></span> 
     </span>
    </p>
   </div>
   <div class='ocr_carea' id='block_1_112' title="bbox 1864 5024 3533 5107">
    <p class='ocr_par' dir='ltr' id='par_1_112' title="bbox 1864 5024 3533 5107">
     <span class='ocr_line' id='line_1_112' title="bbox 1864 5024 3533 5107; baseline -0.003 -18"><span class='ocrx_word' id='word_1_794' title='bbox 1864 5031 2083 5103; x_wconf 84' lang='lat' dir='ltr'><strong>faciat;</strong></span> <span class='ocrx_word' id='word_1_795' title='bbox 2138 5029 2432 5107; x_wconf 88' lang='lat' dir='ltr'><strong>quoniam</strong></span> <span class='ocrx_word' id='word_1_796' title='bbox 2467 5028 2626 5085; x_wconf 89' lang='lat' dir='ltr'><strong>vires</strong></span> <span class='ocrx_word' id='word_1_797' title='bbox 2674 5024 3010 5086; x_wconf 90' lang='lat' dir='ltr'><strong>dilectionis</strong></span> <span class='ocrx_word' id='word_1_798' title='bbox 3052 5042 3178 5083; x_wconf 63' lang='lat' dir='ltr'><strong>sua;</strong></span> <span class='ocrx_word' id='word_1_799' title='bbox 3220 5025 3533 5084; x_wconf 90' lang='lat' dir='ltr'><strong>hominem</strong></span> 
     </span>
    </p>
   </div>
   <div class='ocr_carea' id='block_1_113' title="bbox 1862 5115 3530 5194">
    <p class='ocr_par' dir='ltr' id='par_1_113' title="bbox 1862 5115 3530 5194">
     <span class='ocr_line' id='line_1_113' title="bbox 1862 5115 3530 5194; baseline -0.003 -15"><span class='ocrx_word' id='word_1_800' title='bbox 1862 5120 2070 5192; x_wconf 89' lang='lat' dir='ltr'><strong>latent,</strong></span> <span class='ocrx_word' id='word_1_801' title='bbox 2100 5120 2220 5179; x_wconf 91' lang='lat' dir='ltr'><strong>nisi</strong></span> <span class='ocrx_word' id='word_1_802' title='bbox 2250 5120 2663 5194; x_wconf 81' lang='lat' dir='ltr'><strong>experimento</strong></span> <span class='ocrx_word' id='word_1_803' title='bbox 2687 5116 2873 5175; x_wconf 88' lang='lat' dir='ltr'><strong>etiam</strong></span> <span class='ocrx_word' id='word_1_804' title='bbox 2901 5115 3097 5174; x_wconf 89' lang='lat' dir='ltr'><strong>eidem</strong></span> <span class='ocrx_word' id='word_1_805' title='bbox 3130 5117 3530 5175; x_wconf 91' lang='lat' dir='ltr'><strong>innotescant.</strong></span> 
     </span>
    </p>
   </div>
   <div class='ocr_carea' id='block_1_114' title="bbox 1864 5205 3535 5283">
    <p class='ocr_par' dir='ltr' id='par_1_114' title="bbox 1864 5205 3535 5283">
     <span class='ocr_line' id='line_1_114' title="bbox 1864 5205 3535 5283; baseline -0.003 -16"><span class='ocrx_word' id='word_1_806' title='bbox 1864 5210 2047 5283; x_wconf 85' lang='lat' dir='ltr'><strong>igitur</strong></span> <span class='ocrx_word' id='word_1_807' title='bbox 2069 5208 2376 5268; x_wconf 86' lang='lat' dir='ltr'><strong>Abraham</strong></span> <span class='ocrx_word' id='word_1_808' title='bbox 2409 5208 2674 5265; x_wconf 79' lang='lat' dir='ltr'><strong>tentatus</strong></span> <span class='ocrx_word' id='word_1_809' title='bbox 2705 5210 2794 5265; x_wconf 89' lang='lat' dir='ltr'><strong>est</strong></span> <span class='ocrx_word' id='word_1_810' title='bbox 2821 5210 2887 5264; x_wconf 90' lang='lat' dir='ltr'><strong>ut</strong></span> <span class='ocrx_word' id='word_1_811' title='bbox 2917 5205 3293 5281; x_wconf 89' lang='lat' dir='ltr'><strong>probaretur,</strong></span> <span class='ocrx_word' id='word_1_812' title='bbox 3321 5205 3535 5279; x_wconf 88' lang='lat' dir='ltr'><strong>justiﬁ-</strong></span> 
     </span>
    </p>
   </div>
   <div class='ocr_carea' id='block_1_115' title="bbox 1864 5293 3535 5369">
    <p class='ocr_par' dir='ltr' id='par_1_115' title="bbox 1864 5293 3535 5369">
     <span class='ocr_line' id='line_1_115' title="bbox 1864 5293 3535 5369; baseline -0.004 -12"><span class='ocrx_word' id='word_1_813' title='bbox 1864 5302 2121 5365; x_wconf 90' lang='lat' dir='ltr'><strong>caretur,</strong></span> <span class='ocrx_word' id='word_1_814' title='bbox 2173 5299 2600 5366; x_wconf 88' lang='lat' dir='ltr'><strong>coronaretur;</strong></span> <span class='ocrx_word' id='word_1_815' title='bbox 2654 5300 2722 5354; x_wconf 91' lang='lat' dir='ltr'><strong>ut</strong></span> <span class='ocrx_word' id='word_1_816' title='bbox 2769 5301 2828 5354; x_wconf 88' lang='lat' dir='ltr'><strong>et</strong></span> <span class='ocrx_word' id='word_1_817' title='bbox 2865 5296 2998 5369; x_wconf 89' lang='lat' dir='ltr'><strong>ejus</strong></span> <span class='ocrx_word' id='word_1_818' title='bbox 3049 5295 3394 5354; x_wconf 89' lang='lat' dir='ltr'><strong>obedientia</strong></span> <span class='ocrx_word' id='word_1_819' title='bbox 3431 5293 3535 5351; x_wconf 88' lang='lat' dir='ltr'><strong>tali</strong></span> 
     </span>
    </p>
   </div>
   <div class='ocr_carea' id='block_1_116' title="bbox 1866 5384 3164 5463">
    <p class='ocr_par' dir='ltr' id='par_1_116' title="bbox 1866 5384 3164 5463">
     <span class='ocr_line' id='line_1_116' title="bbox 1866 5384 3164 5463; baseline -0.003 -18"><span class='ocrx_word' id='word_1_820' title='bbox 1866 5386 2126 5463; x_wconf 89' lang='lat' dir='ltr'><strong>probata</strong></span> <span class='ocrx_word' id='word_1_821' title='bbox 2155 5386 2436 5444; x_wconf 82' lang='lat' dir='ltr'><strong>examine</strong></span> <span class='ocrx_word' id='word_1_822' title='bbox 2464 5384 2718 5460; x_wconf 89' lang='lat' dir='ltr'><strong>posteris</strong></span> <span class='ocrx_word' id='word_1_823' title='bbox 2747 5385 3164 5443; x_wconf 89' lang='lat' dir='ltr'><strong>innotesceret.</strong></span> 
     </span>
    </p>
   </div>
   <div class='ocr_carea' id='block_1_117' title="bbox 1937 5491 3535 5563">
    <p class='ocr_par' dir='ltr' id='par_1_117' title="bbox 1937 5491 3535 5563">
     <span class='ocr_line' id='line_1_117' title="bbox 1937 5491 3535 5563; baseline -0.001 -13"><span class='ocrx_word' id='word_1_824' title='bbox 1937 5495 2108 5552; x_wconf 75' lang='lat' dir='ltr'><strong>Vens.</strong></span> <span class='ocrx_word' id='word_1_825' title='bbox 2129 5497 2185 5552; x_wconf 87' lang='lat'><strong>2.</strong></span> <span class='ocrx_word' id='word_1_826' title='bbox 2218 5524 2287 5535; x_wconf 89' lang='lat'><strong><em>—</em></strong></span> <span class='ocrx_word' id='word_1_827' title='bbox 2316 5491 2491 5560; x_wconf 88' lang='lat' dir='ltr'><strong>Quod</strong></span> <span class='ocrx_word' id='word_1_828' title='bbox 2516 5497 2721 5550; x_wconf 86' lang='lat' dir='ltr'><strong>autem</strong></span> <span class='ocrx_word' id='word_1_829' title='bbox 2754 5491 2917 5557; x_wconf 87' lang='lat' dir='ltr'><strong>dicit,</strong></span> <span class='ocrx_word' id='word_1_830' title='bbox 2948 5506 3133 5563; x_wconf 87' lang='lat' dir='ltr'><strong>super</strong></span> <span class='ocrx_word' id='word_1_831' title='bbox 3156 5505 3343 5549; x_wconf 87' lang='lat' dir='ltr'><strong>unum</strong></span> <span class='ocrx_word' id='word_1_832' title='bbox 3370 5506 3535 5549; x_wconf 86' lang='lat' dir='ltr'><strong>mon-</strong></span> 
     </span>
    </p>
   </div>
   <div class='ocr_carea' id='block_1_118' title="bbox 1868 5579 3537 5657">
    <p class='ocr_par' dir='ltr' id='par_1_118' title="bbox 1868 5579 3537 5657">
     <span class='ocr_line' id='line_1_118' title="bbox 1868 5579 3537 5657; baseline -0.002 -16"><span class='ocrx_word' id='word_1_833' title='bbox 1868 5584 2020 5642; x_wconf 88' lang='lat' dir='ltr'><strong>tium</strong></span> <span class='ocrx_word' id='word_1_834' title='bbox 2057 5599 2229 5657; x_wconf 89' lang='lat' dir='ltr'><strong>quem</strong></span> <span class='ocrx_word' id='word_1_835' title='bbox 2266 5588 2677 5640; x_wconf 89' lang='lat' dir='ltr'><strong>monstravero</strong></span> <span class='ocrx_word' id='word_1_836' title='bbox 2721 5582 2851 5649; x_wconf 88' lang='lat' dir='ltr'><strong>tibi,</strong></span> <span class='ocrx_word' id='word_1_837' title='bbox 2892 5580 3062 5638; x_wconf 84' lang='lat' dir='ltr'><strong>aiunt</strong></span> <span class='ocrx_word' id='word_1_838' title='bbox 3102 5579 3337 5637; x_wconf 67' lang='lat' dir='ltr'><strong>Hebraei</strong></span> <span class='ocrx_word' id='word_1_839' title='bbox 3371 5581 3537 5638; x_wconf 90' lang='lat' dir='ltr'><strong>hunc</strong></span> 
     </span>
    </p>
   </div>
   <div class='ocr_carea' id='block_1_119' title="bbox 1868 5670 3539 5746">
    <p class='ocr_par' dir='ltr' id='par_1_119' title="bbox 1868 5670 3539 5746">
     <span class='ocr_line' id='line_1_119' title="bbox 1868 5670 3539 5746; baseline -0.002 -15"><span class='ocrx_word' id='word_1_840' title='bbox 1868 5676 2140 5731; x_wconf 90' lang='lat' dir='ltr'><strong>montem</strong></span> <span class='ocrx_word' id='word_1_841' title='bbox 2167 5688 2296 5729; x_wconf 90' lang='lat' dir='ltr'><strong>esse</strong></span> <span class='ocrx_word' id='word_1_842' title='bbox 2320 5672 2382 5729; x_wconf 91' lang='lat' dir='ltr'><strong>in</strong></span> <span class='ocrx_word' id='word_1_843' title='bbox 2411 5687 2536 5746; x_wconf 91' lang='lat' dir='ltr'><strong>quo</strong></span> <span class='ocrx_word' id='word_1_844' title='bbox 2565 5676 2779 5745; x_wconf 90' lang='lat' dir='ltr'><strong>postea</strong></span> <span class='ocrx_word' id='word_1_845' title='bbox 2798 5671 3093 5745; x_wconf 91' lang='lat' dir='ltr'><strong>templum</strong></span> <span class='ocrx_word' id='word_1_846' title='bbox 3116 5670 3427 5729; x_wconf 89' lang='lat' dir='ltr'><strong>conditum</strong></span> <span class='ocrx_word' id='word_1_847' title='bbox 3449 5673 3539 5729; x_wconf 81' lang='lat' dir='ltr'><strong>est</strong></span> 
     </span>
    </p>
   </div>
   <div class='ocr_carea' id='block_1_120' title="bbox 1872 5762 3537 5837">
    <p class='ocr_par' dir='ltr' id='par_1_120' title="bbox 1872 5762 3537 5837">
     <span class='ocr_line' id='line_1_120' title="bbox 1872 5762 3537 5837; baseline -0.002 -16"><span class='ocrx_word' id='word_1_848' title='bbox 1872 5764 1936 5821; x_wconf 93' lang='lat' dir='ltr'><strong>in</strong></span> <span class='ocrx_word' id='word_1_849' title='bbox 1964 5779 2107 5821; x_wconf 88' lang='lat' dir='ltr'><strong>area</strong></span> <span class='ocrx_word' id='word_1_850' title='bbox 2133 5766 2355 5822; x_wconf 90' lang='lat' dir='ltr'><strong>Ornam</strong></span> <span class='ocrx_word' id='word_1_851' title='bbox 2376 5762 2652 5833; x_wconf 70' lang='lat' dir='ltr'><strong>Jebusasi,</strong></span> <span class='ocrx_word' id='word_1_852' title='bbox 2680 5763 2834 5820; x_wconf 89' lang='lat' dir='ltr'><strong>sicut</strong></span> <span class='ocrx_word' id='word_1_853' title='bbox 2860 5767 2919 5820; x_wconf 92' lang='lat' dir='ltr'><strong>et</strong></span> <span class='ocrx_word' id='word_1_854' title='bbox 2946 5762 3009 5821; x_wconf 91' lang='lat' dir='ltr'><strong>in</strong></span> <span class='ocrx_word' id='word_1_855' title='bbox 3033 5763 3537 5837; x_wconf 88' lang='lat' dir='ltr'><strong>Paralipomenon</strong></span> 
     </span>
    </p>
   </div>
   <div class='ocr_carea' id='block_1_121' title="bbox 1877 5852 3539 5929">
    <p class='ocr_par' dir='ltr' id='par_1_121' title="bbox 1877 5852 3539 5929">
     <span class='ocr_line' id='line_1_121' title="bbox 1877 5852 3539 5929; baseline -0.003 -17"><span class='ocrx_word' id='word_1_856' title='bbox 1877 5853 2172 5929; x_wconf 89' lang='lat' dir='ltr'><strong>scriptum</strong></span> <span class='ocrx_word' id='word_1_857' title='bbox 2198 5856 2327 5912; x_wconf 90' lang='lat' dir='ltr'><strong>est:</strong></span> <span class='ocrx_word' id='word_1_858' title='bbox 2357 5853 2439 5912; x_wconf 84' lang='lat' dir='ltr'><strong>Et</strong></span> <span class='ocrx_word' id='word_1_859' title='bbox 2478 5858 2786 5926; x_wconf 70' lang='lat' dir='ltr'><strong>coeperunt</strong></span> <span class='ocrx_word' id='word_1_860' title='bbox 2823 5853 3125 5926; x_wconf 68' lang='lat' dir='ltr'><strong>aediﬁcare</strong></span> <span class='ocrx_word' id='word_1_861' title='bbox 3165 5853 3453 5923; x_wconf 82' lang='lat' dir='ltr'><strong>templum</strong></span> <span class='ocrx_word' id='word_1_862' title='bbox 3471 5852 3539 5908; x_wconf 85' lang='lat' dir='ltr'><strong>in</strong></span> 
     </span>
    </p>
   </div>
  </div>
