3942 6360
172 451 305 513 597

1367 448 1875 513 EXPLANATIO
1918 448 1999 510 IN
2043 450 2427 518 PSALMOS.

3485 468 3606 534 598

173 584 409 643 multas
432 581 864 673 tribulationes,
892 603 915 631 ε
948 584 1007 639 et
1036 600 1127 641 me
1148 604 1175 636 ι
1209 581 1576 641 invocantem
1612 604 1639 637 α
1657 599 1839 640 exau-
1864 580 1924 651 Α
1950 588 2205 658 augeant
2231 605 2245 644 :
2269 586 2352 645 ita
2372 587 2485 662 ipsi
2506 589 2941 651 circumdantes
2964 610 3058 651 me
3076 594 3149 652 ad
3173 595 3603 673 tribulandum,

172 675 333 732 divit
362 674 649 731 Dominus
670 674 729 728 in
763 672 1134 741 latitudine,»
1154 673 1209 728 id
1234 678 1341 741 est,
1367 674 1424 729 in
1448 673 1839 747 amplitudine

172 765 514 833 eharitatis,
533 766 597 819 ut
615 762 793 819 etiam
817 779 1043 819 orarem
1068 780 1171 836 pro
1192 763 1609 831 inimicis.Vel,
1625 787 1645 814 α
1671 781 1841 819 exau-

171 856 332 912 divit
360 871 474 923 me,
503 878 524 907 ι
555 855 682 925 jam
714 852 973 926 positum
1005 870 1108 926 spe
1139 853 1198 908 in
1232 853 1543 910 latitudine
1587 854 1840 911 cmlestis

170 945 406 1020 patriae.

252 1037 386 1109 Ipse
411 1032 791 1099 exaudivit,et
813 1050 948 1089 cum
972 1033 1096 1105 ipse
1133 1057 1153 1082 ι
1179 1034 1465 1089 Dominus
1491 1056 1517 1083 »
1541 1034 1619 1090 sit
1638 1057 1665 1084 ‹‹
1691 1034 1836 1089 mihi

171 1126 571 1198 adjutor,uon
603 1121 820 1179 timebo
851 1123 992 1195 quid
1027 1123 1202 1179 faciat
1233 1123 1377 1179 mihi
1409 1124 1584 1179 homo
1615 1146 1636 1173 ι
1658 1141 1839 1196 quan-
1866 1164 1869 1167 λ

169 1218 548 1285 tumounque
580 1211 800 1270 saeviat.

251 1305 326 1360 Et
345 1320 460 1359 non
490 1305 722 1359 tantum
753 1300 1056 1357 hominem
1088 1318 1203 1357 non
1252 1302 1609 1368 timebo,sed
1658 1302 1836 1358 etiam

172 1393 324 1469 quia
350 1392 477 1466 ipse
496 1411 523 1444 ι
551 1389 836 1447 Dominus
860 1413 887 1439 »
918 1394 1006 1447 est
1042 1409 1065 1439 ι
1091 1390 1236 1446 mihi
1266 1392 1583 1463 adjutor,ct
1598 1409 1704 1465 ego
1726 1392 1836 1446 ini-

172 1484 371 1541 micos
400 1498 563 1538 meos
586 1502 606 1530 ι
642 1480 1001 1553 spirituales,
1035 1480 1093 1535 id
1125 1484 1215 1537 est
1242 1480 1557 1549 damones,
1594 1504 1615 1530 ι
1650 1480 1840 1553 despi-

173 1570 756 1644 ciam,»quandoque
774 1568 981 1625 videns
997 1586 1097 1626 eos
1118 1569 1176 1624 in
1191 1569 1418 1641 judicio
1444 1570 1546 1626 Dei
1568 1570 1839 1625 condem-

172 1662 335 1720 nari.
367 1660 469 1717 Vel
501 1660 560 1715 in
611 1659 721 1715 hac
776 1658 899 1713 vita
947 1658 1268 1731 despiciam
1320 1658 1612 1727 inimicos,
1646 1662 1711 1715 ut
1759 1658 1840 1715 ita

173 1752 454 1809 dicamus
486 1748 800 1806 :Inimicos
849 1764 1033 1820 meos,
1067 1748 1128 1803 id
1182 1751 1271 1803 est
1317 1748 1477 1821 ipsos
1520 1749 1837 1817 daemones,

116 1913 133 1923 .
170 1841 320 1899 licet
349 1839 470 1896 sint
501 1837 846 1906 invisibiles,
872 1837 1215 1910 despiciam,
1239 1838 1295 1893 id
1326 1837 1838 1910 est,despicabilcs

171 1929 511 1997 ostendam,
561 1926 702 1999 quia
755 1942 957 1983 eorum
1015 1926 1441 1983 tentationibus
1499 1926 1836 1983 nullatenus
1868 1956 1917 2022 Β

171 2018 576 2093 acquiescam.

259 2128 288 2162 ι
316 2109 542 2164 Bonum
591 2108 698 2161 est.
737 2127 760 2157 ι
798 2104 937 2160 Pars
987 2105 1265 2161 secunda.
1310 2104 1685 2160 Continuatio
1722 2120 1734 2159 :
1769 2104 1840 2160 Et

172 2196 326 2272 quia
353 2193 640 2252 Dominus
688 2210 783 2250 me
831 2194 915 2250 ita
963 2194 1219 2265 adjuvat,
1254 2194 1410 2265 quod
1458 2210 1575 2249 non
1618 2194 1839 2249 timebo

167 2284 653 2356 hominem,ergo
682 2304 709 2337 ι
725 2282 946 2338 bonum
976 2286 1065 2337 est
1084 2282 1376 2338 conﬁdere
1394 2282 1454 2336 in
1479 2304 1506 2331 »
1528 2281 1640 2337 isto
1673 2305 1701 2331 «
1726 2282 1836 2337 Do-

173 2373 343 2431 mino
375 2390 555 2447 quam
587 2372 878 2429 confidere
908 2372 969 2427 in
1000 2371 1259 2440 homine,
1289 2395 1309 2423 ι
1348 2370 1566 2444 quiain
1597 2370 1838 2427 homine

170 2460 552 2521 nullo’modo
583 2461 1000 2520 confidendum
1031 2465 1140 2533 est,
1156 2477 1346 2534 neque
1364 2460 1426 2515 in
1450 2475 1738 2533 se,neque
1774 2459 1836 2516 in

171 2551 317 2618 alio,
349 2552 452 2608 sed
484 2551 542 2606 in
577 2550 700 2608 solo
731 2550 871 2606 Doo.
908 2550 1009 2607 Ille
1038 2550 1282 2606 confidit
1320 2549 1379 2604 in
1430 2549 1703 2619 Domino,
1734 2549 1836 2621 qui

169 2639 351 2697 illum
382 2644 553 2713 putat
585 2643 881 2712 potentem
903 2642 961 2695 et
979 2639 1372 2696 sufficientem
1394 2639 1465 2694 ad
1488 2638 1838 2695 remittenda

168 2733 438 2804 peccata,
462 2733 520 2786 et
536 2728 607 2785 ad
631 2727 929 2800 justitiam
952 2727 1387 2783 conferendam.
1404 2727 1507 2783 Hic
1532 2743 1667 2782 vero
1698 2744 1834 2781 con—

166 2818 310 2875 ﬁdit
336 2818 398 2874 in
427 2817 685 2884 homine,
719 2816 820 2888 qui
851 2819 1019 2887 putat
1048 2833 1109 2871 se
1141 2833 1245 2888 per
1288 2814 1480 2871 solum
1520 2816 1834 2872 arbitrium

165 2907 307 2965 sine
336 2908 405 2963 ad
406 2908 650 2979 juvante
677 2904 868 2977 gratia
896 2904 1043 2959 bene
1064 2904 1314 2977 operari.

248 3015 274 3047 ι
301 2996 527 3051 Bonum
550 2995 640 3048 est
654 3008 890 3065 sperare
914 2992 973 3047 in
987 2992 1255 3059 Domino,
1268 3015 1296 3041 ››
1311 2992 1369 3047 id
1381 2996 1835 3065 est,exspcctare

166 3081 710 3144 remunerationem
742 3097 861 3135 suae
875 3079 1223 3151 justitiae,ab
1243 3079 1371 3152 ipso
1393 3081 1641 3137 Domino
1661 3082 1831 3150 datae,

172 3194 203 3224 α
231 3188 409 3246 quam
442 3186 676 3243 sperare
709 3168 768 3224 in
800 3168 1166 3240 principibus
1191 3191 1218 3218 »
1242 3168 1643 3239 sazcularibus,
1661 3169 1749 3225 vel
1774 3170 1833 3225 in

1949 681 2238 733 auxerunt
2258 676 2316 733 in
2340 695 2432 735 me
2453 680 2756 753 virtutes,»
2780 708 2806 733 ‹‹
2833 688 2890 739 et
2917 690 3260 743 exarserunt
3280 688 3434 746 sicut
3448 690 3605 765 ignis

1947 764 2006 820 in
2030 766 2274 838 spinis.»
2307 767 2471 823 Sicut
2494 771 2676 842 spina:
2707 772 2851 827 dant
2881 773 3001 846 igni
3032 774 3384 844 fomenta,ut
3411 764 3602 854 magis

1950 856 2270 924 ardeat,sic
2303 857 2583 930 spinas,id
2614 864 2703 915 est
2730 865 2968 933 peccata
2998 867 3499 937 eorum,praebent
3518 870 3604 926 fu-

1947 945 2063 1003 rori
2086 962 2287 1001 eorum
2312 949 2505 1019 majus
2532 949 3006 1007 incendium.Vel
3038 952 3242 1009 aliter:
3268 954 3602 1030 Sicutignis

1946 1032 2006 1088 in
2038 1034 2313 1106 spinis,id
2336 1037 2605 1101 est,sicut
2628 1037 2781 1109 ignis
2804 1039 3003 1110 spinas
3025 1042 3341 1109 consumit,
3363 1047 3600 1118 trunco,

1947 1123 2047 1195 qui
2079 1124 2286 1179 firmus
2304 1128 2361 1178 ct
2381 1124 2607 1180 solidus
2627 1131 2858 1194 est,non
2882 1129 3171 1200 praevalet,
3196 1131 3280 1187 sic
3299 1131 3601 1191 tribulatio

1947 1212 2243 1285 spinas,id
2273 1218 2380 1282 est,
2398 1218 2636 1286 peccata
2656 1216 2957 1287 justorum
2985 1219 3401 1285 debet,animaa
3421 1222 3603 1279 firmi-

1945 1302 2051 1357 tati
2083 1319 2198 1358 non
2223 1308 2411 1359 nocet.
2436 1327 2463 1353 ‹‹
2497 1305 2565 1361 Et
2594 1305 2655 1360 in
2706 1306 2942 1363 nomine
2982 1308 3238 1379 Domini,
3269 1310 3410 1384 quia
3439 1310 3601 1370 ultus

1948 1408 2081 1447 sum
2112 1391 2171 1447 in
2202 1409 2368 1448 eos.»
2401 1394 2470 1448 Et
2500 1393 2594 1450 hic
2627 1396 2868 1452 modum
2898 1396 3257 1468 gravissima:
3277 1399 3604 1458 tribulatio-

1948 1481 2042 1537 nis
2064 1481 2340 1549 ostendit,
2355 1485 2411 1538 et
2432 1482 2542 1538 has
2560 1485 2996 1556 persecutiones
3014 1486 3153 1544 dicit
3170 1504 3232 1544 se
3248 1488 3605 1547 sustinuisse

1947 1568 2007 1626 in
2039 1586 2290 1642 persona
2320 1570 2569 1628 aliorum
2589 1573 2893 1644 justorum
2923 1575 3233 1647 primitivaa
3272 1577 3564 1635 Ecclesiae.

2018 1659 2340 1731 Postquam
2369 1662 2625 1715 ostendit
2652 1678 2717 1717 se
2746 1662 3019 1720 inimicos
3068 1664 3155 1721 sic
3183 1664 3480 1724 vindicare
3510 1682 3604 1723 os-

1945 1747 2133 1803 tendit
2162 1749 2320 1820 quod
2360 1749 2409 1805 si
2443 1750 2832 1822 compellatur
2860 1752 3036 1809 etiam
3085 1755 3157 1809 ad
3189 1771 3414 1817 casum,
3448 1756 3605 1816 Deus

1945 1837 2163 1892 relevat
2182 1853 2339 1892 eum.
2354 1837 2731 1895 Continuatio
2756 1856 2767 1894 :
2794 1840 3035 1913 Propter
3053 1841 3162 1898 hoc
3184 1842 3363 1899 etiam
3380 1843 3604 1901 bonum

1946 1930 2036 1983 est
2065 1926 2476 1998 sperarc,quia
2514 1945 2536 1974 α
2559 1925 2855 1999 impulsus
2877 1945 3012 1984 sum
3039 1952 3061 1980 ο
3098 1947 3134 1986 a
3159 1929 3391 1987 diabolo
3412 1935 3470 1987 et
3496 1932 3606 1988 mi-

1952 2014 2154 2071 nistris
2184 2015 2333 2086 ejus,
2354 2036 2382 2063 «
2403 2018 2468 2069 ut
2491 2015 2758 2071 caderem
2784 2038 2811 2066 »
2844 2016 2904 2072 in
2932 2022 3257 2090 peccatum.
3279 2021 3443 2077 Tunc
3465 2019 3605 2078 dici-

1949 2107 2047 2159 tur
2067 2103 2271 2175 justus
2306 2102 2619 2175 impulsus,
2635 2105 2870 2176 quando
2901 2105 3133 2162 dubitat
3162 2124 3236 2163 an
3267 2108 3481 2166 faciat:
3517 2109 3604 2168 sic

1948 2191 2164 2265 legitur
2183 2193 2254 2247 de
2276 2191 2548 2248 Marcello
2570 2195 2623 2248 et
2645 2193 2859 2262 Marco,
2876 2194 2976 2267 qui
2999 2212 3147 2268 pene
3169 2213 3273 2269 per
3285 2195 3605 2255 blanditias

1949 2280 2267 2337 mulierum
2315 2280 2540 2336 seducti
2570 2285 2730 2346 sunt,
2767 2284 2868 2338 sed
2901 2284 3188 2341 Dominus
3227 2302 3330 2358 per
3367 2287 3604 2349 beatum

1948 2370 2363 2429 Sebastianum
2418 2371 2680 2442 suscepit
2728 2388 2827 2427 eos
2878 2389 2950 2429 ne
2980 2375 3259 2430 caderent
3291 2391 3303 2431 :
3338 2378 3398 2432 et
3426 2375 3605 2433 etiam

1948 2484 1977 2511 ‹‹
2001 2476 2238 2515 eversus
2263 2481 2284 2509 -
2321 2474 2454 2515 sum
2481 2477 2494 2515 :
2521 2465 2578 2515 et
2608 2459 2716 2516 hoc
2746 2461 2889 2517 dicit
2920 2479 3169 2535 persona
3199 2463 3609 2534 aliorum,sci—

1946 2548 2102 2615 licet,
2127 2549 2187 2604 in
2209 2552 2405 2605 actum
2438 2550 2657 2621 peccati
2693 2550 3201 2623 prmcipitatus,ut
3235 2553 3523 2625 caderem,
3545 2553 3606 2612 id

1945 2642 2056 2704 est,
2074 2641 2139 2692 ut
2159 2654 2401 2709 prorsus
2423 2638 2673 2709 perirem
2696 2657 2707 2706 ;
2750 2658 2771 2687 α
2807 2644 2865 2695 et
2893 2659 2920 2691 ιι
2948 2640 3083 2696 inde
3104 2664 3129 2691 (ο
3157 2642 3445 2699 Dominus
3468 2661 3602 2701 sus-

1945 2726 2100 2799 cepit
2128 2743 2242 2791 me,
2266 2744 2294 2777 n
2321 2742 2390 2781 ex
2410 2744 2527 2797 quo
2549 2731 2790 2799 apparet
2809 2730 2965 2799 quod
3010 2729 3136 2801 ipse
3157 2734 3249 2786 est
3276 2752 3303 2784 α
3324 2731 3605 2790 fortitudo

1944 2832 2127 2882 mea,»
2160 2813 2379 2870 faciens
2407 2830 2503 2869 me
2525 2815 2730 2871 fortem
2750 2820 2883 2887 post
2905 2817 3168 2888 lapsum;
3196 2837 3225 2869 ιι
3247 2821 3305 2874 et
3323 2817 3456 2875 laus
3474 2834 3608 2877 mea

1944 2903 2281 2971 Dominus,»
2312 2903 2370 2958 in
2402 2902 2513 2959 hoc
2545 2904 2685 2958 facit
2712 2920 2805 2960 me
2836 2903 3388 2978 laudabilem,quod
3411 2906 3611 2964 inimi-i

1944 2994 2029 3050 eis
2068 2992 2216 3049 meis
2261 2991 2400 3048 facit
2448 3009 2542 3048 me
2591 2994 2883 3049 resistere.
2916 2992 3019 3048 Vel
3068 2993 3350 3050 fortitudo
3398 2998 3606 3055 contra

1943 3082 2164 3151 hostes,
2187 3081 2338 3150 laus,
2363 3084 2648 3154 quantum
2681 3082 2753 3137 ad
2786 3081 2896 3137 hoc
2927 3083 3084 3155 quod
3106 3082 3322 3139 revelat
3351 3100 3386 3140 a
3406 3101 3606 3158 pecca-

1942 3172 2020 3228 tis
2043 3188 2105 3226 :«
2129 3174 2188 3227 et
2212 3193 2233 3221 ι
2271 3170 2382 3227 hoc
2423 3168 2705 3239 faciendo,
2738 3190 2765 3223 α
2794 3174 2883 3227 est
2927 3174 3122 3227 tactus
3162 3171 3310 3229 mihi
3343 3171 3403 3228 in
3435 3173 3603 3231 salu-

170 3260 401 3319 sanetis
450 3257 675 3331 angelis
706 3261 764 3313 et
809 3256 940 3313 aliis
987 3257 1208 3313 sanctis
1247 3257 1387 3315 viris
1420 3274 1435 3313 :
1464 3259 1607 3330 quia
1645 3274 1834 3330 neque
1870 3320 1907 3331 _
1945 3264 2066 3316 tem
2100 3282 2127 3309 »
2158 3259 2388 3315 animm.
2422 3258 2566 3314 Cum
2595 3258 2754 3327 dicit,
2783 3280 2804 3310 ι
2841 3259 3053 3328 factus,
3087 3282 3116 3311 »
3146 3264 3310 3318 notat
3341 3262 3606 3321 incarna-

175 3350 372 3424 angeli
405 3320 594 3421 neque
622 3346 719 3403 alii
756 3347 942 3403 sancti
965 3350 1214 3419 possunt
1261 3364 1364 3419 per
1411 3320 1831 3419 se‘quidquam
1863 3320 1909 3388 θ’
1946 3350 2165 3406 tionem
2195 3349 2378 3405 divini
2407 3348 2603 3417 Verbi,
2638 3320 2751 3421 per.
2789 3366 2968 3422 quam
3016 3320 3139 3405 haec
3187 3351 3385 3407 omnia
3435 3320 3607 3409 nobis

174 3439 464 3497 conferre.
499 3460 527 3487 ‹‹
561 3438 747 3503 Quam
784 3458 805 3485 ι
841 3434 1083 3491 electiva
1112 3435 1449 3507 conjunctio
1470 3439 1580 3501 est,
1602 3440 1659 3491 et
1689 3435 1834 3491 illud

177 3527 278 3585 cui
307 3525 707 3599 conjungitur,
733 3541 975 3597 prorsus
1003 3524 1198 3579 innuit
1248 3540 1376 3579 esse
1422 3524 1831 3580 auferendum.

254 3616 386 3672 Ideo
416 3615 546 3671 dico
583 3633 609 3666 σι
639 3614 862 3669 bonum
908 3616 999 3668 est
1049 3629 1284 3685 sperare
1311 3612 1372 3668 in
1422 3612 1689 3683 Domino,
1718 3637 1740 3665 ι
1779 3616 1837 3669 et

184 3729 208 3756 α
243 3706 465 3762 bonum
497 3706 587 3759 est
616 3703 910 3759 conﬁdere
942 3702 999 3756 in
1033 3718 1120 3770 eo,
1159 3724 1181 3751 ι
1218 3701 1357 3774 quia
1386 3719 1492 3775 ego
1511 3702 1749 3774 probavi
1773 3702 1832 3757 in

179 3811 276 3852 me
332 3792 481 3866 ipso,
523 3795 581 3848 et
626 3792 871 3848 ostendo
927 3790 1360 3858 certitudinem,
1394 3790 1535 3862 quia
1572 3814 1600 3841 ‹‹
1630 3808 1834 3847 omnes

180 3886 385 3958 gentes
415 3882 776 3938 circuierunt
805 3898 898 3936 me
932 3902 954 3932 ι
991 3880 1413 3937 blandimentis
1441 3886 1500 3937 et
1546 3883 1745 3951 minis,
1779 3886 1837 3939 et

181 3972 357 4029 etiam
387 3971 674 4027 exteriora
691 3987 824 4027 mea
852 3970 1190 4038 auferendo,
1217 3993 1239 4018 α
1267 3974 1324 4025 et
1347 3994 1369 4022 ι
1405 3970 1516 4027 hoc
1552 3995 1573 4021 ι
1608 3972 1769 4044 quia,
1806 3995 1834 4021 »

182 4061 242 4117 id
274 4064 383 4128 est,
399 4060 554 4132 quod
572 4082 601 4109 «
618 4058 777 4115 ultus
806 4075 940 4114 sum
963 4059 1023 4114 in
1054 4075 1210 4125 eos,»
1234 4062 1323 4115 est
1352 4060 1573 4115 factum
1614 4083 1635 4110 ι
1656 4060 1714 4115 in
1741 4078 1838 4116 no-

182 4148 341 4207 mine
369 4148 623 4216 Domini,
656 4170 684 4197 »
716 4165 831 4204 non
865 4165 967 4220 per
996 4163 1109 4215 me,
1135 4148 1234 4202 sed
1267 4164 1370 4218 per
1416 4147 1703 4204 auxilium
1733 4150 1838 4205 Do-

185 4236 350 4294 mini.
384 4237 470 4293 Ita
501 4236 738 4309 quidem
768 4235 1075 4292 ulciscitur
1103 4252 1164 4291 se
1188 4236 1393 4306 justus
1424 4237 1483 4291 in
1507 4241 1837 4309 peccatores

184 4326 337 4394 illos,
371 4326 510 4397 quia
540 4325 623 4380 sic
646 4323 929 4381 convertit
957 4341 1078 4393 eos,
1112 4329 1178 4379 ut
1200 4324 1356 4380 mala
1386 4343 1513 4397 quis
1542 4326 1707 4397 prius
1754 4326 1838 4382 in-

185 4414 449 4472 ferebant
478 4414 590 4486 ipsi
616 4414 807 4485 justo,
838 4413 1013 4469 modo
1036 4413 1096 4468 in
1125 4412 1349 4485 scipsos
1381 4413 1481 4469 illa
1512 4415 1833 4484 conferant,

183 4507 243 4560 et
271 4519 373 4576 pro
405 4502 661 4575 peccatis
692 4501 811 4558 illis
840 4518 902 4558 se
927 4502 1179 4573 puniant
1209 4517 1221 4557 :
1255 4506 1311 4557 et
1342 4502 1437 4558 hic
1476 4507 1713 4559 notatur
1755 4503 1836 4559 le-

183 4591 308 4648 vior
334 4590 657 4647 tribulatio.

1946 3439 2099 3495 facta
2126 3442 2288 3494 sunt.

2015 3528 2085 3583 Et
2110 3527 2247 3600 quia
2276 3526 2563 3583 Dominus
2602 3532 2693 3583 est
2734 3527 3015 3583 fortitudo
3059 3529 3360 3595 mea,ideo
3382 3552 3411 3579 κ
3433 3528 3495 3586 in
3516 3532 3609 3587 ta-

1943 3616 2583 3688 bernaculisjustorum
2596 3641 2643 3688 ,ι
2664 3617 2718 3670 id
2742 3617 2916 3685 est,in
2931 3617 3607 3690 conscientiisipsorum,

1944 3705 2003 3760 in
2027 3705 2245 3777 quibus
2270 3704 2498 3759 habitat
2528 3705 2703 3773 Deus,
2735 3705 2874 3760 etin
2916 3705 3140 3777 quibus
3189 3706 3303 3778 ipsi
3352 3706 3612 3764 militant

1944 3794 2188 3861 Deo,est
2215 3816 2243 3842 «
2274 3809 2384 3848 vox
2415 3792 2882 3861 exsultationis,»
2906 3792 2964 3848 id
3000 3797 3091 3849 est
3112 3811 3329 3867 magna
3357 3794 3610 3851 exsulta-

1944 3884 2048 3951 tio,
2073 3898 2176 3953 per
2196 3882 2351 3953 quod
2376 3882 2491 3936 Deo
2513 3885 2777 3936 nostram
2813 3880 3179 3936 voluntatem
3213 3882 3605 3953 ostendimus,

1945 3970 2100 4028 sicut
2128 3969 2343 4041 aliquis
2375 3969 2603 4024 amicus
2644 3968 2832 4023 amico
2858 3986 2965 4023 suo
2990 3986 3093 4040 per
3105 3985 3306 4025 vocem
3329 3985 3344 4025 :
3365 3992 3394 4020 ‹‹
3419 3974 3480 4026 et
3499 3988 3609 4028 vox

1946 4058 2174 4127 salutis,
2193 4079 2220 4107 »
2253 4058 2312 4112 id
2343 4061 2451 4125 est,
2484 4057 2614 4129 ipsa
2644 4055 2958 4111 exsultatio
2990 4056 3241 4112 habetur
3259 4055 3319 4112 in
3341 4059 3515 4115 corde
3535 4059 3608 4115 de

1946 4148 2156 4217 salute,
2189 4163 2365 4218 quam
2390 4145 2538 4216 justi
2572 4162 2634 4201 se
2664 4145 2975 4200 habituros
2996 4144 3354 4220 intelligunt.

2018 4238 2151 4293 Ideo
2173 4234 2467 4292 exsultent
2478 4233 2625 4306 justi
2648 4234 2709 4289 in
2731 4234 3294 4307 tabernaculis,quia
3316 4256 3344 4286 «
3368 4235 3608 4293 dextera

1946 4326 2178 4384 Domini
2210 4324 2347 4380 fecit
2374 4324 2671 4390 virtutem,
2711 4345 2732 4373 ι
2768 4323 2825 4378 id
2862 4326 2971 4391 est,
2999 4323 3184 4379 Filius
3214 4341 3381 4391 suus,
3414 4326 3473 4379 et
3497 4340 3605 4397 po-

1946 4415 2132 4472 tentia
2151 4430 2260 4470 sua
2281 4412 2417 4469 fecit
2438 4428 2531 4467 me
2549 4416 2916 4468 constantem
2940 4416 3145 4469 contra
3163 4415 3601 4485 persecutores:

1946 4509 2005 4562 et
2035 4505 2164 4577 ipsa
2212 4502 2415 4559 eadem
2443 4501 2724 4556 «dextera
2770 4501 3002 4556 Domini
3049 4500 3324 4557 exaltavit
3354 4518 3449 4558 me
3482 4524 3510 4552 ιι
3541 4500 3603 4558 in

1944 4592 2286 4657 virtutibus,
2321 4588 2766 4661 multiplicando
2797 4588 2857 4643 in
2890 4589 3037 4661 ipsis
3056 4589 3605 4659 virtutibus,eusto-

257 4703 284 4730 ‹‹
307 4679 754 4736 Circumdantes
777 4702 803 4729 »
845 4680 1021 4735 etiam
1067 4703 1094 4729 «
1128 4680 1643 4736 circumdederunt
1669 4698 1783 4750 me,
1810 4705 1837 4732 »
1866 4688 1916 4755 D
1947 4682 2123 4739 dibus
2152 4697 2246 4735 me
2277 4678 2594 4735 custodivit
2627 4694 2640 4732 :
2676 4680 2734 4733 et
2759 4677 2870 4733 hoc
2900 4681 2991 4733 est
3021 4678 3175 4750 quod
3208 4677 3391 4733 dicit:
3424 4696 3447 4726 ι
3470 4678 3607 4734 dex-

187 4768 411 4826 scilicet
442 4768 1052 4842 perseverantes,mihi
1077 4768 1135 4823 in
1156 4769 1393 4841 propria
1410 4786 1663 4841 persona
1682 4770 1837 4827 mala

187 4858 484 4915 inferendo
518 4875 532 4914 :
568 4881 597 4907 «ι
621 4862 679 4914 et
710 4859 770 4913 in
818 4875 917 4914 eos
945 4880 972 4907 »
1011 4861 1133 4914 tam
1186 4874 1393 4931 graves
1435 4863 1838 4931 persecutores

192 4971 214 4997 α
250 4964 379 5002 sum
402 4947 584 5014 ultus,
624 4970 650 4995 »
684 4947 840 5002 sicut
865 4964 1046 5019 supra
1077 4964 1091 5001 :
1125 4970 1153 4995 ‹‹
1188 4946 1246 5001 in
1279 4946 1515 5003 nomine
1544 4947 1835 5003 Domini.»

260 5056 286 5083 «
316 5033 844 5090 Circumdederunt
874 5052 968 5089 me
1004 5058 1029 5082 »
1063 5034 1241 5089 etiam
1278 5055 1305 5087 α
1334 5033 1487 5091 sicut
1516 5052 1656 5107 apes
1680 5059 1703 5088 ι
1732 5036 1840 5091 sei-

189 5120 339 5188 licet,
362 5125 483 5177 tam
515 5120 725 5177 acriter
751 5125 809 5177 et
838 5125 958 5177 tam
991 5139 1209 5188 amare,
1224 5122 1378 5178 sicut
1397 5139 1537 5194 apes
1567 5127 1840 5196 pungunt

191 5207 441 5282 aliquem
475 5228 489 5266 :
524 5213 582 5266 et
610 5210 759 5266 bene
794 5215 1095 5283 comparat
1122 5228 1222 5267 eos
1253 5212 1485 5283 apibus,
1516 5212 1656 5283 quia
1685 5213 1840 5268 sicut

191 5313 326 5371 apes
355 5301 630 5373 pungunt
650 5298 928 5372 aliquem,
962 5304 1019 5355 et
1044 5301 1359 5372 pungendo
1390 5301 1672 5373 frangunt
1702 5318 1839 5356 acu-

192 5387 363 5456 leum,
394 5392 451 5444 et
484 5388 620 5444 inde
652 5387 1007 5454 moriuntur,
1041 5387 1126 5444 vel
1160 5388 1397 5444 inutiles
1430 5391 1842 5456 rcmanenl,ita

193 5480 585 5547 persecutores
607 5477 1032 5549 justorum,vel
1065 5476 1425 5533 interficiunt
1470 5496 1531 5533 se
1572 5479 1839 5547 interius,

191 5562 274 5620 vel
304 5570 593 5622 excaecant
624 5566 696 5621 ad
730 5570 984 5638 tempus.
1014 5566 1138 5631 Vel,
1165 5588 1191 5618 σι
1220 5565 1733 5623 circumdederunt
1749 5587 1842 5625 me

195 5651 340 5708 sicut
356 5671 495 5726 apes
512 5679 532 5704 ι
562 5655 757 5711 favum
775 5654 1297 5710 circumdant.Alia
1317 5654 1622 5711 translatio
1643 5657 1839 5727 habet,

195 5766 222 5791 ‹‹
253 5742 470 5812 favum,
493 5744 563 5801 ad
596 5744 703 5801 hoc
737 5743 1126 5812 circumdant,
1159 5749 1224 5803 ut
1262 5744 1375 5801 mel
1421 5745 1754 5815 infundant,
1785 5753 1842 5806 et

1945 4775 2073 4827 tera
2102 4767 2337 4826 Domini
2366 4767 2503 4823 fecit
2531 4767 2832 4822 virtutem.
2862 4789 2889 4815 »

2017 4860 2089 4914 Et
2117 4857 2256 4930 quia
2285 4880 2313 4907 ‹‹
2347 4857 2583 4912 dextera
2631 4855 2861 4911 Domini
2913 4856 3052 4911 fecit
3075 4855 3373 4922 virtutem,
3409 4876 3439 4906 »
3476 4854 3609 4914 ideo

1953 4969 1976 4997 ι
2001 4965 2116 5003 non
2149 4946 2424 5013 moriar,»
2452 4945 2510 4999 id
2541 4949 2651 5011 est,
2676 4962 2791 5000 non
2822 4945 3025 5000 eadem
3050 4962 3083 4999 a
3105 4944 3400 5000 concessis
3428 4944 3611 4999 virtu.

1945 5038 2176 5104 tlbus,«
2202 5035 2303 5090 sed
2335 5033 2525 5089 vivam
2551 5056 2580 5083 »
2609 5032 2731 5089 vita
2751 5034 2992 5103 animm;
3017 5056 3046 5083 ‹‹
3070 5036 3128 5089 et
3158 5034 3409 5090 narrabo
3431 5047 3609 5105 opera

1947 5124 2203 5191 Domini,
2242 5147 2263 5172 ι
2291 5122 2350 5177 id
2383 5126 2493 5191 est,
2527 5122 2891 5178 annuntiabo
2925 5122 3077 5178 aliis.

2020 5215 2153 5270 Ideo
2186 5234 2207 5262 ι
2244 5228 2360 5266 non
2393 5210 2630 5277 moriar,
2664 5212 2764 5266 sed
2814 5210 3028 5277 vivam,
3065 5233 3086 5260 ιι
3122 5209 3262 5282 quia
3309 5208 3412 5265 illa
3451 5208 3609 5266 male.

1949 5321 2078 5376 quae
2102 5299 2244 5355 mihi
2271 5298 2543 5354 intulisse
2566 5298 2787 5371 putatis
2809 5299 2879 5354 ad
2906 5315 3099 5355 meam
3123 5297 3603 5364 destructionem,

1950 5390 2151 5448 intulit
2180 5386 2466 5444 Dominus
2489 5388 2560 5442 ad
2583 5387 3033 5455 correctionem;
3058 5390 3114 5442 et
3141 5387 3251 5442 hoc
3282 5390 3403 5443 est:
3435 5405 3458 5435 α
3479 5402 3606 5442 cas-

1950 5480 2157 5552 tigavit
2187 5494 2279 5532 me
2312 5476 2598 5532 Dominus
2630 5476 2947 5550 castigans,
2977 5499 2997 5526 ιι
3036 5476 3093 5531 id
3125 5480 3213 5532 est
3232 5491 3610 5548 perseverans

1951 5571 2010 5625 in
2063 5566 2406 5639 castigando
2459 5582 2564 5637 per
2610 5565 3117 5638 frequentissimas
3174 5564 3609 5635 tribulationes,

1952 5682 1979 5708 α
1996 5661 2055 5713 et
2077 5680 2105 5706 »
2126 5660 2324 5711 tamen
2353 5676 2373 5703 ι
2398 5670 2514 5709 non
2546 5654 2791 5710 tradidit
2812 5671 2904 5709 me
2926 5654 3101 5710 morti
3126 5676 3154 5703 »
3176 5654 3387 5710 anima:
3412 5671 3426 5710 :
3453 5653 3610 5710 unde

1949 5743 2265 5820 Apostolus
2298 5761 2311 5798 :
2348 5767 2373 5792 ‹‹
2412 5742 2486 5799 Ut
2514 5743 2805 5816 castigati,
2840 5746 2897 5799 ct
2927 5760 3041 5799 non
3073 5742 3428 5800 mortificati.
3461 5763 3483 5793 ι
