3942 6378
799 457 1208 517 HAYMONIS
1241 453 1778 515 HALBERSTAT.
1814 452 2015 512 EPIS(

2197 452 2267 511 P.
2300 452 2501 514 PARS
2534 455 2583 515 Ι.
2615 489 2692 499 -
2721 456 3128 517 COMMENT.
3162 457 3359 519 BIBL.

3669 458 3795 522 600

444 595 583 650 Pars
601 589 872 648 tertia.Et
892 586 1368 661 quandoquidem
1387 603 1493 659 ego
1512 586 1639 642 vivo
1656 585 1773 641 vita
1790 584 2020 653 ‘animaz,
2053 583 2113 651 Α,
2138 588 2495 671 reputarent.
2522 586 2625 643 Hic
2656 588 2895 661 quidem
2926 588 3100 661 lapis,
3134 606 3310 662 quem
3337 589 3796 664 reprobaverunt

370 686 428 741 et
446 698 581 741 sum
602 679 927 753 castigatus
955 677 1160 734 multis
1183 676 1687 745 tribulationibus,
1705 692 1811 731 nec
1826 680 2025 731 tamen

370 771 777 836 moriiﬁcatus,
810 785 947 841 ergo
976 785 1078 824 vos
1129 767 1373 839 apostoli
1428 767 1638 834 sancti,
1669 770 1729 821 et
1776 765 1872 821 alii
1914 766 2023 820 mi-

372 860 541 918 nistri
569 862 785 915 sanctas
814 857 1106 923 Ecclesiaz,
1146 878 1167 906 α
1195 856 1415 928 aperite
1457 855 1602 911 mihi
1653 860 1870 927 portas,
1904 877 1931 906 ››
1968 856 2024 911 id

371 954 480 1016 eet,
499 947 798 1004 dissolvite
820 964 916 1003 me
937 964 1040 1019 per
1061 950 1427 1003 sacramenta
1447 946 1737 1013 Ecclesire,
1756 969 1784 996 «
1816 950 1873 1001 et
1898 964 2029 1018 ape-

371 1039 574 1096 riendo
604 1041 841 1094 sanctas
872 1038 1227 1109 Scriptores,
1258 1056 1387 1109 quze
1418 1037 1617 1093 omnia
1661 1041 1801 1093 sunt
1848 1042 2026 1108 portae

374 1149 401 1179 ι
416 1127 717 1200 justiﬁes,»
742 1128 798 1183 id
824 1131 1045 1199 est,per
1060 1143 1209 1199 quas
1230 1126 1404 1181 homo
1428 1127 1632 1198 plenas
1646 1127 2024 1197 justitieatio-

369 1236 475 1276 nes
505 1218 862 1290 assequitur.
892 1218 1043 1273 Bene
1072 1221 1385 1288 postquam
1432 1233 1494 1271 se
1543 1216 1767 1271 dixerat
1816 1216 2025 1281 vivere,

368 1307 518 1382 petit
536 1311 602 1363 ut
621 1306 995 1373 dissolvatur,
1021 1306 1161 1377 quia
1182 1304 1578 1360 necessarium
1602 1308 1692 1359 est
1710 1303 2026 1376 unicuique

366 1396 526 1452 ﬁdeli
549 1399 671 1452 uta
702 1394 992 1451 ministris
1013 1398 1228 1449 sanctae
1246 1394 1513 1449 Ecclesiae
1537 1394 1892 1464 solvatur,ad
1918 1393 2027 1448 hoc

369 1489 441 1541 ut
458 1485 649 1558 possit
666 1484 966 1558 pervenire
996 1485 1067 1539 ad
1090 1484 1472 1540 aeternitatem
1491 1502 1514 1538 .:
1544 1484 1691 1556 qaod
1735 1484 1908 1539 modo
1939 1501 2030 1539 co-

369 1574 733 1650 gnoscimus,
748 1573 887 1648 quia
903 1573 1188 1629 Dominus
1209 1574 1383 1629 Jesus
1407 1577 1721 1646 postquam
1744 1575 2025 1628 Lazarum

366 1663 705 1731 vivificavit,
724 1663 1001 1736 praecepit
1029 1668 1095 1719 ut
1120 1663 1441 1719 solveretur
1490 1664 1665 1735 (Joan.
1691 1665 1791 1732 χι).
1823 1684 1850 1715 α
1879 1665 2025 1735 Ape-

369 1755 499 1821 rite,
537 1752 736 1822 edico,
771 1758 829 1809 et
858 1769 964 1826 ego
995 1775 1025 1803 «
1075 1753 1380 1826 ingressus
1428 1753 1486 1807 in
1520 1768 1619 1808 eas
1654 1775 1674 1803 ι
1713 1756 1932 1825 portas,
1967 1753 2022 1807 id

369 1846 478 1909 est,
501 1843 628 1915 jam
660 1841 972 1899 absolutus
1007 1843 1472 1913 etjustiﬁcatus,
1505 1864 1532 1893 «
1565 1843 1887 1897 confitebor
1915 1842 2027 1898 Do~

2135 676 2513 743 aediﬁcantes,
2548 701 2577 726 «
2611 678 2800 733 factus
2830 682 2920 734 est
2949 679 3007 734 in
3037 684 3218 751 caput
3240 680 3441 752 anguli
3477 699 3488 738 :
3526 705 3553 732 »
3587 682 3642 737 id
3681 687 3794 750 est,

2134 765 2289 820 sicut
2320 766 2621 839 angularis
2671 768 2822 839 lapis
2854 770 3005 823 duos
3053 770 3363 843 conjungit
3404 772 3675 843 parietes,
3709 771 3795 829 ita

2135 855 2404 911 Christus
2429 858 2575 912 duos
2608 859 2915 931 conjungit
2944 857 3461 931 populos,Judreos
3491 865 3548 917 et
3566 867 3793 935 gentes,

2136 944 2192 999 in
2227 947 2495 1001 eamdem
2532 948 2728 1003 ﬁdem.
2763 949 2908 1003 Cum
2942 949 3104 1016 dicit,
3142 973 3170 998 ‹‹
3202 950 3259 1005 in
3293 956 3470 1023 caput
3509 951 3729 1024 anguli,
3764 978 3789 1006 ι

2138 1037 2300 1088 notat
2329 1034 2625 1089 Christum
2660 1053 2787 1091 esse
2819 1054 3054 1092 omnem
3086 1039 3655 1096 consummationem
3687 1058 3792 1096 no-

2137 1122 2240 1176 stri
2274 1122 2501 1179 aedilicii
2532 1128 2588 1180 et
2618 1125 3127 1198 religionis,quasi
3161 1127 3311 1200 lapis
3335 1128 3560 1201 positus
3583 1129 3795 1186 incon-

2136 1213 2533 1268 summatione
2564 1214 2782 1286 anguli.
2824 1212 2839 1219 ’

2208 1301 2347 1357 Dico
2378 1302 2631 1374 lapidem
2664 1305 3039 1377 reprobatum
3070 1322 3199 1363 esse
3248 1307 3468 1364 factum
3520 1309 3576 1365 in
3616 1313 3795 1381 caput

2138 1391 2360 1463 anguli,
2396 1396 2455 1446 et
2488 1414 2515 1443 ‹‹
2548 1394 2780 1459 istud,»
2818 1395 2871 1450 id
2906 1399 3015 1459 est,
3050 1396 3200 1469 lapis
3241 1396 3350 1453 iste
3379 1397 3467 1454 vel
3498 1398 3617 1454 haec
3657 1398 3794 1457 talis

2137 1481 2472 1551 conjunctio
2495 1483 2844 1554 populorum
2870 1485 3022 1540 facta
3037 1502 3140 1557 per
3168 1485 3424 1558 lapidem
3455 1487 3682 1555 illum,«
3701 1495 3795 1545 est

2138 1570 2358 1626 factum
2390 1588 2423 1627 a
2454 1573 2752 1638 Domino,»
2781 1574 2949 1645 quasi
2987 1575 3189 1632 nullus
3220 1576 3373 1633 alius
3393 1582 3592 1649 posset
3608 1578 3793 1636 facere

2138 1659 2481 1730 hujusmodi
2513 1661 2949 1735 hominem,qui
2981 1682 3051 1720 ex
3078 1664 3305 1738 virgine
3329 1667 3795 1735 nascitur,et'im-

2138 1766 2377 1805 munem
2410 1768 2473 1806 se
2504 1751 2761 1807 custodit
2790 1752 2863 1808 ab
2894 1753 3056 1809 omni
3088 1753 3339 1822 malo,et
3368 1755 3485 1813 alia
3514 1756 3794 1814 multa-ih-

2138 1838 2217 1894 cit
2242 1839 2531 1907 miranda,
2557 1844 2615 1896 et
2641 1842 2769 1897 ideo
2799 1842 3053 1914 speciale
3083 1860 3233 1916 opus
3283 1844 3501 1901 dicitur
3533 1862 3546 1902 :
3583 1850 3640 1902 et
3666 1863 3796 1902 con-

366 1932 551 1999 mino,
588 1954 611 1982 ι
646 1932 705 1988 id
736 1936 848 1998 est,
877 1931 1130 1988 laudabo
1178 1932 1495 1987 Dominum
1531 1949 1544 1987 :
1580 1936 1633 1987 et
1664 1949 1770 2005 ego
1818 1932 1877 1986 in
1920 1931 2027 1987 has
2057 1958 2105 2024 Β
2130 1928 2363 2028 iunctio
2413 1928 2767 2028 populorum
2822 1931 3076 2003 speciale
3125 1950 3274 2006 opus
3321 1935 3421 1992 Dei
3453 1935 3584 2002 fuit,
3619 1956 3655 1989 ι
3674 1941 3735 1993 et
3761 1957 3788 1990 ιι

368 2026 570 2096 portas
589 2021 985 2090 introductus,
1019 2021 1355 2094 perveniam
1387 2023 1456 2077 ad
1493 2022 1790 2077 Christum
1828 2022 2026 2077 Domi-

367 2111 649 2184 num,qui
682 2114 774 2167 est
789 2128 925 2167 vera
956 2115 1142 2184 porta,
1162 2111 1544 2167 introducens
1566 2112 1893 2167 conformes
1916 2111 2026 2166 sibi

364 2202 438 2257 ad
469 2200 649 2256 vitam
684 2204 960 2256 aeternam
988 2205 1079 2256 :et
1106 2201 1273 2272 quasi
1297 2201 1423 2271 jam
1446 2203 1790 2273 praesentem
1823 2201 2027 2256 videns

366 2289 560 2363 ipsum
592 2288 1073 2356 Christum,dieit
1102 2290 1173 2345 de
1204 2288 1333 2361 ipso
1360 2305 1375 2344 :
1410 2311 1437 2337 δ)
1470 2291 1602 2345 Hac
1628 2312 1654 2337 n
1694 2294 1783 2345 est
1816 2294 2028 2361 «porta

367 2377 689 2446 Domini,id
709 2380 818 2444 est,
838 2394 942 2450 per
957 2394 1135 2450 quam
1160 2378 1278 2432 itur
1293 2379 1363 2433 ad
1389 2378 1706 2433 Dominum
1732 2397 1745 2434 :
1767 2396 1872 2435 nec
1895 2379 2024 2451 qui-

367 2464 602 2539 cunque
632 2483 736 2539 per
765 2482 894 2522 eam
925 2466 1254 2531 intrabunt,
1276 2467 1375 2522 sed
1406 2466 1593 2538 «justi
1624 2466 1933 2523 intrabunt
1963 2468 2023 2522 in

365 2574 558 2624 eam,»
589 2555 647 2611 id
679 2560 787 2623 est,
807 2572 911 2628 per
930 2572 1058 2611 eam
1083 2559 1309 2627 portam
1343 2555 1650 2612 intrabunt
1670 2555 1731 2611 in
1762 2558 2023 2629 requiem

366 2650 668 2702 aeternam.
699 2643 804 2701 Vel
836 2645 1005 2701 aliter
1038 2662 1050 2700 :
1086 2642 1575 2717 Quandoquidem
1614 2646 2024 2704 tribulationes

362 2738 568 2792 vestra)
598 2751 715 2792 non
743 2738 886 2791 sunt
911 2733 1056 2791 mihi
1078 2734 1274 2801 morti,
1296 2735 1395 2790 sed
1429 2735 1820 2808 castigationi,
1844 2736 2025 2809 igitur

365 2827 893 2898 vespersecutoros
924 2824 1144 2896 aperite
1165 2823 1308 2880 mihi
1333 2828 1531 2896 portas
1545 2825 1879 2896 justitiae,id
1911 2831 2019 2894 est,

350 2906 691 2989 prmparate
722 2913 868 2969 mihi
900 2913 1330 2980 tribulationes,
1367 2930 1495 2986 qua:
1526 2931 1619 2969 me
1658 2914 1939 2971 inducent
1962 2918 2022 2971 in

364 2996 779 3078 perfectionem
812 3000 1060 3075 justitiaz
1086 3020 1098 3058 :
1123 3005 1181 3059 et
1211 3019 1317 3075 ego
1350 3003 1654 3075 ingressus
1685 3003 1745 3058 in
1768 3022 1867 3060 eas
1889 3023 2021 3077 por-

360 3098 475 3162 tas,
491 3110 608 3153 non
635 3092 1040 3157 murmurabo,
1060 3092 1162 3148 sed
1186 3092 1507 3148 confitebor
1527 3093 1795 3161 Domino,
1820 3095 1875 3149 id
1909 3100 2019 3162 est,

363 3182 616 3240 laudabo
647 3176 986 3239 Dominum.
1012 3182 1084 3237 Et
1112 3198 1294 3254 quare
1323 3180 1382 3236 in
1416 3182 1795 3239 tribulatione
1826 3183 2024 3241 lauda-

365 3272 483 3329 bo?
513 3268 662 3338 Quia
678 3270 805 3327 hinc
820 3271 931 3327 fuit
950 3273 1118 3343 porta
1148 3270 1379 3327 Domini
1407 3271 1596 3327 nostri
1614 3272 1756 3329 Jesu
1779 3273 2017 3341 Christi,

360 3360 505 3434 quia
534 3354 638 3432 per
663 3359 887 3417 multas
915 3358 1326 3417 tribulationes
1347 3360 1636 3417 Dominus
1654 3360 2020 3419 Jesusintra-

362 3450 446 3506 vit
472 3448 533 3503 in
565 3448 812 3522 gloriam
836 3447 1024 3504 Patris
1049 3466 1062 3503 :
1086 3452 1143 3504 et
1172 3447 1313 3520 quia
1342 3453 1431 3504 est
1452 3472 1479 3499 ‹‹
1506 3454 1673 3521 porta
1702 3451 1957 3520 Domini,
1991 3475 2019 3502 »

356 3537 497 3593 ideo
530 3556 559 3588 α
568 3536 719 3609 justi
750 3536 1056 3591 intrabunt
1085 3536 1143 3590 in
1175 3553 1325 3603 eam,
1345 3559 1372 3585 ››
1402 3536 1459 3591 id
1492 3532 1600 3604 eet,
1622 3538 1667 3592 si
1694 3538 1794 3611 qui
1816 3540 2021 3597 volunt

363 3625 489 3682 ﬁeri
514 3618 685 3696 justi,
709 3641 823 3680 non
849 3624 1078 3697 fugiant
1108 3626 1443 3696 passionem
1476 3642 1580 3696 pro
1612 3628 1850 3684 nomine
1878 3630 2018 3685 Jesu

362 3704 579 3771 Christi
612 3731 746 3770 cum
778 3730 926 3786 opus
953 3713 1147 3769 fuerit.

433 3826 460 3853 «
496 3804 804 3877 Ingressus
823 3802 1146 3858 conﬁtebor
1183 3802 1447 3870 Domino,
1480 3825 1507 3852 »
1537 3808 1595 3859 et
1622 3805 1773 3872 ideo,
1798 3823 1830 3860 ο
1854 3829 1881 3856 ‹‹
1906 3807 2015 3862 Do-

360 3893 878 3961 mine,confitebor
908 3892 1035 3959 tibi,
1059 3891 1335 3965 quoniam
1362 3894 1648 3949 exaudisti
1681 3913 1793 3963 me,
1823 3919 1849 3945 »
1881 3914 2017 3968 per-

357 3984 626 4039 ducendo
649 3998 743 4038 me
764 3982 834 4038 ad
853 3986 1106 4055 portam,
1121 3999 1250 4055 qum
1270 3987 1362 4038 est
1377 3983 1674 4054 Christus;
1708 4006 1734 4038 α
1751 3989 1807 4041 et
1826 3986 2015 4043 factus

354 4088 418 4129 es
447 4070 616 4141 mihi,
643 4092 671 4123 »
704 4087 809 4144 per
836 4077 1204 4144 assumptam
1232 4072 1682 4142 humanitatem,
1716 4094 1745 4127 or
1772 4074 1829 4130 in
1865 4075 2017 4131 salu-

356 4164 496 4233 tem,
534 4183 562 4211 »
592 4159 650 4216 id
681 4164 772 4221 est
800 4159 1010 4216 animai
1036 4159 1508 4216 viviﬁcationem.

426 4272 456 4300 «
492 4249 793 4322 Lapidem.
831 4271 854 4298 ι
889 4248 1250 4304 Determinat
1279 4250 1415 4322 quis
1445 4250 1524 4306 sit
1550 4251 1741 4306 factus
1772 4252 1830 4307 in
1861 4252 2015 4309 salu-

353 4342 494 4407 tem,
520 4337 791 4395 Christus
822 4336 1316 4409 seilicet,propter
1353 4338 1706 4395 soliditatem
1740 4338 1892 4413 lapis
1926 4360 2010 4399 re-

354 4428 655 4501 probatus.
676 4429 747 4482 Et
767 4426 1021 4499 quibus?
1048 4427 1268 4483 Judzeis
1289 4428 1512 4483 scilicet
1527 4433 1583 4484 et
1604 4430 2009 4503 gentibus,qui

353 4532 456 4589 per
484 4516 781 4572 Christum
813 4516 1068 4589 lapidem
1121 4517 1461 4588 angularem
1513 4518 1571 4573 in
1620 4518 2005 4577 unam‘ﬁdem

349 4604 853 4662 ctinstitutionem
877 4607 1336 4677 conjunguntur.
1363 4607 1768 4663 Continuatio:
1796 4610 2007 4665 Factus

2137 2018 2296 2072 istud
2330 2035 2479 2089 opus
2500 2019 2599 2074 Dei
2636 2039 2658 2067 α
2682 2023 2773 2075 est
2800 2020 3069 2077 mirabile
3101 2022 3160 2078 in
3194 2023 3381 2081 oculis
3410 2025 3631 2083 nostris
3657 2048 3678 2075 ι
3705 2025 3794 2080 in-

2138 2107 2451 2163 terioribus
2486 2125 2498 2162 :
2536 2108 2673 2181 quia
2705 2109 2753 2165 si
2786 2111 3163 2169 attendamus
3192 2114 3347 2185 quod
3385 2115 3541 2171 Deus
3584 2114 3793 2172 Filium

2138 2213 2240 2267 pro
2274 2202 2474 2251 nostra
2505 2197 2850 2253 liberatione
2882 2198 3017 2276 fecit
3047 2200 3363 2269 incarnari,
3394 2204 3570 2260 etiam
3621 2204 3794 2260 morti

2136 2285 2461 2351 dedit,vere
2484 2286 2816 2343 mirabilem
2841 2288 3229 2362 intelligimus
3259 2292 3361 2348 Dei
3400 2294 3796 2367 operationem

2134 2377 2194 2429 ot
2223 2374 2562 2429 bonitatem.

2207 2461 2345 2518 Dico
2383 2482 2404 2509 α
2431 2482 2464 2519 a
2496 2464 2745 2520 Domino
2776 2464 3018 2531 factum,
3046 2488 3068 2516 ι
3104 2470 3163 2523 et
3198 2489 3221 2517 α
3256 2468 3378 2523 haec
3399 2470 3526 2527 dies
3548 2495 3572 2524 ι
3600 2470 3659 2528 in
3682 2486 3802 2543 qua

2134 2555 2311 2607 natus
2341 2556 2432 2607 est
2456 2553 2728 2610 Christus
2776 2558 2835 2609 et
2886 2554 3075 2611 factus
3110 2571 3124 2610 :
3154 2554 3243 2612 vel
3276 2556 3336 2612 in
3367 2560 3486 2629 qua
3527 2561 3687 2617 facta
3711 2565 3803 2618 est

2133 2641 2413 2714 praedicta
2435 2642 2769 2713 eonjunctio
2794 2643 3399 2716 populorum,scilicet
3413 2650 3653 2720 tempus
3672 2666 3804 2721 gra-

2131 2730 2342 2798 tize,est
2373 2731 2498 2787 dies
2531 2753 2555 2777 α
2578 2748 2759 2804 quam
2788 2732 2925 2789 fecit
2952 2730 3291 2791 Dominus.»
3316 2735 3478 2792 Licet
3506 2735 3798 2795 Dominus

2133 2835 2338 2875 omnes
2369 2819 2605 2877 fecisset
2634 2820 2781 2888 dies,
2802 2825 2999 2878 tamen
3038 2821 3254 2879 dicitur
3282 2823 3435 2881 hane
3467 2824 3803 2899 specialiter

2133 2910 2360 2976 fecisse,
2380 2910 2520 2982 quia
2552 2911 2609 2965 in
2645 2912 2753 2967 hoc
2786 2915 3048 2984 tempore
3082 2912 3414 2984 specialiter
3443 2932 3551 2971 nos
3582 2915 3799 2972 illumi~

2130 2998 2305 3065 vit,et
2333 2999 2610 3056 cordibus
2641 3002 2860 3056 nostris
2892 3000 3085 3057 lucem
3117 3019 3239 3058 suae
3264 3003 3619 3076 cognitionis
3640 3004 3794 3061 infu-

2131 3089 2253 3143 dit:
2291 3093 2347 3143 et
2377 3088 2507 3145 ideo
2545 3113 2564 3139 -
2600 3090 2964 3146 exsultemus
2999 3112 3021 3142 ι
3058 3092 3386 3147 secundum
3418 3108 3650 3165 corpus,
3674 3114 3699 3143 ε
3729 3100 3790 3152 et

2131 3176 2398 3233 hetemur
2429 3179 2489 3234 in
2520 3197 2588 3235 ea
2617 3198 2643 3245 η
2668 3181 2998 3235 secundum
3021 3179 3280 3236 animam
3306 3197 3317 3237 :
3343 3180 3404 3238 in
3426 3183 3629 3239 eadem
3649 3198 3791 3256 gau-

2133 3267 2337 3323 dentes
2368 3286 2472 3341 per
2497 3268 2813 3341 puritatem
2839 3273 3051 3325 nostrai
3080 3270 3473 3338 conscientias,
3506 3287 3611 3329 nos
3657 3287 3788 3329 esse

2132 3358 2464 3429 redemptos
2496 3359 2555 3414 in
2585 3359 2696 3415 hac
2722 3359 2835 3415 die.

2202 3446 2342 3502 Dico
2397 3469 2421 3496 ι
2475 3446 2862 3514 exsultemus,
2913 3447 2995 3503 ita
3053 3448 3359 3505 dicentes:
3398 3468 3426 3502 α
3455 3467 3489 3504 o
3519 3449 3786 3517 Domine,

2131 3534 2358 3592 salvum
2391 3553 2484 3591 me
2516 3537 2627 3603 fac,
2661 3558 2688 3587 ››
2727 3536 2784 3604 id
2817 3541 2926 3604 est,
2958 3537 3047 3593 fac
3079 3553 3173 3592 me
3221 3536 3565 3610 participem
3607 3538 3789 3610 hujus

2130 3623 2471 3682 salvationis
2501 3643 2680 3698 quam
2713 3628 2933 3682 mundo
2965 3626 3236 3694 attulisti,
3260 3648 3281 3677 ι
3304 3627 3783 3695 οΒοωὶιιθῷθιιθ

2128 3730 2492 3785 prosperare,
2515 3733 2540 3765 η
2581 3714 2805 3769 scilicet
2835 3719 3038 3771 contra
3066 3715 3336 3772 miserias
3366 3732 3514 3788 quas
3544 3715 3639 3773 hic
3660 3735 3788 3775 sus-

2127 3800 2486 3867 tinuisti,fae
2508 3820 2601 3858 me
2635 3804 2988 3876 quandoque
3018 3804 3216 3861 vestiri
3258 3804 3700 3863 immortalitate
3728 3810 3789 3863 et

2128 3890 2621 3962 impossibilitate.
3504 3902 3507 3905 ’

2197 3980 2417 4036 Deinde
2448 3998 2585 4052 pars
2615 3986 2843 4054 quarta.
2875 3983 2954 4038 Ac
2985 3983 3035 4039 si
3068 3982 3324 4039 diceret:
3351 3983 3497 4048 Quia
3512 3982 3784 4043 Christius

2124 4070 2316 4125 factus
2347 4073 2438 4125 est
2464 4070 2525 4125 in
2557 4075 2734 4143 caput
2757 4070 2979 4144 anguli,
2999 4087 3135 4144 ergo
3156 4088 3258 4127 vos
3281 4070 3379 4127 alii
3406 4084 3428 4124 α
3445 4072 3781 4131 constituite

2124 4156 2279 4213 diem
2304 4158 2626 4215 solemnem
2651 4176 2664 4214 :
2695 4184 2715 4212 ι)
2740 4163 2800 4215 et
2830 4161 2900 4216 ad
2923 4160 3035 4215 hoc
3056 4160 3374 4231 praemissa;
3397 4164 3539 4217 sunt
3559 4172 3777 4232 causai;

2124 4246 2292 4318 quasi
2326 4247 2408 4303 ita
2438 4248 2657 4303 diceret
2689 4266 2700 4304 :
2738 4250 2870 4304 Ideo
2903 4247 3128 4305 debetis
3159 4249 3208 4304 ei
3261 4248 3417 4305 diem
3457 4248 3778 4308 solemnem

2122 4334 2652 4408 constituere,quia
2681 4336 2809 4409 ipse
2845 4356 2867 4385 ι
2902 4336 3002 4408 qui
3031 4336 3332 4393 venito-in
3362 4338 3778 4405 mundum,noo

2121 4426 2243 4479 stra
2264 4424 2557 4479 calceatus
2589 4424 3083 4491 humanitato,est
3112 4448 3133 4475 ι
3170 4425 3571 4493 benedictus,»
3593 4426 3651 4482 id
3683 4432 3772 4483 est

2119 4512 2275 4567 omni
2298 4513 2651 4584 perfectione
2675 4514 2961 4569 virtutum
2985 4513 3214 4585 plenus.
3234 4535 3257 4565 ι
3280 4514 3488 4570 Venit.
3510 4515 3639 4571 dico
3659 4532 3772 4572 non

2118 4602 2187 4655 ad
2222 4602 2640 4672 aequirendam
2672 4602 2920 4673 gloriam
2971 4603 3336 4669 suam,sicut
3381 4602 3772 4661 Antichristus

350 4699 440 4751 est
468 4694 527 4749 in
560 4683 832 4760 salutem,
866 4696 1086 4751 Judzeis
1137 4694 1360 4751 scilicet
1409 4700 1461 4750 et
1495 4698 1791 4768 gentibus,
1828 4703 1885 4753 et
1914 4700 2009 4755 hic
2041 4702 2086 4765 Ι)
2116 4689 2307 4755 Γᾶείθῖ,
2344 4691 2446 4746 80d
2479 4715 2503 4738 α
2543 4690 2599 4746 in
2635 4691 2873 4747 nomine
2903 4692 3134 4747 Domini
3170 4690 3585 4764 lamplitmdo.

349 4787 438 4839 est
466 4781 618 4855 lapis
649 4781 765 4848 ille,
805 4803 831 4835 α
861 4800 1036 4854 quem
1078 4783 1354 4855 lapidem,
1386 4807 1413 4832 ››
1457 4784 1513 4839 id
1560 4790 1651 4841 est
1682 4786 2001 4855 Christum,

349 4872 448 4943 qui
482 4871 699 4927 dicitur
723 4871 874 4945 lapis
896 4876 1131 4944 propter
1169 4872 1561 4928 soliditatem:
1589 4892 1763 4946 quem
1805 4876 2006 4933 Chris-

341 4964 474 5016 tum
498 4984 525 5010 ‹‹
549 4961 962 5029 ωίίἱῐῑοαηὶθε,››
983 4961 1040 5017 id
1069 4963 1512 5035 OSt,JlldtUl,(]Ul
1530 4964 1807 5020 dicuntur
1826 4967 2003 5022 militi-

345 5054 547 5107 cantes
559 5051 696 5122 quia
709 5051 767 5105 in
784 5051 1123 5106 carnalibus
1141 5052 1529 5108 observantiis
1542 5053 2001 5123 zedilicabantur,

347 5140 572 5196 scilicet
603 5139 897 5195 abstinere
927 5157 961 5193 a
994 5139 1148 5194 male
1189 5146 1247 5195 et
1296 5140 1510 5196 servire
1552 5142 1667 5196 Deo
1693 5161 1705 5198 :
1732 5146 2002 5214 quamvis

347 5247 463 5285 non
496 5234 979 5285 consummarent
1009 5247 1179 5301 opus,
1215 5235 1280 5285 ut
1311 5231 1547 5301 perfecti
1577 5230 1997 5301 invenirentur,

344 5320 459 5375 nisi
488 5318 573 5373 illi
606 5320 707 5390 qui
739 5318 1037 5374 Christum
1074 5319 1516 5390 Iledemptorem
1559 5324 1997 5393 exspectabant,

343 5410 443 5464 sed
474 5408 643 5479 quasi
675 5408 973 5481 pueri,qui
998 5407 1166 5479 quasi
1193 5427 1295 5480 per
1313 5409 1628 5465 blanditias
1650 5411 1998 5482 educantur,

342 5497 528 5551 donec
560 5496 669 5567 ipsi
703 5498 904 5567 gravia
952 5497 1243 5553 sustinere
1292 5500 1521 5569 possint
1564 5503 1621 5554 et
1668 5500 1853 5572 legem
1898 5502 1998 5558 Dei

341 5582 664 5653 adimplere
697 5600 710 5638 :
747 5585 825 5640 ita
849 5584 1032 5640 Judaei
1070 5603 1170 5657 per
1200 5586 1321 5642 hate
1355 5588 1697 5659 temporalia
1719 5590 2000 5646 benelieia

342 5670 801 5733 ludificabantur,
834 5674 1015 5726 donec
1060 5674 1169 5744 ipsi
1219 5675 1536 5746 aliquando
1581 5685 1999 5748 cognoscerent

341 5754 665 5822 veritatem,
699 5762 755 5811 et
786 5760 915 5813 ideo
946 5778 1048 5828 pro
1080 5762 1220 5817 solis
1252 5763 1583 5819 coelestibus
1626 5766 1996 5824 serviendum

2184 4781 2229 4834 A
2256 4797 2372 4850 quo
2404 4780 2731 4835 benedictio
2764 4779 2986 4837 fuimus
3012 4780 3324 4847 benedicti,
3348 4784 3405 4836 et
3424 4797 3529 4835 nos
3554 4802 3583 4831 ‹‹
3607 4780 3774 4836 bene-

2118 4868 2376 4925 diximus
2406 4869 2572 4925 vobis
2602 4870 2673 4924 de
2704 4871 2879 4925 domo
2927 4869 3184 4926 Domini.
3222 4891 3243 4920 ι
3281 4868 3389 4936 Qui
3419 4868 3574 4925 enim
3612 4874 3771 4925 extra

2115 4959 2357 5013 domum
2391 4962 2549 5024 sunt,
2569 4958 2627 5013 id
2659 4963 2748 5014 est
2770 4958 3107 5025 Ecelesiam,
3134 4974 3251 5015 non
3280 4958 3496 5014 habent
3526 4962 3769 5030 potesta-

2114 5052 2230 5102 tem
2266 5047 2670 5103 benedicendi.
2704 5048 2841 5103 Dico
2874 5065 2979 5103 nos
3029 5046 3456 5113 benediximus,
3487 5051 3544 5102 et
3601 5045 3767 5103 nobis

2113 5136 2597 5193 benedicentibus
2629 5160 2657 5187 «
2690 5138 2847 5193 Deus
2870 5137 3163 5193 Dominus
3186 5160 3206 5188 ι
3243 5135 3557 5202 benedixit,
3595 5158 3616 5184 α
3650 5140 3709 5191 et
3738 5160 3766 5187 »

2112 5246 2214 5301 per
2240 5246 2410 5283 suam
2444 5228 2911 5284 benedictionem
2945 5250 2968 5280 ι
3004 5227 3195 5284 illuxit
3237 5227 3408 5283 nobis
3439 5249 3460 5276 ιο
3505 5242 3764 5283 comma.

2112 5319 2264 5373 niter
2293 5317 2624 5383 nobiseum,
2658 5318 2715 5372 id
2746 5323 2856 5381 est,
2880 5318 3153 5374 tenebras
3186 5335 3220 5374 a
3248 5316 3419 5373 nobis
3449 5315 3687 5388 fugavit,
3711 5320 3767 5371 rt

2110 5426 2303 5463 veram
2368 5408 2862 5463 illuminationcm
2913 5408 3192 5463 cordibus
3245 5406 3463 5463 nostris
3530 5404 3763 5459 infudit.

2109 5499 2475 5553 Credendum
2502 5498 2670 5552 nobis
2701 5502 2792 5553 est
2823 5498 2979 5569 quod
3009 5496 3281 5553 Christus
3311 5493 3599 5551 ministris
3642 5492 3765 5551 suis

2110 5589 2260 5645 hanc
2287 5592 2635 5660 potestatem
2668 5587 2924 5653 dedit,ut
2944 5604 3092 5658 quos
3118 5586 3229 5658 ipsi
3262 5584 3637 5647 benedicunt,
3661 5599 3764 5637 sua

2110 5677 2228 5733 sint
2256 5678 2430 5732 etiam
2464 5676 2869 5732 benedictione
2903 5675 3214 5732 benedicti.

2180 5768 2244 5820 Et
2268 5768 2407 5837 quia
2428 5764 2567 5821 estis
2592 5765 2903 5830 benedicti,
2925 5782 3062 5833 ergo
3091 5788 3111 5813 «
3136 5762 3473 5821 constituite
3497 5760 3654 5817 diem
3672 5776 3764 5817 so-
