3942 6386
153 462 269 525 609

1333 462 1837 525 EXPLANATIG
1861 461 1953 522 ἸΝ
1998 464 2255 527 PSALM
2268 468 2386 529 OS.

3450 472 3573 534 ΜΟ

154 610 518 666 quascunque
547 598 610 649 tu
642 594 908 667 disponis
937 595 1163 652 occulto
1208 595 1435 667 judicio
1472 600 1572 651 tuo
1608 618 1629 647 ι
1665 598 1805 651 sunt
1831 593 1895 664 ι
1988 597 2147 666 Dico,
2169 622 2197 650 «
2224 617 2295 655 ne
2316 600 2606 668 auferas,«
2628 604 2686 656 et
2712 624 2740 651 »
2764 606 3000 675 accepto
3024 603 3151 676 ipso
3173 604 3401 660 Christo
3424 606 3567 661 mihi

146 682 433 754 jucunda,
453 700 481 734 ο
511 683 571 738 id
603 687 711 748 est,
736 701 967 739 amoma
990 689 1130 740 sunt
1155 685 1299 740 mibi
1332 685 1562 757 ﬂagella
1582 703 1709 758 quin
1742 689 1805 739 tu

156 771 297 827 mihi
330 771 402 827 ad
433 772 852 829 correctionem
886 773 1181 829 immittis.

224 860 353 915 Dixi
380 884 401 910 α
432 866 678 933 amputa
707 862 1108 934 opprobrium,
1134 888 1156 915 ι
1195 864 1402 929 deduc,
1437 868 1493 918 et
1526 882 1807 935 quzecun-

157 967 266 1021 que
295 949 467 1022 petivi
500 951 591 1006 fac
624 967 638 1005 :
672 954 731 1005 et
760 967 892 1006 ecce
924 952 1213 1024 quidquid
1256 953 1431 1025 petivi
1481 953 1667 1007 habeo
1701 970 1714 1008 :
1749 957 1809 1007 et

155 1038 264 1095 hoc
293 1043 383 1094 est
405 1057 454 1094 :u
479 1055 612 1095 ecce
633 1041 939 1112 concupivi
961 1043 1241 1097 mandata
1265 1046 1363 1097 tua
1386 1064 1413 1092 »
1447 1042 1766 1113 adimplere
1789 1060 1803 1097 :

156 1132 213 1183 et
242 1128 343 1200 qui
372 1129 458 1183 sic
487 1129 652 1201 cupit
682 1146 925 1185 securus
951 1148 1080 1186 esse
1119 1135 1329 1204 potest,
1353 1132 1492 1204 quia
1521 1131 1834 1191 obtinebit.

156 1219 309 1289 quod
341 1217 522 1290 petit:
547 1218 677 1296 dico
709 1220 1037 1292 concupivi,
1071 1224 1128 1275 et
1158 1223 1228 1275 de
1263 1221 1507 1293 reliquo,
1543 1221 1806 1287 Domine,

157 1329 184 1358 «
212 1306 438 1362 viviﬁca
467 1324 618 1375 me,»
641 1308 699 1362 id
721 1313 831 1373 est,
860 1310 947 1363 l'ac
971 1326 1062 1363 me
1084 1327 1454 1381 perseverare
1484 1310 1541 1365 in
1572 1311 1811 1365 manda-

157 1395 231 1451 tis
261 1396 381 1452 tuis
406 1412 420 1451 :
444 1413 540 1452 mc
561 1396 690 1453 dico
712 1397 970 1469 positum
1000 1421 1021 1449 ι
1047 1398 1107 1453 in
1132 1400 1405 1471 (equitate
1427 1403 1580 1465 iulia,»
1608 1398 1663 1453 id
1698 1403 1806 1469 est,

155 1488 421 1556 agentem
453 1485 779 1541 secundum
810 1488 1090 1544 mandata
1112 1492 1233 1558 tua,
1258 1506 1387 1560 quae
1412 1488 1604 1544 solum
1638 1488 1813 1560 mqui-

152 1577 334 1630 tatem
365 1573 736 1648 praecipiunt.

913 1666 1044 1717 Vau.

227 1776 249 1804 ι
286 1754 359 1809 Et
385 1752 602 1809 veniat.
622 1774 651 1807 ι
680 1753 743 1809 In
775 1753 886 1810 hac
915 1758 1080 1827 parte
1099 1755 1244 1827 petit
1264 1755 1457 1812 fidelis
1487 1756 1587 1828 qui
1621 1754 1809 1828 loqui-

152 1845 269 1911 tur,
286 1841 390 1915 qui
409 1843 536 1914 jam
566 1841 627 1897 in
654 1843 908 1899 adventu
931 1843 1143 1899 Christi
1175 1844 1366 1917 ipsius
1396 1844 1583 1917 legem
1618 1862 1812 1900 susce-

152 1931 255 2003 pit,
290 1936 357 1987 ut
384 1931 511 2005 ipse
542 1930 809 1987 Christus
840 1932 918 1987 sit
959 1933 1011 1987 ei
1057 1937 1259 1989 contra
1286 1933 1608 2003 haereticos,
1634 1938 1808 2006 atque
1836 1968 1886 2033 Β

152 2024 355 2076 contra
384 2025 787 2093 persecutores
825 2021 1187 2093 praesidium,
1223 2023 1321 2095 qui
1352 2022 1553 2078 statim
1584 2023 1643 2077 in
1678 2023 1808 2079 illos

152 2108 606 2183 insurgunt,qui
633 2109 822 2183 legem
844 2110 1056 2166 Christi
1088 2111 1199 2166 reci
1208 2111 1380 2184 piunt
1404 2129 1418 2166 :
1443 2116 1501 2167 et
1519 2111 1649 2167 ideo
1672 2112 1809 2167 huic

151 2197 448 2263 octonario
475 2199 625 2255 bene
656 2200 1057 2271 praascribitur
1083 2199 1229 2267 Vau,
1265 2201 1421 2271 quod
1458 2199 1810 2272 interpreta—

151 2289 249 2341 tur
276 2288 415 2358 ipse,
445 2303 550 2359 per
590 2288 744 2360 quod
777 2287 1076 2343 Christum
1116 2288 1416 2361 egregium
1450 2289 1810 2360 adjutorium

151 2374 558 2449 intelligimus,
594 2393 768 2448 quem
801 2376 913 2432 iste
943 2376 1002 2432 in
1044 2376 1154 2445 hoc
1202 2379 1502 2434 octonario
1553 2378 1812 2450 postulat

154 2465 510 2535 adjutorem.

222 2552 601 2610 Continuatio
638 2570 651 2609 :
684 2553 927 2610 Viviﬁca
956 2572 1049 2611 me
1088 2555 1239 2627 dico,
1262 2579 1290 2606 «
1324 2561 1380 2611 et
1407 2557 1603 2613 veniat
1635 2574 1814 2629 super

155 2658 269 2711 me,
296 2668 319 2695 ι
349 2642 408 2698 id
439 2648 549 2711 est,
573 2642 658 2699 ita
687 2647 753 2698 ut
790 2644 868 2698 sit
906 2650 1103 2716 caput.
1124 2645 1249 2715 Vel,
1282 2663 1459 2718 super
1489 2664 1600 2715 me,
1635 2648 1693 2701 id
1726 2652 1815 2701 est

155 2730 227 2787 de
249 2731 587 2788 ccelestibus
606 2733 865 2800 veniens,
886 2757 912 2782 «
938 2733 1341 2789 misericordia
1362 2740 1486 2803 tua,
1514 2735 1811 2802 Domine,»

155 2822 212 2883 et
241 2837 422 2892 quam
456 2820 713 2893 postulet
744 2821 1231 2888 misericordiam,
1258 2823 1630 2890 determinat,
1656 2823 1813 2878 scili-

155 2913 265 2977 cet,
287 2933 316 2960 «
341 2909 600 2965 salutare
621 2913 851 2976 tuum,»
870 2909 925 2964 id
948 2913 1059 2976 est,
1076 2910 1257 2966 Filius
1283 2914 1419 2965 tuus
1436 2911 1536 2983 qui
1564 2911 1814 2971 salutem

158 2996 298 3052 facit
346 2997 645 3061 omnibus,
669 2997 768 3068 qui
801 2996 879 3052 sit
923 2997 1069 3052 mihi
1122 3003 1327 3054 contra
1372 2998 1817 3070 impugnatores

158 3085 528 3156 praesidium.
549 3084 673 3153 Vel,
691 3108 719 3137 «
748 3086 1075 3142 secundum
1124 3086 1425 3159 eloquium
1464 3092 1634 3145 tuum
1662 3110 1688 3137 ››
1715 3105 1813 3143 ve-

157 3173 305 3245 niat,
337 3172 396 3228 id
429 3178 539 3240 est,
564 3172 823 3230 instruat
851 3191 944 3229 me
971 3175 1044 3231 de
1072 3175 1198 3249 lege
1227 3180 1350 3231 tua.

230 3285 259 3313 ι(
284 3264 357 3319 Et
382 3285 410 3313 »
432 3263 483 3318 si
512 3263 597 3319 ita
623 3262 835 3330 veniet,
864 3267 1006 3320 tunc
1038 3287 1066 3315 ι(
1102 3265 1466 3337 respondebo
1494 3266 1760 3338 verbum,
1789 3288 1811 3316 ι

1916 685 1973 739 in
2008 688 2365 757 prwsidium,
2391 713 2419 739 α
2446 690 2773 746 custodiam
2804 691 2991 763 legem
3032 695 3194 748 tuam
3228 711 3478 766 semper,
3512 695 3570 751 id

1916 779 2023 840 cst,
2050 799 2077 825 ‹‹
2114 776 2171 830 in
2203 778 2482 833 saeculum
2522 785 2578 834 et
2624 780 2680 834 in
2726 780 3005 836 smculum
3052 781 3269 836 saeculi.
3296 804 3318 833 ι
3358 784 3570 855 Legem

1917 864 2015 918 Dei
2054 865 2111 923 in
2153 866 2261 921 hac
2292 868 2409 923 vita
2448 870 2723 935 custodit,
2756 870 2856 941 qui
2897 870 3228 942 proximum
3269 871 3481 944 diligit,
3512 878 3572 927 et

1917 970 2021 1024 pro
2054 953 2309 1011 inimicis
2341 961 2487 1023 orat,
2516 961 2574 1012 et
2604 957 2839 1013 similia.
2872 960 2934 1014 In
2973 959 3087 1014 alio
3129 959 3342 1016 smculo
3373 968 3569 1017 custo-

1918 1042 2147 1098 diemus
2179 1043 2385 1116 legem,
2407 1063 2582 1117 quam
2608 1065 2763 1102 nunc
2786 1047 3005 1102 habent
3025 1049 3386 1121 angeli,quia
3405 1055 3567 1117 tunc,

1918 1133 1984 1183 ut
2014 1130 2186 1185 modo
2219 1132 2434 1203 angeli,
2462 1135 2852 1189 communiter
2880 1135 3254 1192 laudabimus
3284 1138 3489 1204 Deum,
3514 1144 3571 1195 et

1918 1218 2095 1273 etiam
2128 1220 2335 1275 lratrcs
2357 1226 2589 1277 nostros
2612 1223 2947 1294 diligemus,
2974 1224 3126 1279 sicut
3150 1226 3367 1281 dicitur
3389 1245 3401 1283 :
3427 1227 3570 1282 Cha-

1921 1308 2063 1362 ritas
2095 1326 2401 1380 nunquam
2432 1311 2659 1365 excidet
2688 1314 2736 1381 (I
2771 1316 2899 1368 σον.
2934 1314 3075 1384 vm).

1989 1394 2108 1465 Ego
2141 1395 2269 1451 dico
2292 1418 2315 1446 υ
2343 1398 2692 1465 custodiam,
2716 1402 2774 1454 et
2794 1400 2970 1455 etiam
2986 1401 3113 1471 jam
3135 1404 3443 1459 custodivi.
3469 1405 3572 1460 Hic

1919 1486 2084 1537 notat
2113 1500 2175 1538 se
2206 1485 2502 1557 accepisse
2529 1486 2673 1542 illud
2706 1489 2861 1560 quod
2895 1490 3127 1560 petebat
3152 1493 3446 1565 superius,
3468 1494 3576 1549 sei-

1918 1570 2057 1626 licet
2077 1572 2392 1630 adventum
2411 1574 2625 1632 Christi
2646 1578 2975 1633 custodiam
2997 1596 3045 1634 »:
3071 1585 3128 1635 et
3148 1580 3257 1636 hoc
3277 1586 3367 1637 est
3385 1599 3433 1637 ει
3454 1599 3578 1638 am-

1918 1659 2197 1717 bulabam
2231 1685 2260 1712 »
2284 1664 2353 1718 de
2384 1663 2594 1720 virtute
2635 1665 2695 1721 in
2736 1666 3033 1739 virtutem,
3065 1674 3305 1742 accepto
3343 1670 3576 1727 Christo

1919 1749 2171 1822 hospite,
2205 1752 2463 1809 existens
2490 1777 2519 1804 ‹‹
2553 1754 2612 1810 in
2644 1755 3025 1826 latitudine,»
3046 1757 3106 1813 id
3133 1763 3241 1827 est,
3265 1759 3325 1813 in
3367 1759 3574 1816 multi-

1918 1838 2177 1911 plicitate
2207 1841 2512 1898 charitatis
2530 1847 2588 1898 et
2618 1844 2875 1900 scientiae
2899 1863 2913 1900 :
2937 1845 3247 1903 latitudine
3268 1848 3418 1918 dico,
3444 1848 3574 1905 ideo

1920 1927 2066 1983 mihi
2097 1929 2253 1998 data,
2289 1953 2316 1981 ‹‹
2350 1931 2489 2003 quia
2519 1933 2799 1989 mandata
2830 1938 2932 1988 tua
2958 1935 3262 2007 exquisivi.
3288 1959 3317 1985 »

1992 2040 2019 2067 «
2055 2018 2440 2090 Respondebo
2468 2022 2958 2092 exprobrantibus
2996 2024 3142 2079 mihi
3182 2025 3482 2092 verbum,»
3515 2030 3575 2083 et

1918 2105 2095 2161 etiam
2128 2107 2432 2179 respondi;
2464 2113 2522 2164 et
2565 2109 2675 2164 hoc
2723 2115 2814 2165 est
2847 2132 2874 2161 «
2900 2116 2960 2166 et
3005 2111 3307 2184 loquebar,
3336 2136 3357 2164 ι
3396 2115 3453 2169 id
3484 2120 3576 2171 est

1920 2193 2153 2251 locutus
2182 2214 2336 2265 sum,
2370 2198 2596 2269 positus
2626 2222 2651 2249 ‹‹
2679 2199 2761 2254 in
2783 2201 3136 2257 testimoniis
3165 2202 3306 2269 tuis,
3336 2226 3363 2252 »
3396 2204 3452 2258 id
3484 2208 3576 2260 est

1918 2284 2225 2356 praeceptis
2248 2286 2399 2341 tuis:
2430 2304 2534 2342 nec
2555 2291 2786 2344 tantum
2809 2288 2869 2343 in
2890 2293 3207 2361 conspectu
3227 2291 3451 2363 populi,
3473 2292 3574 2347 sed

1922 2395 1949 2421 «
1984 2373 2041 2428 in
2075 2378 2389 2445 conspectu
2441 2392 2667 2448 regum,
2693 2399 2721 2425 »
2750 2376 2808 2431 id
2839 2382 2930 2432 est
2962 2376 3293 2450 principum
3326 2381 3575 2435 munda-

1923 2478 2155 2529 norum,
2189 2463 2518 2534 przedicans
2546 2463 2786 2518 verbum
2818 2464 2950 2534 Dei;
2971 2488 2998 2514 ‹‹
3022 2468 3081 2521 et
3112 2482 3228 2521 non
3257 2467 3577 2521 confunde-

1922 2549 2047 2616 bar,
2081 2549 2139 2604 id
2172 2556 2280 2617 est,
2316 2569 2430 2605 non
2461 2553 2879 2608 erubescebam
2919 2570 3024 2625 pro
3056 2555 3334 2611 seandalo
3363 2555 3575 2611 crucis.

1921 2638 2045 2706 Vel,
2085 2662 2106 2689 ι
2143 2657 2257 2694 non
2300 2642 2720 2708 confundebar,
2756 2664 2786 2690 »
2818 2643 2971 2713 quod
3022 2660 3128 2715 ego
3176 2643 3440 2700 cederem
3470 2643 3576 2716 eis,

1920 2728 2010 2782 vel
2042 2728 2219 2782 etiam
2253 2732 2505 2784 tacerem
2538 2747 2643 2800 pro
2674 2730 2782 2785 eis.

1995 2840 2022 2866 ‹‹
2062 2818 2369 2888 Loquebar
2397 2822 2454 2871 et
2492 2819 2821 2873 meditabar
2857 2819 2916 2873 in
2959 2820 3259 2875 mandatis
3290 2822 3432 2891 tuis,
3457 2843 3486 2870 »
3516 2820 3577 2876 id

1923 2909 2031 2972 est,
2056 2905 2385 2975 cogitabam
2414 2907 2749 2977 frequenter
2777 2907 3071 2977 quomodo
3102 2924 3170 2963 ea
3198 2908 3574 2980 complerem,

1922 2993 1982 3047 in
2015 3010 2129 3064 quo
2163 2998 2399 3048 notatur
2426 2993 2880 3065 contemplatio:
2915 3000 2973 3050 et
3002 2995 3112 3051 hoc
3144 3013 3259 3051 non
3291 2996 3576 3053 faciebam

1925 3086 2183 3150 coactus,
2216 3082 2317 3137 sed
2349 3082 2490 3153 quia
2518 3105 2545 3133 ι(
2581 3081 2753 3138 dilexi
2790 3106 2816 3132 »
2848 3100 2916 3138 ea
2946 3085 3245 3152 mandata,
3270 3085 3401 3141 ideo
3422 3102 3579 3141 com-

1925 3170 2098 3242 plevi.

1997 3261 2067 3314 Et
2096 3277 2211 3315 non
2242 3264 2474 3316 tantum
2506 3261 2853 3329 meditabar,
2874 3261 2974 3317 sed
3008 3262 3183 3319 etiam
3214 3280 3386 3336 Opere
3417 3280 3575 3319 com-

158 3351 386 3407 scilicet
411 3350 600 3406 ﬁlium
620 3354 811 3420 tuum,
833 3375 861 3403 «
886 3352 1373 3424 exprobrantibus
1395 3354 1537 3409 mihi
1564 3378 1592 3404 »
1617 3336 1814 3427 ipsum
1846 3336 1890 3401 C
1928 3349 2108 3422 plevi;
2141 3354 2198 3404 et
2229 3350 2338 3404 hoc
2360 3349 2500 3405 dicit
2522 3368 2574 3406 ;‹‹
2595 3355 2653 3407 et
2682 3350 2861 3407 levavi
2895 3370 3106 3409 manus
3134 3370 3352 3421 meas,»
3374 3352 3433 3408 id
3464 3358 3574 3423 est,

159 3438 372 3509 ﬁlium,
396 3438 618 3496 scilicet
649 3439 699 3495 si
740 3439 959 3513 aliquis
995 3442 1431 3514 exprobraverit
1462 3443 1629 3511 mihi,
1651 3443 1816 3498 Chri-

161 3532 321 3585 stum
353 3546 470 3586 non
504 3529 719 3586 Filium
755 3529 872 3600 Dei,
907 3532 1010 3587 sed
1050 3530 1245 3587 solum
1286 3532 1586 3588 hominem
1627 3533 1817 3588 cruci-

161 3618 365 3687 ﬁxum,
391 3623 526 3688 etc.,
551 3619 859 3675 ostendam
906 3618 958 3675 ei
1010 3636 1115 3692 per
1145 3621 1404 3677 rationes
1454 3621 1666 3678 Filium
1719 3622 1819 3678 Dei

160 3722 296 3765 eum
322 3707 528 3776 fuisse,
561 3711 620 3764 et
648 3711 1003 3776 coaeternum
1031 3726 1044 3765 :
1072 3712 1128 3764 et
1157 3710 1286 3766 ideo
1317 3711 1402 3767 sic
1429 3713 1815 3785 respondebo,

160 3813 279 3852 non
300 3797 459 3869 quod
481 3797 773 3853 confidam
803 3797 863 3852 in
892 3795 1119 3853 viribus
1148 3798 1316 3865 meis,
1340 3800 1442 3855 sed
1465 3823 1495 3850 ‹‹
1518 3802 1659 3872 quia
1687 3819 1816 3873 spe-

162 3885 282 3942 ravi
313 3886 376 3943 in
407 3886 782 3957 sermonibus
808 3885 980 3954 tuis,»
1007 3886 1109 3958 qui
1129 3892 1270 3943 sunt
1289 3888 1434 3943 mihi
1456 3890 1610 3946 bona
1631 3908 1817 3956 arma,

162 3975 265 4045 qui
294 3974 495 4031 dixisti
519 3993 569 4031 :«
593 3975 740 4031 Cum
766 3975 1049 4032 steteritis
1078 3979 1213 4032 ante
1235 3994 1400 4050 reges
1429 3982 1487 4033 et
1517 3980 1815 4051 praesides,

162 4063 342 4121 nolite
366 4062 760 4136 praemeditari
780 4064 921 4136 quid
946 4065 1380 4136 respondeatis:
1404 4067 1641 4122 dabitur
1660 4068 1816 4124 enim

160 4152 326 4209 vobis
356 4152 418 4209 in
449 4151 552 4208 illa
580 4152 726 4209 hora
755 4152 899 4225 quid
929 4152 1253 4225 loquamini
1277 4154 1479 4226 (Matth.
1506 4157 1622 4228 x),»
1645 4160 1701 4212 et
1722 4158 1820 4211 ite~

163 4257 295 4298 rum
324 4258 337 4299 :
363 4264 393 4294 «
416 4241 577 4313 Dabo
605 4241 771 4299 vobis
801 4259 866 4298 os
895 4248 953 4299 et
982 4242 1333 4315 sapientiam
1363 4245 1516 4312 (Luc.
1543 4244 1682 4317 xx».

233 4330 449 4403 Contra
505 4330 811 4388 haereticos
868 4332 1233 4403 respondebo
1286 4349 1299 4387 :
1351 4336 1427 4401 et,
1470 4350 1503 4388 ο
1553 4333 1818 4407 Domine,

161 4420 401 4491 provide
424 4436 497 4477 ne
521 4437 626 4492 per
650 4418 1060 4477 tribulationes
1082 4420 1382 4476 auferatur
1411 4421 1556 4477 mihi
1577 4424 1819 4480 verbum

163 4512 358 4577 tuum,
382 4514 442 4578 et
470 4509 580 4567 hoc
610 4514 701 4567 est
731 4527 744 4566 :
773 4533 793 4560 ι
829 4514 887 4566 et
916 4525 990 4567 ne
1018 4510 1250 4567 auferas
1282 4511 1353 4566 de
1379 4528 1478 4567 ore
1525 4529 1675 4584 meo,
1702 4536 1730 4563 »
1760 4513 1818 4569 id

161 4603 274 4670 est,
298 4615 371 4655 ne
400 4598 709 4670 permittas
741 4598 958 4655 auferri
999 4615 1104 4672 per
1144 4598 1572 4670 tribulationes,
1597 4602 1686 4657 vel
1718 4620 1823 4675 per

1927 3439 2295 3511 operationes
2338 3457 2500 3495 meas
2532 3439 2709 3495 extuli
2741 3463 2769 3491 ‹‹
2802 3441 2875 3499 ad
2916 3443 3196 3498 mandata
3226 3446 3327 3498 tua
3356 3466 3383 3493 η
3417 3460 3576 3498 com-

1927 3527 2195 3600 plenda,«
2221 3547 2348 3602 quae
2365 3529 2599 3597 dilexi,»
2620 3530 2791 3601 quasi
2812 3531 2967 3602 quod
2988 3531 3164 3587 verbo
3193 3531 3387 3603 docui,
3409 3548 3582 3604 opere

1928 3618 2213 3690 complevi
2246 3636 2259 3675 :
2294 3623 2352 3674 et
2387 3617 2483 3674 hic
2520 3623 2760 3675 notatur
2800 3620 2923 3675 vita
2965 3620 3171 3678 activa.
3204 3621 3343 3677 Dico
3376 3644 3404 3673 ‹‹
3436 3622 3583 3679 leva-

1925 3708 2055 3775 vi,»
2089 3712 2147 3763 et
2183 3708 2334 3764 hanc
2383 3708 2784 3779 Operationem
2827 3715 3268 3781 perseveranter
3308 3711 3578 3782 implevi;

1928 3802 1986 3852 et
2016 3797 2124 3853 hoc
2156 3797 2299 3853 dicit
2331 3814 2382 3853 :«
2413 3798 2724 3853 exerceber
2752 3797 2811 3851 in
2837 3798 3366 3869 justilicationibus
3396 3799 3581 3865 tuis,»

1927 3886 1984 3941 id
2017 3891 2126 3954 est,
2162 3886 2410 3942 studebo
2442 3889 2508 3941 ut
2538 3902 2636 3942 eas
2667 3885 2795 3941 sine
2839 3886 2999 3941 omni
3045 3886 3325 3943 dilatione
3355 3886 3580 3956 possim

1928 3974 2193 4047 implere.

2687 4062 2835 4110 Zain.

2002 4175 2030 4203 ‹‹
2062 4151 2285 4206 Memor
2314 4154 2503 4205 esto.»
2526 4149 2734 4205 Justus
2765 4149 2865 4221 qui
2907 4146 3095 4221 legem
3136 4149 3356 4205 Caeristi
3390 4167 3584 4206 susce-

1928 4240 2033 4314 pit,
2064 4244 2124 4295 et
2173 4238 2351 4294 etiam
2406 4238 2604 4310 ipsum
2634 4237 2933 4293 Christum
2992 4239 3323 4310 adiutorem
3380 4243 3584 4297 contra

1930 4328 2231 4385 haereticos
2258 4332 2315 4384 et
2345 4330 2769 4398 persecutores,
2795 4328 2923 4399 jam
2952 4344 3056 4400 per
3083 4327 3193 4384 hoc
3214 4345 3379 4402 spem
3409 4328 3585 4385 habet

1928 4417 2131 4475 aeterni
2160 4416 2320 4474 boni.
2354 4418 2495 4473 Orat
2524 4416 2584 4470 in
2630 4415 2739 4472 hoc
2770 4417 3066 4473 octonario
3100 4418 3171 4474 de
3200 4415 3585 4490 cempletione

1928 4507 2091 4563 illius
2120 4506 2266 4580 spei,
2286 4510 2344 4562 et
2371 4505 2500 4560 ideo
2520 4505 2666 4561 bene
2693 4505 3092 4577 praescribitur
3120 4506 3256 4562 huic
3285 4506 3582 4579 particulis

1929 4596 2089 4664 Zain,
2121 4595 2277 4668 quod
2318 4594 2738 4665 interpretatur
2774 4593 2976 4661 ducta;
3004 4593 3091 4648 vel
3133 4594 3258 4664 huc,
3303 4594 3442 4667 quia
3481 4612 3586 4667 per

163 4685 539 4755 blanditias,«
562 4687 806 4743 verbum
829 4686 1149 4756 veritatis,»
1176 4687 1234 4743 id
1257 4692 1346 4744 est
1363 4689 1817 4763 priedicationis,
1852 4703 1898 4766 ι)
1932 4686 2040 4743 hoc
2070 4691 2389 4756 utrumque
2444 4681 2851 4754 intelligimus,
2887 4699 2993 4737 nos
3050 4700 3165 4739 non
3220 4676 3434 4741 habere
3490 4685 3583 4741 hic

166 4778 234 4829 ut
254 4792 363 4849 ego
383 4791 689 4847 nunquam
706 4775 911 4831 sileam
929 4776 1085 4848 apud
1102 4776 1339 4848 quosvis
1358 4779 1830 4848 praedicationem

164 4863 349 4920 divini
376 4865 536 4921 verbi
572 4882 585 4921 :
621 4882 727 4920 nec
758 4866 829 4923 ad
863 4864 1071 4921 horam
1100 4865 1407 4937 permittas
1435 4868 1651 4923 auferri
1684 4889 1821 4943 pro-

166 4957 297 5024 pter
324 4952 764 5010 tribulationem
792 4954 947 5011 sicut
968 4954 1157 5010 fecisti
1189 4954 1495 5026 Petro,qui
1529 4958 1600 5012 ad
1622 4976 1822 5018 vocem

166 5042 393 5098 ancilla
448 5041 754 5099 veritatem
803 5042 1036 5117 negavit
1084 5043 1287 5115 (Matth.
1318 5061 1479 5114 XXVI;
1511 5045 1674 5103 Marc.
1708 5068 1822 5123 xxv,

166 5132 295 5187 Luc.
327 5148 476 5200 xxxi;
508 5132 663 5188 Joan.
696 5136 896 5202 xvm):
942 5149 1048 5188 nec
1087 5132 1396 5204 permittas
1433 5155 1453 5183 α
1490 5151 1825 5210 usquequa-

167 5236 340 5291 que,»
363 5221 422 5277 id
452 5224 562 5289 est,
586 5221 747 5278 omni
780 5222 975 5292 modo,
1000 5220 1159 5277 omni
1191 5225 1452 5293 tempore
1477 5240 1489 5279 :
1518 5242 1623 5280 nec
1650 5229 1828 5285 debes

167 5311 450 5379 auferre,«
479 5310 620 5382 quia
643 5327 800 5384 nego
825 5334 854 5362 «
878 5311 939 5366 in
961 5309 1207 5382 judiciis
1236 5310 1416 5379 tuis,»
1438 5312 1496 5367 id
1528 5319 1617 5370 est
1642 5315 1701 5371 in
1724 5316 1826 5372 tri-

168 5397 571 5467 bulationibus
598 5416 745 5472 quas
775 5399 921 5455 mihi
954 5416 1058 5472 per
1079 5398 1307 5472 judicia
1328 5403 1438 5457 tua
1466 5400 1703 5477 infers,«
1728 5423 1826 5461 su-

168 5487 555 5559 persperavi,»
582 5488 643 5546 id
665 5493 774 5557 est,
800 5489 1083 5560 majorem
1104 5488 1365 5544 fructum
1392 5493 1828 5566 speravi,quam

169 5577 359 5648 possit
376 5576 574 5650 aliqua
596 5577 936 5651 temporalis
957 5577 1257 5633 tribulatio
1286 5581 1605 5649 promereri
1627 5599 1639 5637 :
1668 5582 1829 5641 Unde

167 5666 484 5738 Apostolus
514 5685 527 5725 :
557 5690 588 5723 ››
619 5669 747 5725 Non
789 5671 930 5723 sunt
968 5667 1271 5740 condigna:
1312 5668 1619 5740 passibnes
1650 5671 1829 5744 hujus

165 5756 457 5832 temperie
482 5758 555 5825 ad
580 5758 844 5818 futuram
875 5756 1122 5833 gloriam
1153 5758 1327 5831 (Rom.
1355 5758 1499 5837 vin).
1526 5782 1555 5812 υ

1940 4779 2276 4832 manentem
2308 4772 2620 4829 civitatem.

2002 4863 2417 4920 Continuatio:
2462 4862 2801 4930 Exercebar,
2851 4861 2990 4934 quia
3048 4865 3111 4917 tu
3169 4863 3380 4919 dedisti
3439 4865 3585 4920 mihi

1933 4972 2099 5028 spem
2130 4953 2189 5008 in
2219 4953 2393 5009 verbo
2424 4956 2547 5023 tuo,
2580 4952 2638 5007 id
2678 4956 2787 5020 est,
2822 4952 2879 5006 in
2911 4951 3301 5023 promissione
3332 4957 3452 5021 tua,
3481 4954 3584 5027 qui

1934 5042 2132 5100 dixisti
2158 5059 2210 5098 ;‹‹
2229 5041 2614 5113 Ουίεθᾳυίιυι·
2643 5058 2755 5109 me,
2776 5058 2891 5096 non
2923 5041 3190 5097 ambulat
3213 5042 3273 5097 in
3306 5043 3583 5111 tenebris,

1934 5134 2037 5190 sed
2070 5132 2308 5187 habebit
2336 5130 2537 5185 lumen
2558 5129 2687 5185 vita:
2710 5130 2886 5202 (Joan.
2910 5133 3093 5199 v1u).»
3114 5130 3184 5186 Et
3214 5130 3375 5186 illius
3401 5153 3429 5182 «
3456 5148 3583 5187 ver-

1936 5223 1993 5278 bi
2029 5223 2113 5278 tui
2143 5225 2267 5276 esto
2300 5236 2526 5276 memor
2561 5235 2726 5275 servo
2766 5222 2932 5287 tuo,»
2967 5218 3024 5273 id
3057 5223 3165 5287 est,
3201 5221 3273 5275 ad
3303 5219 3584 5275 ho’norem

1937 5313 2087 5369 servi
2139 5311 2246 5380 tui,
2278 5309 2624 5382 complenda
2664 5326 2789 5380 quae
2848 5307 3192 5380 promisisti,
3216 5309 3314 5380 qui
3366 5309 3585 5365 oblitus

1935 5401 2151 5458 videris
2182 5399 2445 5472 quandiu
2478 5397 2759 5453 distulisti
2776 5421 2802 5449 «
2824 5397 2882 5452 in
2916 5415 3030 5469 quo
3055 5421 3082 5447 »
3105 5400 3279 5455 verbo
3309 5422 3336 5448 «
3373 5397 3586 5454 dedisti

1938 5491 2083 5548 mihi
2114 5505 2279 5563 spem
2313 5512 2341 5538 ››
2375 5487 2575 5543 aeterni
2607 5487 2765 5543 boni.

2008 5579 2170 5649 Quod
2201 5601 2228 5628 ‹‹
2262 5577 2382 5633 Ι]ωο
2414 5600 2439 5625 ››
2471 5593 2605 5648 spes
2635 5600 2661 5626 «
2696 5575 2993 5632 consolata
3023 5580 3112 5633 est
3140 5594 3232 5632 me
3264 5577 3323 5633 in
3354 5575 3590 5633 humili-

1938 5675 2058 5728 tate
2088 5685 2271 5737 mea,»
2296 5666 2355 5723 id
2375 5670 2486 5737 est,
2510 5666 2571 5720 in
2593 5665 2914 5737 dejectione
2935 5665 3110 5737 primi
3138 5665 3418 5739 parentis.
3441 5666 3588 5739 Spes

1937 5761 2197 5842 quidem,
2223 5758 2293 5817 de
2322 5773 2442 5835 qua
2471 5755 2565 5814 hic
2595 5755 2736 5832 agit,
2766 5759 3041 5832 operatur
3068 5756 3128 5814 in
3157 5756 3326 5816 nobis
3354 5755 3587 5833 patien-
