3942 6372
368 447 479 507 611

767 443 1170 505 IIAYMONIS
1215 440 1758 502 HALBERSTAT.
1793 433 2043 498 EPlSC.
2074 429 2257 508 ΟΡΡ,
2285 437 2514 498 PAltS.
2549 436 2596 497 Ι.
2634 471 2709 480 -
2741 437 3150 499 COMMENT.
3183 435 3384 499 BIBL.

3668 435 3783 496 612

368 580 515 635 tiam
546 580 748 633 contra
793 578 1056 643 adversa,
1089 578 1147 629 et
1184 574 1589 646 probationem
1636 572 1695 627 in
1741 568 2022 628 adversis.
2051 566 2114 639 Α
2139 567 2234 624 hic
2266 568 2457 625 ﬁdelis
2487 569 2589 641 qui
2617 542 2881 642 loquitur
2910 569 3166 626 ostendit
3186 585 3467 643 magnum
3499 584 3673 625 suum
3693 584 3787 641 pa-

368 667 471 723 Vel
502 667 561 721 in
592 667 701 721 hoc
733 689 759 715 «
796 662 1098 719 consolata
1125 667 1215 717 est
1245 679 1338 717 me
1370 662 1428 716 in
1462 660 1794 716 humilitate
1827 676 1978 725 mea,
1997 680 2024 707 »

369 757 428 812 id
460 760 570 821 est,
603 754 660 808 in
693 751 1193 820 tribulationibus,
1223 752 1363 823 quia
1393 754 1631 823 propter
1660 766 1827 822 spem
1861 746 2025 803 illam

368 843 778 899 tribulationes
808 841 1001 896 illatas
1024 840 1301 897 sustinui.
1322 866 1347 890 ‹‹
1376 839 1689 895 Consolata
1709 843 1847 893 est»
1871 837 2023 903 dico,

370 957 396 982 (ι
431 932 571 1004 quia
602 930 904 1003 eloquium
936 935 1129 1001 tuum,
1157 954 1183 977 »
1207 930 1263 984 id
1298 934 1388 985 est
1436 930 1783 985 mandatum
1832 930 2023 993 tuum,

369 1044 397 1071 ‹‹
421 1020 731 1076 vivificavit
777 1037 938 1088 me,»
960 1020 1019 1075 id
1052 1025 1159 1087 est,
1181 1019 1342 1075 dedit
1392 1018 1538 1073 mihi
1581 1017 1757 1072 vitam
1792 1015 2023 1071 anima}.

367 1110 477 1177 Qui
499 1110 656 1165 enim
679 1110 1005 1165 viviﬁeatur
1026 1108 1325 1180 implendo
1349 1108 1625 1163 mandata
1645 1106 1766 1176 Dei,
1781 1121 2026 1160 securus

367 1217 473 1272 per
502 1200 612 1255 hoc
644 1201 714 1255 de
743 1204 957 1253 aeterno
1014 1198 1470 1269 bono,jueunde
1521 1194 1789 1251 miserias
1847 1193 2027 1264 hujus

368 1288 567 1344 saeculi
596 1289 869 1344 sustinet.

443 1378 596 1433 Bene
639 1377 768 1432 dico
814 1377 971 1448 quod
1003 1399 1029 1425 α
1066 1374 1370 1447 eloquium
1420 1379 1591 1430 tuum
1639 1369 1970 1438 vivificavit,
1997 1391 2024 1417 »

370 1467 511 1538 quia
540 1483 675 1522 cum
706 1464 931 1520 inimici
962 1464 1270 1532 instarent,
1294 1482 1401 1537 ego
1446 1481 1563 1519 non
1596 1461 1807 1530 defeci;
1830 1464 1888 1515 et
1918 1459 2027 1514 hoc

369 1560 461 1611 est
492 1572 505 1610 :
531 1578 558 1605 «
587 1554 823 1627 superbi
858 1554 1058 1624 inique
1101 1554 1371 1625 agebant,
1396 1576 1423 1602 »
1446 1551 1687 1618 scilicet,
1722 1548 1867 1604 mihi
1902 1547 2027 1602 sine

369 1662 552 1701 causa
572 1643 727 1698 mala
750 1643 1106 1710 inferendo,u
1137 1658 1615 1713 usquequaque,»
1635 1639 1692 1693 id
1714 1642 1825 1705 est,
1847 1635 2031 1692 omni-

369 1734 483 1789 bus
506 1732 697 1787 modis
720 1731 937 1803 quibus
969 1735 1267 1802 poterant;
1291 1747 1397 1802 ego
1421 1754 1446 1779 «
1483 1734 1679 1785 autem
1713 1744 1825 1782 non
1859 1724 2031 1781 decli-

370 1821 503 1876 navi
536 1837 570 1876 a
597 1819 725 1892 lege
756 1824 918 1887 tua,»
939 1818 999 1873 id
1029 1824 1139 1887 est,
1161 1819 1324 1874 nullo
1346 1820 1520 1874 modo
1552 1834 1656 1890 pro
1677 1816 1761 1873 eis
1782 1813 2026 1871 cessavi.

441 1911 511 1965 Et
532 1922 711 1982 quare
735 1925 848 1963 non
874 1907 1197 1963 declinavi?
1219 1908 1386 1980 Quia,
1405 1925 1437 1963 ο
1460 1930 1489 1957 ‹‹
1513 1906 1779 1974 Domine,
1805 1920 2031 1960 memor
2060 1940 2110 2007 B

369 1999 453 2056 fui
476 1998 841 2071 judiciorum
872 2000 1111 2052 tuorum
1136 2019 1165 2046 »
1183 1997 1471 2053 factorum
1494 2020 1520 2045 «
1544 2014 1579 2052 a
1608 1994 1841 2063 smculo,
1860 2016 1886 2042 »
1908 1991 2026 2048 sei-

370 2088 531 2158 licet,
555 2086 919 2144 consideravi
943 2086 1098 2157 quod
1122 2086 1278 2143 Deus
1298 2103 1333 2142 a
1361 2086 1551 2158 primo
1575 2085 1741 2156 justo
1762 2083 2032 2140 obedien-

370 2182 460 2233 tes
478 2179 833 2243 remunerat,
849 2173 1211 2246 negligentes
1228 2173 1596 2230 damnat.Vel
1609 2197 1653 2240 ,‹‹
1666 2174 1690 2243 j
1702 2170 2027 2227 udiciorum

370 2283 406 2321 a
427 2262 662 2335 saeculo,
679 2285 706 2312 »
728 2262 953 2318 scilicet
972 2264 1127 2335 quod
1149 2280 1183 2317 a
1205 2262 1437 2331 saeculo,
1455 2262 1513 2316 id
1546 2264 1635 2317 est
1655 2260 1810 2332 quod
1842 2277 1876 2314 a
1904 2259 2026 2331 pri-

371 2368 469 2408 mo
487 2352 673 2423 justo,
690 2350 829 2423 quia
843 2369 878 2406 a
892 2352 1066 2406 domo
1083 2349 1185 2405 Dei
1199 2349 1494 2419 judicium
1513 2349 1743 2420 incipit,
1757 2348 2030 2419 justeju-

372 2440 535 2496 dicas
564 2438 698 2495 illos
717 2439 1002 2507 laborare,
1027 2455 1176 2510 quos
1196 2438 1257 2492 in
1278 2438 1392 2493 alio
1414 2437 1627 2493 saeculo
1647 2437 1735 2492 vis
1756 2452 2027 2491 remune-

371 2544 521 2584 rare.
546 2527 711 2583 Unde
739 2527 957 2582 dicitur
981 2543 1039 2582 :«
1066 2525 1347 2598 Flagellat
1383 2527 1538 2582 Deus
1569 2542 1803 2581 omnem
1837 2523 2027 2578 ﬁlium

370 2633 549 2688 quem
581 2614 787 2688 recipit
819 2616 970 2686 (Ilcb.
991 2615 1114 2687 xu).
1141 2637 1169 2664 »
1192 2616 1261 2670 Et
1291 2614 1564 2671 Salomon
1593 2631 1606 2670 :
1632 2613 1740 2678 Qui
1771 2630 1886 2669 non
1919 2611 2029 2667 erit

371 2705 431 2760 in
460 2722 705 2761 numero
744 2704 1195 2777 ﬂagellatorum,
1218 2704 1537 2776 cxcipietur
1565 2705 1636 2759 de
1665 2705 1839 2758 domo
1873 2701 2026 2756 (ilio-

372 2812 505 2851 rum
539 2811 553 2850 :
583 2817 610 2846 (ι
642 2799 699 2849 et
730 2817 758 2843 »
791 2794 932 2865 quia
982 2793 1122 2851 talia
1165 2793 1408 2867 cognovi
1455 2799 1558 2848 tua
1607 2809 1736 2849 esse
1775 2791 2024 2864 judicia,

371 2884 501 2939 ideo
524 2906 550 2933 α
584 2882 923 2940 consolatus
951 2901 1085 2939 sum
1120 2906 1148 2933 »
1179 2883 1239 2938 in
1271 2882 1754 2939 tribulationibus
1786 2880 1953 2936 meis.

445 2996 471 3023 α
505 2971 856 3028 Consolatus
894 2990 1028 3028 sum
1054 2994 1082 3023 »
1118 2974 1188 3027 de
1221 2989 1332 3041 me,
1366 2973 1468 3028 sed
1511 2973 1581 3028 dc
1621 2969 2028 3045 peccatoribus

372 3062 562 3133 dolui;
596 3069 654 3118 et
681 3062 790 3119 hoc
820 3067 910 3119 est
942 3080 955 3119 :
981 3086 1009 3113 «
1034 3063 1300 3132 defectio,
1329 3084 1356 3112 »
1380 3063 1437 3117 id
1467 3065 1576 3130 est,
1602 3061 1860 3127 afﬂictio,
1886 3084 1913 3110 ‹‹
1948 3064 2030 3116 te-

374 3152 503 3209 nuit
533 3170 684 3222 me,»
706 3152 947 3209 afﬂictio
977 3156 1034 3208 et
1062 3152 1229 3209 dolor
1256 3152 1408 3221 dico,
1430 3151 1633 3206 habita
1654 3174 1680 3201 ‹‹
1707 3167 1810 3222 pro
1832 3166 2029 3222 pecca-

372 3241 602 3297 toribus
634 3258 647 3295 :
674 3264 701 3289 »
735 3258 851 3296 non
900 3242 1039 3313 quia
1080 3241 1228 3297 mihi
1277 3241 1435 3298 mala
1483 3240 1890 3310 inferentibus,
1924 3239 2027 3293 sed

373 3331 514 3401 quia
542 3353 570 3379 ‹‹
604 3329 1149 3401 derelinquentibus
1176 3330 1365 3403 legem
1396 3334 1580 3385 tuam.
1601 3351 1629 3380 ››

445 3419 553 3473 Pro
584 3417 701 3471 illis
751 3418 1119 3489 deficiebam,
1150 3419 1251 3473 sed
1287 3423 1350 3474 ut
1378 3436 1412 3473 a
1441 3436 1535 3474 me
1564 3435 1739 3473 omne
1788 3418 2027 3473 tzedium

374 3506 688 3574 auferrem,
710 3506 1024 3569 cantabam
1044 3507 1294 3562 Domino
1317 3505 1580 3578 psalmos
1602 3511 1661 3562 et
1690 3506 1939 3579 hymnos
1968 3506 2028 3560 in

374 3594 549 3649 corde
581 3609 741 3661 meo;
769 3598 826 3648 et
855 3594 967 3649 hoc
996 3598 1121 3650 est:
1159 3595 1427 3650 existenti
1455 3618 1481 3646 «
1510 3595 1569 3649 in
1606 3595 1733 3651 loco
1771 3594 2027 3667 peregri-

374 3681 632 3738 nationis
654 3682 936 3750 ιιιρω,››ἱιι
957 3682 1067 3739 hac
1089 3683 1228 3750 vita,
1244 3701 1362 3756 qua
1382 3701 1475 3740 me
1504 3684 1878 3757 peregrinum
1902 3701 2030 3740 esse

373 3788 738 3844 cognosco,«
771 3777 938 3827 erant
994 3772 1141 3827 mihi
1200 3772 1526 3829 cantabiles
1574 3773 2030 3844 justilicationes

373 3864 513 3927 tuae,
539 3882 566 3909 »
591 3860 647 3915 id
682 3864 771 3916 est
801 3859 1013 3933 psalmi
1038 3866 1096 3916 et
1116 3860 1340 3933 hymni,
1366 3861 1465 3934 qui
1489 3861 1789 3918 hominem
1815 3862 2032 3935 justifi-

373 3953 511 4004 cant
556 3966 701 4021 pure
751 3954 1108 4018 cantantem,
1134 3951 1307 4022 juxta
1364 3950 1510 4006 illud
1568 3951 1932 4024 Apostolizu
1969 3952 2031 4007 In

373 4036 611 4112 hymnis
631 4042 689 4094 et
718 4038 986 4111 psalmis,
1011 4044 1070 4095 et
1090 4039 1334 4097 canticis
1358 4040 1791 4112 spiritualibus,
1817 4041 1874 4095 in
1909 4057 2036 4114 gra-

374 4129 459 4184 tia
487 4132 793 4184 cantantes
823 4129 884 4185 in
917 4129 1195 4185 cordibus
1227 4129 1437 4187 vestris
1468 4130 1584 4186 Deo
1606 4132 1751 4200 (Col.
1776 4134 1882 4200 ιιι).
1913 4153 1939 4179 ››

448 4217 583 4273 Ideo
625 4218 1085 4290 justificationes
1141 4219 1383 4275 fuerunt
1429 4218 1773 4289 cantabiles,
1809 4219 1968 4292 quia,
2002 4236 2035 4274 o

376 4330 403 4355 «
429 4306 696 4375 Domine,
722 4306 783 4361 in
805 4312 995 4375 nocte,
1024 4330 1051 4356 »
1076 4308 1134 4363 id
1155 4313 1264 4373 est,
1286 4307 1346 4363 in
1383 4312 1647 4382 tempore
1676 4308 2035 4381 persecutio-

374 4395 526 4463 nis,«
551 4395 634 4450 fui
662 4411 888 4451 memor
910 4395 1168 4451 nominis
1193 4396 1335 4462 tui,»
1359 4397 1417 4452 id
1439 4402 1547 4466 est,
1567 4397 1809 4470 cognovi
1834 4403 1889 4453 te
1910 4414 2039 4453 esse

376 4483 717 4554 Dominum,
743 4501 836 4540 me
869 4502 1124 4554 servum,
1147 4489 1206 4541 et
1226 4486 1461 4556 justum
1491 4503 1619 4542 esse
1650 4486 1808 4557 quod
1840 4486 2039 4541 Domi-

379 4590 493 4628 nus
522 4572 807 4646 corrigat;
833 4596 859 4623 ‹‹
894 4577 950 4628 et
983 4596 1011 4623 »
1043 4574 1174 4629 ideo
1196 4597 1223 4624 ‹‹
1258 4574 1547 4631 eustodivi
1578 4575 1767 4647 legem
1796 4579 1982 4645 tuam,
2007 4596 2034 4625 »

2132 675 2330 714 vorem
2362 663 2419 714 et
2446 658 2925 725 sollicitudinem,
2955 658 3177 715 scilicet
3205 677 3268 715 se
3297 658 3552 714 multum
3583 656 3789 714 sollici-

2134 750 2263 802 tum
2292 747 2588 820 inquirere
2621 752 2677 803 et
2706 747 2973 803 laborare
3005 748 3299 822 quomodo
3328 747 3402 803 ad
3434 763 3556 803 rem
3586 762 3786 818 spera-

2134 839 2256 891 tam
2288 837 2476 908 possit
2504 837 2824 909 pervenire.
2852 838 3000 892 Nota
3047 836 3188 908 quia
3238 852 3416 908 pavor
3461 839 3551 891 est
3598 834 3786 890 cordis

2133 926 2468 996 trepidatio,
2504 943 2619 981 non
2655 926 3002 997 proveniens
3032 942 3100 980 ex
3131 924 3491 980 fortitudine.

2162 1066 2179 1079 κ
2205 1014 2619 1071 Continuatio:
2655 1016 2790 1071 Ideo
2828 1014 3112 1086 exquisivi
3148 1012 3603 1086 justiﬁcationes
3634 1015 3787 1079 tuas,

2135 1104 2292 1175 quia,
2317 1122 2349 1158 o
2379 1124 2399 1153 α
2426 1105 2670 1161 Domine
2694 1128 2721 1152 »
2745 1109 2805 1159 tu
2831 1122 2892 1159 es
2917 1128 2943 1154 ‹‹
2972 1105 3158 1175 portio
3182 1120 3332 1170 mea,
3360 1125 3387 1150 »
3409 1101 3652 1174 scilicet,
3675 1120 3785 1156 non

2134 1193 2282 1265 elegi
2307 1193 2451 1248 mihi
2474 1193 2530 1247 in
2557 1197 2779 1265 partem
2802 1193 3129 1259 aurum,vel
3152 1191 3375 1264 aliquid
3397 1193 3786 1259 mundanum,

2136 1282 2235 1336 sed
2270 1287 2325 1337 te
2356 1281 2571 1349 solum,
2594 1282 2694 1354 qui
2725 1300 2786 1337 es
2815 1300 2951 1338 vera
2979 1282 3074 1337 via
3116 1283 3188 1337 ad
3230 1279 3651 1336 beatitudinem
3689 1298 3703 1335 :
3734 1284 3789 1335 et

2136 1369 2277 1441 quia
2303 1374 2361 1426 te
2390 1371 2449 1425 in
2480 1375 2706 1443 partem
2736 1371 2906 1443 elegi,
2930 1371 3059 1426 ideo
3080 1393 3107 1421 ‹‹
3142 1370 3319 1439 dixi,»
3340 1368 3398 1424 id
3430 1374 3540 1439 est,
3570 1370 3786 1426 delibe-

2135 1458 2254 1513 ravi
2289 1461 2443 1532 apud
2476 1477 2569 1516 me
2602 1460 2821 1533 ipsum,
2843 1484 2870 1509 «
2907 1460 3201 1515 custodire
3239 1459 3427 1531 legem
3458 1463 3642 1528 tuam,
3671 1482 3700 1508 ››
3731 1458 3787 1513 id

2134 1551 2244 1615 est,
2278 1549 2435 1619 quod
2467 1565 2572 1621 ego
2604 1548 2936 1603 custodiam
2968 1547 3157 1621 legem
3190 1553 3352 1604 tuam
3382 1546 3752 1621 complcndo.

2208 1638 2323 1693 Nec
2353 1642 2586 1694 tantum
2617 1638 2759 1708 dixi,
2783 1638 2883 1692 sed
2914 1638 3091 1694 etiam
3115 1660 3143 1687 «
3173 1639 3518 1710 deprecatus
3547 1654 3683 1693 sum
3716 1638 3791 1693 fa-

2137 1727 2287 1782 ciem
2310 1732 2473 1783 tuam
2494 1750 2522 1777 ››
2540 1728 2665 1783 dari
2687 1726 2855 1794 mihi,
2870 1731 2935 1782 ut
2954 1730 3300 1799 praisentem
3321 1731 3375 1782 te
3396 1726 3622 1782 videam
3648 1724 3789 1782 facie

2138 1816 2211 1872 ad
2242 1816 2452 1872 faciem
2472 1822 2523 1887 (ι
2548 1816 2674 1873 Cor.
2701 1816 2846 1889 xm),
2869 1821 2927 1872 et
2955 1832 3305 1889 cognoscam
3337 1814 3492 1871 sicut
3519 1815 3792 1889 cognitus

2138 1923 2272 1962 sum
2299 1923 2311 1961 :
2341 1910 2398 1961 et
2428 1906 2536 1962 hoc
2576 1924 2692 1962 non
2733 1923 2957 1978 parum-
2982 1922 3117 1961 sum
3150 1907 3515 1978 deprecatus,
3539 1905 3643 1961 sed
3672 1928 3701 1955 «
3732 1902 3789 1959 in

2139 2000 2259 2050 toto
2292 1996 2465 2051 corde
2496 2012 2685 2063 meo,»
2709 1995 2767 2051 id
2788 2000 2897 2063 est,
2922 1995 2982 2050 in
3014 1999 3245 2051 tantum
3277 1995 3433 2068 quod
3465 2011 3565 2051 cor
3592 2009 3790 2050 meum

2136 2089 2370 2140 vacaret
2409 2085 2482 2140 ab
2513 2085 2790 2141 omnibus
2821 2085 2974 2152 aliis,
2997 2091 3055 2141 et
3082 2088 3246 2141 tuam
3284 2083 3493 2141 faciem
3531 2083 3794 2139 obtinere

2137 2179 2423 2244 quaereret
2448 2190 2462 2229 :
2487 2178 2544 2229 et
2564 2179 2628 2229 ut
2663 2190 2769 2246 ego
2801 2175 2872 2229 ad
2905 2173 3068 2230 illam
3094 2174 3300 2229 faciem
3333 2173 3557 2245 possim
3593 2189 3791 2245 pervec

2139 2260 2285 2332 nire,
2310 2284 2337 2311 «
2375 2260 2653 2317 miserere
2684 2262 2821 2328 mei,
2847 2283 2875 2310 »
2916 2261 2975 2317 id
3025 2267 3134 2331 est,
3177 2280 3280 2334 per
3326 2262 3790 2318 misericordiam

2138 2352 2301 2403 tuam
2332 2351 2599 2404 condona
2627 2349 2771 2404 mihi
2822 2355 3080 2422 peccata,
3110 2356 3169 2406 et
3196 2351 3396 2406 confer
3443 2351 3589 2407 mihi
3619 2349 3792 2423 spiri-

2135 2437 2326 2492 tualcs
2355 2438 2597 2509 gratias,
2617 2461 2644 2487 ‹‹
2672 2439 2998 2494 secundum
3030 2438 3332 2510 eloquium
3358 2444 3548 2509 tuum,
3574 2462 3603 2489 »
3624 2439 3685 2495 id
3708 2442 3794 2495 est

2136 2526 2558 2597 promissiones
2589 2530 2744 2582 tuas.

2206 2616 2277 2670 Et
2310 2620 2373 2670 ut
2402 2616 2673 2671 ostendat
2704 2634 2765 2671 se
2786 2616 3033 2688 dignum
3055 2615 3147 2670 cui
3174 2616 3311 2687 jure
3336 2616 3440 2671 fiat
3470 2614 3796 2673 misericor-

2135 2704 2253 2772 dia,
2283 2706 2539 2760 ostendit
2588 2722 2649 2760 se
2698 2721 3043 2761 conversum
3077 2722 3112 2760 a
3142 2722 3411 2777 perversa
3440 2706 3554 2771 via,
3578 2723 3701 2761 non
3732 2723 3795 2761 ex

2135 2793 2386 2859 levitate,
2410 2794 2509 2850 sed
2556 2810 2774 2866 magna
2803 2792 3175 2865 cogitatione.
3201 2793 3572 2849 Continuatio
3597 2812 3611 2850 :
3636 2794 3791 2863 Ideo,

2136 2898 2360 2952 precor,
2384 2881 2679 2951 miserere,
2695 2882 2837 2954 quia
2857 2905 2885 2932 α
2908 2882 3091 2951 vias,»
3116 2881 3175 2937 id
3196 2885 3286 2939 est
3304 2899 3501 2954 opera,
3516 2904 3545 2932 «
3570 2900 3792 2950 meas,»

2134 2968 2189 3025 id
2226 2975 2334 3037 est,
2358 2988 2486 3043 quis
2517 2972 2841 3026 secundum
2875 2988 2967 3026 me
3001 2988 3130 3043 ago,
3155 2988 3283 3043 quae
3315 2988 3549 3044 semper
3572 2972 3791 3027 suntin

2137 3058 2446 3134 peccatis,«
2463 3059 2734 3132 cogitavi,
2746 3082 2765 3107 ιι
2778 3059 2835 3114 id
2851 3058 3068 3125 est,dili
3076 3060 3236 3131 genti
3254 3059 3476 3115 ratione
3490 3059 3789 3132 inquisivi,

2136 3154 2193 3205 et
2215 3148 2402 3205 malas
2423 3148 2689 3221 cognovi,
2712 3153 2771 3204 et
2788 3148 2916 3203 ideo
2937 3170 2965 3199 «
2987 3147 3243 3203 converti
3265 3149 3463 3220 pedes,
3489 3166 3708 3218 meos,»
3733 3150 3789 3204 id

2137 3244 2227 3296 est
2241 3239 2577 3295 atl'ectiones
2595 3255 2815 3305 meas,«
2829 3238 2889 3293 in
2908 3238 3245 3294 testimonia
3260 3242 3363 3294 tua
3376 3259 3404 3291 ιο
3422 3238 3786 3312 complenda.

2055 3308 2099 3374 C
2209 3330 2349 3385 Dico
2394 3352 2421 3379 ‹‹
2483 3328 2762 3394 converti,
2825 3350 2853 3377 ››
2911 3326 2994 3383 sic
3053 3327 3209 3400 quod
3267 3326 3499 3385 etiamsi
3553 3328 3791 3383 veniant

2138 3418 2316 3486 mala,
2340 3443 2367 3469 ‹‹
2392 3422 2631 3491 paratus
2661 3434 2794 3474 sum
2828 3421 2894 3472 ut
2932 3417 3261 3473 custodiam
3294 3417 3570 3473 mandata
3602 3421 3731 3485 tua;
3761 3439 3781 3466 ι

2138 3508 2240 3563 sed
2262 3508 2401 3581 quia
2421 3511 2663 3580 paratus
2684 3523 2840 3575 sum,
2865 3504 2995 3562 ideo
3015 3521 3151 3561 cum
3179 3505 3334 3563 mala
3353 3505 3647 3577 veniunt,«
3671 3522 3785 3561 non

2138 3613 2273 3654 sum
2304 3598 2596 3653 turbatus.
2622 3618 2650 3647 »

2210 3687 2424 3742 Contra
2453 3685 2595 3758 quid
2642 3685 2923 3759 paratus?
2952 3689 3162 3755 Contra
3206 3690 3445 3759 peccata
3472 3684 3557 3742 vel
3608 3685 3790 3742 tribu-

2140 3776 2410 3844 lationes,
2444 3792 2571 3847 qua:
2604 3791 2698 3829 me
2738 3775 3001 3846 undique
3041 3775 3568 3845 circumvallantes,
3595 3774 3793 3831 volunt

2142 3865 2493 3937 illaqueare;
2527 3869 2585 3919 et
2614 3864 2724 3919 hoc
2756 3869 2845 3920 est
2874 3864 3026 3935 quod
3051 3864 3229 3920 dicit:
3258 3888 3284 3914 ‹‹
3311 3865 3502 3921 Funes
3532 3868 3793 3936 peccato-

2144 3973 2335 4023 rum,»
2358 3955 2417 4009 id
2449 3958 2539 4009 est
2586 3957 2845 4027 peccata,
2878 3953 3102 4009 scilicet
3148 3953 3554 4027 suggestiones
3585 3951 3795 4021 carnis,

2145 4063 2271 4117 qua:
2303 4048 2444 4101 sunt
2479 4044 2648 4100 funes
2682 4043 2899 4116 quibus
2940 4042 3157 4116 ligatur
3195 4047 3482 4115 peccator,
3506 4059 3576 4098 ne
3617 4042 3798 4113 possit

2144 4134 2453 4190 extendere
2496 4149 2558 4189 se
2598 4133 2671 4188 ad
2713 4132 2897 4187 bonos
2940 4135 3109 4187 actus
3134 4148 3147 4186 ε
3172 4131 3256 4186 illi
3288 4131 3458 4187 funes
3479 4154 3506 4182 ‹‹
3532 4134 3674 4186 sunt
3710 4146 3794 4185 me

2145 4222 2581 4295 circumplexi,»
2606 4221 2746 4293 quia
2766 4221 3139 4277 circumdant
3169 4238 3238 4276 ex
3257 4220 3419 4277 omni
3442 4223 3624 4293 parte,
3649 4240 3673 4267 ε
3694 4222 3749 4275 et
3770 4240 3789 4267 ο

2146 4316 2345 4369 tamen
2373 4335 2393 4361 ι
2430 4311 2621 4385 legem
2644 4315 2806 4365 tuam
2838 4327 2953 4366 non
2984 4327 3117 4365 sum
3151 4309 3428 4380 oblitus,»
3450 4309 3550 4367 sed
3570 4324 3795 4381 semper

2147 4418 2279 4459 eam
2338 4402 2398 4457 in
2458 4405 2654 4456 mente
2711 4399 2915 4455 habui.
2950 4399 3116 4456 Unde
3170 4399 3483 4473 Apostolus
3521 4415 3588 4456 ;‹‹
3621 4398 3791 4452 Video

2148 4492 2324 4547 aliam
2348 4491 2535 4564 legem
2560 4490 2618 4544 in
2641 4494 2835 4545 mente
2859 4507 3007 4561 mea,
3029 4493 3454 4562 repugnantem
3474 4488 3587 4561 legi
3608 4487 3792 4543 carnis

2149 4599 2291 4638 mea:
2317 4582 2493 4650 (Rom.
2520 4578 2642 4651 vu).
2670 4603 2692 4631 ι
2714 4577 2817 4634 Vel
2850 4580 3021 4635 funes
3051 4596 3370 4651 possumus
3400 4577 3588 4633 dicere
3616 4576 3790 4632 tribu-

378 4661 438 4717 id
468 4666 578 4730 est,
604 4662 950 4733 patientiam
979 4664 1143 4731 Jesu,
1168 4681 1295 4736 qua:
1328 4665 1386 4718 in
1420 4664 1545 4736 lege
1576 4665 1935 4736 prmcipitur.
1959 4686 1986 4713 »
2066 4679 2114 4744 D
2146 4672 2415 4735 lationes,
2449 4669 2667 4739 quibus
2707 4666 3103 4740 illaqueantur
3142 4666 3441 4735 homines;
3467 4689 3494 4717 ‹‹
3540 4669 3789 4737 peccato-

449 4751 520 4806 Et
542 4774 569 4801 ‹‹
594 4751 714 4806 hmo
740 4775 767 4801 »
787 4770 919 4820 nox,
947 4752 1003 4807 id
1026 4756 1133 4822 est,
1155 4752 1477 4821 tribulatio,
1495 4774 1522 4803 «
1544 4755 1697 4809 facta
1720 4758 1810 4810 est
1837 4754 1983 4810 mihi
2009 4777 2036 4803 ››

378 4858 494 4895 non
527 4858 630 4912 pro
661 4841 977 4897 commisso
1003 4858 1154 4908 meo,
1180 4843 1281 4897 sed
1304 4866 1329 4892 ‹‹
1355 4842 1495 4915 quia
1514 4842 1797 4915 exquisivi
1821 4844 2040 4915 justifi-

378 4928 639 4984 cationes
674 4934 854 4985 tuas»
881 4947 980 4986 eas
1020 4930 1265 5002 implere
1295 4931 1658 4988 desiderans.
1683 4932 1833 4987 Nota
1878 4933 2037 5005 quod

380 5041 407 5069 «
441 5017 564 5074 hinc
598 5042 625 5067 »
659 5036 775 5074 non
825 5024 1018 5092 potest
1062 5019 1261 5075 referri
1294 5021 1365 5076 ad
1399 5020 1587 5093 legem
1620 5021 1729 5077 hoc
1777 5022 1838 5077 in
1888 5022 2036 5093 loco,

380 5107 538 5178 quia,
576 5112 825 5163 testante
852 5109 1204 5180 Augustino,
1226 5110 1285 5164 in
1315 5111 1511 5166 Graeca
1537 5110 1922 5167 translatione
1952 5116 2042 5167 est

379 5194 469 5251 lex
502 5197 815 5252 masculini
836 5198 1067 5269 generis
1091 5215 1104 5252 :
1129 5198 1287 5254 istud
1309 5216 1443 5255 vero
1464 5217 1785 5271 pronomen
1809 5224 1837 5251 ‹‹
1864 5200 1985 5256 haec
2010 5225 2038 5251 »

382 5283 503 5339 illic
562 5285 811 5342 habetur
856 5287 1120 5342 feminini
1157 5305 1170 5342 :
1205 5306 1386 5361 quare
1417 5307 1553 5361 ergo
1586 5290 1917 5347 necessario
1965 5292 2037 5346 ad

383 5394 410 5422 ‹‹
436 5390 599 5428 nox»
634 5376 960 5430 secundum
1006 5376 1115 5432 hoc
1146 5378 1303 5449 quod
1354 5379 1651 5451 significat
1699 5382 2039 5451 peregrina-

383 5461 626 5529 tionem,
663 5465 931 5519 refertur.

1140 5556 1297 5605 Hetb.

456 5660 483 5687 α
508 5638 699 5694 Portio
732 5658 882 5707 mea,
908 5643 1173 5699 Domine.
1194 5668 1220 5693 »
1244 5646 1374 5701 Haec
1405 5647 1600 5703 littera
1630 5648 2047 5722 interpretatur

383 5738 572 5798 pavor,
606 5742 734 5800 quae
782 5730 929 5794 bene
960 5733 1359 5805 prmscribitur
1384 5736 1521 5797 huic
1562 5739 1881 5812 octonario,
1907 5742 2047 5821 quia

2150 4778 2339 4828 rum,»
2366 4759 2423 4813 id
2453 4762 2562 4824 est,
2587 4773 2736 4828 quos
2766 4756 2939 4811 funes
2970 4760 3305 4828 peccatores
3336 4754 3679 4810 immittunt.

2218 4849 2359 4905 Dico
2383 4871 2404 4897 ι
2428 4864 2543 4901 non
2570 4862 2704 4902 sum
2728 4845 2968 4912 oblitus,
2984 4868 3003 4895 ι
3026 4844 3127 4900 sed
3160 4845 3357 4917 potius
3374 4868 3401 4893 ‹‹
3427 4842 3618 4899 media
3636 4843 3791 4896 nocte

2148 4938 2463 5011 surgebam
2497 4936 2571 4992 ad
2602 4935 3000 4990 conﬁtendum
3035 4934 3202 4989 tibi.»
3223 4934 3309 4988 Ad
3340 4932 3631 4989 litteram:
3658 4930 3791 4986 Sur-

2148 5032 2296 5100 gunt
2344 5026 2501 5081 enim
2562 5024 2820 5097 religiosi
2852 5023 2960 5079 viri
2993 5023 3052 5077 in
3084 5028 3254 5079 nocte
3310 5024 3383 5079 ad
3441 5019 3788 5077 laudandum

2148 5118 2442 5188 Deum,ex
2472 5114 2581 5169 hoc
2612 5113 2738 5168 loco
2762 5113 3043 5169 facientes
3074 5112 3185 5168 sibi
3211 5111 3563 5184 exemplum,
3586 5113 3643 5164 et
3663 5106 3790 5180 quia

2151 5206 2346 5261 media
2378 5207 2545 5259 nocte
2586 5202 2884 5275 percussis
2923 5201 3203 5273 ZEgyptis,
3227 5201 3493 5257 liberavit
3522 5197 3788 5254 Dominus

2149 5294 2435 5368 populum
2467 5310 2641 5348 suum
2674 5291 2868 5362 (Exod.
2892 5296 3039 5361 xm).
3070 5291 3387 5363 ltem,q1_1ia
3416 5288 3607 5344 media
3636 5290 3788 5341 nocte

2152 5380 2567 5456 processerunt
2622 5381 2878 5453 virgines
2927 5380 3037 5435 illa:
3078 5380 3305 5437 obviam
3356 5395 3568 5451 spenso
3597 5373 3786 5447 (Mallia.

2151 5473 2303 5546 xxv).
2332 5474 2474 5528 Item
2509 5471 2649 5544 quia
2677 5472 2873 5526 media
2904 5475 3072 5526 nocte
3111 5471 3348 5537 dicitur,
3372 5469 3525 5541 quod
3557 5460 3791 5522 surrexit

2154 5562 2440 5619 Dominus
2499 5561 2707 5631 (Matth.
2758 5565 2978 5629 xxviii).
3033 5561 3175 5615 Item
3204 5558 3342 5632 quia
3392 5556 3583 5614 media
3641 5558 3793 5609 nocte

2154 5656 2436 5709 venturus
2456 5656 2545 5706 est
2562 5649 2851 5721 judicare,
2874 5650 3030 5721 quod
3056 5654 3250 5705 tamen
3273 5648 3538 5721 ignotum
3559 5649 3679 5702 est:
3702 5639 3793 5698 sed

2156 5743 2333 5803 etiam
2367 5758 2437 5799 ex
2463 5739 2655 5817 verbis
2686 5738 2983 5815 Evangelii
3026 5738 3395 5816 perpendunt
3421 5735 3682 5815 quidam,
3703 5729 3795 5790 ubi
