3944 6406
398 349 501 407 195

1475 343 1833 400 ANGELOMI
1871 338 2339 396 LUXOVIENSIS
2376 338 2714 398 MONACHI.

3711 333 3817 387 196

392 475 593 528 monte
619 467 818 525 Maria
848 468 942 539 (II
962 469 1110 524 Par.
1140 483 1222 534 ut,
1256 467 1328 538 6).
1372 469 1481 534 Qui
1513 467 1649 523 ideo
1687 467 2045 523 illuminans
2076 465 2122 518 A
2164 463 2454 525 verbium,
2488 467 2572 525 ut,
2599 462 2645 517 si
2671 459 2919 534 quando
2946 459 3008 514 in
3029 457 3307 528 angustia
3332 455 3633 513 constituti
3658 458 3820 523 sunt,

392 560 818 631 interpretatur
845 560 903 611 et
933 558 1161 623 lucens,
1185 557 1329 628 quia
1348 556 1429 611 ibi
1459 560 1549 612 est
1572 557 1770 624 dabir,
1800 556 1915 609 hoc
1936 556 2042 615 est,

393 648 710 706 oraculum
747 645 866 701 Dei.

466 738 645 793 Vnas.
677 739 732 792 4.
767 767 835 778 -——
892 736 1119 791 Itinere
1161 736 1396 791 dierum
1440 735 1645 800 trium,
1679 738 1786 788 etc.
1832 735 2047 786 Notan-

393 826 543 884 dum
562 824 727 898 quod
749 824 823 879 de
850 824 1081 881 Geraris
1112 840 1305 897 usque
1348 824 1426 879 ad
1457 826 1723 878 montem
1756 820 1957 887 Moria,
1985 817 2048 873 id

395 918 487 973 est
511 914 705 971 aedem
736 915 946 982 [Petr.,
973 913 1203 985 sedem]
1236 913 1461 985 templi,
1479 913 1587 968 iter
1611 913 1844 967 dierum
1866 910 2045 965 trium

396 1005 491 1074 sit,
523 1009 580 1063 et
610 1006 1045 1075 consequenter
1073 1002 1212 1059 illuc
1267 1003 1362 1059 die
1392 1002 1562 1059 tertio
1590 1001 1930 1074 pervenisse
1962 1000 2046 1054 di-

393 1099 581 1152 catur.
614 1092 756 1150 Male
804 1092 981 1165 igitur
1031 1091 1284 1164 quidam
1328 1091 1633 1149 Abraham
1681 1094 1895 1162 putant
1948 1088 2046 1146 illo

394 1187 664 1255 tempore
692 1182 772 1239 ad
820 1197 1113 1253 quercum
1140 1180 1447 1238 habitasse
1478 1179 1759 1248 Mambrc,
1790 1194 1927 1233 cum
1956 1178 2044 1234 in-

393 1271 469 1328 de
499 1287 691 1343 usque
718 1269 797 1327 ad
826 1273 1095 1325 montem
1118 1268 1297 1326 Moria
1328 1269 1424 1325 vix
1454 1269 1631 1325 unius
1659 1268 1775 1323 diei
1795 1267 1903 1323 iter
1922 1267 2045 1337 ple-

392 1376 543 1418 num
574 1360 667 1416 sit.
702 1358 995 1425 Quaeritur
1024 1358 1203 1415 etiam
1234 1374 1341 1415 cur
1357 1358 1417 1414 in
1450 1357 1771 1415 tentatione
1793 1355 2044 1411 Abrahae

393 1450 539 1506 dicit
582 1452 775 1505 Deus:
852 1448 1017 1504 Tolle
1077 1448 1274 1516 ﬁlium
1341 1452 1531 1516 tuum,
1581 1461 1751 1517 quem
1818 1446 2043 1514 diligis,

396 1539 570 1595 Isaac
591 1543 619 1594 ?
648 1537 761 1595 nisi
788 1540 853 1594 ut
893 1537 1195 1594 charitatis
1227 1535 1658 1603 admonitione,
1686 1539 1743 1590 et
1785 1534 2045 1591 nominis

395 1626 830 1691 recordatione,
873 1624 1212 1681 temtationis
1260 1623 1500 1697 pondus
1544 1623 2044 1685 accumularetur,

392 1720 456 1771 et
483 1718 768 1787 petemus
806 1713 1055 1771 affectus
1087 1717 1460 1785 torqueretur
1487 1729 1559 1769 ex
1586 1712 1879 1767 memoria
1908 1728 2046 1783 pro-

2167 552 2395 607 ltomini
2423 557 2635 624 optant
2656 549 2876 606 auxilio
2895 546 3212 615 sublevari,
3245 546 3454 601 dicunt
3478 562 3490 599 :
3522 547 3595 601 In
3620 550 3825 600 monte

2158 641 2448 696 Dominus
2486 640 2728 711 videbit,
2757 639 2872 693 hoc
2911 642 3019 700 est,
3046 637 3200 691 sicut
3226 635 3480 690 Abrahae
3512 632 3823 689 miserebi-
3932 700 3944 714 ⁴

2155 728 2316 783 bitur
2340 734 2396 784 et
2424 729 2629 784 nostri.
2666 728 2830 783 Unde
2876 732 2933 782 et
2962 727 3201 795 signum
3242 724 3364 779 dati
3397 723 3596 779 arietis
3628 721 3823 777 solent

2162 819 2369 888 [Petr.,
2404 817 2571 888 solet]
2603 817 2935 873 etiamnum
2965 830 3153 869 cornu
3190 813 3488 880 clangere.

2228 909 2396 961 Vens.
2435 911 2612 962 lii-19.
2643 937 2711 946 —
2756 906 2995 960 Vocavit
3028 910 3225 959 autem
3277 902 3532 971 angelus
3575 900 3825 955 Domini

2159 996 2461 1051 Abraham
2509 996 2767 1051 secundo
2814 996 2887 1049 (le
2933 994 3080 1049 coelo
3135 993 3383 1047 (licens
3418 991 3571 1057 Quia
3612 990 3825 1059 fecisti

2156 1100 2279 1140 rem
2315 1084 2490 1150 hanc,
2521 1086 2576 1139 el
2619 1100 2739 1139 non
2775 1083 3137 1152 perpercisti
3178 1082 3306 1150 ﬁlio
3349 1084 3452 1135 tuo
3500 1080 3820 1149 unigenito

2150 1179 2403 1243 prapter
2429 1188 2538 1229 me.
2582 1172 2861 1244 Nunquid
2893 1170 3197 1225 Abraham
3250 1172 3493 1240 propter
3523 1166 3813 1235 angelum

2155 1278 2277 1318 non
2303 1261 2567 1334 pepercit
2605 1278 2717 1316 suo
2744 1260 2887 1329 ﬁlio,
2916 1264 2974 1315 et
3002 1274 3123 1313 non
3163 1260 3408 1330 propter
3440 1259 3632 1311 Deum
3652 1258 3680 1312 ?
3707 1260 3821 1311 Aut

2157 1351 2316 1406 enim
2345 1350 2541 1421 angeli
2574 1350 2836 1416 nomine,
2860 1365 2983 1421 quo
3008 1347 3272 1404 Christus
3301 1345 3675 1413 signiﬁcatus
3708 1352 3815 1413 est,

2155 1440 2260 1511 qui
2299 1440 2423 1495 sine
2467 1438 2654 1493 dubio
2688 1440 2842 1493 Deus
2882 1443 2990 1506 est,
3024 1441 3079 1492 et
3108 1435 3422 1491 manifeste
3452 1450 3489 1490 a
3518 1434 3821 1506 propheta

2156 1529 2349 1584 dictus
2374 1534 2463 1583 est
2488 1530 2696 1598 magni
2715 1528 2953 1583 consilii
2980 1525 3375 1596 angelus.Aut
3397 1524 3541 1595 quia
3569 1526 3726 1578 Deus
3759 1523 3821 1578 in

2157 1617 2391 1687 angelo,
2425 1621 2482 1672 et
2507 1633 2578 1671 ex
2610 1632 2873 1689 persona
2901 1614 2998 1670 Dei
3038 1613 3290 1682 angelus
3321 1612 3708 1685 loquebatur,
3746 1611 3823 1665 si-

2158 1713 2255 1762 cut
2280 1707 2342 1761 in
2370 1706 2679 1778 prophetis
2713 1705 2888 1761 etiam
2922 1703 3088 1759 solet.
3123 1707 3271 1759 Nam
3298 1703 3358 1757 in
3386 1700 3823 1772 consequenti-

396 1800 693 1872 fessionis,
721 1802 868 1859 dum
915 1807 1052 1858 ante
1078 1803 1233 1857 Deus
1265 1801 1413 1858 dixit
1441 1800 1517 1857 ad
1552 1817 1691 1856 eum
1717 1817 1729 1854 :
1763 1803 1834 1857 In
1876 1803 2047 1856 Isaac
2076 1817 2118 1873 Β
2156 1794 2271 1849 bus
2299 1793 2414 1849 hoc
2443 1795 2639 1861 magis
2668 1792 2902 1847 videtur
2944 1806 3258 1863 apparere,
3290 1789 3397 1845 ubi
3434 1789 3689 1857 legitur:
3742 1788 3820 1843 Et

398 1892 714 1949 vocabitur
729 1890 841 1946 tibi
861 1906 1075 1947 semen.
1104 1890 1283 1954 Quasi
1315 1889 1363 1947 si
1391 1888 1483 1946 ille
1507 1889 1894 1957 occideretur,
1923 1894 2047 1945 tota

399 1996 538 2053 spes
566 1978 981 2051 promissionis
1028 1979 1433 2035 frustraretur.
1468 1981 1532 2034 Et
1558 1995 1663 2033 cur
1694 1994 1815 2033 non
1849 1979 2046 2034 statim

392 2067 559 2125 licuit
587 2068 640 2125 ei
659 2066 928 2123 occidere
949 2066 1159 2137 ﬁlium,
1184 2066 1288 2123 sed
1315 2066 1593 2123 triduana
1620 2066 1843 2123 itineris
1876 2082 2047 2122 mora

394 2173 535 2215 eum
563 2155 981 2214 immolaturus
1010 2172 1217 2213 secum
1247 2155 1386 2211 duci
1410 2155 1617 2225 jussus
1656 2159 1792 2211 est?
1837 2158 2047 2223 Quate-

393 2261 510 2303 nus
536 2244 908 2315 longitudine
954 2244 1242 2317 temporis
1289 2244 1629 2300 tentationis
1663 2260 1906 2315 quoque
1937 2261 2043 2299 au-

394 2338 631 2406 geretur
656 2334 1112 2392 incrementum.
1146 2337 1293 2390 Nam
1338 2350 1445 2406 per
1482 2333 1748 2389 triduum
1779 2335 1886 2389 iter
1915 2350 2048 2405 pro-

395 2423 674 2489 tenditur,
704 2427 762 2481 et
784 2439 892 2495 per
929 2427 1121 2481 totum
1159 2422 1425 2481 triduum
1451 2422 1855 2478 crescentibus
1888 2422 2044 2478 curis

392 2517 645 2587 paterna
674 2512 905 2567 viscera
958 2511 1321 2577 cruciantur,
1356 2515 1417 2566 ut
1459 2511 1625 2567 omni
1681 2512 1794 2565 hoc
1848 2512 2044 2583 spatio

394 2605 519 2658 tam
545 2600 779 2675 prolixo
808 2599 1135 2656 intueretur
1153 2599 1344 2657 ﬁlium
1370 2604 1557 2672 pater,
1577 2600 1780 2657 cibum
1808 2617 1942 2655 cum
1973 2615 2043 2654 eo

396 2693 675 2757 sumeret,
708 2693 791 2745 tot
819 2687 1098 2746 noctibus
1145 2704 1295 2763 puer
1325 2689 1609 2762 penderet
1652 2689 1713 2745 in
1760 2689 2045 2762 amplexi-

394 2777 512 2835 bus
537 2777 740 2852 patris,
773 2776 1087 2833 inhaereret
1116 2777 1357 2852 pectori,
1393 2777 1676 2834 cubitaret
1702 2778 1760 2833 in
1794 2778 2041 2847 gremio,

393 2871 693 2940 quatenus
716 2881 824 2938 per
854 2865 1090 2935 singula
1120 2871 1427 2923 momenta
1450 2866 1510 2922 in
1553 2872 1801 2940 paterno
1829 2865 2044 2922 affectu

395 2953 569 3011 dolor
597 2952 908 3011 occidendi
937 2953 1040 3011 ﬁlii
1071 2955 1568 3014 accumularetur.

467 3043 647 3099 Veas.
681 3046 833 3099 25-14.
862 3074 931 3082 —
963 3044 1021 3099 Si
1051 3043 1359 3100 Abraham
1413 3044 1821 3100 indubitanter
1870 3043 2046 3099 ﬁrmo

393 3130 597 3189 animo
641 3131 943 3201 cogitabat
987 3137 1248 3190 mactare
1279 3148 1533 3205 puerum
1570 3132 1821 3189 Domino
1847 3133 1905 3188 in
1937 3133 2046 3188 ho-
2078 3172 2118 3227 Ο

390 3219 749 3291 locaustum,
775 3220 922 3293 quid
944 3227 1036 3276 est
1059 3222 1222 3297 quod
1247 3221 1394 3278 dixit
1414 3222 1616 3295 pueris
1636 3222 1791 3277 suis:
1828 3222 1933 3277 Vos
1952 3237 2050 3277 ex-

386 3315 622 3383 pectate
651 3310 772 3365 hic.
788 3310 917 3381 Ego
939 3316 991 3365 et
1007 3326 1183 3381 puer,
1203 3326 1336 3366 cum
1358 3312 1829 3377 adoraverimus,
1855 3326 2048 3366 rever-

394 3404 590 3455 temur
615 3398 695 3454 ad
726 3402 869 3455 vos?
903 3398 1085 3469 Igitur
1130 3403 1186 3454 et
1226 3399 1587 3456 indubitanti
1631 3399 1834 3455 animo
1882 3416 2044 3455 mac-

395 3492 522 3543 tare
548 3502 689 3542 eum
715 3486 1016 3557 credebat,
1051 3486 1187 3544 ideo
1212 3491 1533 3561 utrumque
1563 3487 1759 3542 laudis
1786 3492 1873 3542 est
1902 3492 1957 3542 et
1985 3487 2047 3543 in

395 3575 735 3630 constantia
764 3573 1071 3643 offerendi,
1100 3580 1157 3631 et
1186 3577 1247 3631 in
1284 3576 1586 3632 conﬁdere
1617 3578 1829 3645 [Petr.,
1860 3576 1919 3630 in
1948 3576 2048 3630 fua-

394 3662 557 3735 dere]
590 3662 934 3719 suscitandi.
972 3664 1204 3721 Sciebat
1252 3665 1578 3720 certissime
1628 3666 1812 3719 Deum
1846 3663 2045 3720 fallere

392 3766 517 3808 non
545 3767 743 3824 posse,
759 3756 813 3808 et
840 3751 974 3808 licet
996 3768 1145 3825 puer
1170 3753 1556 3819 occideretur,
1580 3753 2045 3824 promissionem

390 3845 595 3897 tamen
641 3840 742 3896 Dei
789 3841 1022 3898 salvam
1075 3857 1451 3914 permanere.
1497 3840 1663 3895 Unde
1721 3842 1771 3896 ei
1832 3842 2045 3896 Paulus

392 3930 704 4003 apostolus
755 3946 860 4004 per
899 3931 1181 4004 Spiritum
1231 3936 1507 3988 sanctum
1561 3931 1849 3987 didicerat
1898 3932 2045 4003 quid

392 4017 581 4074 animi
634 4018 947 4075 habuisset
975 4020 1282 4076 Abraham
1330 4020 1487 4075 intra
1538 4034 1623 4088 se,
1656 4018 1804 4075 dum
1858 4020 2044 4075 ﬁdem

392 4107 523 4178 ejus
548 4107 775 4175 laudat,
806 4108 989 4165 dixit:
1037 4109 1190 4166 Fide
1211 4108 1524 4165 Abraham
1554 4122 1678 4162 non
1724 4108 2043 4179 hzsitavit,

392 4211 527 4252 cum
566 4198 810 4253 unicum
840 4199 1104 4270 offerret,
1134 4199 1199 4253 in
1229 4212 1344 4269 quo
1384 4202 1698 4266 acceperat
1724 4199 2043 4267 repromis-

391 4286 581 4342 siones
609 4288 715 4359 qui
756 4302 794 4342 a
842 4289 1093 4344 mortuis
1133 4301 1267 4344 eum
1296 4286 1653 4343 resuscitare
1676 4292 1866 4355 potest
1888 4288 2043 4342 Deus

389 4373 580 4446 (Rom.
610 4391 688 4446 1v,
718 4376 828 4445 20).

465 4463 629 4520 Unde
646 4464 799 4520 aries
815 4465 924 4520 iste
941 4465 1045 4537 qui
1058 4479 1170 4537 pro
1184 4463 1354 4518 Isaac
1367 4462 1712 4519 immolatus
1727 4463 2001 4529 est,venit
2013 4464 2040 4518 ?

391 4550 551 4609 Solet
576 4553 765 4625 quaari
795 4568 874 4609 an
917 4553 992 4609 de
1035 4562 1194 4609 terra
1242 4550 1438 4607 subito
1480 4552 1563 4608 ibi
1604 4556 1836 4607 creatus
1867 4557 2035 4619 esset,

388 4640 486 4697 vel
513 4641 755 4697 aliunde
785 4642 864 4697 ab
893 4641 1110 4711 angelo
1151 4639 1404 4695 allatus?
1434 4640 1599 4695 Aries
1637 4640 1745 4695 iste
1769 4656 1892 4696 non
1926 4658 2038 4714 pu-

391 4730 630 4800 tativus,
660 4730 769 4786 sed
798 4745 975 4786 verus
1002 4744 1132 4784 esse
1162 4728 1499 4783 credendus
1528 4733 1635 4783 est.
1668 4729 1809 4784 Ideo
1847 4732 2040 4801 magis

391 4834 429 4875 a
453 4819 801 4875 doctoribus
827 4818 1158 4873 aestimatur
1184 4815 1428 4871 aliunde
1467 4833 1606 4872 eum
1636 4818 1921 4888 angelum
1953 4826 2039 4876 at-

390 4908 596 4964 tulisse
639 4924 826 4979 quam
856 4906 939 4962 ibi
992 4905 1067 4961 de
1107 4908 1262 4961 terra
1291 4910 1425 4977 post
1454 4922 1559 4961 sex
1596 4905 1831 4963 dierum
1857 4924 2042 4981 opera

392 4996 715 5054 Dominum
746 5008 1118 5068 procreasse.

460 5089 655 5151 Quare
676 5082 1001 5156 appellavit
1023 5080 1329 5138 Abraham
1344 5096 1567 5138 nomen
1592 5082 1708 5139 loci
1736 5084 1912 5155 illius,
1930 5087 2044 5141 Do-

393 5176 590 5232 minus
606 5172 814 5228 videt?
844 5174 1158 5242 Nusquam
1184 5176 1272 5226 est
1299 5171 1466 5243 quod
1497 5173 1784 5228 Dominus
1814 5190 1938 5230 non
1957 5176 2042 5231 vi-

386 5263 550 5320 deat.
582 5260 732 5315 Vidit
759 5274 868 5331 pro
897 5258 1175 5331 apparuit
1201 5259 1498 5329 dixit,hoc
1520 5266 1628 5329 est,
1646 5262 1860 5319 viderit
1884 5264 2039 5334 fecit,

392 5352 546 5408 sicut
573 5348 690 5404 ibi:
721 5347 802 5402 Et
821 5362 984 5403 nunc
999 5350 1269 5419 cognovi,
1295 5351 1438 5420 quia
1460 5352 1625 5407 times
1651 5353 1849 5418 Deum,
1868 5352 1929 5407 id
1956 5357 2044 5408 est

391 5440 505 5497 ieci
535 5441 602 5493 ut
629 5440 1062 5504 cognoscatur:
1094 5453 1166 5493 eo
1188 5452 1403 5509 genere
1424 5438 1742 5497 locutionis
1765 5442 1913 5498 dum
1937 5456 2044 5513 per

392 5524 753 5585 efﬁcientem
782 5523 1149 5593 signiﬁcatur
1177 5527 1238 5584 id
1266 5528 1433 5601 quod
1471 5529 1741 5598 efﬁcitur,
1771 5533 1925 5588 sicut
1950 5530 2041 5602 pi-

393 5628 574 5686 grum
598 5610 785 5680 frigus
809 5612 1080 5683 dicimus,
1100 5632 1170 5672 eo
1190 5618 1352 5689 quod
1378 5617 1579 5690 pigros
1601 5620 1758 5675 facit.
1780 5620 1925 5675 lllud
1939 5635 2041 5676 au~

390 5709 516 5761 tem
529 5699 697 5772 quod
712 5699 858 5757 dixit
875 5721 887 5758 :
910 5705 1075 5762 Unde
1090 5722 1273 5778 usque
1284 5707 1459 5762 hodie
1473 5708 1734 5763 dicitur:
1755 5711 2041 5764 Dominus

391 5794 459 5852 in
486 5794 686 5851 monte
710 5790 947 5868 videbit,
963 5795 1178 5856 exinde
1191 5795 1361 5868 apud
1374 5796 1653 5857 Hebraeos
1669 5797 1810 5857 exiit
1828 5798 1892 5857 in
1905 5814 2045 5871 pro-

2158 1888 2387 1939 vocavit
2411 1884 2661 1953 angelus
2691 1883 2933 1938 Domini
2951 1881 3263 1937 Abraham
3284 1882 3503 1936 iterum
3528 1879 3603 1933 de
3624 1879 3780 1934 caelo
3802 1894 3825 1933 .·

2152 1989 2264 2043 per
2291 1974 2696 2042 memetipsum
2725 1972 2960 2041 juravi,
2994 1970 3138 2026 dicit
3184 1970 3491 2025 Dominus.
3522 1967 3680 2031 Quid
3732 1973 3826 2022 est

2154 2062 2321 2134 quod
2345 2061 2610 2117 secundo
2628 2060 2704 2116 ad
2729 2060 3034 2116 Abraham
3061 2059 3274 2115 eadem
3304 2062 3498 2115 etnon
3517 2057 3649 2113 alia:
3676 2072 3823 2129 pro-

2156 2150 2469 2206 missiones
2494 2150 2736 2206 fuerunt
2762 2149 2931 2205 factae
2953 2148 2979 2203 ?
3007 2147 3313 2217 Signiﬁcat
3327 2146 3582 2218 duplum
3604 2162 3821 2200 semen

2154 2240 2407 2296 Abrahae
2446 2240 2714 2296 futurum
2747 2254 2900 2306 esse,
2927 2253 3119 2294 unum
3161 2236 3420 2304 carnale,
3450 2234 3617 2291 aliud
3646 2235 3821 2306 spiri-

2155 2331 2291 2386 tale.
2328 2330 2463 2386 ldeo
2494 2328 2642 2385 dixit
2670 2328 2723 2383 ei
2754 2328 3081 2384 Dominus:
3134 2328 3234 2382 Sic
3262 2327 3377 2382 erit
3404 2340 3607 2382 semen
3640 2330 3821 2380 tuum

2153 2421 2307 2475 sicut
2336 2420 2526 2475 stella
2556 2418 2710 2487 cceli,
2742 2423 2800 2474 et
2846 2419 3001 2474 velut
3051 2431 3243 2473 arena
3270 2416 3478 2472 maris.
3511 2415 3577 2469 In
3625 2414 3819 2469 stellis

2154 2507 2285 2564 caeli
2328 2506 2643 2579 spiritales,
2674 2506 2735 2562 in
2778 2521 2963 2562 arena
3015 2504 3286 2562 carnales
3333 2504 3542 2560 volens
3575 2506 3683 2573 [Z.,
3712 2519 3822 2559 vo-

2152 2596 2303 2664 lunt]
2335 2595 2604 2663 intelligi.
2639 2598 2787 2650 Nam
2814 2594 2983 2666 quod
3010 2594 3091 2651 ait
3120 2593 3431 2665 superius:
3464 2594 3588 2649 Per
3605 2607 3824 2650 meme-

2155 2688 2374 2755 tipsum
2396 2686 2629 2755 juravi,
2663 2686 2749 2741 ait
2778 2686 3087 2751 Dominus,
3116 2699 3284 2740 more
3321 2684 3594 2739 humano
3623 2681 3823 2755 loqui-

2155 2780 2268 2830 tur.
2302 2774 2585 2831 Homines
2617 2775 2777 2830 enim
2827 2790 2933 2846 per
2964 2774 3224 2843 majores
3270 2774 3363 2828 sui
3392 2773 3619 2843 jurant.
3656 2775 3821 2828 Deus

2153 2869 2354 2920 autem
2386 2865 2690 2921 neminem
2715 2863 2805 2919 sui
2834 2864 3130 2934 majorem
3156 2863 3358 2932 habet,
3382 2869 3439 2919 et
3460 2862 3686 2918 idcirco
3707 2878 3823 2934 per

2154 2954 2543 3026 semetipsum
2566 2954 2745 3023 jurat.
2779 2953 2893 3011 Sed
2918 2954 3119 3024 jurare
3144 2952 3242 3008 Dei
3267 2952 3821 3025 estpromissiones

2155 3060 2297 3099 suas
2328 3042 2615 3099 stabiliter
2643 3043 2903 3099 ﬁrmare.
2938 3042 3159 3098 Deinde
3185 3042 3355 3114 quod
3381 3041 3598 3107 intulit,
3629 3044 3820 3111 possi-

2155 3133 2314 3189 debit
2343 3147 2535 3189 semen
2568 3139 2736 3188 tuum
2762 3138 2971 3201 portas
2999 3134 3378 3188 inimicorum
3398 3148 3673 3203 suorum,
3697 3132 3821 3204 spi-

2154 3221 2397 3278 ritaliter
2446 3221 2805 3289 intelligitur.
2854 3221 2949 3277 Αὶι
2995 3220 3176 3284 enim,
3235 3221 3557 3291 possidebit
3613 3237 3819 3278 semen

2157 3316 2346 3381 tuum,
2375 3310 2436 3366 id
2466 3315 2557 3366 est
2597 3310 2882 3380 Christus,
2920 3310 3006 3365 vel
3033 3309 3243 3366 ﬁdeles
3270 3310 3496 3383 quique
3526 3310 3589 3366 in
3621 3310 3821 3368 Eccle-

2157 3400 2263 3471 sia,
2288 3416 2551 3472 quorum
2584 3405 2644 3456 tu
2674 3405 2844 3472 pater
2864 3400 2977 3457 eris
3003 3416 3111 3472 per
3129 3400 3314 3456 ﬁdem
3342 3419 3355 3469 ;
3387 3406 3596 3470 portas
3618 3402 3824 3457 inimi-

2155 3504 2380 3557 corum,
2396 3490 2457 3546 id
2479 3494 2568 3545 est
2586 3488 2904 3546 infernalia
2923 3488 3078 3558 loca,
3092 3505 3227 3561 quae
3244 3489 3548 3546 destructa
3569 3490 3820 3546 fuerunt

2154 3579 2443 3636 moriente
2467 3578 2738 3635 Domino.
2753 3580 2867 3634 Seu
2885 3586 3093 3649 portas
3114 3580 3454 3649 possidebit,
3477 3578 3541 3635 id
3565 3584 3659 3635 est
3680 3596 3821 3653 pec-

2155 3675 2307 3736 cata,
2341 3684 2448 3740 per
2472 3684 2605 3741 quae
2638 3667 2752 3724 itur
2781 3667 2860 3724 ad
2898 3675 3174 3724 mortem.
3205 3667 3303 3723 Ille
3335 3669 3497 3724 enim
3519 3669 3821 3725 veraciter

2155 3757 2418 3830 pOssidet
2434 3762 2636 3829 portas
2663 3756 3060 3826 inimicorum,
3077 3756 3182 3829 qui
3200 3772 3320 3813 non
3341 3757 3656 3828 subjicitur
3678 3758 3816 3814 ullis

2156 3845 2638 3916 suggestionibus
2682 3846 3140 3902 immundorum
3191 3846 3528 3919 spirituum.
3558 3851 3631 3902 At
3675 3863 3818 3903 vero

2156 3936 2204 3989 si
2234 3934 2368 4006 quis
2397 3935 2553 3990 hanc
2604 3935 2990 3990 tentationem
3036 3934 3376 4006 spiritaliter
3412 3935 3668 4007 pleniter
3694 3936 3821 3991 edi-

2154 4038 2316 4078 scere
2365 4026 2464 4097 [Z.,
2497 4022 2825 4095 addiscere]
2872 4023 3147 4090 voluerit,
3188 4024 3317 4096 jam
3368 4040 3529 4095 saepe
3580 4025 3821 4097 praefati

2154 4111 2263 4167 viri
2292 4111 2562 4167 libellum
2590 4111 2785 4181 legere
2818 4116 3007 4169 curet.
3050 4113 3349 4184 Sequitur.

2226 4204 2393 4257 Vens.
2422 4206 2513 4257 20.
2546 4233 2615 4242 ——
2663 4202 2776 4257 His
2830 4203 3030 4272 itaque
3083 4204 3261 4271 gestis
3329 4203 3678 4259 nuntiatum
3730 4211 3821 4261 est

2151 4290 2200 4344 A
2214 4289 2465 4345 braham
2496 4290 2655 4361 quod
2682 4291 2919 4346 Melcha
2940 4306 3172 4361 quoque
3190 4292 3488 4361 genuisset
3506 4292 3671 4359 ﬁlios
3692 4293 3823 4349 Na-

2153 4379 2318 4446 chor,
2344 4379 2540 4448 fratri
2561 4394 2689 4446 suo,
2711 4384 2770 4435 et
2792 4379 3044 4451 reliqua.
3064 4382 3179 4436 Cur
3198 4381 3360 4435 enim
3380 4380 3724 4437 nominavit
3750 4383 3823 4436 ﬁ-

2155 4468 2266 4524 lios
2296 4469 2550 4536 Nachor,
2593 4467 2788 4525 fratris
2817 4468 3071 4524 Abrahae
3092 4469 3119 4523 ‘P
3158 4470 3310 4534 Quia
3345 4470 3421 4525 de
3463 4468 3579 4525 illis
3609 4470 3708 4526 vel
3740 4471 3820 4527 de

2153 4574 2363 4615 eorum
2411 4558 2591 4630 stirpe
2639 4558 2869 4631 aliquid
2915 4558 3145 4614 celebre
3177 4565 3387 4631 postea
3416 4563 3655 4628 gestum
3683 4575 3819 4616 esse

2151 4647 2386 4718 legitur.
2422 4648 2600 4717 Igitur
2630 4649 2808 4715 Chus,
2840 4647 2916 4704 de
2963 4648 3136 4719 cujus
3181 4648 3294 4704 Job
3344 4648 3525 4720 stirpe
3565 4648 3822 4705 descen-

2150 4737 2258 4804 dit,
2293 4736 2579 4809 scriptum
2607 4741 2697 4792 est
2734 4738 2795 4792 in
2843 4738 3090 4793 exordio
3128 4737 3454 4793 voluminis
3498 4738 3667 4808 ejus:
3715 4740 3823 4795 Vir

2148 4828 2271 4897 fuit
2311 4827 2374 4882 in
2424 4832 2588 4883 terra
2637 4827 2819 4896 Chus,
2846 4826 2950 4882 ,Ιὸὸ
2987 4829 3243 4884 nomine.
3277 4826 3421 4883 Male
3453 4826 3633 4896 igitur
3682 4828 3823 4902 qui-

2149 4915 2294 4972 dam
2326 4917 2626 4972 aestimant
2668 4918 2778 4973 Job
2827 4918 2903 4973 de
2953 4924 3125 4987 gente
3157 4921 3330 4974 Esau.
3368 4918 3682 4976 Secundus
3712 4936 3823 4976 na-

2151 5009 2246 5062 tus
2293 5005 2369 5061 de
2417 5006 2639 5063 Melcha
2663 5007 2824 5076 Buzi,
2857 5022 2931 5063 ex
2959 5007 3133 5078 cujus
3180 5023 3396 5077 genere
3444 5010 3532 5063 est
3560 5006 3821 5065 Balaam

2149 5093 2265 5161 ille,
2293 5093 2552 5162 divinus,
2585 5100 2651 5151 ut
2684 5095 2911 5152 Hebraei
2953 5096 3219 5165 tradunt,
3248 5098 3357 5168 qui
3401 5096 3462 5151 in
3514 5095 3672 5151 libro
3701 5097 3822 5154 Job

2150 5182 2366 5239 dicitur
2409 5183 2575 5251 Elin;
2630 5185 2895 5257 primum
2947 5186 3038 5241 vir
3090 5190 3333 5241 sanctus
3374 5190 3431 5241 et
3483 5185 3821 5257 prophetes

2151 5271 2273 5342 Dei,
2307 5277 2515 5344 postea
2548 5289 2654 5346 per
2698 5274 3168 5331 inobedientiam
3196 5279 3253 5330 et
3280 5273 3648 5329 desiderium
3684 5291 3821 5331 mu-

2151 5375 2362 5416 nerum
2422 5367 2699 5429 caecatus,
2759 5363 2908 5418 dum
2966 5362 3141 5419 lsrael
3199 5361 3557 5418 maledicere
3621 5363 3818 5435 cupit,

2152 5446 2356 5504 divino
2413 5451 2709 5506 vocabulo
2762 5456 3168 5524 nuncupatus,
3218 5451 3556 5522 diciturque
3603 5449 3668 5506 in
3716 5467 3822 5507 eo-

2152 5536 2291 5592 dem
2339 5537 2529 5596 libro:
2580 5542 2645 5596 Et
2683 5540 2869 5596 iratus
2916 5540 3104 5611 Heliu,
3136 5539 3294 5596 ﬁlius
3350 5539 3677 5607 Barachiel,
3710 5541 3823 5597 Bu-

2152 5625 2309 5693 zites,
2338 5626 2415 5683 de
2451 5628 2633 5699 hujus
2669 5629 2940 5685 videlicet
2987 5630 3124 5685 Buzi
3165 5630 3365 5686 radice
3408 5628 3818 5685 descendens.

2152 5713 2399 5771 Camuel
2446 5733 2687 5790 quoque
2741 5719 2914 5774 Pater
2970 5724 3056 5775 est
3116 5717 3410 5783 Damasci,
3462 5718 3601 5789 ipsa
3648 5734 3817 5774 enim

2153 5808 2405 5862 vocatur
2426 5809 2587 5863 Aran
2619 5805 2721 5876 [Z.,
2751 5806 2958 5877 Aron],
2983 5823 3121 5880 quae
3166 5806 3264 5866 hic
3296 5822 3409 5880 pro
3449 5807 3624 5878 Syria
3666 5807 3822 5865 scri-

3929 1889 3944 1919 ς
