3942 6390
357 440 477 503 619

783 436 1193 499 HAYMONIS
1225 429 1770 494 HALBERSTA'I‘.
1804 419 2059 500 EPISG.‘
2086 419 2260 481 opp.
2294 420 2497 482 PARS
2523 391 2587 481 If
2608 456 2685 464 —
2715 419 3125 482 COMMENT.
3167 418 3358 479 BIBL.

3659 413 3777 476 620

360 574 501 632 miei
525 590 540 629 :
563 572 692 628 ideo
713 569 844 626 dico
867 582 1045 640 super
1065 564 1359 633 inimicos,
1395 593 1419 615 ‹‹
1453 562 1637 636 quia»
1667 558 2016 615 mandatum
2046 552 2103 621 Α
2132 568 2303 609 nans.
2337 555 2566 620 Quanto
2595 552 2755 609 enim
2788 551 2986 626 potius
3018 554 3293 624 operatur
3351 546 3584 620 aliquis,
3615 544 3775 600 tanto

359 665 532 719 tuum
557 681 581 706 ι(
606 662 695 716 est
736 656 880 713 mihi
925 656 981 711 in
1024 659 1335 721 aeternum,
1369 674 1392 696 ι)
1428 653 1484 707 id
1515 655 1605 707 est
1634 648 1798 705 ducit
1830 664 1923 702 me
1952 645 2026 701 ad

360 747 770 817 aeternitatem,
803 746 959 818 quod
995 762 1111 799 non
1145 743 1283 799 facit
1313 741 1595 797 inimicis.

431 839 557 895 Non
587 838 821 891 tantum
854 851 1032 906 super
1073 832 1365 907 quoslibet
1394 831 1665 886 inimicos
1700 845 1792 883 me
1824 826 2029 882 fecisse

364 924 847 1001 prudentem,sed
870 922 1047 979 etiam
1076 945 1096 972 ι
1119 938 1297 993 super
1316 938 1523 976 omnes
1546 922 1821 975 docentes
1844 933 1935 970 me
1952 915 2033 969 in-

359 1012 684 1083 tellexi,»id
704 1016 795 1068 est
811 1028 991 1084 super
1009 1010 1235 1066 scribas
1252 1014 1310 1065 et
1328 1009 1649 1082 pharisazos
1666 1011 1721 1063 et
1738 1004 2033 1078 quoslibet.

361 1102 657 1176 alios,qui
690 1118 786 1158 me
818 1105 1041 1157 sectam
1073 1099 1288 1155 erroris
1318 1098 1592 1153 volebant
1623 1098 1868 1151 docere:
1904 1094 2033 1148 ideo

363 1193 450 1250 sic
481 1190 921 1263 intellexi,quia
952 1188 1191 1245 assidue
1222 1187 1414 1259 cogito
1445 1187 1516 1241 de
1545 1184 1843 1240 mandatis
1876 1181 2029 1236 tuis:

363 1287 426 1339 et
453 1282 567 1339 hoe
595 1284 706 1353 est,
746 1303 773 1331 α
810 1278 949 1352 quia
980 1275 1321 1334 testimonia
1378 1280 1483 1330 tua
1542 1272 1846 1329 meditatio
1905 1286 2035 1325 mea

366 1372 478 1428 est.
514 1392 543 1420 »

443 1459 517 1514 Et
534 1458 692 1515 inter
712 1460 953 1513 caeteros
970 1455 1238 1510 doctores
1260 1477 1285 1501 ‹‹
1313 1450 1570 1507 intellexi
1603 1466 1778 1522 super
1798 1465 1989 1515 senes,
2005 1468 2032 1496 »

369 1547 431 1602 id
448 1549 543 1603 est
561 1560 741 1620 super
761 1543 1125 1615 antiquiores
1147 1546 1205 1597 et
1225 1539 1463 1596 altiores
1496 1538 1814 1612 sapientes,
1843 1541 1900 1592 et
1928 1536 2038 1592 hoc

370 1635 530 1705 ideo,
562 1657 593 1686 «
626 1634 768 1708 quia
796 1633 1078 1689 mandata
1106 1635 1209 1686 tua
1238 1628 1499 1701 quaesivi.
1523 1643 1551 1675 υ

450 1748 480 1776 ‹‹
494 1725 685 1798 Super
704 1739 876 1779 senes
898 1718 1210 1788 intellexi,»
1224 1723 1281 1774 et
1294 1716 1596 1791 «prohibui
1617 1717 1794 1788 pedes
1818 1730 2040 1783 meos,»

374 1813 435 1871 id
466 1816 560 1870 est
612 1810 955 1868 affectiones
988 1824 1190 1879 meas,
1227 1834 1250 1858 α
1284 1808 1356 1862 ab
1388 1806 1549 1861 omni
1577 1804 1672 1860 via
1697 1804 1855 1859 mala
1888 1827 1914 1851 ››
1946 1819 2043 1858 eo-

376 1918 510 1960 rum
526 1917 540 1959 :
556 1902 629 1959 ad
653 1900 765 1957 hoc
789 1897 1087 1973 prohibui,
1115 1920 1143 1947 «
1161 1901 1277 1952 ut»
1304 1912 1479 1969 opere
1503 1894 1884 1950 «custodiam
1917 1909 2042 1948 ver-

375 1994 452 2051 ba
480 1995 605 2049 tua.
638 2020 665 2046 ι»

447 2104 478 2134 ‹‹
503 2079 903 2149 Custodiam,»
932 2080 990 2134 et
1012 2104 1037 2129 ιι
1061 2094 1177 2132 non
1201 2074 1486 2131 declinavi
1513 2092 1547 2129 a
1560 2072 1807 2145 judieiis
1840 2071 1978 2141 tuis,
2013 2094 2041 2121 »

378 2170 521 2244 quia
547 2169 631 2225 ita
658 2168 838 2224 etiam
866 2164 1179 2233 custodivi,
1208 2164 1364 2237 quod
1400 2164 1458 2217 in
1492 2162 1655 2218 nullo
1682 2162 1975 2217 deviarem
2009 2177 2044 2215 a

377 2257 688 2331 praeceptis
711 2256 855 2312 tuis.
876 2256 1010 2311 Ideo
1042 2270 1158 2308 non
1191 2252 1499 2320 declinavi,
1534 2281 1557 2305 (ι
1586 2251 1726 2323 quia
1755 2255 1819 2306 tu
1851 2249 2041 2321 legem

379 2346 630 2420 posuisti
647 2344 795 2401 mihi
808 2366 831 2389 »
846 2361 974 2417 qua:
993 2360 1086 2398 me
1106 2341 1402 2397 cohiberet
1424 2340 1867 2414 perseverarein
1884 2356 2045 2394 man-

382 2433 535 2491 datis
565 2432 707 2490 tuis.

453 2522 596 2579 Dico
625 2519 904 2589 intellexi,
938 2524 995 2576 et
1018 2518 1277 2591 implevi,
1312 2522 1369 2573 et
1401 2517 1532 2573 aliis
1584 2516 1951 2584 annuntiavi,
1984 2516 2043 2571 in

384 2628 504 2684 quo
524 2612 762 2668 fuerunt
784 2632 812 2659 ‹‹
834 2608 1065 2681 eloquia
1086 2612 1189 2662 tua
1207 2627 1234 2660 π
1273 2606 1471 2663 dulcia
1498 2630 1523 2655 α
1550 2606 1817 2662 faucibus
1841 2605 2043 2675 meis,»

386 2704 446 2757 et
475 2723 503 2751 «
537 2714 715 2773 quam
748 2696 1010 2766 dulcia,»
1042 2696 1099 2750 id
1133 2700 1244 2764 est,
1278 2695 1502 2749 infinite
1532 2695 1771 2749 fuerunt
1800 2694 1996 2750 dulcia
2029 2711 2043 2749 ε
2122 2694 2125 2695 ⁷

388 2787 586 2845 dulcia
630 2787 762 2843 dico
787 2808 816 2838 α
838 2802 1017 2858 super
1044 2784 1159 2840 mel
1187 2785 1271 2839 ori
1306 2801 1457 2855 meo,
1492 2784 1550 2837 id
1583 2789 1672 2839 est
1702 2783 1836 2855 plus
1866 2799 2043 2855 quam

388 2876 505 2935 mel
536 2876 616 2933 sit
644 2875 815 2932 dulce
844 2874 989 2930 mihi
1021 2873 1303 2948 gustanti.

457 2964 705 3037 Eloquia
733 2964 971 3020 fuerunt
1002 2963 1149 3018 mihi
1180 2962 1397 3030 dulcia,
1422 2966 1479 3016 et
1509 2985 1531 3008 «
1565 2965 1873 3034 propterea
1891 2961 2045 3017 viam

386 3053 720 3127 iniquitatis
736 3051 927 3108 odivi»
948 3051 1109 3106 illam
1127 3068 1398 3107 «omnem
1426 3067 1440 3119 ;
1463 3066 1490 3098 υ
1512 3054 1571 3106 et
1600 3054 1666 3106 ut
1694 3050 1801 3105 hoc
1823 3051 2045 3106 bonum

386 3143 821 3216 comprobetur,
853 3141 1114 3197 ostendit
1164 3140 1571 3196 auctoritatem
1623 3144 2044 3214 praeceptorum

385 3231 666 3304 Dei,cum
697 3231 876 3286 dicit:
914 3251 938 3276 α
972 3247 1006 3285 a
1034 3230 1333 3285 mandatis
1364 3228 1537 3298 tuis,»
1572 3246 1605 3284 o
1636 3229 1900 3298 Domine,
1934 3229 2044 3285 hoc

2138 640 2328 715 magis
2386 642 2756 699 illuminatur
2812 640 3140 714 cognitione
3172 638 3290 696 Dei.
3319 637 3442 707 Vel,
3470 660 3497 687 «
3530 634 3781 691 Verbum

2137 735 2327 800 tuum,
2363 754 2391 782 ››
2425 731 2483 786 id
2513 735 2602 786 est
2632 730 2814 787 Filius
2840 735 3000 801 tuus,
3034 730 3222 784 factus
3266 727 3505 783 lucerna
3550 741 3652 797 per
3694 738 3786 778 as-

2139 824 2439 892 sumptam
2472 836 2727 876 carnem.
2766 820 2932 875 Sicut
2981 818 3138 893 enim
3169 817 3229 872 in
3261 816 3500 872 lucerna
3545 814 3793 869 habetur

2138 910 2339 965 lumen
2381 914 2439 965 et
2476 914 2648 981 testa,
2681 909 2762 964 ita
2792 909 2852 964 in
2886 907 3116 966 Christo
3147 905 3426 961 divinitas
3455 903 3654 959 lumen
3683 906 3791 965 est,

2140 998 2484 1055 humanitas
2505 998 2675 1071 quasi
2700 1001 2851 1054 testa
2872 997 3178 1053 continens
3206 995 3404 1051 lumen
3431 1011 3444 1051 :
3467 1011 3594 1066 quae
3613 992 3793 1047 lucer-

2143 1106 2220 1144 na
2248 1087 2548 1144 illuminat
2579 1089 2757 1161 pedes
2815 1104 2998 1154 meos,
3028 1086 3085 1141 id
3117 1088 3205 1141 est
3235 1086 3535 1157 promovet
3563 1081 3637 1137 ad
3663 1080 3792 1146 hoc,

2144 1180 2210 1232 ut
2231 1177 2453 1248 possim
2470 1177 2597 1247 jam
2630 1177 2778 1232 bene
2802 1176 2949 1232 velle
2977 1192 2990 1229 :
3024 1179 3082 1230 et
3112 1174 3267 1229 idem
3295 1173 3538 1228 verbum
3567 1176 3657 1227 est
3686 1171 3797 1225 fae-

2144 1269 2273 1320 tum
2302 1265 2504 1321 lumen
2566 1265 2795 1321 semitis
2856 1265 3023 1330 meis,
3058 1264 3114 1318 id
3146 1266 3237 1319 est
3264 1260 3485 1318 strictis
3514 1265 3570 1316 et
3599 1259 3799 1316 arduis

2145 1352 2420 1426 operibus
2454 1370 2467 1408 :
2502 1371 2618 1408 non
2649 1354 2793 1408 dicit
2834 1352 3093 1420 lucerna,
3127 1352 3228 1407 sed
3265 1375 3286 1401 ι
3321 1350 3520 1407 lumen
3554 1367 3567 1406 :
3598 1373 3627 1401 »
3662 1349 3803 1423 quia

2145 1446 2368 1514 quanto
2400 1442 2633 1498 arctiori
2669 1442 2881 1497 semita
2909 1442 3026 1498 Deo
3058 1440 3454 1507 servit,‘tanto
3486 1439 3679 1511 majus
3714 1435 3803 1492 lu-

2147 1548 2282 1586 men
2314 1530 2511 1596 habet,
2543 1534 2600 1586 et
2630 1530 3023 1603 cognitionem
3077 1529 3149 1585 de
3197 1528 3329 1600 ipsa
3380 1527 3680 1584 divinitate
3720 1542 3803 1582 rc-

2147 1619 2307 1693 cipit.

2218 1709 2291 1764 Et
2311 1707 2450 1781 quia
2468 1707 2739 1764 voluntas
2771 1723 2874 1780 per
2901 1711 2958 1763 te
2990 1704 3382 1774 illuminatur,
3404 1708 3462 1761 et
3488 1705 3549 1760 in
3580 1704 3807 1761 semitis

2149 1797 2350 1853 lumen
2382 1796 2882 1876 prmbes,scilicet,
2896 1796 3039 1868 quia
3068 1812 3137 1851 ex
3166 1799 3223 1850 te
3253 1810 3489 1850 omnem
3519 1793 3809 1850 habemus

2149 1886 2665 1957 illuminationem,
2688 1886 2817 1941 ideo
2852 1906 2881 1936 «
2902 1885 3099 1957 juravi
3131 1888 3189 1940 et
3220 1883 3422 1953 statui,
3451 1905 3478 1933 »
3503 1882 3563 1939 id
3593 1888 3683 1941 est
3716 1884 3807 1939 ﬁr-

2152 1976 2326 2030 miter
2380 1973 2695 2030 deliberavi
2757 1996 2785 2024 ‹‹
2818 1971 3115 2030 custodire
3159 1970 3388 2043 judicia
3420 1994 3449 2021 ››
3497 1988 3625 2045 quae
3669 1977 3813 2030 sunt

2142 2063 2393 2136 justitiae
2414 2063 2614 2131 tuae,id
2637 2067 2880 2135 est,qua3
2901 2066 2966 2118 tu
3000 2061 3145 2117 facis
3175 2077 3279 2133 per
3308 2063 3470 2117 tuam
3490 2062 3810 2134 justitiam.

2152 2153 2421 2209 Custodit
2460 2152 2555 2208 ille
2599 2153 2849 2225 judicia,
2883 2151 3023 2224 quia
3068 2150 3118 2207 si
3165 2150 3382 2207 habeat
3433 2151 3812 2209 adversitates

2154 2259 2267 2298 non
2303 2242 2722 2315 frangitur,sed
2747 2241 2974 2313 judicio
3006 2240 3107 2296 Dei
3140 2240 3253 2296 sibi
3286 2239 3410 2295 dari
3440 2239 3736 2315 intelligit.
3754 2243 3811 2299 Si

2153 2335 2352 2388 autem
2384 2330 2833 2403 prosperitatem
2862 2329 3097 2397 habeat,
3113 2346 3230 2385 non
3259 2327 3575 2402 extollitur,
3594 2331 3696 2387 sed
3731 2348 3812 2389 se-

2153 2420 2416 2476 cundum
2448 2420 2549 2476 Dei
2580 2419 2945 2475 voluntatem
2977 2417 3314 2491 dispensat:
3335 2418 3463 2475 dico
3493 2420 3809 2489 custodire,

2146 2510 2341 2581 juravi
2390 2510 2570 2565 etiam
2620 2509 2938 2576 custodire,
2971 2507 3031 2564 id
3064 2512 3153 2564 est
3184 2508 3337 2565 sicut
3365 2507 3700 2577 deliberavi,
3736 2511 3813 2567 ita

2156 2598 2448 2654 stabiliter
2475 2597 2783 2671 complevi.

2227 2687 2375 2754 Quia
2404 2686 2583 2742 statui
2635 2686 2949 2753 custodire,
2985 2687 3113 2743 ideo
3150 2708 3177 2737 «
3211 2703 3343 2742 sum
3373 2684 3749 2758 humiliatus,
3783 2712 3809 2737 »

2157 2776 2214 2830 id
2237 2780 2327 2832 est
2347 2776 2603 2831 afflictus
2625 2800 2650 2825 υ
2679 2792 3161 2848 usquequaque,»
3193 2775 3251 2830 id
3284 2779 3373 2831 est
3402 2792 3470 2831 ex
3499 2777 3657 2831 omni
3681 2794 3810 2850 par-

2155 2868 2211 2920 te
2240 2869 2297 2921 et
2326 2864 2487 2920 omni
2517 2880 2728 2937 genere
2759 2863 3261 2936 afﬂictionis,quia
3292 2863 3582 2920 stabiliter
3609 2864 3807 2921 obser-

2153 2954 2362 3009 vabam
2397 2954 2624 3025 judicia
2650 2958 2708 3009 et
2740 2952 3079 3009 testimonia
3109 2957 3230 3010 tua.
3264 2951 3618 3010 Humiliatus
3647 2970 3804 3024 sum,

2154 3044 2353 3112 sed,tu
2388 3065 2415 3095 ‹‹
2447 3042 2946 3111 Domine,viviﬁca
2976 3060 3069 3100 me
3094 3065 3122 3093 »
3157 3059 3229 3100 ne
3259 3042 3461 3099 cedam
3493 3043 3801 3115 afﬂigenti-

2154 3133 2267 3187 bus
2293 3149 2386 3188 me
2419 3154 2448 3184 «
2478 3132 2803 3189 secundum
2833 3132 3078 3189 verbum
3108 3136 3303 3203 tuum,
3337 3154 3365 3181 »
3397 3131 3455 3187 id
3487 3136 3577 3188 est
3602 3148 3804 3188 secun-

2152 3220 2293 3276 dum
2325 3220 2797 3293 promissionem.

389 3342 421 3374 «
451 3292 710 3377 intellexi
740 3341 769 3371 »
803 3320 957 3391 quod
986 3320 1142 3375 viam
1174 3292 1507 3390 iniquitatis
1528 3318 1687 3373 odire
1714 3292 2045 3387 debeam,et
2072 3292 2117 3363 (ἶ
2225 3292 2364 3367 Dico
2384 3310 2739 3368 humiliatus
2752 3310 3183 3383 sum,etinipsa
3202 3309 3804 3369 humiliationeobtuli

389 3410 519 3467 ideo
546 3406 723 3466 odivi.

402 3522 407 3525 -
1147 3497 1285 3545 Nun.

466 3599 498 3630 «
527 3578 793 3635 Lucerna
838 3574 1110 3649 pedibus.
1138 3597 1165 3624 »
1192 3576 1257 3631 In
1289 3575 1397 3631 hoc
1429 3575 1726 3632 octonario
1757 3576 1950 3648 agitur
1977 3577 2050 3633 de

392 3665 892 3738 humilitate,quia
922 3664 1181 3721 ostendit
1212 3681 1272 3720 se
1282 3665 1484 3736 justus
1501 3665 1600 3737 qui
1616 3664 1877 3738 loquitur
1890 3683 1957 3722 ex
1988 3683 2051 3722 se

392 3755 541 3813 nihil
565 3754 804 3827 habere,
829 3756 929 3811 sed
954 3754 1153 3811 omnia
1182 3771 1217 3809 a
1246 3754 1384 3825 Deo,
1407 3755 1582 3809 etiam
1618 3754 1853 3811 initium
1886 3756 2049 3812 boum

389 3843 733 3915 voluntatis,
782 3848 840 3901 et
886 3843 1016 3901 ideo
1068 3844 1464 3915 przescribitur
1512 3843 1649 3899 huic
1698 3846 1848 3917 parti
1894 3846 2046 3915 Nun,

391 3934 550 4008 quod
583 3933 1245 4005 interpretatuaum'cus,
1267 3931 1354 3988 vel
1382 3949 1609 4005 pascua,
1642 3934 1782 4004 quia
1811 3951 1966 3990 unus
1996 3939 2053 3991 et

390 4023 554 4082 solus
575 4026 665 4080 est
684 4022 860 4095 Deus,
877 4039 911 4078 a
931 4038 1047 4094 quo
1070 4022 1275 4094 recipit
1300 4021 1588 4093 quidquid
1613 4022 1748 4078 boni
1771 4024 1969 4096 habet,
1993 4029 2051 4080 et

389 4113 517 4187 ipse
540 4112 697 4168 idem
718 4110 771 4167 ei
792 4115 882 4168 est
902 4114 1207 4183 pascua,et
1229 4110 1403 4183 plena
1436 4112 1689 4167 refectio.
1723 4112 1875 4168 Ordo
1906 4130 2049 4185 quo-

389 4219 504 4277 que
532 4203 725 4260 bonus
754 4205 864 4258 est.
898 4201 1215 4273 Postquam
1249 4200 1407 4256 enim
1457 4201 1715 4257 ostendit
1744 4220 1805 4257 se
1837 4202 2051 4259 habere

387 4308 489 4350 cor
509 4290 896 4359 servitutis,et
914 4306 1020 4363 per
1038 4290 1318 4345 intimum
1339 4306 1600 4347 amorem
1633 4296 1969 4347 assecutum
1990 4310 2052 4349 se

386 4381 537 4456 legis
569 4379 961 4449 intellectum,
982 4373 1159 4435 etiam
1190 4395 1251 4435 se
1282 4395 1316 4434 ιι
1338 4379 1584 4452 judiciis
1616 4379 1714 4436 Dei
1740 4398 1853 4436 non
1880 4382 2055 4437 decli-

388 4471 614 4541 nare,et
640 4467 795 4526 viam
828 4466 1163 4539 iniquitatis
1192 4467 1473 4524 habuisse
1503 4468 1664 4523 odio:
1699 4468 1821 4526 hzec
1854 4471 2052 4527 omnia

390 4576 508 4617 non
536 4557 675 4632 sibi,
705 4557 809 4615 sed
840 4556 1040 4631 gratia:
1074 4555 1174 4613 Dei
1208 4556 1494 4613 attribuit.

461 4645 865 4705 Continuatio:
887 4646 1076 4717 Super
1105 4660 1276 4701 senes
1307 4645 1585 4715 intellexi,
1618 4664 1651 4702 a
1672 4648 1916 4719 judiciis
1949 4667 2051 4706 au-

390 4740 511 4792 tem
528 4751 646 4792 non
663 4733 1130 4799 deelinavi,viam
1151 4732 1484 4805 iniquitatis
1506 4735 1639 4789 odio
1656 4735 2054 4806 habui,etha3e

390 4824 593 4881 omnia
607 4840 724 4880 non
745 4822 971 4879 viribus
1002 4822 1170 4894 meis,
1196 4822 1299 4877 sed
1322 4822 1462 4893 quia
1496 4847 1516 4873 «ι
1543 4824 1800 4880 Verbum
1822 4830 2051 4898 tuum,»

389 4913 451 4970 id
473 4916 565 4970 est
585 4912 852 4969 divinum
874 4912 1345 4979 mandatum,est
1367 4913 1584 4967 factum
1617 4934 1645 4964 «
1667 4913 1961 4983 lucerna,»
1993 4918 2051 4973 id

389 5006 482 5059 est
512 5000 868 5057 illuminatio
901 5017 1019 5073 qua
1050 5016 1291 5072 possum
1326 5000 1471 5055 mihi
1492 5018 1523 5057 a
1554 5001 1782 5073 laqueis
1812 5004 2055 5061 diaboli-

389 5107 613 5159 cavere,
643 5106 792 5163 quos
824 5089 970 5145 mihi
1004 5090 1258 5145 tendunt
1291 5090 1346 5144 in
1381 5091 1639 5147 tenebris
1670 5092 1849 5164 hujus
1898 5096 2049 5151 vitae.

389 5182 661 5238 Lucerna
676 5179 806 5235 dico
833 5179 1181 5251 «pedibus,»
1209 5178 1265 5232 id
1293 5184 1381 5233 est
1413 5180 2050 5241 atl‘eetionibus«meis»

385 5274 444 5327 et
460 5268 895 5338 voluntatibus,
922 5284 1025 5340 per
1046 5284 1195 5339 quas
1219 5269 1419 5324 anima
1441 5274 1641 5325 nostra
1662 5271 1788 5341 jam
1823 5272 2058 5329 incedat

385 5359 458 5415 ad
490 5359 643 5415 bene
673 5356 1209 5431 operandum,quia
1233 5374 1339 5412 nec
1363 5359 1508 5414 bene
1539 5359 1683 5413 velle
1714 5377 2057 5434 possumus,

389 5446 500 5503 nisi
533 5447 729 5519 gratia
757 5447 857 5501 Dei
890 5446 1317 5502 illuminemus.
1350 5447 1648 5503 Voluntati
1706 5456 1917 5507 nostra:
1967 5458 2058 5509 est

386 5538 632 5595 verbum
655 5536 920 5609 lucerna,
950 5538 1229 5594 «semitis
1262 5537 1463 5610 meis,»
1500 5539 1554 5593 id
1585 5544 1674 5595 est
1705 5541 2057 5599 arctioribus

392 5625 670 5697 Operibus
701 5625 1119 5691 meis,verbum
1146 5630 1339 5694 tuum,
1363 5627 1586 5683 scilicet
1614 5628 1879 5685 divinum
1910 5649 2055 5703 prm-

397 5714 656 5787 ceptum,
683 5718 771 5770 est
801 5713 945 5773 mihi
979 5738 1005 5765 ‹‹
1042 5714 1313 5789 lumen,»
1345 5715 1401 5772 id
1438 5722 1525 5773 est
1555 5718 1806 5778 maxime
1837 5718 2056 5778 illumi-

2157 3400 2264 3456 tibi
2292 3400 2583 3457 sacrificia
2613 3422 2642 3452 «
2674 3400 2793 3457 oris
2824 3400 2963 3470 mei,
2984 3422 3011 3449 »
3044 3400 3103 3455 id
3134 3404 3225 3457 est
3254 3399 3459 3457 laudes
3488 3417 3613 3473 qua:
3640 3404 3809 3456 erant

2157 3490 2277 3546 oris
2309 3490 2423 3546 mei
2457 3506 2470 3546 :
2506 3490 2646 3562 quia
2675 3490 2831 3562 quod
2862 3488 3127 3545 dicebam
3159 3504 3277 3558 ore,
3311 3488 3591 3563 complevi
3613 3504 3805 3562 Opere:

2158 3583 2216 3634 et
2243 3579 2354 3636 hoc
2384 3602 2413 3630 «
2445 3579 2793 3650 voluntarie,
2829 3600 2857 3628 »
2888 3577 2947 3634 id
2978 3581 3068 3635 est
3096 3579 3251 3635 bona
3290 3579 3631 3650 intentione,
3663 3594 3811 3652 pura

2158 3667 2456 3724 voluntate
2491 3685 2504 3723 :
2538 3671 2595 3724 et
2624 3666 2765 3740 quia
2792 3666 2853 3722 in
2884 3665 3225 3723 humilitate
3256 3663 3576 3722 sacrificavi
3605 3665 3733 3733 tibi,
3754 3668 3810 3721 et

2156 3757 2505 3822 voluntarie,
2530 3756 2678 3823 ideo,
2702 3773 2735 3812 o
2757 3756 3028 3825 Domine,
3053 3777 3081 3805 ‹‹
3106 3753 3468 3828 beneplacita
3488 3755 3576 3811 fac
3608 3777 3636 3804 ››
3662 3752 3807 3810 mihi

2158 3851 2291 3903 vota
2321 3863 2471 3913 mea,
2506 3869 2534 3895 «
2560 3850 2616 3901 et
2633 3845 2862 3917 judicia
2888 3849 2993 3900 tua
3021 3845 3164 3900 doce
3194 3860 3307 3909 me,
3333 3866 3359 3893 »
3393 3843 3447 3899 id
3481 3847 3569 3900 est
3597 3844 3686 3900 fac
3717 3860 3806 3899 as-

2160 3952 2427 3992 suescere
2455 3939 2512 3992 et
2541 3951 2714 4008 Opere
2744 3932 3084 4007 adimplere.

2232 4028 2302 4082 Et
2331 4026 2460 4082 ideo
2491 4042 2639 4098 opus
2672 4028 2763 4080 est
2792 4028 2859 4080 ut
2886 4023 3116 4093 doceas,
3150 4046 3178 4072 «
3212 4022 3351 4095 quia
3381 4022 3575 4080 anima
3605 4039 3752 4088 mea,
3777 4045 3804 4071 ιι

2160 4116 2217 4171 id
2263 4120 2353 4171 est
2404 4114 2523 4170 vita
2572 4114 2782 4169 animae
2833 4129 2973 4168 mea}
3004 4135 3031 4162 «
3065 4116 3155 4167 est
3186 4127 3418 4184 semper
3446 4111 3505 4167 in
3537 4112 3807 4168 manibus

2161 4206 2367 4275 meis,»
2399 4204 2457 4259 id
2484 4208 2573 4260 est
2600 4202 2876 4275 operibus
2907 4202 3088 4257 meis:
3123 4200 3259 4273 quia
3290 4200 3337 4257 si
3371 4201 3635 4257 desinam
3664 4200 3806 4255 bene

2160 4294 2409 4367 operari,
2444 4292 2729 4350 morietur
2758 4291 2956 4348 anima
3002 4306 3151 4346 mea.
3187 4293 3233 4346 A
3259 4289 3642 4346 similitudine
3671 4288 3804 4345 boni

2161 4383 2367 4440 militis
2398 4382 2622 4439 dictum
2645 4380 2862 4453 est,qui
2894 4379 3004 4436 sibi
3037 4379 3098 4434 in
3131 4378 3328 4451 praelio
3356 4378 3535 4435 vitam
3564 4377 3805 4451 propriis

2161 4472 2437 4528 manibus
2468 4471 2732 4527 defendit
2765 4487 2778 4525 :
2812 4493 2839 4519 ‹‹
2874 4474 2933 4526 et
2966 4492 2993 4519 »
3023 4472 3089 4525 ut
3118 4469 3377 4526 animam
3408 4484 3597 4524 meam
3627 4470 3809 4524 custo-

2161 4563 2284 4618 dire
2314 4562 2559 4635 possim,
2593 4583 2619 4611 ‹‹
2655 4559 2843 4633 legem
2872 4563 3035 4615 tuam
3068 4576 3184 4615 non
3217 4575 3351 4615 sum
3384 4555 3646 4615 oblitus»
3668 4555 3806 4629 quin

2086 4670 2131 4735 Ι)
2162 4655 2406 4708 tractem
2438 4667 2568 4706 eam
2601 4649 2981 4705 meditatione
3014 4652 3072 4705 et
3098 4646 3458 4721 impletione.

2236 4741 2374 4796 Dico
2409 4763 2437 4791 «
2467 4756 2583 4795 non
2616 4754 2748 4795 sum
2780 4736 3020 4803 oblitus,
3055 4759 3083 4787 »
3112 4740 3170 4792 et
3200 4739 3395 4793 tamen
3428 4759 3454 4786 α
3485 4736 3807 4807 peceatores

2164 4833 2488 4903 posuerunt
2518 4828 2795 4899 laqueum
2839 4825 2983 4882 mihi
3017 4849 3044 4875 »
3077 4842 3180 4898 per
3203 4841 3378 4897 quem
3409 4824 3691 4896 putabant
3718 4835 3807 4877 me

2163 4918 2480 4992 impellere,
2514 4922 2580 4973 ut
2608 4917 2798 4989 legem
2830 4915 2931 4971 Dei
2964 4915 3165 4970 darem
3198 4912 3492 4970 oblivioni.
3517 4912 3806 4984 Laqueum

2164 5007 2512 5076 dicit,veluti
2544 5004 3194 5073 minas,blandimenta,
3219 5018 3598 5075 quascunque
3628 5000 3807 5057 malas

2163 5097 2575 5171 persuasiones
2592 5100 2649 5151 et
2665 5094 3101 5167 persecutiones
3118 5110 3130 5148 :
3149 5098 3270 5148 «et»
3288 5091 3421 5148 licet
3442 5091 3550 5164 ipsi
3573 5089 3654 5145 ita
3668 5086 3807 5144 mihi

2162 5188 2437 5259 laqueum
2471 5186 2798 5249 tenderent,
2833 5188 3029 5238 tamen
3064 5206 3091 5232 «
3126 5183 3198 5238 de
3228 5180 3522 5237 mandatis
3550 5178 3667 5235 tuis
3699 5193 3808 5233 non

2166 5276 2409 5332 erravi»
2458 5274 2544 5331 vel
2606 5272 2757 5329 male
2818 5272 3217 5344 intelligendo,
3277 5270 3364 5327 vel
3424 5275 3624 5325 contra
3679 5283 3808 5340 ope.

2165 5366 2369 5421 rando.

2239 5480 2265 5505 ‹‹
2283 5455 2407 5510 Non
2426 5452 2633 5518 erravi,
2662 5475 2688 5499 »
2708 5452 2809 5507 sed
2830 5451 3025 5524 potius
3045 5448 3365 5521 «acquisivi
3387 5449 3445 5503 in
3467 5452 3763 5511 :eternum,
3787 5465 3811 5491 η

2166 5545 2312 5601 bene
2332 5542 2653 5601 exercendo
2676 5541 2747 5596 ad
2770 5538 3149 5611 intelligenda
3170 5543 3229 5595 et
3248 5535 3594 5609 complenda
3621 5558 3648 5585 ‹‹
3666 5531 3811 5589 testi~

2166 5634 2364 5689 monia
2392 5637 2495 5688 tua
2525 5648 2539 5687 :
2578 5653 2605 5679 »
2647 5654 2673 5680 ‹‹
2710 5628 2992 5701 acquisivi
3029 5651 3055 5676 »
3087 5628 3217 5683 dico
3248 5651 3273 5677 ‹‹
3309 5625 3663 5689 haereditate,
3700 5645 3726 5671 »
3758 5620 3811 5676 id

2166 5728 2255 5780 est
2285 5723 2357 5780 ad
2386 5718 2836 5778 similitudinem
2871 5717 3249 5779 haereditarim
3279 5712 3611 5784 rei,seilicet
3644 5715 3707 5769 ut
3730 5712 3817 5766 tir-
