3942 6374
187 458 304 516 621

1372 456 1874 519 EXPLANA’I‘IO
1921 456 1998 515 IN
2045 456 2427 519 PSALMOS.

3494 459 3613 519 622

190 588 368 643 miter
396 588 781 661 possiderem,
804 594 861 644 et
881 607 914 645 a
936 591 1204 661 patribus
1225 589 1371 645 meis
1391 594 1445 645 et
1468 589 1598 644 aliis
1625 588 1845 645 talibus
1871 580 1928 654 Α
2028 588 2166 655 Vos,
2195 612 2217 639 ι
2255 590 2521 663 maligni,
2548 589 2854 657 declinate,
2882 614 2903 645 ι
2931 592 3033 648 sed
3062 594 3146 661 tu,
3172 591 3437 660 Domine,
3461 614 3489 642 α
3522 609 3618 648 su-

189 676 542 748 rcciperem;
585 676 714 731 ideo
752 676 1055 748 exquisivi,
1086 700 1113 727 «
1147 676 1286 748 quia
1315 677 1625 732 exsultatio
1656 676 1848 732 cordis

189 763 307 819 mei
331 767 492 832 sunt,
521 786 541 812 ι
570 762 794 819 scilicet
813 769 1340 836 quantumcunque
1360 765 1626 831 tribuler,
1650 769 1846 819 tamen

188 869 326 908 cum
357 850 746 909 exsultatione
777 853 1057 908 mandata
1085 853 1186 909 Dei
1218 852 1573 926 adimplebo,
1603 871 1848 909 securus

187 942 262 996 de
293 941 786 998 remuneratione.

261 1030 401 1087 Dico
429 1052 449 1080 ι
486 1030 792 1103 exquisivi,
822 1053 841 1079 ι
869 1030 980 1086 hoc
1011 1032 1182 1086 modo
1214 1031 1435 1086 scilicet
1479 1030 1845 1085 humiliando

187 1118 485 1191 meipsum
518 1136 620 1191 per
649 1118 848 1175 omnia
874 1120 989 1175 Deo
1014 1135 1026 1175 :
1053 1120 1187 1175 inde
1215 1125 1305 1175 est
1335 1121 1488 1191 quod
1513 1119 1656 1174 dicit
1677 1135 1726 1173 τι
1761 1120 1862 1189 ῐω

186 1206 399 1262 clinavi
441 1224 542 1263 cor
582 1223 801 1276 meum,
830 1230 851 1257 ι
882 1208 937 1263 id
978 1213 1085 1273 est,
1116 1207 1475 1263 voluntatem
1516 1224 1705 1263 meam
1745 1224 1847 1277 per

185 1296 390 1351 omnia
419 1296 745 1365 humiliavi,
771 1319 792 1347 ι
818 1297 890 1352 ad
915 1297 1211 1353 faciendas
1233 1296 1688 1368 justilieationes
1716 1302 1846 1351 tuas

186 1388 428 1456 propter
449 1384 897 1441 retributionem
922 1408 949 1433 »
972 1386 1315 1441 duraturam
1342 1409 1367 1435 ‹‹
1404 1385 1462 1439 in
1493 1390 1773 1440 zeternum
1793 1403 1838 1453 ;»

184 1470 344 1525 sicut
371 1469 515 1525 dicit
558 1470 767 1527 beatus
807 1472 1216 1545 Hieronymus,
1249 1473 1583 1528 ordinatum
1628 1489 1756 1528 esse
1784 1473 1844 1528 in

188 1559 460 1627 Hebraeo;
484 1575 806 1631 possumus
837 1564 1035 1616 tamen
1056 1562 1248 1617 dicere
1272 1578 1286 1619 :
1310 1562 1650 1617 Custodiam
1675 1561 1848 1633 justi-

186 1647 495 1704 ﬁcationes
524 1651 661 1705 tuas
694 1648 755 1705 in
788 1652 1091 1719 aeternum,
1114 1649 1173 1705 id
1213 1654 1321 1719 est,
1346 1667 1449 1722 per
1478 1654 1666 1706 totum
1700 1655 1843 1706 tem-

184 1753 301 1809 pus
329 1735 463 1793 vita)
491 1753 656 1793 mete.

897 1826 1142 1877 Samecb.

266 1936 287 1963 ι
316 1913 576 1986 Iniquos.
603 1936 631 1965 υ
655 1915 721 1970 In
753 1915 864 1972 hoc
895 1916 1193 1972 octonario
1224 1914 1481 1972 ostendit
1500 1917 1722 1987 justus,
1743 1915 1844 1988 qui

183 2001 365 2075 paulo
395 2006 529 2059 ante
558 2005 903 2061 ostendebat
941 2022 1111 2060 suam
1162 2004 1581 2072 humilitatem,
1611 2022 1673 2060 se
1714 2006 1842 2076 jam

180 2091 605 2148 conﬁrmatum
626 2092 732 2159 sic,
752 2094 906 2165 quod
925 2092 1066 2149 velit
1086 2093 1286 2166 fugere
1308 2094 1601 2149 consortia
1620 2094 1847 2165 iniquo-

181 2196 321 2235 rum
349 2196 363 2235 :
387 2184 445 2235 et
473 2180 603 2237 ideo
626 2182 773 2238 bene
804 2182 1204 2255 przescribitur
1225 2183 1360 2238 huic
1389 2183 1536 2255 parti
1570 2183 1840 2250 Samech,

182 2268 345 2341 quod
392 2268 813 2342 interpretatur
865 2273 1273 2343 ﬁrmanwntum
1326 2272 1414 2327 vel
1471 2272 1841 2344 adjutorium;

181 2356 360 2429 quasi
390 2358 642 2415 diceret:
670 2359 772 2416 Hic
804 2360 904 2415 ubi
935 2360 1082 2416 dicis
1123 2362 1279 2433 quod
1311 2360 1544 2432 iniquos
1575 2360 1706 2417 odio
1737 2360 1841 2416 ha-

180 2445 350 2515 beas,
382 2451 472 2504 est
499 2449 859 2506 audiendum
890 2454 948 2506 et
978 2465 1112 2505 cum
1137 2467 1353 2523 magna
1373 2467 1513 2506 cura
1541 2450 1843 2505 attenden-

177 2536 354 2601 dum,
379 2534 519 2608 quia
540 2553 756 2610 magna
774 2542 863 2595 est
882 2538 1111 2595 cautela
1139 2539 1471 2595 adhibenda
1502 2540 1573 2595 ad
1607 2538 1842 2610 iniquos

178 2623 543 2695 audiendos;
575 2627 912 2699 praecipitur
940 2628 1096 2683 enim
1128 2628 1189 2683 in
1220 2627 1552 2700 Evangelia,
1575 2632 1641 2683 ut
1661 2628 1840 2683 etiam

178 2712 459 2770 inimicos
479 2713 799 2788 diligamus
820 2716 1025 2788 (Matth.
1048 2718 1124 2789 v).
1150 2718 1245 2773 Sic
1274 2734 1411 2790 ergo
1443 2722 1582 2774 sunt
1602 2718 1842 2790 diligen-

176 2801 267 2870 di,
292 2806 359 2859 ut
386 2803 677 2876 quidquid
710 2804 851 2862 mali
880 2806 1051 2862 nobis
1080 2807 1315 2875 faciant,
1340 2824 1455 2862 non
1489 2806 1840 2879 repercutia-

176 2907 342 2958 mus,
379 2893 480 2948 sed
512 2909 618 2965 pro
648 2894 734 2949 eis
764 2910 1029 2963 oremus;
1064 2899 1123 2950 et
1162 2895 1427 2966 quandiu
1457 2896 1517 2951 in
1550 2895 1632 2951 eis
1664 2897 1840 2968 profl-

173 2996 314 3036 cere
342 2984 642 3053 putamus,
668 2980 865 3039 divina
912 2982 1311 3037 admonitione
1341 2983 1427 3040 eis
1469 2984 1837 3041 insistemus.

172 3068 243 3127 Si
277 3073 474 3124 autem
505 3067 566 3122 in
602 3067 689 3125 eis
731 3068 879 3123 nihil
910 3070 1190 3142 proficere
1218 3070 1503 3139 valemus,
1526 3088 1632 3127 nec
1680 3072 1843 3128 salva

174 3155 464 3228 religione
495 3172 631 3212 cum
660 3156 746 3213 eis
776 3157 1041 3214 habitare
1068 3175 1408 3230 possumus,
1434 3160 1506 3215 ab
1529 3176 1732 3217 eorum
1763 3161 1847 3223 fe.

176 3244 523 3302 miliaritate
540 3249 598 3301 et
614 3244 975 3303 habitatione
998 3247 1254 3320 separari
1273 3248 1585 3306 debemus:
1603 3267 1705 3322 pro
1723 3267 1841 3323 quo

177 3332 362 3390 etiam
383 3338 609 3406 patrem
631 3337 688 3390 et
703 3351 942 3392 uxorem
967 3334 1295 3408 relinquere
1312 3336 1615 3407 debemus,
1630 3339 1679 3395 si
1700 3357 1838 3397 cum
1868 3324 1912 3393 Ο

179 3422 270 3478 eis
301 3421 643 3496 religionem
665 3423 1058 3495 Christianam
1090 3442 1319 3481 servare
1350 3443 1466 3482 non
1496 3445 1838 3500 possumus,

181 3508 486 3579 scilicet,si
517 3528 622 3585 per
641 3528 740 3569 eos
766 3514 837 3569 ad
869 3513 1161 3570 culturam
1192 3514 1599 3585 idolorum,vel
1617 3518 1840 3591 aliquid

182 3597 382 3655 simile
412 3598 812 3672 impellamur.
837 3602 993 3659 Nihil
1019 3602 1176 3659 enim
1209 3603 1383 3660 alicui
1415 3607 1680 3678 proximo
1710 3625 1843 3664 con-

182 3692 276 3744 tra
304 3688 490 3746 Deum
522 3691 836 3761 debemus;
871 3694 1028 3771 unde
1070 3693 1357 3751 Dominus
1387 3696 1447 3750 in
1478 3697 1789 3770 Evangelio
1824 3715 1838 3755 :

182 3800 212 3828 ‹‹
239 3777 349 3844 Qui
369 3782 531 3835 amat
558 3783 784 3853 patrem
807 3784 911 3837 aut
930 3787 1181 3839 matrem
1212 3782 1346 3855 plus
1377 3801 1555 3857 quam
1585 3803 1698 3854 me,
1722 3803 1839 3844 non

180 3869 274 3922 est
303 3883 397 3923 me
427 3868 663 3941 dignus.
694 3870 899 3941 (Matth.
921 3874 999 3941 χ).
1027 3896 1049 3925 ι

253 3956 626 4014 Continuatio
672 3975 686 4015 :
736 3960 1203 4017 Justiﬁcationes
1259 3964 1545 4020 custodivi
1604 3969 1841 4037 propter

178 4043 658 4115 retributionem;
692 4051 749 4103 et
781 4051 845 4103 ut
891 4049 963 4103 ad
1012 4048 1173 4105 illam
1232 4052 1454 4122 possim
1515 4055 1835 4124 pervenire,

176 4130 416 4204 iniquos
454 4134 586 4191 odio
616 4134 822 4204 habui,
851 4142 910 4194 et
939 4137 1128 4210 legem
1158 4142 1320 4195 tuam
1354 4140 1582 4195 dilexi.-

250 4221 322 4276 Et
350 4239 486 4278 cum
514 4223 750 4296 iniquos
772 4226 1048 4299 devitem,
1073 4231 1131 4284 et
1152 4228 1480 4285 custodiam
1504 4228 1745 4302 lcgem,«
1772 4236 1836 4287 tu

174 4326 241 4367 es
261 4311 354 4384 adj
364 4316 495 4368 utor
509 4329 678 4370 meus
692 4333 721 4368 ιι
745 4315 818 4372 ad
839 4315 987 4372 bene
1010 4316 1433 4390 operendum,¢
1457 4321 1514 4372 et
1531 4326 1840 4392 susceptor

177 4415 406 4469 meus,-
433 4401 574 4473 quia
600 4418 704 4475 per
736 4402 952 4460 Christi
986 4410 1353 4477 assumptum
1387 4406 1835 4481 humanitatem,

178 4503 374 4544 meam
404 4488 661 4546 multum
691 4491 958 4549 exaltasti
987 4510 1033 4549 ει
1060 4498 1118 4551 ct
1147 4495 1208 4549 in
1238 4494 1496 4551 Verbum
1526 4500 1749 4564 tuum,»
1775 4499 1833 4552 id

175 4579 270 4632 est
300 4575 534 4648 Filium,
556 4578 644 4635 vel
667 4580 932 4636 divinum
962 4587 1314 4655 praeceptum
1341 4585 1495 4656 quod
1527 4586 1833 4658 complevi,

1957 676 2115 748 scipe
2162 696 2255 734 me
2291 702 2311 729 υ
2350 680 2408 732 in
2467 679 2753 746 custodia,
2790 697 2860 734 ne
2891 680 3095 734 cedam
3157 679 3437 746 inimicis,
3465 701 3487 729 ι
3523 697 3613 736 se-

1955 766 2215 821 cundum
2247 766 2548 839 eloquium
2572 771 2800 833 tuum,»
2824 767 2882 822 id
2905 771 2997 823 est
3019 767 3344 822 secundum
3370 768 3619 839 promis-

1956 852 2202 908 sionem.
2226 854 2348 923 Vel,
2375 878 2402 905 ‹‹
2438 856 2767 912 secundum
2800 854 3155 927 eloquium,»
3191 854 3250 911 id
3280 859 3388 923 est,
3423 858 3490 910 ut
3518 871 3615 910 se-

1956 959 2106 1013 quar
2135 948 2421 1014 praecepta
2442 948 2563 1009 tua,
2588 944 2886 1015 implendo
2921 960 2989 999 ea
3011 960 3059 998 ει
3086 947 3142 999 et
3162 966 3190 994 ››
3214 946 3355 998 tunc
3384 942 3612 999 utinam

1956 1054 1984 1079 ‹‹
2008 1032 2196 1085 vivam
2223 1055 2250 1082 »
2277 1033 2336 1086 in
2369 1033 2586 1101 anima,
2608 1056 2634 1083 ‹‹
2664 1038 2722 1089 et
2764 1056 2791 1082 »
2813 1050 2948 1088 cum
2988 1036 3392 1105 exspectavero
3431 1032 3610 1088 vitam

1954 1124 2254 1186 aeternam,
2284 1144 2308 1169 «
2340 1140 2454 1177 non
2475 1122 2804 1177 confundas
2829 1139 2921 1177 me
2949 1122 3021 1177 ab
3044 1146 3068 1172 ι»
3096 1120 3197 1176 illa
3219 1148 3244 1173 (ι
3266 1136 3398 1176 mea
3417 1136 3614 1192 exspe-

1956 1208 2227 1280 ctatione,
2254 1238 2276 1262 ››
2310 1210 2411 1265 sed
2444 1210 2520 1265 da
2549 1210 2812 1265 obtinere
2842 1210 2999 1281 quod
3025 1225 3217 1281 spero.

2031 1320 2052 1345 σι
2080 1298 2203 1352 Non
2237 1298 2566 1353 confundas
2596 1326 2617 1347 η
2641 1298 2793 1365 (lico,
2819 1299 2920 1354 sed
2954 1299 3150 1371 potius
3172 1320 3195 1345 α
3228 1298 3441 1370 adjuva
3468 1315 3562 1352 me
3582 1322 3605 1351 ι

1955 1385 2029 1439 ad
2060 1386 2208 1441 bene
2247 1387 2634 1459 operandam,
2669 1417 2691 1440 «ι
2725 1391 2783 1442 et
2814 1409 2837 1433 »ι
2870 1402 2975 1459 per
3008 1386 3119 1443 hoc
3161 1409 3185 1434 α
3222 1384 3418 1442 salvus
3458 1403 3555 1442 ero
3583 1408 3605 1435 ι

1955 1479 2173 1530 aeterna
2202 1474 2545 1547 salvationc,
2578 1500 2606 1530 α
2634 1480 2692 1531 et
2722 1501 2744 1525 ››
2778 1492 2881 1547 per
2920 1479 3089 1531 tuum
3127 1474 3509 1547 adjutorium,
3536 1475 3608 1529 ad

1954 1560 2085 1630 hoc,
2119 1567 2185 1617 ut
2219 1564 2291 1618 ad
2344 1563 2505 1619 illam
2567 1565 2790 1636 possim
2845 1563 3147 1636 pervenire
3202 1563 3607 1630 salvationem,

1959 1671 1986 1699 «
2020 1651 2349 1707 meditabor
2390 1651 2449 1707 in
2490 1652 3019 1724 justiﬁcationibus
3056 1651 3175 1708 tuis
3216 1665 3468 1724 semper,
3492 1670 3517 1695 »
3548 1649 3610 1705 id

1954 1743 2045 1795 est
2075 1740 2334 1795 assidue.
2369 1741 2477 1807 Qui
2522 1740 2680 1796 enim
2724 1741 3052 1796 secundum
3094 1739 3287 1812 legem
3317 1739 3420 1795 Dei
3446 1739 3609 1806 vivit,

1955 1828 2132 1884 etiam
2165 1829 2309 1884 dum
2339 1828 2499 1897 vivit,
2520 1828 2608 1884 vel
2639 1828 2876 1895 dormit,
2899 1827 2988 1884 vel
3018 1828 3360 1895 manducet,
3392 1827 3453 1883 in
3480 1824 3609 1899 lege

1956 1916 2056 1970 Dei
2088 1916 2305 1972 dicitur
2336 1916 2627 1972 meditari.

2026 2005 2160 2061 Ideo
2193 2028 2220 2056 ‹‹
2255 2005 2602 2071 meditabor,
2628 2026 2656 2053 ››
2682 2004 2823 2076 quia
2878 2004 2989 2059 hoc
3045 2004 3283 2060 attendo
3336 2004 3492 2075 quod
3538 2006 3604 2060 tu

1954 2117 1981 2143 ‹‹
2006 2092 2285 2164 sprevisti
2328 2110 2533 2149 omnes
2576 2091 2943 2148 discedentes
2970 2110 3007 2148 a
3026 2092 3274 2163 judiciis
3302 2090 3442 2161 tuis,
3467 2090 3607 2164 quia

1953 2182 2227 2255 cogitatio
2257 2198 2461 2239 eorum
2490 2186 2579 2237 est
2609 2182 2883 2253 injuste.»
2909 2181 2969 2237 Si
2993 2180 3150 2237 enim
3175 2180 3376 2236 dicant
3403 2197 3468 2236 se
3496 2180 3607 2237 fra-

1950 2270 2175 2343 gilitate
2206 2288 2464 2343 peccare,
2488 2269 2576 2326 vel
2620 2270 2807 2325 Deum
2846 2269 2957 2325 sibi
2996 2286 3102 2342 per
3138 2268 3603 2326 misericordiam

1951 2360 2278 2433 indulgere,
2312 2359 2399 2415 vel
2434 2359 2555 2414 haec
2586 2364 2819 2415 terrena
2853 2375 2970 2415 non
3015 2375 3240 2428 curare,
3272 2375 3476 2415 eorum
3508 2375 3603 2415 co-

1950 2448 2157 2521 gitatio
2189 2453 2278 2504 est
2308 2449 2548 2520 injuste.

2022 2539 2092 2593 Et
2122 2556 2238 2593 non
2259 2541 2490 2593 tantum
2508 2537 2778 2608 sprevisti
2805 2541 2889 2605 tu,
2910 2537 3011 2593 sed
3036 2535 3212 2593 etiam
3244 2553 3352 2609 ego
3379 2535 3602 2609 sprevi;

1949 2631 2007 2681 et
2036 2627 2146 2682 hoc
2178 2626 2319 2682 dicit
2342 2643 2391 2681 εει
2412 2643 2617 2682 omnes
2640 2631 2973 2698 peccatores
3004 2630 3230 2694 ιθττω,››
3249 2625 3473 2682 scilicet
3498 2642 3603 2698 pa-

1949 2733 2154 2787 ganos,
2189 2716 2289 2786 qui
2322 2714 2510 2788 legem
2540 2732 2653 2770 non
2693 2714 2911 2769 habent
2942 2714 3251 2786 scriptam,
3283 2744 3308 2769 α
3339 2713 3602 2786 reputavi

1949 2802 2455 2876 praevaricantes,»
2489 2802 2699 2860 saltem
2739 2801 3025 2857 naturalis
3053 2800 3199 2873 legis
3240 2818 3254 2857 :
3293 2806 3351 2857 et
3384 2801 3447 2857 in
3488 2801 3600 2858 hoc

1950 2897 2125 2965 auget
2153 2890 2458 2948 cumulum
2502 2890 2816 2963 malorum,
2835 2890 2937 2962 qui
2971 2893 3211 2962 propter
3237 2892 3434 2945 actum
3465 2906 3598 2962 pec-

1950 2983 2063 3037 cati
2094 2980 2562 3054 praevaricatores
2595 2984 2736 3036 sunt
2763 2977 3048 3034 naturalis
3089 2976 3256 3050 legis,
3272 2977 3363 3034 vel
3402 2977 3597 3051 Scrip-

1948 3075 2116 3139 turaz,
2146 3068 2235 3126 vel
2281 3069 2589 3141 utriusque
2623 3086 2636 3124 :
2670 3072 2727 3124 et
2764 3067 2905 3140 quia
2942 3074 3276 3138 peccatores
3311 3065 3430 3123 vidi
3468 3083 3599 3125 esse

1950 3156 2440 3231 praevaricatores,
2477 3171 2501 3196 α
2534 3160 2590 3213 et
2617 3154 2747 3211 ideo
2777 3173 2802 3197 ιι
2836 3172 2909 3211 ne
2939 3170 3130 3211 essem
3170 3154 3595 3227 przevaricator,

1950 3268 1980 3300 ς(
2012 3245 2187 3302 dilexi
2215 3244 2554 3301 testimonia
2579 3248 2701 3301 tua.
2733 3266 2759 3292 ιο

2028 3355 2051 3384 ι
2075 3337 2308 3408 Conﬁgc
2332 3333 2541 3391 timore
2570 3338 2724 3390 tuo.»
2745 3333 2892 3400 Quia
2909 3332 3054 3390 vidit
3076 3332 3188 3390 iste
3209 3334 3414 3407 justus
3441 3351 3603 3391 eum-

1950 3425 2083 3480 dem
2114 3424 2422 3481 inimicum
2442 3423 2557 3480 sibi
2574 3423 2980 3496 insidiari,qui
3010 3422 3157 3481 alios
3187 3423 3436 3480 faciebat
3463 3441 3603 3497 prte-

1947 3515 2299 3573 varicatores
2327 3532 2430 3588 per
2449 3515 2858 3588 suggestiones
2887 3514 3101 3583 carnis,
3124 3518 3397 3587 precatur
3414 3514 3601 3570 Deum

1950 3608 2017 3660 ut
2045 3604 2216 3661 illum
2248 3604 2556 3661 inimicum
2578 3603 2949 3677 comprimat.
2967 3602 3338 3660 Continuatio
3361 3620 3375 3661 :
3400 3604 3603 3661 Pecca-

1948 3697 2105 3749 tores
2136 3694 2398 3766 reputavi
2430 3694 2896 3766 prmvaricantes,
2925 3696 2983 3749 et
3018 3709 3091 3749 ne
3131 3708 3237 3766 ego
3275 3692 3455 3749 etiam
3485 3693 3599 3749 sim

1948 3782 2373 3854 prwvericator,
2395 3804 2419 3831 (ι
2452 3784 2674 3855 conﬁge
2713 3799 2943 3852 carnes,
2966 3801 2989 3827 η
3012 3781 3070 3838 id
3100 3786 3191 3839 est
3225 3781 3600 3840 carnalitates

1948 3888 2111 3927 meas
2135 3891 2159 3914 «
2191 3875 2292 3928 tuo
2324 3871 2673 3939 timore,»id
2703 3876 2793 3928 est
2834 3870 2994 3928 clavo
3031 3870 3263 3927 timoris
3297 3869 3404 3925 tui.
3440 3870 3597 3941 Ideo,

1947 3977 2171 4032 precor,
2210 3961 2455 4033 conlige,
2483 3979 2508 4005 α
2546 3977 2581 4016 a
2618 3959 2863 4031 judiciis
2900 3958 3060 4015 enim
3098 3958 3218 4014 tuis
3252 3956 3447 4030 timui,
3478 3979 3503 4006 η
3536 3958 3595 4015 id

1946 4056 2036 4106 est
2064 4051 2138 4106 ad
2167 4050 2695 4106 considerationem
2725 4049 3059 4104 futurorum
3082 4045 3443 4118 judiciorum
3473 4051 3598 4103 tuo-

1946 4157 2145 4195 rum.«
2181 4140 2413 4212 Conﬁgc
2446 4160 2473 4187 ››
2503 4138 2667 4206 dicit,
2698 4136 2841 4209 quia
2864 4135 3088 4192 sciebat
3116 4135 3274 4207 quod
3301 4138 3470 4191 vetus
3497 4134 3597 4191 ho-

1947 4245 2042 4283 mo
2074 4230 2351 4300 figeretur
2375 4228 2434 4282 in
2465 4243 2655 4296 cruce,
2689 4229 2748 4281 et
2787 4226 3187 4281 destrueretur
3223 4223 3283 4281 in
3322 4225 3595 4298 passione

1946 4316 2185 4374 Christi.

2710 4405 2828 4455 Ain.

2018 4520 2045 4546 ‹‹
2081 4496 2210 4553 Feci
2241 4494 2534 4568 judicium
2563 4498 2621 4550 ct
2650 4492 3012 4566 justitiam.»
3043 4493 3174 4559 Ain,
3214 4491 3372 4563 quod
3414 4491 3594 4547 inter-

1946 4590 2227 4657 pretatur,
2259 4586 2471 4649 oculus,
2505 4583 2633 4640 ideo
2665 4582 2803 4638 huic
2841 4580 3137 4638 octonario
3176 4579 3592 4653 praescribitur,

182 4686 205 4716 ι
243 4668 673 4760 supersperavi,
701 4690 723 4720 ι
752 4669 923 4760 est
951 4673 1145 4743 majus
1176 4673 1472 4744 quoddam
1504 4691 1680 4745 quam
1714 4676 1834 4731 haec
1864 4696 1911 4760 Β
1947 4675 2084 4747 quia
2116 4675 2210 4730 hic
2231 4673 2563 4730 ostenditur
2594 4671 2687 4726 ille
2708 4672 2911 4742 justus
2931 4669 3483 4760 quemdamhabere
3512 4668 3598 4725 in-

175 4755 489 4827 praesentia
529 4762 746 4814 essent.
772 4758 899 4831 Vel,
923 4783 950 4809 ‹‹
984 4762 1452 4833 superspcravi,»
1481 4763 1618 4834 quia
1655 4764 1833 4837 priori

175 4843 300 4915 spei
334 4845 621 4916 majorem
653 4847 855 4903 addidi
888 4866 1075 4921 spem.

249 4931 488 5004 Iniquos
518 4934 651 4990 odio
676 4934 878 5005 habui,
904 4939 987 4993 ita
1003 4938 1202 4995 dicens
1229 4956 1241 4994 :
1266 4941 1311 4995 Ο
1333 4958 1434 4995 vos
1455 4942 1720 5016 maligni,
1743 4946 1835 4999 de-

175 5019 392 5077 clinate
424 5038 458 5078 a
480 5039 593 5079 me.
618 5024 721 5080 Vel
742 5024 825 5082 ita
845 5027 1225 5084 continuatur
1249 5046 1261 5083 :
1291 5031 1437 5094 Quia
1457 5031 1611 5088 Deus
1632 5038 1721 5087 est
1742 5034 1839 5089 ad-

167 5109 338 5180 jutor
364 5127 552 5180 meus,
578 5116 636 5168 et
680 5113 740 5169 in
780 5116 1024 5171 verbum
1057 5120 1682 5190 tuum'supersperavi,
1707 5121 1835 5178 ideo

174 5215 299 5269 vos,
324 5222 352 5249 ‹‹
386 5200 654 5274 maligni,
686 5204 972 5261 deelinate
1020 5223 1055 5261 a
1111 5223 1226 5275 me,
1251 5232 1273 5258 »
1312 5208 1370 5261 id
1426 5213 1516 5263 est
1572 5216 1838 5281 separate

174 5304 279 5343 vos
308 5305 342 5343 a
371 5306 502 5346 meo
523 5294 838 5361 consortio,
863 5293 922 5349 in
954 5312 1205 5367 quorum
1238 5298 1548 5368 przescntia
1577 5299 1834 5355 divinam

177 5393 293 5431 non
316 5376 476 5434 valeo
510 5378 851 5454 religionem
878 5387 1106 5452 tenere;
1130 5408 1156 5433 ‹‹
1182 5390 1239 5439 et
1262 5408 1288 5434 ››
1313 5391 1625 5457 postquam
1658 5388 1835 5445 decli-

176 5467 476 5535 naveritis,
510 5490 531 5520 ι
567 5472 877 5527 scrutabor
932 5475 1211 5530 mandata
1266 5475 1367 5530 Dei
1426 5477 1539 5532 mei
1570 5501 1597 5527 ››
1632 5478 1832 5535 libere.

176 5554 330 5611 Dicit
377 5562 574 5615 autem
629 5561 946 5633 Apostolus
976 5564 1046 5618 de
1105 5564 1445 5636 iniquorum
1504 5567 1831 5625 vitationc:

179 5665 209 5695 ι(
239 5644 587 5704 llzereticum
620 5648 921 5707 hominem
964 5657 1097 5725 post
1128 5653 1377 5725 primam
1416 5661 1474 5711 et
1514 5660 1833 5715 secundam

177 5736 607 5812 correptionem
637 5729 829 5799 devita
859 5743 987 5816 (Tit.
1014 5746 1171 5817 111).»

1948 4764 2220 4820 teriorem
2252 4761 2487 4818 oculum
2522 4761 2669 4816 bene
2701 4759 3122 4826 illuminatum,
3146 4757 3367 4813 scilicet
3394 4774 3598 4830 quam-

1944 4855 2080 4910 dam
2114 4851 2491 4925 sagacitatem
2523 4852 2595 4906 ad
2628 4849 2989 4923 repellendas
3011 4847 3340 4904 calumnias
3368 4846 3602 4919 iniquas

1946 4960 2100 5011 rum,
2124 4947 2181 4997 et
2211 4943 2282 4996 ad
2315 4941 2503 5012 legem
2548 4939 2649 4995 Dei
2704 4938 3131 4994 defendendam
3185 4940 3391 4992 contra
3445 4953 3545 4992 eos
3578 4953 3592 4994 :

1947 5051 2075 5106 qua:
2105 5032 2393 5104 sagacitas
2424 5034 2482 5085 et
2515 5030 2680 5101 justo
2721 5026 3051 5084 necessaria
3078 5030 3221 5083 erat.
3256 5025 3392 5081 Mali
3437 5025 3597 5082 enim

1946 5139 2095 5194 quos
2125 5121 2259 5177 odio
2290 5121 2563 5187 habeant,
2591 5117 2808 5174 multas
2829 5117 2889 5172 in
2922 5132 3021 5172 eos
3050 5114 3377 5171 calumnias
3407 5119 3464 5170 et
3492 5114 3599 5171 cri-

1947 5212 2300 5266 minationes
2330 5210 2675 5264 inferebant.

2017 5298 2390 5356 Continuatio
2416 5315 2428 5354 :
2456 5299 2603 5364 Quia
2636 5296 2809 5352 dilexi
2840 5292 3178 5351 testimonia
3203 5297 3325 5361 tua,
3344 5295 3403 5348 et
3449 5290 3598 5348 alios

1947 5389 2208 5461 reputavi
2232 5387 2723 5460 praavaricatores,
2744 5386 2875 5441 ideo
2896 5407 2917 5435 σι
2941 5401 3011 5439 ne
3032 5383 3231 5442 tradas
3257 5399 3351 5438 me
3379 5379 3600 5438 calum-

1945 5479 2250 5535 niantibus
2280 5494 2393 5545 me,
2416 5497 2444 5529 ω
2482 5476 2539 5531 id
2570 5481 2679 5543 est,
2713 5493 2785 5531 ne
2822 5472 3128 5547 permittas
3159 5488 3252 5526 me
3283 5469 3598 5527 calumniis

1944 5588 2145 5627 eorum
2166 5567 2568 5630 succumbere,
2585 5583 2733 5637 quas
2752 5563 2968 5619 multas
2986 5561 3129 5617 mihi
3146 5561 3406 5646 inferunt
3424 5577 3437 5616 :
3458 5560 3600 5632 quia

1944 5658 2392 5737 prmvaricantes
2421 5655 2703 5729 reputavi,
2722 5654 2899 5711 etiam
2925 5668 3018 5708 me
3038 5651 3111 5707 ab
3139 5649 3271 5706 aliis
3299 5644 3599 5724 separavi:

1945 5768 2050 5816 nec
2093 5751 2270 5808 debes
2316 5747 2567 5818 tradere,
2612 5745 2753 5823 quia
2788 5767 2810 5798 α
2846 5742 2953 5800 feci
2989 5740 3308 5817 judicium,
3348 5762 3377 5793 ››
3410 5738 3472 5798 id
3513 5742 3605 5803 est
