3942 6378
361 427 484 495 623

738 429 1140 490 HAYMONIS
1185 429 1728 489 HALBERSTA'l‘.
1776 424 2025 497 EPISC.
2071 424 2243 487 OPP.
2295 426 2496 488 PARS
2541 428 2593 486 Ι.
2648 463 2723 472 -—
2769 429 3181 491 COMMENT.
3228 431 3423 492 BIBL.

3671 432 3797 497 624

364 560 779 618 discretionem
828 560 984 615 inter
1029 559 1249 615 bonum
1295 563 1354 615 et
1402 557 1647 627 malum,
1672 580 1701 608 «
1743 561 1801 614 et
1834 557 2018 629 justi-
2046 556 2103 627 Α
2132 554 2339 629 phetas
2372 574 2386 615 :
2416 558 2551 614 talis
2593 560 2914 619 declaratio
2947 583 2977 613 «
3007 561 3309 619 illuminat
3340 585 3368 614 »
3400 534 3798 631 communiter

366 648 572 718 tiam,»
596 649 735 723 quia
752 649 1072 705 deserendo
1094 647 1340 718 malum,
1361 652 1599 705 secutus
1619 665 1753 704 sum
1776 648 2019 703 bonum.

440 763 468 790 ‹‹
502 739 584 795 Ne
622 739 823 794 tradas
866 736 1400 807 calumniantibus;
1429 742 1532 793 »et
1582 738 1630 793 si
1681 737 2027 810 impulerint

366 829 427 885 in
449 827 685 900 aliquod
709 826 955 895 malum,
978 831 1045 882 tu
1068 850 1095 877 «
1120 827 1352 900 suscipe
1378 851 1406 877 »
1423 844 1517 882 me
1540 850 1567 877 ‹‹
1596 844 1827 883 servum
1855 831 2023 883 tuum

363 917 424 977 in
456 917 679 977 bonum
700 937 729 968 »
754 920 813 972 et
841 917 1197 989 quandoque
1217 918 1308 973 fac
1328 934 1558 973 cessare
1579 933 1785 972 omnes
1806 915 2025 971 calum-

362 1006 496 1066 nias
541 1021 777 1076 eorum;
809 1009 868 1063 et
895 1005 1007 1077 hoc
1054 1010 1146 1063 est
1178 1024 1190 1063 :
1217 1030 1243 1057 ‹‹
1279 1024 1396 1062 non
1445 1005 1882 1063 calumniantur
1930 1020 2023 1060 me

360 1094 626 1168 superbi.
654 1117 683 1147 »

433 1186 508 1241 Et
535 1185 714 1242 debes
745 1185 1064 1258 suscipere,
1089 1185 1229 1258 quia
1249 1208 1276 1235 «
1302 1184 1456 1241 oculi
1488 1184 1627 1253 mei,
1644 1207 1671 1234 »
1692 1184 2023 1253 interiores,

359 1274 704 1332 defecerunt
732 1275 806 1331 ab
833 1274 994 1331 omni
1017 1274 1278 1348 appetitu
1303 1280 1692 1342 terrenorum,
1717 1274 2025 1330 tendentes

361 1387 390 1416 α
427 1364 489 1422 in
519 1363 779 1422 salutare
808 1368 1000 1434 tuum,
1027 1387 1054 1414 »
1076 1363 1133 1419 id
1169 1367 1257 1419 est
1298 1363 1359 1418 in
1399 1362 1782 1420 salvationem
1824 1366 2020 1432 tuam;

361 1476 392 1507 ι(
426 1457 488 1510 et
515 1475 545 1506 ι»
570 1458 638 1511 ut
666 1455 742 1509 ad
774 1453 919 1509 illud
950 1453 1283 1526 perveniam
1317 1452 1594 1523 salutare,
1626 1453 1878 1508 tendunt
1901 1474 1928 1502 (ι
1961 1451 2021 1507 in

360 1541 664 1616 eloquium
714 1542 961 1615 justitiae
1010 1546 1145 1611 tuae,
1172 1565 1200 1593 »
1221 1542 1280 1598 id
1320 1545 1411 1599 est
1466 1542 1527 1599 in
1585 1545 1874 1614 praecepta
1920 1542 2024 1599 tua

360 1631 733 1705 complenda.

432 1720 582 1788 Quia
594 1720 751 1779 oculi
768 1721 1071 1792 deﬁciunt,
1082 1744 1111 1774 «
1129 1722 1219 1778 fac
1234 1738 1369 1778 cum
1389 1738 1553 1779 servo
1570 1725 1672 1776 tuo
1693 1720 2020 1777 secundum

359 1809 829 1869 misericordiam
860 1816 1049 1881 tuam,
1075 1833 1102 1862 »
1127 1811 1239 1867 hoc
1281 1810 1504 1867 scilicet
1541 1812 1651 1881 fac,
1679 1833 1706 1862 ‹‹
1729 1810 2021 1882 justiﬁca-

358 1900 552 1957 tiones
580 1903 715 1957 tuas
745 1901 888 1956 doce
922 1917 1034 1957 me.
1063 1924 1090 1950 »

357 2095 497 2149 sum
518 2095 684 2153 ego,»
707 2079 989 2135 obediens
1012 2079 1114 2135 tibi
1138 2096 1244 2151 per
1264 2079 1496 2136 omnia:
1520 2079 1650 2135 ideo
1669 2103 1695 2129 ‹‹
1724 2079 1798 2134 da
1820 2077 1967 2134 mihi
1988 2098 2018 2131 ιι

358 2166 762 2224 illuminatum
778 2191 806 2218 «
825 2167 1287 2238 intellectum,ut
1305 2169 1489 2225 sciam
1507 2168 1844 2225 testimonia
1861 2171 2019 2235 tua,»

360 2256 696 2329 cognitione
728 2260 787 2312 et
816 2255 1177 2329 impletione.

431 2345 504 2400 Et
532 2344 711 2401 debes
744 2344 950 2412 facere,
976 2344 1115 2416 quia
1139 2368 1165 2395 «
1188 2350 1423 2418 tempus
1446 2368 1473 2396 »
1499 2350 1589 2401 est
1611 2346 1721 2401 hoc
1742 2344 2017 2413 faciendi,

360 2432 628 2503 Domine,
652 2433 877 2489 scilicet
908 2438 972 2487 ut
1004 2433 1107 2489 des
1136 2433 1279 2488 mihi
1314 2434 1676 2495 intellectum
1703 2434 1850 2505 legis
1883 2438 2017 2502 tuae,

359 2538 466 2595 per
494 2538 671 2594 quem
703 2539 833 2578 eam
864 2521 1087 2594 possim
1120 2522 1429 2577 defendere
1457 2527 1659 2578 contra
1694 2522 2019 2592 haereticos,

359 2611 502 2684 quia
522 2612 607 2667 illi
629 2635 658 2663 «
683 2611 1187 2684 dissipaverunt,»
1210 2612 1362 2668 male
1388 2612 1786 2685 intelligendo,
1812 2617 1868 2668 et
1900 2612 2020 2668 hm-

360 2717 520 2757 reses
568 2702 921 2769 inducendo,
968 2705 1026 2757 et
1074 2701 1299 2757 czeteris
1349 2701 1479 2757 aliis
1529 2702 1742 2769 modis,
1771 2724 1798 2752 ‹‹
1831 2701 2019 2773 legem

360 2792 526 2847 tuam
556 2811 584 2839 »
616 2790 1067 2861 corrumpendo.
1091 2789 1192 2844 Vel
1226 2789 1331 2845 tibi
1364 2790 1612 2845 Domino
1643 2808 1792 2862 opus
1823 2794 1912 2846 est
1942 2790 2023 2845 fa-

360 2877 574 2949 ciendi,
589 2882 656 2933 ut
673 2878 777 2933 des
793 2877 937 2933 mihi
960 2876 1343 2946 intellectum,
1361 2878 1431 2933 ad
1452 2878 1851 2934 defensionem
1873 2877 2020 2951 legis

358 2970 473 3039 tuae
497 2984 511 3023 :
537 2971 595 3023 et
613 2967 756 3039 quia
785 2965 883 3022 alii
910 2966 1346 3039 dissipaverunt
1371 2967 1557 3040 legem
1588 2970 1809 3038 tuam,«
1835 2966 1964 3023 ideo
1989 2990 2018 3019 »

356 3072 465 3130 ego
493 3073 778 3113 accensus
816 3055 939 3112 zelo
978 3056 1101 3125 Dei,
1127 3080 1153 3107 «
1189 3057 1361 3113 dilexi
1420 3058 1701 3113 mandata
1750 3061 1854 3113 tua
1888 3081 1915 3106 »
1945 3057 2019 3114 ad

357 3143 788 3207 defendendum
813 3160 937 3213 ea,«
964 3161 1144 3217 super
1171 3162 1442 3213 aurum,»
1466 3144 1524 3200 id
1548 3149 1658 3217 est,
1682 3163 1859 3218 super
1887 3163 2019 3203 om-

357 3248 493 3288 nem
516 3232 899 3307 cupiditatem
922 3233 1313 3305 possessionis
1335 3234 1692 3303 szecularis,«
1714 3240 1772 3290 et
1794 3258 1821 3284 »
1842 3252 2022 3308 super

357 3344 387 3372 α
411 3322 744 3395 topazion.»
767 3323 1058 3394 Topazius
1084 3323 1378 3394 pretiosus
1409 3323 1561 3395 lapis
1581 3329 1690 3392 est,
1714 3326 1888 3396 cujus
1920 3342 2017 3381 na-
2046 3301 2092 3381 β
2128 3320 2324 3385 omnis
2380 3320 2644 3392 injustia,
2690 3344 2718 3370 »

357 3413 494 3481 tura
522 3413 614 3467 est
643 3414 711 3466 ut
738 3427 974 3483 semper
1003 3411 1261 3467 attrahat
1302 3413 1496 3468 visum
1550 3413 2015 3485 inspicientium,

356 3513 466 3557 nec
482 3497 637 3556 oculi
657 3498 1100 3569 inspicientium
1121 3500 1250 3571 ejus
1273 3506 1521 3572 possunt
1542 3501 1757 3558 intuitu
1777 3502 2012 3560 satiari:

356 3603 463 3660 per
489 3586 646 3660 quod
678 3586 1068 3660 intelligimus
1111 3605 1286 3647 omne
1327 3590 1643 3661 pulchrum
1673 3591 1801 3648 visu
1833 3590 2015 3663 hujus

356 3674 578 3734 seculi.

426 3764 499 3822 Et
527 3762 667 3837 quia
687 3788 714 3818 ‹‹
743 3764 917 3822 dilexi
949 3767 1230 3824 mandata
1260 3772 1381 3842 tua,
1407 3773 1713 3842 propterea
1732 3789 1759 3823 ο
1789 3788 1905 3827 non
1930 3771 2011 3827 fui

354 3853 582 3926 otiosus
607 3854 679 3912 ab
701 3873 892 3928 opere,
920 3858 1022 3913 sed
1048 3882 1075 3908 ‹‹
1099 3858 1395 3931 dirigebar
1418 3877 1702 3934 «semper
1720 3861 1792 3916 ad
1817 3860 2015 3918 omnia

354 3943 635 4003 mandata
680 3949 786 4002 tua
844 3946 1169 4019 implenda,
1210 3952 1268 4004 et
1315 3950 1662 4019 econtrario,
1705 3974 1735 4001 «
1776 3967 2011 4009 omnem

351 4032 506 4094 viam
528 4033 795 4107 iniquam
814 4036 949 4093 odio
972 4036 1150 4093 habui
1176 4060 1204 4087 »
1214 4039 1388 4110 juxta
1406 4039 1789 4113 Evangelium
1813 4057 1865 4095 :«
1884 4041 2012 4099 Non

350 4124 600 4197 potestis
630 4125 747 4184 Deo
778 4126 992 4183 servire
1023 4130 1080 4183 et
1110 4144 1483 4186 mammona).
1510 4151 1538 4179 »
1561 4129 1766 4200 (Matth.
1799 4130 1903 4203 vr.)

1119 4280 1247 4331 Pbe.

426 4415 455 4446 α
477 4392 771 4452 Mirabilia
801 4395 1142 4453 testimonia
1169 4400 1328 4453 tua.»
1351 4398 1498 4455 Huic
1534 4399 1832 4456 octonario
1862 4400 2010 4456 bene

350 4484 755 4558 prmscribitur
784 4484 921 4556 Phe,
946 4486 1103 4559 quod
1134 4486 1552 4559 interpretatur
1578 4505 1752 4559 error,
1779 4490 1919 4562 quia
1946 4491 2007 4545 in

348 4572 461 4637 hac
490 4577 656 4646 parte
686 4573 877 4632 ﬁdelis
910 4574 1013 4648 qui
1044 4574 1308 4648 loquitur
1330 4578 1589 4634 ostendit
1619 4596 1681 4635 se
1712 4579 1907 4636 dolere
1936 4581 2010 4637 de

2050 1930 2100 1998 B

432 1990 587 2047 Bene
618 2011 647 2041 ‹‹
679 1989 811 2046 dico
838 2006 974 2047 cum
1014 2007 1179 2047 servo
1226 1995 1348 2058 tuo,
1377 2014 1402 2040 »
1426 1989 1566 2063 quia
1586 2014 1612 2041 ‹‹
1647 2006 1852 2046 servus
1883 1992 2022 2044 tuus
2050 1989 2067 2007 τ

2130 662 2369 704 omnem
2400 648 2740 719 Ecclesiam,
2775 655 2835 706 et
2865 652 2936 707 ad
2972 652 3150 707 ﬁdem
3180 652 3452 709 accedere
3485 653 3650 725 facit;
3670 676 3705 707 -«
3740 658 3801 711 et

2130 735 2491 793 intellectum
2528 761 2554 787 »
2586 739 3001 809 excellentem,
3030 740 3266 812 qualem
3305 741 3527 799 habent
3558 742 3803 814 sapien-

2131 824 2310 882 tiores
2347 826 2641 893 Ecelesiaa,
2668 851 2699 877 «
2728 828 2829 884 dat
2866 829 3188 901 parvulis,»
3220 829 3277 886 id
3308 833 3417 898 est,
3449 830 3800 901 humilibus,

2134 913 2233 985 qui
2268 914 2548 987 parvulos
2571 934 2634 973 se
2659 922 2954 990 reputant,
2977 922 3036 974 et
3066 918 3214 973 nihil
3236 919 3307 974 de
3328 936 3390 975 se
3411 924 3798 991 praesumunt,

2133 1003 2237 1058 sed
2272 1008 2414 1059 sunt
2444 1005 2669 1077 parvuli
2695 1005 2944 1076 malitia,
2966 1005 3123 1064 sicut
3142 1007 3454 1080 Apostolus
3482 1010 3795 1082 prmcepit:

2137 1113 2165 1141 ‹‹
2200 1091 2398 1148 Estote
2427 1093 2654 1164 parvuli
2686 1094 2933 1152 malitia.
2958 1096 3060 1168 »(1
3085 1096 3206 1154 Cor.
3237 1096 3376 1170 xxv.)

2207 1180 2278 1236 Et
2307 1180 2449 1253 quia
2477 1182 2620 1238 solis
2660 1183 2922 1255 parvulis
2964 1185 3068 1241 dat
3115 1183 3501 1255 intellectum,
3525 1186 3652 1242 ideo
3681 1186 3794 1243 feci

2135 1284 2229 1325 me
2259 1269 2591 1341 parvulum,
2628 1272 2854 1330 scilicet
2884 1296 2913 1325 (ί
2946 1274 3149 1346 aperui
3190 1291 3258 1331 os
3295 1290 3515 1344 meum,
3541 1297 3570 1325 ››
3588 1273 3649 1332 id
3677 1280 3790 1344 est,

2133 1358 2426 1416 desideria
2455 1361 2649 1417 cordis
2680 1362 2795 1417 mei
2826 1362 3087 1419 dilatavi.
3122 1363 3228 1419 Per
3264 1381 3353 1432 os,
3375 1381 3477 1420 cor
3516 1364 3793 1437 intelligi-

2134 1464 2288 1518 mus,
2313 1448 2456 1521 quia
2476 1450 2605 1521 jam
2636 1450 2932 1508 desiderat
2971 1452 3128 1508 reﬁci
3159 1452 3444 1510 beneﬁcio
3473 1453 3789 1527 spirituali.

2133 1560 2162 1589 ί(
2181 1538 2252 1593 Et
2272 1536 2481 1593 attraxi
2499 1538 2784 1611 Spiritum
2807 1561 2837 1590 »
2860 1544 3155 1608 sanctum,
3169 1540 3394 1598 scilicet
3413 1558 3619 1601 auram
3639 1541 3794 1601 salu-

2130 1625 2317 1683 brem.
2341 1625 2441 1683 Ille
2462 1626 2748 1699 Spiritum
2779 1628 3081 1702 acquirere
3109 1627 3356 1699 laborat,
3370 1634 3428 1687 et
3458 1630 3708 1704 dignum
3729 1647 3792 1691 se

2130 1715 2332 1785 efﬁcit,
2355 1715 2414 1770 in
2437 1733 2552 1789 quo
2574 1715 2801 1773 habitet
2822 1716 3079 1790 Spiritus
3099 1723 3367 1782 sanctus.
3386 1719 3489 1791 qui
3513 1720 3792 1781 mandata

2130 1803 2233 1860 Dei
2264 1804 2561 1860 custodire
2609 1804 2924 1862 desiderat.
2958 1806 3093 1863 Ideo
3136 1805 3360 1879 aperui,
3383 1805 3514 1863 ideo
3554 1808 3789 1876 attraxi,

2132 1915 2159 1943 ι‹
2185 1892 2325 1965 quia
2346 1893 2627 1949 mandata
2646 1898 2749 1950 tua
2763 1894 3230 1963 desiderabam,»
3243 1895 3315 1957 ad
3338 1893 3790 1971 intelligendum

2131 1985 2189 2037 et
2220 1979 2661 2052 complendum.

2203 2070 2274 2126 Et
2300 2070 2443 2142 quia
2472 2070 2821 2143 deSideravi,
2844 2076 2902 2127 et
2932 2087 2998 2127 os
3028 2071 3253 2147 aperui,
3287 2071 3417 2129 ideo
3440 2095 3468 2123 ‹‹
3499 2074 3693 2147 aspice
3726 2074 3787 2132 in

2131 2174 2225 2214 me
2248 2182 2275 2207 »
2298 2158 2466 2214 oculo
2495 2160 2754 2231 pietatis,
2777 2159 3000 2217 scilicet
3024 2164 3087 2215 ut
3109 2159 3253 2215 mihi
3277 2162 3542 2221 conferas
3562 2162 3786 2235 aliquid

2130 2247 2298 2317 boni;
2324 2271 2352 2297 ‹‹
2376 2253 2434 2304 et
2465 2248 2743 2305 miserere
2774 2248 2889 2304 mei
2923 2270 2952 2298 »
2974 2248 3220 2306 delendo
3251 2249 3534 2321 maculas,
3557 2251 3606 2307 si
3636 2268 3788 2323 quas

2129 2336 2189 2391 in
2221 2354 2314 2392 me
2340 2337 2596 2407 invenis;
2628 2342 2685 2393 et
2716 2337 2826 2394 hoc
2857 2355 3062 2411 precor
3083 2362 3110 2389 «
3145 2339 3469 2401 secundum
3490 2340 3783 2412 judicium

2129 2425 2501 2497 diligentium
2532 2444 2740 2484 nomen
2766 2431 2936 2483 tuum
2964 2444 2976 2482 :
3004 2450 3033 2478 »
3057 2428 3115 2483 id
3138 2433 3229 2484 est
3256 2428 3410 2486 sicut
3428 2429 3660 2501 judicas
3680 2430 3787 2491 mi-

2129 2516 2445 2571 serendum
2477 2514 2610 2571 aliis
2630 2516 3012 2589 diligentibus
3034 2534 3249 2575 nomen
3281 2524 3474 2589 tuum,
3498 2519 3581 2576 ita
3600 2520 3670 2576 de
3690 2536 3785 2578 me

2120 2602 2346 2674 judica.
2382 2603 2544 2660 Licet
2572 2606 2728 2661 Deus
2760 2605 2963 2662 ﬁdeles
2994 2623 3135 2663 suos
3179 2623 3283 2679 per
3321 2607 3781 2667 misericordiam

2127 2692 2326 2749 visitet
2355 2697 2413 2747 et
2442 2694 2812 2764 misereatur,
2833 2699 3031 2752 tamen
3054 2695 3197 2751 dicit
3221 2718 3243 2746 ι
3270 2696 3622 2768 judicium,»
3644 2697 3785 2770 quia

2129 2781 2406 2855 intelligit
2434 2782 2492 2837 in
2526 2783 2635 2840 hac
2665 2783 2785 2840 vita
2814 2772 3535 2858 semper'misericordiam
3555 2786 3782 2857 judicio

2129 2871 2230 2939 Dei
2263 2873 2639 2944 conjunctam
2673 2890 2686 2929 :
2723 2873 2863 2944 quia
2908 2872 3144 2946 aliquod
3196 2875 3471 2935 meritum
3503 2875 3638 2937 ﬁdei
3669 2880 3778 2946 est,

2130 2978 2311 3033 quare
2342 2962 2498 3018 Deus
2529 2963 2718 3035 parcit
2747 2962 2822 3018 ei.

2201 3051 2341 3107 Dico
2364 3075 2391 3102 «
2428 3051 2623 3124 aspice
2663 3057 2720 3107 et
2758 3052 3093 3123 miserere,»
3125 3058 3184 3110 et
3211 3078 3239 3105 «
3272 3070 3512 3128 gressus
3543 3071 3722 3125 meos,
3749 3076 3780 3111 υ

2124 3139 2188 3211 id
2219 3144 2329 3210 est,
2354 3158 2532 3214 opera
2561 3158 2711 3209 mea,
2739 3165 2768 3194 ‹‹
2798 3146 2857 3198 et
2886 3142 3129 3216 dirige,»
3162 3148 3228 3199 ut
3256 3144 3375 3202 sint
3394 3166 3422 3194 (ι
3457 3144 3779 3203 secundum

2128 3229 2429 3301 eloquium
2458 3235 2662 3301 tuum;
2696 3236 2755 3287 et
2778 3255 2806 3281 ››
2830 3248 2933 3304 per
2971 3232 3080 3289 hoc
3108 3253 3129 3283 α
3156 3250 3271 3289 non
3305 3233 3639 3293 dominetur
3666 3232 3780 3292 mei

2762 3321 2820 3376 id
2882 3326 2973 3379 est
3027 3320 3193 3379 nulla
3243 3321 3543 3396 iniquitas,
3573 3322 3632 3381 id
3688 3327 3780 3379 est

2126 3413 2432 3481 peccatum
2464 3411 2621 3482 quod
2668 3409 2897 3466 habitat
2927 3411 2987 3467 in
3020 3416 3220 3469 uestro
3253 3428 3493 3485 corpore
3523 3410 3774 3479 mortali,

2117 3498 2246 3569 jam
2279 3516 2396 3555 non
2444 3503 2624 3571 reget,
2658 3499 2716 3556 id
2749 3504 2839 3557 est
2868 3500 2928 3556 in
2975 3500 3147 3559 nobis
3178 3504 3242 3560 ut
3269 3499 3459 3559 valeat
3506 3517 3612 3558 nos
3659 3500 3776 3559 im-

2124 3587 2339 3659 pellere
2369 3589 2441 3644 ad
2462 3588 2701 3646 illicitos
2723 3594 2942 3660 motus,
2966 3591 3069 3648 sed
3097 3590 3292 3663 potius
3322 3591 3545 3648 ratione
3562 3589 3774 3647 illumi-

2124 3681 2246 3746 nat,
2279 3678 2465 3733 fomes
2519 3679 2743 3751 peccati
2803 3678 3259 3753 comprimatur;
3311 3679 3441 3738 ideo
3495 3679 3581 3739 sic
3636 3678 3776 3737 dicit

2125 3790 2151 3823 ς(
2190 3766 2351 3823 nulla
2390 3767 2745 3836 dominetur,
2774 3791 2802 3819 »
2825 3768 2966 3841 quia
2994 3766 3269 3841 intelligit
3309 3772 3540 3827 tantum
3587 3766 3775 3835 valere

2124 3854 2196 3909 ad
2229 3854 2689 3922 damnationem,
2714 3855 2764 3911 si
2786 3873 2903 3912 una
2931 3855 3226 3928 injustitia
3247 3856 3583 3915 dominetur
3601 3873 3777 3928 quens

2124 3947 2252 3999 tum
2282 3943 2333 3999 si
2362 3960 2570 4000 omnes
2602 3944 3001 4002 dominentur.

2194 4032 2333 4089 Dico
2355 4057 2382 4085 ‹‹
2406 4050 2649 4108 gressus
2669 4033 2912 4108 dirige,»
2937 4052 3009 4097 ne
3029 4034 3366 4095 dominetur
3384 4033 3696 4108 iniustitia,
3719 4038 3779 4093 et

2122 4123 2300 4179 etiam
2332 4146 2362 4174 «
2394 4124 2617 4181 redime
2647 4141 2740 4181 me
2765 4147 2793 4174 »
2825 4141 2930 4198 per
2977 4124 3234 4197 pretium
3281 4123 3591 4198 sanguinis
3645 4122 3774 4183 Filii

2122 4212 2239 4281 tui;
2271 4212 2494 4270 redime
2526 4230 2619 4270 me
2647 4237 2668 4265 ι
2703 4231 2738 4270 a
2767 4213 3083 4271 calumniis
3123 4214 3453 4281 hominum,
3478 4234 3509 4273 »ξ
3538 4213 3595 4270 id
3625 4217 3715 4271 est
3739 4229 3774 4270 a

2119 4301 2286 4359 falsis
2325 4302 2841 4365 criminationibus
2882 4309 2939 4361 et
2974 4303 3411 4366 inventionibus
3441 4302 3771 4372 hominum,

2119 4409 2193 4457 ne
2223 4392 2453 4464 possint
2472 4410 2566 4449 me
2588 4394 2955 4450 conformare
2975 4410 3094 4455 suae
3123 4392 3416 4466 nequities,
3442 4415 3471 4444 α
3495 4396 3562 4448 ut
3581 4413 3609 4459 η
3632 4395 3771 4451 tunc

2116 4481 2299 4539 libere
2326 4507 2347 4534 α
2382 4483 2710 4539 custodiam
2743 4484 3023 4543 mandata
3051 4487 3174 4549 tua,
3199 4505 3227 4534 η
3252 4482 3352 4554 qui
3383 4482 3554 4541 modo
3586 4480 3766 4554 impe-

2118 4571 2246 4628 dior
2275 4572 2479 4630 multis
2510 4572 2825 4630 calumniis
2856 4589 3086 4630 eorum.

347 4679 543 4721 errore
572 4662 810 4720 illorum
837 4681 986 4736 quos
1019 4682 1199 4737 supra
1230 4665 1457 4722 dixerat
1484 4666 1672 4740 legem
1706 4668 1809 4725 Dei
1839 4669 2009 4726 dissi-
2040 4677 2089 4751 Ι)
2190 4663 2261 4718 Et
2288 4667 2354 4718 ut
2381 4662 2605 4735 possim
2642 4661 2939 4719 custodire
2979 4662 3258 4719 mandata
3296 4666 3419 4730 tua,
3441 4659 3766 4751 «filiumin?

348 4767 510 4824 pars,
534 4755 592 4808 et
636 4753 893 4809 ostendit
930 4753 1015 4809 eis
1062 4755 1473 4812 convenienter
1531 4756 1717 4829 legem
1775 4757 2010 4815 Domini
2058 4746 2087 4753 ’Δ
2120 4752 2329 4809 faciem
2362 4758 2581 4820 tuam,»
2604 4751 2664 4808 id
2694 4757 2784 4809 est
2813 4752 3185 4825 praesentiam
3219 4756 3381 4808 tuam
3414 4749 3556 4808 mihi
3589 4748 3769 4806 mani-

348 4858 467 4898 non
499 4840 930 4913 dissipandam,
964 4844 1063 4899 sed
1097 4846 1436 4900 amandam.

366 4980 369 4983 .
418 4931 597 4997 Quasi
628 4932 848 4987 diceret
882 4949 894 4988 :
929 4934 1055 4988 Non
1105 4932 1331 4989 debetis
1370 4934 1678 5007 dissipare,
1713 4936 1831 4993 imo
1882 4956 2012 4994 am-

2119 4842 2329 4897 festam
2361 4841 2622 4911 ostende,
2657 4858 2774 4896 non
2814 4841 2960 4897 facie
2990 4840 3199 4910 velata,
3233 4840 3387 4899 sicut
3415 4839 3638 4914 Moyses
3665 4838 3766 4895 Ju-

2119 4932 2274 4987 daeos
2305 4932 2550 4987 docebat
2579 4930 2772 5004 (Exod.
2800 4935 2907 5001 ιιι),
2938 4930 3281 5003 significans
3312 4928 3523 4986 mentis
3568 4943 3764 4984 eorum

348 5018 523 5093 plecti
573 5024 634 5076 et
679 5022 995 5088 custodire,
1049 5022 1208 5093 quia,
1242 5040 1274 5077 o
1299 5046 1327 5074 ‹‹
1357 5024 1625 5091 Domine,
1673 5028 2011 5085 testimonia
2114 5021 2403 5089 velamen,
2429 5021 2529 5093 qui
2554 5019 2923 5092 spiritualem
2955 5019 3281 5076 doctrinam
3312 5018 3634 5091 intelligere
3654 5033 3766 5073 non

348 5115 454 5168 tua
486 5133 513 5161 »
544 5114 687 5166 sunt
714 5131 735 5158 ε
769 5111 1084 5177 mirabilia,
1113 5134 1139 5159 »
1162 5112 1217 5167 id
1252 5116 1342 5167 est
1378 5113 1557 5185 digna
1596 5116 2006 5183 admiratione,

348 5198 488 5271 quia
517 5199 918 5255 observatores
958 5218 1098 5256 suos
1148 5200 1293 5256 tales
1325 5202 1590 5257 efficiunt
1619 5204 1775 5274 quod
1828 5222 2007 5261 czecos

345 5287 706 5357 illuminent,
730 5294 996 5345 mortuos
1019 5291 1390 5357 resuscitent,
1415 5296 1471 5347 et
1496 5292 1835 5363 hujusmodi
1862 5294 2002 5364 alia;

346 5380 404 5432 et
435 5400 464 5429 «
499 5377 630 5433 ideo
662 5383 924 5435 scrutata
950 5384 1039 5435 est
1069 5396 1138 5435 ea
1165 5380 1362 5437 anima
1394 5398 1542 5437 mea.
1572 5404 1600 5433 »

415 5465 631 5522 Anima
649 5471 968 5535 scrutatur,
992 5472 1049 5525 et
1076 5468 1222 5525 bene
1244 5470 1437 5541 potest
1455 5471 1528 5526 ad
1561 5470 2007 5545 intelligendum

346 5555 652 5625 proﬁcere,
668 5556 809 5628 quia
831 5579 858 5608 «
883 5556 1219 5625 declaratio,
1238 5582 1265 5607 »
1288 5557 1346 5614 id
1379 5563 1467 5616 est
1498 5560 1809 5632 completio
1835 5586 1863 5613 «
1885 5581 2007 5620 ser-

348 5656 593 5699 monum
615 5647 913 5713 tuorum,»
935 5644 1096 5702 velut
1115 5646 1401 5703 adventus
1422 5647 1636 5704 Christi
1663 5654 1722 5706 et
1742 5651 2010 5712 doctrina

347 5728 704 5799 evangelica,
733 5749 861 5801 quae
894 5734 1195 5790 declarant
1224 5739 1282 5791 et
1313 5736 1609 5808 complent
1636 5755 1841 5796 omnes
1873 5758 2009 5813 pro-

2118 5115 2395 5184 possent:
2420 5110 2690 5167 Christus
2720 5127 2851 5167 vero
2882 5110 3084 5166 doctor
3113 5114 3316 5167 noster
3336 5108 3643 5166 manifeste
3662 5107 3765 5162 do-

2117 5201 2239 5255 cuit
2260 5200 2582 5267 veritatem,
2599 5205 2657 5257 ct
2677 5200 3075 5274 cognitionem
3109 5200 3211 5256 Dei
3232 5199 3505 5256 ﬁdelibus
3532 5197 3764 5253 intima-

2115 5288 2217 5344 vit.
2246 5289 2316 5344 Et
2347 5288 2498 5343 hanc
2548 5287 2774 5359 faciem,
2808 5290 2865 5345 id
2912 5293 3003 5345 est
3052 5288 3466 5362 cognitionem,
3502 5286 3764 5343 illumiua

2120 5400 2149 5429 ι(
2181 5395 2359 5450 super
2386 5401 2414 5430 »
2451 5396 2544 5433 me
2578 5402 2606 5429 ‹‹
2652 5396 2886 5435 servum
2926 5384 3118 5448 tuum,
3151 5384 3254 5435 et»
3291 5395 3395 5451 per
3430 5378 3541 5435 hoc
3569 5400 3596 5428 «
3628 5376 3766 5432 doce

2119 5485 2212 5523 me
2234 5491 2261 5519 »
2287 5467 2588 5524 intellectu
2612 5473 2669 5526 et
2692 5468 3035 5541 impletione
3056 5493 3082 5520 ‹‹
3102 5469 3559 5541 justiﬁcationes
3578 5471 3763 5523 ωδε.»

2188 5560 2259 5614 Et
2289 5551 2506 5632 dignus
2537 5576 2671 5615 sum
2701 5564 2767 5617 ut
2797 5560 3028 5628 doceas,
3054 5559 3197 5633 quia
3224 5559 3477 5617 multum
3510 5555 3674 5614 doleo
3697 5556 3768 5612 de

2118 5648 2367 5704 aliorum
2401 5666 2625 5718 errore;
2649 5655 2707 5706 et
2729 5648 2839 5707 hoc
2866 5648 3008 5706 dicit
3032 5667 3044 5705 :
3069 5672 3097 5699 ‹‹
3123 5651 3314 5706 exitus
3343 5663 3691 5721 aquarum,»
3710 5644 3766 5700 id

2117 5746 2228 5810 est,
2247 5740 2520 5812 copiosus
2545 5740 2717 5797 ﬂetus
2738 5741 3014 5811 exterius,
3035 5747 3092 5800 et
3122 5741 3341 5801 multos
3362 5739 3593 5796 dolores
3622 5737 3766 5794 inte-
