3942 6376
203 459 327 521 629

1388 455 1889 521 EXPLANATIO
1932 455 2009 516 IN
2055 458 2437 523 PSALMOS.

3503 456 3623 529 630

204 616 235 646 «
271 611 449 667 super
487 590 716 665 judicia
751 592 999 667 justitiaa
1050 596 1190 661 tuae,
1230 615 1256 643 ››
1308 592 1364 649 id
1408 597 1500 649 est
1544 610 1856 665 recognos-
1887 590 1942 659 Α
1972 594 2305 651 militudine
2345 596 2614 669 justitiac,
2646 615 2679 654 a
2725 614 2841 670 quo
2890 596 3200 655 dissimilis
3249 595 3439 656 factus
3485 613 3621 657 sum

204 700 349 741 cens
378 701 583 740 omnes
614 682 746 739 illas
795 682 1231 755 persecutiones
1280 683 1519 739 immitti
1568 683 1711 738 mihi
1763 687 1862 739 tuo

196 775 365 847 justo
387 773 634 845 judicio,
669 773 892 829 scilicet
924 774 996 830 ad
1028 774 1468 829 correctionem.

279 863 349 918 Et
377 878 513 917 cum
537 860 691 919 inter
720 862 1131 919 tribulationes
1179 878 1393 931 essem,
1430 879 1530 934 per
1559 862 1668 916 hoc
1702 859 1862 933 potui

201 951 315 1007 tibi
340 951 574 1007 laudem
604 949 814 1020 dicere,
832 951 969 1023 quia
993 951 1392 1023 tranquillitas
1424 955 1479 1005 et
1511 969 1619 1023 pax
1650 967 1865 1020 magna

202 1045 333 1098 erat
364 1040 509 1095 mihi
532 1040 589 1094 in
624 1040 995 1111 mente,quia
1025 1041 1301 1095 omnibus
1336 1038 1765 1110 «diligentibus
1790 1039 1864 1094 le-

201 1146 341 1203 gem
375 1134 539 1185 tuam
570 1134 660 1185 est
680 1146 793 1202 pax
814 1129 1067 1199 multa,»
1101 1129 1157 1184 id
1181 1134 1267 1185 est
1288 1128 1683 1200 tranquillitas
1708 1145 1875 1183 men-.

202 1218 306 1291 tis,
342 1219 451 1276 etsi
486 1236 600 1275 non
633 1218 923 1291 perfecta:
959 1219 1099 1291 quia
1121 1218 1254 1273 licet
1283 1217 1535 1272 exterius
1564 1217 1864 1273 verberen-

204 1313 325 1378 tur,
342 1314 535 1364 tamen
568 1306 627 1362 in
661 1312 856 1364 mente
888 1325 1003 1363 non
1036 1307 1539 1363 moventur.Unde
1574 1307 1861 1377 scriptum

202 1402 324 1455 est:
358 1398 460 1454 Est
489 1401 547 1454 et
577 1397 634 1452 in
667 1396 776 1453 hac
801 1397 921 1452 vita
950 1397 1154 1452 multis
1186 1396 1415 1468 requies
1448 1397 1586 1450 data
1615 1395 1859 1463 sanctis,

200 1504 461 1562 quorum
487 1487 718 1544 animas
745 1488 1005 1543 mundus
1036 1504 1152 1542 non
1186 1490 1344 1542 tenet
1374 1484 1596 1540 occisas
1632 1503 1643 1540 :
1682 1506 1710 1535 ‹‹
1743 1489 1800 1540 et
1834 1508 1860 1534 ››

203 1578 390 1635 etiam
422 1601 450 1628 ‹‹
487 1594 602 1634 non
634 1580 723 1633 est
753 1575 869 1632 illis
903 1575 1316 1643 scandalum,»
1352 1576 1405 1629 id
1437 1579 1526 1629 est
1556 1592 1860 1647 nunquam

203 1668 453 1725 offensio
500 1670 670 1723 nocet
716 1666 801 1722 eis
852 1683 955 1722 nec
1005 1670 1240 1739 separat
1288 1666 1359 1721 ab
1410 1663 1687 1733 Ecclesia,
1723 1664 1863 1737 quia

204 1757 434 1814 nullam
465 1756 688 1813 faciunt
718 1756 1122 1812 offensionem.

282 1847 416 1903 Ideo
445 1845 623 1901 etiam
644 1843 879 1900 laudem
902 1844 1064 1917 potui
1098 1842 1308 1911 dicere,
1331 1843 1701 1915 iniquitatem
1728 1843 1859 1897 odio

1976 684 2409 758 multiplicitate
2446 687 2746 758 injustitire
2781 706 2793 743 :
2829 691 2887 743 et
2925 691 2991 743 ut
3038 686 3258 760 possim
3307 686 3624 762 appropin-

1974 792 2172 846 quare,
2204 800 2229 825 ‹‹
2267 776 2340 829 da
2371 776 2511 831 mihi
2546 776 2907 833 intellectum
2954 800 2980 826 ››
3031 794 3145 832 non
3196 777 3256 832 in
3306 776 3626 835 mundanis

1974 865 2258 929 scientiis,
2293 868 2393 921 sed
2427 868 2652 938 «juxta
2682 868 2979 937 eloquium
3012 872 3202 935 tuum,
3240 889 3268 915 ››
3313 866 3373 923 id
3419 871 3508 924 est
3553 868 3626 924 de

1973 952 2328 1020 ccclestibus,
2362 972 2536 1025 quem
2572 955 2931 1010 intellectum
2966 958 3174 1010 docent
3203 955 3437 1027 eloquia
3463 958 3585 1012 tua.

2044 1041 2167 1095 Non
2202 1046 2431 1097 tantum
2465 1044 2915 1115 appropinquet,
2949 1044 3048 1099 sed
3089 1044 3265 1099 etiam
3300 1067 3321 1094 ι
3358 1043 3556 1115 intret,
3594 1065 3617 1094 υ

1974 1147 2317 1198 mansura,«
2352 1132 2668 1203 postulatio
2705 1156 2728 1181 η
2764 1133 2821 1187 id
2849 1138 2939 1187 est
2970 1134 3152 1188 oratio
3184 1156 3211 1183 ‹‹
3247 1150 3378 1189 mea
3408 1133 3466 1188 in
3491 1149 3623 1189 con.

1974 1223 2175 1291 speetu
2208 1223 2309 1275 tuo
2342 1236 2355 1275 :
2394 1244 2420 1268 ››
2454 1221 2573 1275 haec
2605 1221 2827 1277 scilicet
2858 1222 3172 1293 postulatio
3200 1221 3398 1290 intret,
3415 1244 3442 1271 «
3462 1221 3622 1295 eripe

1974 1325 2067 1364 me
2102 1332 2128 1357 ››
2163 1310 2231 1363 de
2259 1310 2556 1382 ergastulo
2589 1310 2781 1365 carnis
2813 1316 2869 1366 et
2900 1313 2970 1367 de
3002 1329 3241 1384 corpore
3271 1310 3476 1367 mortis
3507 1310 3619 1367 hu-

1963 1398 2087 1468 jus,
2122 1402 2179 1451 et
2209 1398 2317 1453 hoc
2349 1422 2375 1447 ‹‹
2410 1401 2737 1455 secundum
2771 1401 3071 1471 eloquium
3119 1404 3310 1471 tuum,
3348 1422 3374 1449 ››
3424 1401 3481 1456 id
3531 1403 3622 1456 est

1972 1487 2297 1541 secundum
2322 1489 2773 1559 promissionem
2808 1490 3110 1563 tuam,qui
3131 1490 3327 1546 dixisti
3363 1489 3421 1545 in
3443 1489 3622 1545 Evan-

1969 1576 2121 1648 gelio
2155 1593 2167 1631 :
2204 1600 2230 1625 «
2266 1578 2373 1643 Qui
2404 1578 2605 1634 fecerit
2652 1597 2719 1634 ca
2768 1598 2896 1651 quae
2946 1596 3052 1651 ego
3102 1579 3394 1652 prmcipio,
3427 1577 3621 1635 mani-

1970 1664 2193 1721 festabo
2217 1666 2266 1721 ei
2301 1667 2614 1739 meipsum.
2650 1691 2677 1717 ››
2710 1670 2883 1740 (Joan.
2910 1670 3051 1741 xiv.)

2044 1753 2179 1809 Dico
2209 1778 2236 1803 ‹‹
2260 1756 2335 1810 da
2362 1755 2791 1824 intellectum,»
2822 1761 2878 1812 et
2910 1779 2938 1808 «
2970 1774 3104 1813 cum
3136 1756 3404 1813 docueris
3426 1757 3623 1829 maju-

1970 1843 2350 1900 stificationes
2381 1848 2534 1913 tuas,
2572 1870 2593 1897 ι
2632 1846 2690 1900 id
2723 1850 2811 1902 est
2843 1863 2978 1901 cum
3013 1846 3183 1901 dabis
3230 1843 3615 1913 intellectum,

202 1933 596 2006 habere,quia
623 1950 798 2005 ego,o
832 1956 860 1983 ‹‹
887 1933 1577 2004 Domine,exspectabam
1604 1931 1860 1987 salutare
1892 1964 1940 2028 Β
1969 1956 1997 1982 ‹‹
2031 1934 2383 1988 cructabunt
2411 1933 2567 1989 labia
2597 1950 2726 1989 mea
2751 1934 3058 2006 hymnum,
3082 1956 3109 1983 ››
3141 1933 3200 1987 id
3230 1938 3320 1989 est
3349 1947 3417 1989 ex
3436 1932 3617 1988 abun-

200 2028 406 2080 tuum:
426 2045 453 2073 »
476 2040 583 2078 nos
605 2026 1011 2094 exspectamus
1032 2021 1331 2077 Christum
1351 2023 1664 2076 venturum
1683 2020 1743 2075 in
1761 2036 1857 2076 ex-

202 2116 395 2169 tremo
415 2112 660 2185 judicio,
695 2111 923 2183 antiqui
949 2128 1083 2166 vero
1133 2115 1329 2183 patres
1376 2113 1861 2182 exspectaverunt

204 2202 466 2276 primum
498 2202 810 2258 adventum
842 2202 970 2271 ejus
1005 2218 1017 2256 :
1054 2200 1167 2257 nisi
1198 2200 1353 2256 enim
1385 2204 1859 2272 exspectaremus

202 2309 343 2349 eum
374 2292 631 2349 secundo
655 2294 989 2359 venturum,
1021 2307 1208 2362 neque
1238 2290 1425 2363 legem
1457 2288 1857 2362 diligeremus,

203 2399 397 2455 neque
426 2380 797 2454 iniquitatem
828 2378 958 2435 odio
987 2378 1361 2449 haberemus,
1374 2378 1727 2450 exspectavi;
1754 2402 1779 2427 ‹‹
1802 2382 1859 2433 ct

204 2472 487 2528 mandata
515 2474 639 2539 tua,
676 2492 704 2518 »
736 2470 795 2525 id
820 2474 908 2525 est
938 2473 1229 2542 praecepta
1280 2468 1546 2535 moralia,
1581 2472 1647 2523 ut
1678 2490 1703 2517 ‹‹
1740 2485 1857 2523 non

202 2560 460 2629 occides,
493 2576 611 2615 non
640 2558 948 2626 furaberis,
985 2580 1012 2605 ››
1044 2562 1100 2614 et
1130 2557 1367 2625 similia,
1399 2580 1428 2608 «
1461 2556 1655 2613 dilexi.
1693 2579 1721 2606 ››

278 2650 349 2705 Et
397 2664 513 2704 non
552 2652 786 2704 tantum
835 2646 1011 2703 dilexi
1066 2648 1344 2703 mandata
1391 2650 1511 2715 tua,
1546 2648 1647 2702 sed
1679 2646 1856 2702 etiam

200 2760 231 2788 ‹‹
269 2737 468 2793 anima
496 2752 646 2804 mea,
684 2758 711 2783 ››
742 2736 800 2790 id
832 2738 924 2791 est
953 2734 1101 2790 ratio
1131 2740 1190 2791 et
1215 2734 1506 2804 voluntas,
1542 2758 1567 2785 ‹‹
1602 2734 1856 2791 custodi-

198 2827 288 2883 vit
330 2824 671 2882 testimonia
715 2829 838 2891 tua,
874 2847 900 2871 »
934 2824 993 2879 id
1027 2828 1117 2879 est
1167 2829 1455 2896 praecepta
1504 2828 1608 2880 tua
1649 2824 1857 2880 veteris

198 2916 371 2987 legis,
405 2913 627 2971 scilicet
656 2913 875 2984 figuras
907 2913 1067 2983 ipsas
1096 2927 1114 2968 :
1147 2929 1261 2968 non
1296 2914 1450 2985 quod
1492 2914 1667 2969 homo
1716 2913 1856 2969 Novi

198 3001 567 3063 Testamenti
599 3017 667 3055 ex
697 3003 830 3055 actu
862 3000 1121 3072 impleat,
1156 3002 1256 3057 sed
1300 3006 1495 3056 tamen
1547 3006 1737 3057 servat
1766 3019 1854 3070 ea,

195 3093 396 3149 sciens
428 3106 496 3145 ea
523 3104 651 3145 esse
680 3089 1085 3160 probationem
1114 3094 1170 3145 et
1199 3088 1601 3145 testimonium
1630 3108 1748 3145 sua:
1770 3091 1856 3147 le-

194 3181 315 3257 gis,
345 3178 504 3235 velut
533 3178 658 3250 ipse
688 3176 975 3233 Dominus
1003 3193 1106 3249 per
1137 3177 1545 3234 testimonium
1590 3178 1856 3251 ipsorum

197 3268 623 3344 prOphetarum
654 3265 1053 3338 comprobavit
1083 3265 1590 3333 resurrectionem,
1608 3266 1855 3340 loquens

1969 2020 2171 2077 dantia
2198 2038 2422 2095 magum
2455 2022 2780 2079 saturitatis
2810 2022 3045 2078 laudem
3078 2023 3269 2079 dicam
3299 2020 3427 2077 tibi.

2038 2112 2106 2166 Et
2139 2128 2253 2167 non
2286 2115 2515 2167 tantum
2534 2112 2639 2167 tibi
2672 2111 2730 2166 in
2754 2112 2978 2184 meipso
3009 2110 3244 2168 laudem
3274 2110 3618 2178 faciam,sed

1967 2203 2026 2254 et
2065 2223 2091 2248 ‹‹
2128 2199 2331 2273 lingua
2376 2218 2508 2256 mea
2540 2220 2562 2251 ι
2616 2199 2747 2256 aliis
2803 2224 2829 2249 ‹‹
2866 2199 3271 2272 pronuntiabit
3317 2197 3615 2272 eloquium

1969 2291 2163 2358 tuum,
2213 2312 2241 2339 ››
2282 2291 2435 2362 quod
2469 2289 2767 2362 eloquium
2799 2290 2945 2346 bene
2977 2287 3479 2363 pronuntiandum
3504 2290 3617 2358 est,

1969 2402 1996 2428 ι(
2031 2378 2171 2450 quia
2200 2379 2400 2435 omnia
2427 2380 2705 2435 mandata
2738 2384 2840 2435 tua
2873 2401 2900 2429 ››
2946 2382 3085 2436 sunt
3118 2401 3147 2430 ‹‹
3194 2377 3459 2451 mquitas,
3498 2399 3526 2427 η
3555 2376 3616 2433 id
3692 2426 3700 2435 .

1968 2472 2057 2524 est
2088 2468 2231 2524 nihil
2266 2469 2553 2541 injustum
2586 2470 3000 2542 przccipientia.

2040 2558 2111 2612 Et
2154 2562 2218 2612 ut
2261 2557 2482 2630 possim
2538 2560 2756 2614 intrare
2805 2558 2863 2613 in
2906 2561 3222 2629 conspectu
3257 2561 3377 2623 tuo,
3410 2558 3468 2612 et
3495 2555 3619 2611 haac

1967 2647 2101 2712 alia,
2132 2647 2295 2715 ﬁant,
2334 2669 2355 2697 σι
2392 2649 2495 2703 ﬁat
2524 2665 2736 2703 manus
2768 2652 2886 2714 tua,
2925 2671 2951 2695 υ
2984 2647 3043 2702 id
3083 2649 3172 2702 est
3220 2645 3402 2702 Filius
3452 2649 3617 2712 tuus,

1971 2760 1999 2787 ‹‹
2031 2740 2096 2790 ut
2125 2735 2308 2791 salvet
2339 2753 2449 2802 me,
2488 2758 2513 2784 ››
2548 2736 2602 2790 id
2635 2741 2743 2803 est,
2779 2735 3030 2791 salvator
3074 2751 3241 2790 meus
3290 2735 3411 2801 fiat,
3445 2733 3617 2789 nobis

1966 2826 2143 2882 etiam
2174 2825 2282 2880 hoc
2313 2829 2574 2896 tempore
2599 2840 2612 2878 :
2648 2826 2713 2878 ﬁt
2741 2823 2897 2878 enim
2929 2820 3187 2895 quotidie
3217 2820 3488 2877 Christus
3508 2821 3620 2876 sal-

1964 2919 2131 2971 vator
2182 2917 2421 2985 peccata
2475 2912 2845 2979 remittendo,
2896 2916 2953 2967 et
3012 2908 3348 2982 spirituales
3394 2906 3617 2982 gratias

1967 3003 2363 3060 conferendo:
2416 3001 2557 3073 quid
2609 3000 2753 3056 mihi
2818 2999 3025 3055 merito
3088 2998 3209 3067 ﬁat,
3265 3020 3286 3048 ι
3334 2996 3614 3071 quoniam

1966 3093 2246 3149 mandata
2275 3095 2377 3147 tua
2405 3089 2572 3162 elegi.
2606 3113 2627 3138 υ

2042 3182 2172 3238 Ideo
2204 3181 2382 3237 etiam
2412 3196 2625 3235 manus
2653 3181 2755 3234 tua
2803 3178 2985 3234 salvet
3029 3194 3144 3246 me,
3175 3174 3455 3249 quoniam
3505 3191 3614 3249 ego

1969 3295 1996 3322 ‹‹
2031 3269 2334 3342 concupivi
2370 3268 2631 3324 salutare
2660 3272 2848 3335 tuum,
2867 3266 3168 3333 Domine,»
3183 3265 3243 3320 id
3268 3267 3377 3331 est,
3400 3263 3612 3321 salvari

197 3356 511 3430 discipulis
542 3356 599 3411 in
629 3356 722 3411 via
751 3356 935 3425 (Marc.
970 3372 1095 3423 xvx;
1131 3356 1256 3410 Luc.
1292 3359 1474 3424 xxiv):
1503 3378 1531 3405 ‹‹
1567 3360 1625 3412 et
1656 3357 1857 3414 dilexit
1885 3329 1930 3400 α
1968 3378 2071 3433 per
2089 3359 2299 3415 Filium
2322 3358 2731 3430 ipsum,quem
2755 3375 2859 3429 ego
2882 3354 3616 3427 cognovisalvatoremom—

200 3465 274 3505 ea
293 3446 684 3502 vehementer.
724 3468 749 3493 ››

277 3535 415 3591 Dico
446 3558 474 3585 «
510 3533 683 3590 dilexi
717 3534 1016 3599 mandata,
1052 3556 1077 3582 »
1110 3536 1167 3589 et
1197 3550 1311 3588 non
1343 3537 1573 3589 tantum
1598 3534 1727 3603 hoc,
1754 3537 1852 3591 sed

195 3627 259 3682 et
286 3647 313 3674 ‹‹
347 3622 562 3679 servari
596 3623 814 3678 manda
844 3626 965 3693 tua,
1000 3626 1059 3677 et
1092 3644 1120 3670 »
1164 3621 1340 3677 etiam
1393 3646 1419 3672 ‹‹
1456 3623 1795 3679 testimonia
1829 3646 1855 3673 ››

200 3729 339 3769 cum
372 3711 689 3776 mandatis,
707 3714 771 3766 ut
799 3711 1070 3766 ostendat
1099 3726 1161 3766 se
1178 3715 1503 3782 utrumque
1524 3713 1858 3767 Testamen-

196 3805 353 3870 tum,
383 3800 563 3856 Vetus
596 3804 652 3856 et
678 3800 926 3869 Novum,
958 3798 1174 3871 pariter
1200 3800 1507 3855 observare
1539 3817 1552 3855 :
1580 3801 1707 3855 ideo
1731 3818 1858 3855 ser-

195 3888 324 3946 vavi
359 3911 387 3938 «
417 3888 559 3960 quia
588 3904 793 3944 omnes
827 3887 928 3941 viae
960 3902 1123 3953 meae,
1159 3909 1186 3935 ››
1220 3887 1277 3941 id
1310 3891 1420 3954 est,
1454 3888 1653 3943 omnia
1682 3905 1859 3961 Opera

200 3994 356 4044 mea,
388 3980 530 4033 sunt
557 3999 585 4026 ‹‹
618 3976 677 4030 in
711 3979 1026 4046 conspectu
1056 3979 1179 4041 tuo,
1212 3997 1239 4026 ››
1285 3974 1342 4030 id
1396 3979 1504 4043 est,
1541 3980 1601 4031 tu
1652 3976 1858 4049 dirigis

197 4065 328 4124 vias
357 4071 416 4122 et
444 4082 620 4138 opera
650 4080 781 4121 mea
811 4081 824 4120 :
860 4080 1035 4136 opera
1065 4063 1229 4119 nulla
1259 4064 1541 4120 dicuntur
1572 4065 1630 4120 in
1684 4083 1857 4122 cons-

200 4158 375 4228 pectu
404 4153 505 4211 Dei
538 4170 688 4224 esse,
718 4153 831 4209 nisi
866 4152 1048 4209 solius
1072 4153 1242 4223 justi.

966 4295 1093 4344 Tau.

279 4444 305 4470 ‹‹
321 4419 782 4492 Appropinquet.
794 4441 820 4466 η
836 4418 980 4474 Huic
992 4418 1291 4475 octonario
1303 4419 1701 4492 praescribitur
1712 4424 1860 4492 Tau,

204 4510 267 4566 id
299 4512 407 4577 est,
439 4508 836 4564 consummatio
867 4526 885 4562 :
918 4506 1013 4562 hic
1044 4507 1201 4563 enim
1222 4509 1426 4580 justus
1458 4509 1588 4579 iste,
1623 4511 1722 4583 qui
1756 4529 1861 4567 su-

204 4596 407 4672 perius
435 4596 624 4669 legem
654 4595 757 4651 Dei
804 4611 866 4651 se
898 4596 1229 4652 custodisse
1276 4598 1552 4666 ostendit,
1585 4616 1859 4656 consum-

1965 3449 2159 3504 nium:
2183 3472 2209 3497 ‹‹
2231 3451 2287 3503 et
2322 3471 2347 3496 ››
2380 3447 2555 3502 etiam
2590 3445 2719 3501 ideo
2752 3445 2931 3501 debeo
2964 3442 3617 3515 salvari,quianontan—

1966 3541 2091 3593 tum
2126 3536 2313 3609 legem
2348 3534 2546 3603 dilexi,
2561 3536 2659 3591 sed
2694 3534 2868 3589 etiam
2902 3534 3031 3605 ipsa
3062 3556 3090 3582 ‹‹
3119 3532 3212 3588 lex
3238 3536 3344 3587 tua
3363 3530 3616 3587 medita-

1966 3626 2045 3682 tio
2077 3644 2208 3681 mea
2236 3630 2343 3693 est,
2369 3647 2396 3672 ››
2426 3626 2496 3679 dc
2529 3625 2699 3693 cujus
2722 3622 3058 3694 impletione
3080 3619 3324 3677 sollicite
3342 3618 3613 3677 meditor.

2038 3716 2156 3786 Ego
2184 3713 2488 3783 concupivi
2524 3712 2801 3779 salutare,
2835 3728 2941 3766 nec
2992 3710 3229 3777 frustra,
3262 3708 3401 3781 quia
3430 3726 3534 3781 per
3560 3712 3619 3766 te

1966 3802 2324 3858 Salvatorem
2354 3825 2380 3849 ‹‹
2417 3801 2569 3856 vivet
2600 3799 2799 3856 anima
2830 3816 2958 3854 mea
2994 3821 3020 3847 ››
3052 3797 3429 3853 aeternavita:
3452 3818 3482 3846 ‹‹
3503 3801 3564 3853 et
3587 3819 3616 3845 ι»

1964 3890 2025 3946 in
2057 3890 2159 3946 illa
2187 3890 2304 3945 vita
2336 3914 2363 3938 ‹‹
2398 3889 2664 3944 laudabit
2695 3893 2750 3943 te
2786 3910 2812 3936 ››
2837 3888 3007 3958 juxta
3037 3885 3182 3941 illud
3217 3902 3231 3940 :
3266 3906 3293 3934 α
3327 3884 3485 3940 Beati
3512 3883 3617 3956 qui

1966 3979 2232 4035 habitant
2250 3978 2306 4033 in
2325 3979 2498 4033 domo
2516 3981 2636 4044 tua,
2652 3976 2930 4042 Domine;
2950 3974 3007 4028 in
3033 3972 3247 4029 saecula
3266 3970 3613 4028 saeculorum

1965 4067 2293 4123 laudabunt
2314 4070 2389 4120 te.
2425 4088 2453 4116 η
2488 4065 2657 4137 (Psal.
2692 4063 2941 4134 Lxxxm.)
2970 4063 3040 4117 Et
3065 4062 3138 4116 ad
3170 4059 3290 4114 hzec
3321 4062 3388 4115 ut
3416 4058 3617 4117 anima

1968 4174 2100 4212 mea
2127 4156 2199 4211 ad
2231 4153 2391 4209 illam
2422 4153 2602 4208 vitam
2642 4150 2962 4223 perveniat,
3014 4173 3041 4201 ‹‹
3064 4148 3291 4221 judicia
3337 4151 3459 4216 tua,
3494 4169 3524 4199 ››
3552 4146 3613 4205 id

1968 4249 2056 4301 est
2086 4242 2497 4309 correctiones,
2530 4239 2751 4297 scilicet
2782 4237 3013 4311 ﬂagella
3042 4255 3168 4309 quae
3201 4236 3344 4292 mihi
3385 4237 3459 4293 ad
3486 4253 3613 4294 cor-

1968 4334 2284 4390 rectionem
2316 4328 2608 4398 immittis,
2642 4333 2700 4384 et
2751 4325 3124 4400 suscipienda
3163 4325 3436 4398 judicas;
3475 4325 3616 4399 quia

1968 4446 1997 4474 ‹‹
2033 4421 2288 4495 ﬂagellat
2320 4426 2471 4475 Deus
2501 4432 2735 4474 omnem
2767 4415 2956 4472 ﬁlium
2989 4432 3165 4489 quem
3195 4414 3403 4488 recipit
3430 4413 3612 4487 (Hebr.

1967 4513 2067 4584 xu)
2102 4528 2114 4567 :
2152 4533 2180 4560 ››
2219 4533 2239 4561 σι
2276 4508 2638 4581 adjuvabunt
2685 4522 2778 4561 me
2816 4528 2836 4555 ι»
2891 4504 3031 4577 quia
3080 4508 3319 4577 peccata
3365 4519 3470 4577 per
3516 4502 3617 4559 illa

1968 4601 2310 4674 punientur,
2346 4601 2403 4653 et
2427 4614 2532 4670 ego
2561 4596 2843 4669 probatus
2874 4593 3115 4649 cfﬁciar.

205 4685 527 4742 mationem
559 4687 851 4756 precatur,
885 4687 950 4739 ut
980 4684 1164 4740 oratio
1196 4702 1307 4741 sua
1336 4686 1407 4741 ad
1448 4686 1548 4742 Dei
1583 4705 1857 4762 conspec-
1889 4699 1937 4764 D
2039 4691 2108 4745 Et
2130 4692 2195 4744 ut
2225 4687 2423 4743 anima
2449 4702 2577 4741 mea
2605 4684 2760 4739 vivat
2781 4683 2880 4739 illa
2907 4699 3044 4739 vera
3062 4681 3199 4754 vita,
3214 4682 3287 4738 ad
3310 4697 3487 4754 quam
3508 4695 3617 4753 ego

204 4779 337 4831 tum
383 4772 700 4846 perveniat,
735 4775 801 4826 ut
850 4776 905 4827 et
956 4772 1080 4844 ipse
1130 4773 1285 4829 Deus
1334 4791 1436 4845 per
1483 4792 1717 4833 carnem
1763 4796 1856 4835 as-

205 4865 510 4935 sumptam
542 4862 731 4917 factus
763 4861 967 4917 Pastor
1016 4879 1181 4933 suus,
1214 4879 1278 4917 se
1326 4880 1512 4932 ovem,
1546 4869 1862 4927 commisso

204 4950 381 5025 primi
414 4950 677 5023 parentis
706 4949 766 5003 in
808 4951 1039 5006 deserto
1088 4955 1401 5020 errantem,
1435 4954 1509 5008 ad
1558 4973 1759 5013 verum
1806 4963 1864 5014 et

206 5044 558 5115 perpetuum
607 5038 753 5094 ovile
806 5040 1063 5095 reducat.
1099 5040 1251 5094 Ordo
1291 5058 1523 5112 quoque
1568 5062 1862 5117 congruas

205 5132 298 5187 est
331 5146 344 5184 :
378 5134 693 5201 postquam
725 5129 882 5183 enim
916 5128 1125 5184 beatus
1159 5129 1333 5191 homo
1364 5131 1436 5185 ad
1470 5131 1579 5187 hoc
1611 5136 1862 5205 perduc-

206 5222 307 5275 tus
332 5220 421 5273 est
451 5222 515 5275 ut
536 5216 946 5273 tribulationcs
974 5216 1086 5273 sibi
1108 5217 1603 5277 medicamentum
1624 5223 1859 5294 faciant,

208 5305 359 5363 nihil
391 5305 550 5362 aliud
584 5308 765 5360 restat
793 5305 907 5361 nisi
939 5310 1003 5361 ut
1034 5306 1105 5360 ad
1148 5307 1506 5378 promissum
1556 5312 1861 5382 praemium

209 5394 512 5470 pervenire
542 5394 875 5451 contendat.

138 5479 145 5485 ’
282 5483 688 5540 Continuatio:
709 5482 856 5549 Quia
876 5482 1049 5538 dilexi
1069 5486 1128 5540 et
1143 5484 1363 5539 servavi
1386 5487 1685 5557 mandata,
1710 5489 1861 5558 ideo,

211 5588 245 5628 ο
283 5591 305 5621 ι
339 5571 607 5639 Domine,
622 5571 955 5644 deprecatio
987 5587 1118 5627 mea
1148 5574 1575 5647 apprOpinquet
1595 5599 1622 5627 »
1648 5577 1865 5650 tibi,ita

212 5666 279 5717 ut
308 5660 385 5716 sit
412 5685 438 5711 ‹‹
474 5662 534 5717 in
565 5663 881 5733 conspectu
913 5663 1036 5726 tuo,
1068 5683 1095 5708 »
1126 5660 1186 5715 id
1217 5666 1307 5717 est
1353 5663 1479 5735 ipsa
1518 5666 1701 5722 oratio
1733 5686 1865 5725 mea

214 5749 392 5806 faciat
422 5768 514 5807 me
545 5750 1017 5825 appropinquare
1048 5749 1151 5805 tibi
1186 5767 1198 5805 :
1236 5768 1348 5807 non
1382 5752 1769 5825 loealiter,sed
1791 5760 1865 5816 si-

1967 4796 2070 4852 per
2091 4795 2183 4833 me
2204 4794 2319 4831 non
2342 4791 2584 4847 possum
2608 4772 2925 4846 pervenire,
2948 4775 3030 4841 tu,
3055 4770 3354 4840 Domine,«
3374 4785 3567 4842 quaere
3586 4792 3615 4820 ››

1973 4884 2066 4923 me
2099 4890 2126 4918 «
2158 4881 2389 4921 servum
2430 4868 2599 4919 tuum
2635 4886 2661 4911 ››
2694 4860 3029 4935 aspirando,
3060 4860 3344 4931 vocando,
3372 4858 3619 4914 virtutes

1972 4937 2438 5026 multiplicando,
2492 4951 2631 5023 quia
2680 4967 2785 5023 ego
2838 4973 2865 4999 ‹‹
2900 4949 3084 5005 erravi
3136 4949 3291 5003 sicut
3333 4945 3459 5003 ovis
3490 4962 3619 5019 qua

1971 5044 2163 5116 periit,
2204 5066 2229 5091 ι)
2262 5043 2316 5097 id
2350 5046 2439 5097 est
2469 5040 2653 5097 erravi
2698 5039 2758 5095 in
2808 5038 3062 5110 peccatis
3109 5036 3285 5109 primi
3335 5034 3617 5109 parentis,

1973 5133 2294 5189 recedendo
2323 5132 2381 5186 in
2412 5129 2707 5201 regionem
2740 5126 3246 5183 dissimilitudinis
3280 5128 3376 5193 ;et
3403 5123 3622 5198 dignus

1972 5240 2103 5277 sum
2136 5238 2311 5293 quem
2343 5236 2590 5290 quaeras,
2626 5242 2651 5266 ‹‹
2687 5216 2825 5288 quia
2856 5216 3130 5271 mandata
3169 5218 3270 5270 tua
3319 5230 3435 5270 non
3485 5227 3619 5268 sum

1972 5310 2212 5368 oblitus.
2246 5310 2410 5365 Sicut
2438 5306 2595 5362 enim
2628 5307 2780 5361 Deus
2829 5304 3189 5377 negligentes
3238 5321 3320 5373 se,
3353 5300 3621 5375 negligit,

1970 5400 2054 5456 ita
2083 5415 2316 5472 quoque
2347 5395 2708 5468 requirentes
2733 5411 2796 5450 se
2826 5394 3091 5466 requirit.

2455 5538 2527 5593 IN
2568 5536 2917 5594 PSALMUM
2960 5536 3145 5592 cxrx.
3204 5492 3215 5499 Η

2319 5630 2574 5684 TITULUS
2609 5645 2622 5682 :
2658 5628 2945 5684 Canticum
2981 5625 3275 5697 graduum.

2037 5758 2153 5814 «Ad
2169 5754 2482 5813 Dominum
2496 5770 2630 5809 cum
2646 5751 2974 5809 tribularer.
2988 5750 3279 5825 »Singulis
3291 5748 3628 5825 quindecim
