3942 6380
335 467 450 531 631

759 467 1167 529 ΗΑΥΜΟΝ18
1198 458 1732 524 HALBERSTAT.
1769 457 2011 521 EPISC.

2138 458 2220 521 Ῥ.
2250 461 2480 522 PARS.
2515 463 2573 522 1.-
2599 496 2674 505 -
2706 460 3112 524 COMMENT.
3147 461 3346 522 BIBL.

3643 458 3782 520 632

338 589 2076 677 psalmorumpraescribiturtitulusiste:quisingulido-A
2177 594 2495 666 Postquam
2528 593 2823 650 exaudivit
2870 608 3006 650 eum
3056 593 3362 664 Dominus,
3414 597 3475 651 et
3521 599 3779 668 peccata

340 695 475 749 eent
501 708 610 748 nos
637 688 925 762 quasdam
951 686 1221 756 virtutes,
1255 702 1383 757 qua:
1413 687 1553 739 sunt
1581 683 1751 739 nobis
1786 683 1994 737 certis-

343 778 479 838 simi
511 777 875 850 gradus,per
904 792 1051 848 quos
1084 774 1143 829 in
1174 790 1491 846 supernam
1525 770 1890 827 Hierusalem
1909 788 1998 826 as-

342 865 854 925 cendamus.Fecit
869 863 1443 920 similiterSalomoni
1456 862 1516 917 in
1539 861 1994 934 temploDomini

344 953 682 1028 quindecim
712 954 954 1026 gradus,
969 970 1073 1025 per
1100 970 1249 1024 quos
1279 952 1694 1007 ascenderetur
1714 952 1785 1006 de
1806 950 1997 1021 primo

343 1040 723 1100 tabernaculo
770 1042 832 1098 in
865 1043 1083 1099 Sancta
1124 1045 1487 1109 sanctorum,
1524 1041 1907 1113 przsfigurans
1938 1038 1997 1094 in

343 1132 491 1206 ipsis
510 1132 666 1189 viam
688 1133 760 1188 ad
795 1149 1115 1205 supernam
1152 1132 1468 1199 civitatem,
1493 1148 1672 1203 quam
1712 1130 1999 1203 propheta

344 1222 713 1279 demonstrat
740 1221 801 1277 in
832 1220 963 1277 istis
1000 1221 1338 1293 quindecim
1389 1220 1655 1292 psalmis.
1691 1220 1797 1274 Per
1842 1219 1999 1273 hunc

345 1327 661 1369 numerum
694 1310 1055 1384 quindecim,
1080 1311 1181 1382 qui
1213 1310 1588 1383 componitur
1607 1327 1675 1365 ex
1697 1314 1922 1381 septem
1944 1313 2001 1363 et

344 1405 498 1468 octo,
517 1400 704 1457 Voluit
732 1401 987 1474 ﬁgurare
1014 1404 1073 1455 et
1096 1399 1380 1472 propheta
1408 1399 1507 1471 qui
1541 1398 1635 1454 hic
1657 1398 2002 1470 loquitur,et

347 1489 630 1549 Salomon
662 1489 722 1547 in
775 1489 903 1546 suis
953 1489 1256 1562 gradibus,
1289 1488 1736 1561 completioncm
1775 1487 2001 1541 Veteris

347 1579 737 1648 Testamenti,
769 1579 927 1651 quod
957 1596 1061 1651 per
1102 1579 1501 1651 septenarium
1531 1578 1783 1633 habetur
1830 1592 2004 1649 posse

348 1668 665 1726 ascendere
692 1669 764 1724 ad
815 1684 1135 1741 supernam
1184 1666 1566 1724 Hierusalem.
1601 1666 1710 1722 Per
1753 1671 1999 1738 septem,

349 1756 536 1814 Vetus
563 1758 1009 1814 Testamentum
1039 1757 1407 1831 intelligitur.
1442 1758 1558 1813 Lex
1586 1754 1743 1813 enim
1777 1754 1879 1811 illa
1906 1772 2000 1812 oc-

347 1850 545 1905 tavam
575 1846 756 1915 diem,
789 1845 848 1902 id
879 1850 971 1902 est
998 1851 1276 1903 mternam
1316 1846 1601 1920 requiem,
1636 1863 1753 1902 non
1800 1846 2001 1911 dabat,

2104 682 2473 752 dimittendo,
2508 688 2566 740 et
2610 685 2683 739 ab
2731 700 2929 740 amore
2971 689 3336 741 terrenorum
3386 686 3771 754 removendo,

2104 770 2245 842 quia
2271 769 2415 825 vidit
2444 770 2556 827 sibi
2590 770 2778 827 multa
2818 769 3129 828 imminere
3177 787 3306 844 quae
3358 771 3572 830 iterum
3623 790 3775 846 pos-

2105 865 2239 914 sent
2266 876 2400 914 eum
2433 861 2504 915 ad
2554 861 2883 933 postposita
2911 859 3234 934 impellere,
3266 861 3445 917 veluti
3491 862 3769 937 linguam

2105 948 2393 1019 dolosam,
2412 966 2539 1021 quae
2561 950 2756 1022 ipsum
2781 951 3040 1023 primum
3057 956 3358 1023 parentem
3381 952 3593 1023 dejeoit
3607 970 3776 1009 asua

2106 1038 2481 1110 perlectioue,
2498 1044 2770 1111 precatur
2785 1039 2967 1096 Deum
2981 1044 3048 1095 ut
3061 1039 3268 1097 liberet
3288 1056 3444 1110 eum,
3463 1058 3535 1097 ne
3551 1042 3775 1097 amodo

2108 1126 2443 1182 retrahatur
2463 1128 2532 1183 ad
2558 1129 2918 1200 peccandum
2935 1146 2950 1196 ;
2969 1128 3138 1201 quasi
3155 1129 3375 1185 diceret
3391 1145 3404 1185 :
3420 1153 3447 1180 «
3469 1129 3721 1187 Domine
3740 1153 3771 1181 η

2108 1216 2207 1288 qui
2222 1217 2349 1287 jam
2373 1217 2444 1272 de
2461 1218 2769 1289 praeteritis
2791 1235 2883 1274 me
2905 1217 3216 1285 exaudisti,
3231 1218 3506 1291 deinceps
3536 1217 3777 1276 «libera

2109 1306 2369 1361 animam
2403 1322 2593 1361 meam
2625 1323 2660 1362 a
2688 1306 2859 1363 labiis
2910 1308 3156 1380 iniquis,
3186 1329 3214 1357 ››
3245 1306 3303 1362 id
3334 1312 3425 1364 est
3455 1308 3778 1365 manifeste

2110 1394 2267 1450 mala
2296 1395 2790 1466 persuadentibus
2816 1415 2876 1464 ;«
2911 1400 2971 1451 et
2997 1414 3032 1452 a
3061 1396 3264 1470 lingua
3294 1396 3519 1465 dolosa,
3540 1419 3566 1446 ι)
3585 1397 3641 1453 id
3677 1402 3780 1453 est

2108 1501 2234 1557 qua:
2264 1484 2525 1556 aliquam
2547 1484 3324 1553 indueitauctoritatem,vel
3346 1486 3775 1561 rationem,pcr

2110 1590 2288 1646 quam
2321 1572 2592 1646 decipiat.
2625 1575 2880 1630 Locutus
2909 1574 3020 1630 fuit
3060 1573 3334 1632 diabolus
3382 1578 3511 1633 Eva!
3561 1576 3776 1649 lingua

2108 1662 2333 1732 dolosa,
2365 1662 2508 1718 dum
2539 1663 2591 1718 ei
2624 1664 2974 1735 persuadere
3004 1664 3425 1721 comestionem
3457 1662 3570 1721 cibi
3602 1665 3773 1722 vetiti

2111 1750 2293 1807 voluit
2326 1769 2338 1807 :
2375 1752 2653 1824 apposuit
2680 1756 2738 1808 et
2767 1752 2969 1809 dolum
3001 1769 3105 1825 per
3135 1768 3310 1827 quem
3341 1754 3665 1828 persuasit,
3689 1755 3777 1811 di-

2111 1856 2250 1897 cens
2283 1857 2297 1896 :
2330 1863 2358 1891 «
2392 1841 2629 1898 Similes
2661 1841 2827 1899 eritis
2859 1842 2971 1915 ipsi
3005 1841 3142 1898 Deo.
3177 1860 3206 1892 »ι
3236 1842 3394 1911 (Gen.
3425 1846 3537 1914 in.)

350 1952 459 1993 nec
489 1936 641 1992 deea
669 1936 899 2009 agebat,
916 1936 1017 1992 sed
1050 1936 1120 1992 de
1146 1934 2000 2009 signiﬁcationeilliusquietis:
2032 1967 2082 2033 Β
2181 1931 2267 1985 Ad
2300 1946 2370 2031 se.
2393 1932 2752 2033 convertitur
2778 1948 2842 2033 se
2868 1929 3247 2033 consulendo,
3281 1931 3341 1987 in
3382 1946 3499 2004 quo
3531 1926 3777 2033 notatur

349 2029 408 2083 et
437 2025 498 2081 in
529 2025 641 2081 hoc
671 2029 798 2082 erat
826 2029 987 2082 totus
1034 2024 1196 2093 ﬁnis,
1229 2026 1371 2098 quia
1406 2026 1498 2083 lex
1541 2025 1913 2099 praecipiebat
1943 2025 2004 2080 in
2032 2019 2081 2033 “’
2116 2037 2331 2093 magna
2358 2019 2546 2093 ipsius
2577 2020 2975 2093 diligentia,et
3004 2036 3180 2093 quam
3204 2032 3421 2094 magna
3449 2021 3678 2079 cautela
3694 2023 3778 2080 sit

350 2114 599 2172 sabbato
621 2113 814 2171 feriari
837 2114 1181 2187 (Lamum),
1198 2115 1355 2187 quod
1384 2120 1510 2171 erat
1540 2115 1778 2188 signum
1796 2116 2005 2170 futura:

351 2202 591 2276 quietis.
626 2203 735 2259 Per
761 2208 911 2271 octo,
935 2204 1164 2259 Novum
1190 2206 1634 2261 Testamentum
1660 2196 2005 2275 accipimus,

351 2291 495 2365 quia
521 2291 584 2347 in
612 2291 739 2364 ipso
754 2293 884 2365 jam
914 2292 1179 2365 requiem
1197 2310 1395 2349 veram
1413 2293 2011 2365 obtinemus.Aceepit

353 2379 515 2439 enim
547 2380 607 2435 in
638 2379 871 2436 Christo
902 2385 1245 2453 resurgente
1274 2385 1475 2437 nostra
1503 2381 1810 2437 humilitas
1845 2385 2007 2437 mter-

356 2485 496 2525 nam
506 2467 1022 2538 beatitudinem,et
1034 2468 1270 2542 nos,qui
1289 2470 1556 2526 membra
1576 2470 1763 2543 ipsius
1776 2488 2006 2537 sumus,

346 2557 478 2630 jam
509 2556 569 2612 in
600 2572 704 2628 spe
733 2556 1043 2628 habemus,
1076 2561 1135 2613 et
1161 2559 1399 2614 tandem
1431 2559 1684 2630 perfecte
1714 2576 1846 2615 cum
1881 2560 2009 2632 ipso

356 2645 739 2719 regnabimus
765 2649 899 2719 post
927 2650 1152 2718 septem
1185 2647 1330 2714 dies,
1364 2648 1580 2719 quibus
1628 2646 1875 2703 volvitur
1902 2648 2011 2704 iste

357 2733 640 2794 mundus.
672 2734 821 2791 Nota
845 2734 987 2807 quia
1016 2734 1076 2791 in
1109 2735 1202 2791 his
1232 2736 1572 2808 quindecim
1604 2736 1886 2810 gradibus
1909 2756 2011 2793 no-

354 2827 517 2882 tatur
544 2822 768 2880 Novum
800 2828 858 2881 et
885 2824 1067 2881 Vetus
1097 2826 1575 2882 Testamentum:
1610 2825 1666 2881 in
1692 2828 2015 2899 praeceden-

354 2913 517 2970 tibus
547 2917 792 2986 septem,
807 2913 986 2969 Vetus
1009 2914 1353 2987 designatur
1372 2917 1838 2985 Testamentum,
1853 2921 1911 2972 et
1926 2917 2012 2971 in-

355 3001 667 3060 titulamur
699 3020 712 3060 :
746 3027 774 3053 «
806 3003 1111 3060 Canticum
1141 3005 1435 3077 graduum
1470 3028 1493 3056 ι
1528 3006 1862 3074 tantum;in
1885 3010 2014 3063 octo

356 3108 491 3148 vero
516 3091 901 3164 sequentibus
932 3092 1158 3148 Novum
1184 3094 1630 3153 Testamentum
1662 3095 2014 3167 ostenditur,

358 3180 462 3254 qui
490 3180 888 3248 intitulantur,
916 3204 943 3231 ‹‹
967 3182 1274 3239 Canticum
1303 3184 1597 3255 graduum
1624 3183 2014 3241 Salomonis.»

358 3268 594 3327 Titulus
623 3270 710 3326 sie
742 3269 998 3342 legatur:
1024 3270 1294 3328 Psalmus
1320 3272 1568 3345 iste,qui
1588 3278 1679 3329 est
1695 3273 2013 3342 canticum,

358 3358 502 3432 quia
528 3337 1109 3431 magnamvproponit
1138 3337 1610 3425 exsultationem,
1627 3362 1848 3418 scilicet
1869 3337 2014 3434 quo;
2047 3337 2093 3403 θ

358 3448 535 3507 modo
547 3446 845 3519 possimus
856 3447 1167 3502 ascendere
1178 3448 1247 3503 ad
1263 3448 1554 3505 cmlestem
1568 3449 2015 3519 habitationem,

357 3538 420 3591 et
445 3532 703 3606 recipere
732 3534 889 3605 quod
918 3533 1228 3591 amisimus
1262 3536 1318 3589 in
1353 3536 1541 3607 primo
1571 3545 1836 3609 parente:
1858 3542 2014 3612 quod

359 3622 659 3681 canticum
690 3626 781 3677 est
808 3623 1196 3694 graduum,id
1228 3628 1317 3680 est
1346 3643 1531 3681 unum
1554 3644 1622 3681 ex
1648 3627 1764 3682 illis
1794 3628 1894 3700 qui
1920 3647 2017 3685 no-

361 3711 456 3768 bis
475 3716 812 3784 proponunt
827 3712 1080 3784 gradus:
1111 3717 1334 3784 ponunt
1353 3719 1549 3770 autem
1566 3714 1779 3788 singuli
1803 3718 2013 3789 psalmi

358 3798 631 3873 singulos
655 3801 914 3872 gradus;
951 3804 1008 3857 et
1035 3800 1161 3873 ipse
1190 3803 1431 3875 gradus,
1464 3802 1522 3857 id
1552 3809 1642 3859 est
1672 3805 1801 3877 ipsa
1826 3806 2015 3862 virtus

358 3902 488 3962 quis
519 3889 580 3944 in
611 3905 967 3962 unoquoque
997 3891 1347 3963 ostenditur,
1379 3897 1469 3948 est
1506 3893 1741 3966 propria
1772 3895 2018 3951 materia

359 3976 549 4051 ipsius
561 3977 794 4049 psalmi.
812 3978 873 4034 In
889 3978 997 4034 hoc
1011 3982 1207 4035 autem
1231 3979 1458 4051 psalmo
1484 3982 1739 4054 primum
1764 3985 2015 4056 gradum

359 4065 546 4139 ponit,
569 4065 793 4122 scilicet
822 4066 964 4122 vitia
992 4067 1270 4135 devitem,
1298 4071 1587 4125 mundum
1623 4076 1816 4127 mente
1848 4073 2015 4129 abre-

360 4154 635 4212 nuntiare
665 4173 677 4212 :
714 4154 855 4227 quia
882 4156 992 4211 etsi
1026 4157 1161 4228 quis
1192 4160 1413 4215 mundo
1458 4163 1679 4226 utatur,
1712 4162 1789 4217 sit
1819 4148 2015 4217 tamen

359 4262 476 4302 non
506 4245 823 4317 appetitor:
863 4245 1019 4300 unde
1049 4246 1389 4317 Apostolus:
1418 4270 1447 4297 ‹‹
1482 4248 1589 4315 Qui
1622 4249 1842 4305 habent
1875 4269 2014 4307 uxo-

359 4349 477 4400 res,
507 4333 631 4389 sint
656 4338 942 4405 tanquam
975 4351 1091 4389 non
1127 4334 1445 4392 habentes:
1481 4342 1538 4393 et
1584 4339 1683 4410 qui
1732 4342 2013 4410 gaudent,

359 4426 641 4494 tanquam
665 4438 782 4477 non
803 4423 1150 4495 gaudentes.
1166 4444 1194 4473 ιι
1219 4424 1266 4495 (ι
1284 4424 1403 4481 Cor.
1435 4429 1560 4494 vn.)
1579 4426 1700 4482 Vox
1724 4428 2016 4499 prophetae

358 4510 724 4570 ostendentis
755 4528 817 4567 se
845 4510 1007 4584 ipsos
1023 4512 1242 4584 gradus
1272 4514 1635 4571 ascendisse:
1659 4534 1763 4571 nec
1784 4521 2013 4573 tantum

360 4600 432 4656 de
464 4617 528 4656 se
556 4599 682 4656 solo
710 4599 877 4671 dicit,
904 4601 1006 4656 sed
1038 4605 1097 4656 et
1127 4602 1197 4657 de
1244 4602 1542 4658 similibus
1592 4604 1726 4660 sibi.
1762 4606 2019 4661 lntendit

2116 2109 2451 2166 adhibenda
2480 2115 2683 2166 contra
2710 2108 2976 2182 linguam
3006 2109 3293 2179 dolosam,
3326 2112 3495 2183 quasi
3518 2108 3770 2169 diceret:

2117 2199 2162 2255 Ο
2193 2199 2394 2255 anima
2422 2217 2572 2266 mea,
2608 2217 2736 2272 quae
2772 2198 3125 2272 gravissima
3172 2199 3517 2268 tentatione,
3545 2201 3776 2259 scilicet

2114 2286 2320 2361 lingua
2350 2288 2574 2358 dolosa,
2608 2288 2875 2360 tentaris,
2904 2310 2933 2338 «
2968 2287 3109 2360 quid
3142 2289 3317 2344 detur
3343 2288 3497 2345 tibi?
3526 2312 3553 2340 »
3583 2290 3638 2347 id
3677 2296 3774 2348 est

2118 2376 2259 2449 quid
2284 2381 2476 2449 potest
2506 2377 2607 2432 tibi
2634 2376 2801 2433 dari?
2823 2398 2851 2428 ‹‹
2879 2381 2983 2433 aut
3011 2377 3152 2450 quid
3175 2382 3502 2451 apponatur
3516 2378 3642 2449 tibi,
3662 2400 3690 2429 υ
3708 2381 3771 2437 id

2117 2467 2246 2522 est?
2277 2467 2428 2539 quod
2464 2466 2796 2539 exemplum
2827 2470 3019 2538 potest
3046 2465 3153 2522 tibi
3204 2468 3469 2540 proponi,
3505 2470 3657 2541 quod
3690 2469 3776 2526 sit

2118 2555 2318 2611 valens
2348 2554 2451 2611 tibi
2480 2577 2507 2606 «
2543 2557 2616 2611 ad
2648 2555 2913 2629 linguam
2946 2555 3311 2613 dolosam?»
3346 2556 3405 2613 id
3436 2561 3529 2614 est
3565 2563 3775 2616 contra

2119 2643 2383 2715 linguam
2413 2644 2699 2712 dolosam,
2731 2662 2804 2701 ne
2833 2643 3136 2702 seducaris
3165 2645 3370 2721 lingua
3397 2646 3614 2705 dolosa.

2192 2734 2336 2789 Ecce
2367 2733 2509 2806 quid
2542 2734 2717 2789 datur
2734 2733 2871 2790 tibi:
2905 2757 2935 2785 ‹‹
2963 2735 3190 2808 sagitta:
3219 2741 3423 2801 acutis,
3442 2737 3549 2794 nid
3571 2740 3773 2795 estdi-

2120 2820 2256 2877 vina
2275 2825 2583 2895 praecepta,
2599 2838 2727 2895 quaa
2745 2823 2859 2878 cito
2874 2824 3231 2897 transﬁgunt
3245 2825 3420 2881 corda
3439 2825 3772 2897 hominum,

2122 2911 2340 2967 dantur
2367 2910 2419 2967 ei
2448 2928 2614 2967 arma
2642 2917 2846 2968 contra
2873 2911 3136 2985 linguam
3180 2913 3444 2970 dolosam
3482 2931 3496 2970 :
3543 2916 3774 2989 sagitta;

2123 3000 2253 3057 dico
2288 3022 2316 3052 ‹‹
2350 3000 2631 3069 Potentis,
2666 3023 2695 3052 »
2726 3000 2786 3057 id
2816 3006 2907 3057 est
2933 3001 3121 3074 ipsius
3153 3002 3253 3058 Dei
3288 3021 3301 3059 :
3335 3007 3393 3059 et
3421 3020 3524 3076 per
3551 3004 3660 3061 hoc
3682 3005 3772 3060 in-

2124 3089 2254 3145 nuit
2283 3091 2438 3161 quod
2474 3090 2614 3163 ipsis
2647 3090 2874 3164 sagittas
2924 3091 3144 3147 faciant
3191 3091 3460 3150 homines
3507 3098 3773 3165 potentes

2123 3183 2328 3235 contra
2348 3178 2611 3252 linguam
2643 3180 2935 3236 dolosam:
2956 3181 3185 3253 sagittae
3215 3179 3574 3238 dicodantur
3588 3205 3617 3233 «ι
3633 3200 3771 3240 cum

2124 3268 2483 3324 carbonibus
2514 3268 2905 3325 desolatoriis.
2941 3292 2969 3318 ››
3001 3270 3294 3327 Carbones
3324 3271 3470 3327 dicit
3514 3276 3769 3339 sanctos,

2124 3356 2263 3430 quia
2293 3357 2402 3429 ipsi
2437 3357 2759 3430 aliquando
2807 3360 3051 3414 fuerunt
3093 3358 3386 3427 exstincti,
3419 3358 3519 3415 sed
3569 3366 3772 3433 postea

2125 3464 2230 3519 per
2256 3446 2556 3501 Christum
2590 3445 2725 3501 facti
2758 3450 2898 3502 sunt
2922 3448 3213 3514 ardentes,
3247 3452 3307 3503 et
3334 3446 3478 3504 alios
3508 3449 3578 3504 ad
3602 3449 3772 3505 dilec-

2126 3534 2345 3591 tionem
2397 3535 2497 3590 Dei
2548 3536 2897 3603 accendunt,
2941 3532 3040 3607 qui
3091 3537 3369 3592 dicuntur
3413 3537 3767 3607 desolatorii,

2125 3625 2537 3700 comburentes
2583 3630 2642 3679 et
2685 3630 3169 3705 consummantes
3218 3626 3481 3695 mdiﬁcia,
3530 3626 3637 3683 hoc
3682 3632 3772 3684 est

2125 3713 2285 3781 vitia,
2320 3712 2369 3769 si
2413 3714 2485 3769 ad
2539 3729 2745 3769 eorum
2792 3713 3127 3787 exemplum
3159 3731 3266 3771 nos
3292 3714 3563 3771 volumus
3591 3714 3767 3771 infor-

2126 3819 2286 3858 mare
2320 3820 2333 3857 :
2368 3807 2424 3858 et
2454 3802 2611 3859 istud
2644 3806 2735 3859 est
2763 3803 2920 3876 quod
2954 3803 3273 3876 apponitur
3320 3804 3489 3861 nobis
3538 3804 3606 3861 ad
3658 3804 3766 3862 tin-

2124 3907 2302 3964 guam
2335 3890 2621 3947 dolosam.

2198 4004 2224 4029 ‹‹
2252 3980 2372 4036 Heu
2396 3980 2571 4036 mihi!
2600 4003 2627 4030 ››
2662 3982 2803 4037 Pars
2825 3982 3104 4037 secunda.
3137 3982 3314 4048 Quasi
3336 3978 3580 4039 diceret:
3613 3983 3766 4039 Licet

2126 4070 2238 4126 sim
2287 4070 2599 4125 exauditus
2645 4071 2718 4125 de
2749 4071 3147 4139 tribulatione,
3181 4071 3404 4127 habens
3441 4072 3681 4143 sagittas
3708 4075 3764 4127 et

2124 4158 2408 4213 carbones
2430 4163 2635 4236 contra
2654 4158 2920 4231 linguam
2942 4157 3227 4225 dolosam,
3248 4163 3445 4216 tamen
3472 4160 3659 4215 adhuc
3677 4163 3763 4217 est

2125 4271 2152 4297 ‹‹
2189 4247 2331 4301 mihi
2365 4247 2506 4302 hcul
2545 4268 2570 4296 ››
2605 4247 2660 4301 id
2697 4252 2784 4301 est
2816 4265 3067 4321 magnus
3096 4248 3369 4321 gemitus,
3404 4272 3432 4298 «
3465 4250 3602 4321 quia
3621 4250 3763 4305 inco-

2124 4337 2279 4392 latus
2311 4354 2478 4392 meus
2509 4336 2892 4409 prolongatus
2930 4340 3039 4405 est,
3075 4358 3102 4385 »
3144 4338 3201 4393 id
3252 4340 3343 4393 est
3388 4336 3762 4410 peregrinatio

2124 4432 2183 4483 et
2212 4426 2484 4483 exsilium
2517 4444 2716 4483 meum
2746 4444 2781 4482 a
2811 4444 2945 4483 vera
2974 4426 3165 4499 patria
3192 4424 3371 4482 nimis
3402 4424 3760 4499 producitur:

2125 4533 2242 4572 non
2274 4516 2427 4587 quod
2460 4515 2578 4570 vita
2601 4516 2861 4571 hominis
2887 4515 3063 4589 longa
3093 4515 3192 4587 sit,
3228 4516 3330 4572 sed
3352 4514 3492 4588 quia
3502 4516 3626 4588 jam
3654 4514 3763 4571 vel.

2125 4604 2205 4659 let
2234 4604 2473 4661 dissolvi
2502 4610 2559 4660 et
2587 4622 2715 4660 esse
2744 4622 2881 4661 cum
2911 4605 3146 4661 Christo
3175 4605 3444 4677 (Philipp.
3460 4608 3545 4673 u);
3568 4609 3625 4659 et
3643 4603 3761 4661 ideo

359 4693 556 4747 autem
588 4688 736 4745 alios
768 4689 1039 4770 invitare,
1067 4689 1151 4746 uti
1182 4692 1444 4763 exemplo
1483 4693 1575 4748 sui
1620 4696 2018 4749 conscendant
2045 4707 2095 4772 D
2125 4698 2215 4749 est
2247 4694 2389 4749 mihi
2427 4719 2448 4745 α
2485 4694 2629 4749 heu!
2660 4717 2687 4743 ››
2719 4695 2858 4766 quia
2893 4717 2912 4743 α
2936 4693 3193 4750 babitavi
3218 4711 3353 4749 eum
3373 4692 3760 4749 habitantibus

358 4777 505 4834 istos
532 4778 774 4850 gradus.
808 4778 967 4834 Duas
999 4783 1195 4850 partes
1226 4779 1285 4834 in
1335 4780 1444 4836 hoc
1493 4782 1719 4853 psalmo
1760 4784 1915 4837 facit.
1952 4785 2019 4839 In
2126 4782 2329 4850 Cedar,
2368 4804 2394 4831 ››
2427 4783 2485 4838 id
2516 4788 2606 4838 est
2637 4800 2769 4838 cum
2806 4782 2924 4839 illis
2952 4783 3052 4855 qui
3100 4784 3343 4838 manent
3384 4781 3445 4837 in
3493 4782 3753 4837 tenebris.

358 4865 550 4938 prima
584 4870 746 4938 parte
774 4866 1033 4922 ostendit
1064 4884 1149 4932 se,
1182 4885 1317 4923 cum
1349 4868 1650 4936 clamaret,
1686 4888 1813 4925 esse
1835 4890 2015 4928 exau-

355 4955 571 5021 ditam,
603 4959 660 5010 et
689 4972 855 5012 orare
888 4972 957 5010 ne
983 4955 1259 5027 deinceps
1295 4958 1628 5029 impelluth
1665 4961 1736 5015 ad
1772 4978 2013 5031 peccan-

357 5044 522 5099 dum.
557 5043 619 5099 In
653 5045 932 5113 secunda,
966 5062 1094 5115 quae
1127 5045 1334 5117 incipit
1368 5064 1379 5103 :
1416 5070 1443 5096 ‹‹
1482 5048 1601 5103 Ileu
1633 5048 1809 5104 mihi!
1851 5073 1876 5099 ι)
1917 5070 2013 5123 ge-

358 5133 546 5189 mitet
575 5133 841 5205 deplorat
869 5153 931 5191 se
964 5135 1169 5191 tandiu
1202 5136 1356 5193 inter
1402 5137 1590 5193 malos
1638 5140 2014 5211 peregrinum

355 5224 416 5280 et
442 5221 697 5278 incolam
729 5240 878 5280 esse.

423 5311 557 5365 Acsi
592 5310 674 5365 ita
722 5312 983 5367 diceret:
1023 5314 1275 5381 Fratres,
1310 5331 1445 5370 cum
1494 5334 1596 5371 vos
1646 5316 2013 5375 tribulamini

358 5397 414 5453 in
448 5398 617 5453 multi
624 5399 885 5470 plicitate
905 5406 1299 5471 peccatorum,
1315 5402 1561 5459 clamate
1581 5405 1651 5459 ad
1671 5406 2010 5472 Dominum,

353 5490 414 5540 et
445 5486 571 5557 ipse
602 5505 702 5542 vos
734 5490 1023 5551 exaudiet,
1058 5490 1321 5561 exemplo
1353 5492 1488 5559 mei,
1540 5493 1638 5565 qui
1686 5518 1711 5543 ‹‹
1743 5513 1876 5551 cum
1913 5498 2011 5551 tri-

356 5572 629 5629 bularera
665 5576 868 5631 multis
899 5578 1055 5633 vitiis
1085 5578 1267 5650 hujus
1297 5582 1493 5635 saeculi
1526 5585 2011 5654 appetitu,atten-

355 5659 503 5715 deus
536 5661 645 5715 hoc
676 5680 806 5718 esse
836 5665 1215 5734 damnosum,
1247 5690 1274 5715 «
1306 5669 1547 5723 clamavi
1583 5672 1651 5725 ad
1698 5673 2008 5731 Dominum

356 5748 414 5797 et
442 5747 739 5801 exaudivit
770 5765 880 5804 me.
920 5772 941 5799 ι»

2126 4872 2311 4927 Cedar
2355 4873 2513 4927 enim
2564 4873 2815 4928 tenebris
2868 4873 3323 4944 interpretatur;
3358 4875 3416 4927 et
3463 4871 3590 4926 ideo
3638 4871 3757 4925 dico

2124 4960 2239 5015 heu
2274 4961 2447 5015 mihi!
2486 4962 2687 5032 quia,«
2716 4961 2913 5016 anima
2945 4978 3075 5016 mea
3105 4961 3361 5016 multum
3393 4959 3577 5014 incola
3596 4959 3754 5021 fuit,"

2126 5050 2181 5105 id
2215 5055 2303 5105 est
2335 5050 2581 5105 multum
2610 5052 2952 5122 gravitatem
2986 5066 3160 5121 passa
3191 5055 3283 5104 est
3314 5050 3371 5103 in
3406 5049 3515 5103 hoc
3545 5048 3751 5102 exsilio.

2196 5140 2328 5194 Ideo
2359 5139 2489 5194 dico
2517 5140 2671 5211 quod
2704 5139 2896 5211 gravis
2931 5144 3022 5194 est
3051 5137 3261 5194 animm
3293 5153 3433 5193 meae
3469 5136 3587 5192 haec
3608 5153 3752 5208 pere-

2122 5227 2397 5300 grinatio,
2429 5228 2569 5300 quia
2598 5233 2656 5283 et
2684 5228 2767 5283 illi
2796 5244 2932 5283 cum
2982 5228 3201 5300 quibus
3249 5242 3432 5292 eram,
3465 5230 3528 5281 et
3569 5242 3751 5297 pacem

2122 5316 2256 5372 odio
2290 5316 2605 5385 habebant,
2639 5335 2815 5388 quam
2848 5333 2954 5387 ego
2987 5317 3339 5388 qumrebam,
3369 5319 3425 5369 et
3454 5331 3545 5369 me
3581 5313 3754 5385 impu-

2120 5406 2417 5477 gnabant;
2451 5405 2561 5461 hoc
2591 5410 2681 5460 cst
2710 5422 2722 5460 :
2759 5430 2784 5454 ‹‹
2821 5422 2956 5461 cum
2986 5403 3105 5460 illis
3137 5404 3236 5476 qui
3291 5404 3541 5459 oderunt
3572 5419 3751 5473 pacem

2120 5512 2281 5550 eram
2318 5496 2614 5566 paciﬁcus,
2655 5518 2680 5542 υ
2714 5493 2855 5566 quia
2902 5511 3035 5549 cum
3070 5493 3182 5565 ipsi
3234 5496 3435 5549 essent
3482 5491 3754 5559 seditiosi,

2123 5600 2238 5639 non
2268 5583 2689 5638 maledicebam
2717 5583 2823 5652 eis,
2860 5584 2959 5638 sed
3011 5582 3252 5637 orabam
3298 5598 3402 5653 pro
3431 5580 3549 5647 eis;
3581 5584 3755 5634 tamen

2124 5690 2238 5726 non
2293 5672 2554 5727 tacebam
2606 5670 2747 5742 quin
2800 5671 3176 5743 prasdiearcm
3226 5670 3468 5725 verbum
3526 5668 3663 5735 Dei;
3707 5672 3757 5723 et

2125 5785 2150 5809 «ι
2189 5777 2323 5819 cum
2355 5760 2637 5830 loquebar
2663 5758 2781 5816 illis
2817 5783 2843 5809 ››
2893 5761 3137 5819 verbum
3187 5757 3466 5825 veritatis,
3504 5779 3532 5804 η
3583 5757 3756 5831 impu-
