3942 6404
158 498 279 575 633

1343 504 1839 571 EXPLANATIO
1879 507 1958 567 IN
2005 506 2387 569 PSALMOS.

3454 504 3571 569 831

161 646 421 721 gnabant
450 661 543 700 me
578 667 606 694 ››
636 642 841 700 multis
868 642 1368 711 tribulationibus,
1402 642 1593 697 ethoc
1625 664 1652 691 ‹‹
1686 656 1813 712 gra-
1839 632 1896 707 Α
1923 635 2201 707 hominis,
2252 642 2490 712 prepter
2534 637 2856 712 temporale
2903 638 3279 695 commodum
3316 657 3327 696 :
3359 658 3571 698 manus

160 736 258 803 tis,
293 757 322 785 ι)
350 733 409 790 id
440 737 530 790 est
561 733 687 790 sine
713 732 909 805 aliquo
942 749 1070 788 meo
1112 731 1342 788 merito.
1375 732 1475 787 Vel
1510 756 1537 781 ‹‹
1570 728 1810 803 gratis,»

162 823 299 899 quia
328 822 474 879 nihil
506 811 895 896 profecerunt.

660 965 733 1020 IN
773 964 1123 1021 PSALMUM
1164 965 1319 1020 CXX.

513 1056 774 1112 Trwws
809 1070 823 1111 :
855 1056 1144 1112 Canticum
1172 1054 1464 1126 graduum.

233 1203 263 1230 κ
298 1179 501 1236 Levavi
528 1178 729 1235 oculos
762 1195 942 1234 meos.
971 1200 1000 1229 »
1023 1178 1085 1233 In
1109 1178 1216 1234 hoc
1248 1178 1474 1249 psalmo
1502 1179 1678 1233 habet
1699 1194 1836 1232 mas

162 1269 371 1326 teriam
407 1268 732 1324 secundum
766 1268 1015 1342 gradum
1039 1283 1052 1322 :
1078 1266 1173 1322 hic
1194 1267 1349 1321 enim
1374 1267 1685 1338 illejustus
1711 1266 1811 1339 qui

167 1357 439 1432 superius
489 1374 524 1413 a
574 1356 734 1412 vitiis
784 1355 976 1422 exivit,
1028 1359 1087 1411 et
1143 1356 1365 1411 mundo
1422 1356 1811 1424 renuntiavit;

165 1445 423 1503 ostendit
447 1462 509 1500 se
540 1445 611 1499 ad
643 1448 879 1500 sanctos
909 1444 1262 1499 intentiones
1287 1461 1425 1499 suas
1457 1442 1726 1516 dirigere,
1752 1447 1818 1499 ut

166 1548 270 1609 per
297 1550 503 1591 eorum
531 1533 1011 1588 intercessionem
1056 1533 1319 1589 divinum
1370 1532 1481 1589 sibi
1530 1533 1817 1588 auxilium

166 1623 451 1697 acquirat,
486 1638 602 1695 quo
635 1621 825 1678 factus
847 1622 1052 1693 justus
1082 1626 1283 1678 contra
1319 1621 1585 1677 omnium
1630 1626 1816 1678 tenta-

165 1712 355 1769 tiones
385 1710 642 1767 resistat.
677 1710 933 1767 lntendit
978 1710 1262 1783 propheta
1292 1726 1394 1784 per
1423 1729 1598 1767 suum
1626 1728 1816 1768 exem-

165 1799 330 1873 plum
364 1798 513 1856 alios
546 1798 810 1867 invitare,
843 1802 910 1854 ut
939 1814 1043 1872 per
1070 1800 1305 1855 eosdem
1344 1800 1565 1871 gradus
1610 1817 1819 1857 ascen-

167 1890 327 1945 dant.
360 1889 429 1945 In
478 1886 670 1962 prima
716 1891 899 1959 parte,
945 1887 1145 1944 levans
1192 1887 1394 1944 oculos
1443 1889 1512 1944 ad
1562 1894 1815 1958 sanctos,

1921 745 2053 784 vero
2081 730 2316 784 dextera
2345 728 2673 801 spiritualis
2703 732 2792 784 est
2816 728 3095 801 operatio,
3127 745 3243 784 non
3274 729 3426 785 facta
3456 729 3571 787 nisi

1922 833 2026 891 pro
2056 817 2273 873 cmlesti
2308 816 2564 890 praemio.
3500 825 3504 828 ‘

1993 907 2064 961 Et
2104 908 2244 979 quia
2292 907 2579 963 Dominus
2636 911 2725 963 est
2778 906 3061 980 proiectio
3109 925 3286 981 super
3328 924 3571 966 manum

1923 997 2245 1063 tuam,ideo
2268 1018 2297 1046 «
2319 1014 2421 1068 per
2435 997 2648 1064 diem,»
2668 996 2725 1052 id
2749 1001 2839 1053 est
2858 1000 3120 1069 tempore
3141 996 3570 1070 prosperitatis,

1923 1110 1953 1138 ‹‹
1987 1086 2094 1154 sel,
2131 1108 2158 1135 ι)
2185 1086 2241 1141 id
2275 1091 2383 1156 est,
2409 1086 2844 1159 quantumlibet
2869 1085 3161 1142 altissima
3191 1085 3571 1159 prosperitas,

1924 1196 1953 1227 «
1986 1194 2101 1231 non
2135 1180 2264 1232 uret
2292 1180 2366 1243 te,
2404 1198 2430 1225 η
2461 1175 2519 1230 id
2550 1180 2639 1231 est
2667 1193 2782 1230 non
2814 1176 3038 1231 auferet
3065 1175 3171 1230 tibi
3203 1174 3439 1248 aliquod
3471 1174 3574 1231 bo-

1925 1283 2205 1336 num,nrc
2236 1265 2513 1338 perducet
2545 1270 2600 1320 te
2632 1266 2703 1321 ad
2735 1264 3077 1332 elationem;
3101 1286 3129 1315 ‹‹
3157 1281 3346 1337 neque
3375 1264 3573 1331 luna,»

1925 1354 1983 1410 id
2017 1359 2108 1411 est
2137 1354 2487 1428 gravissima
2535 1354 2881 1419 adversitas,
2915 1370 3041 1427 qua:
3093 1354 3240 1410 solet
3288 1354 3574 1427 quosdam’

1925 1456 2115 1510 arere,
2147 1444 2300 1500 sicut
2327 1444 2470 1500 luna
2497 1443 2687 1499 exurit
2716 1444 2984 1499 homines
3017 1443 3075 1499 in
3109 1446 3419 1511 nocte,non
3449 1447 3579 1501 uret

1926 1536 1983 1589 te
2002 1556 2029 1583 «
2054 1551 2157 1605 per
2178 1536 2467 1601 noctem,»
2489 1533 2547 1587 id
2567 1537 2655 1589 est
2674 1533 2733 1589 in
2753 1536 3012 1605 tempore
3034 1532 3578 1603 adversitatis,duni

1926 1622 2182 1677 maxime
2230 1621 2463 1693 urgebit
2511 1621 2641 1693 ipsa
2686 1621 3039 1690 adversitas;
3074 1620 3131 1677 id
3164 1623 3254 1678 est
3301 1639 3490 1695 neque
3517 1623 3579 1678 id

1927 1710 2223 1786 prosperis
2243 1709 2753 1782 extolleris,neque
2775 1710 2833 1765 in
2866 1710 3127 1767 adversis
3160 1711 3577 1785 frangeris.Vel

1926 1800 2009 1856 ita
2040 1800 2366 1856 secundum
2395 1797 2814 1870 Augustinum,
2846 1799 2944 1871 qui
2986 1815 3091 1871 per
3132 1798 3317 1855 solem
3366 1794 3581 1873 accipit

1926 1887 2225 1946 Christum
2283 1887 2611 1944 secundum
2669 1887 3059 1954 divinitatem,
3099 1890 3157 1944 et
3209 1903 3313 1960 per
3370 1886 3577 1949 lunam

165 1977 313 2052 petit
349 1994 456 2052 per
502 1993 707 2033 eorum
748 1976 1228 2033 intercessionem
1274 1976 1557 2033 auxilium
1588 1976 1818 2034 Domini
1850 2008 1897 2074 Β
1930 1979 2205 2035 eumdem
2236 1976 2561 2032 secundum
2594 1973 3044 2033 humanitatem.

166 2066 277 2124 sibi
309 2064 461 2123 dari.
492 2066 555 2122 In
589 2066 849 2123 secunda
896 2069 1079 2138 parte,
1114 2082 1241 2137 quae
1272 2065 1477 2138 incipit
1509 2082 1522 2122 :
1558 2089 1587 2117 ‹‹
1620 2066 1818 2123 Ι)οωί-

166 2172 279 2212 nus
301 2153 561 2212 custodit
584 2158 662 2223 ta,
688 2175 715 2205 »
742 2155 998 2211 atTirmat
1018 2171 1080 2210 se
1101 2153 1246 2210 illud
1273 2154 1488 2211 habere
1510 2154 1818 2224 auxilium,

167 2248 227 2302 et
254 2244 515 2301 ostendit
543 2244 701 2317 quod
733 2242 845 2299 sibi
873 2243 1081 2299 valeat.

236 2332 371 2390 Acsi
402 2333 689 2406 propheta
716 2332 800 2388 ita
830 2331 1101 2388 invitaret
1148 2332 1315 2399 alios,
1348 2333 1550 2389 dicens
1581 2350 1595 2389 :
1630 2335 1675 2390 Ο
1707 2334 1819 2390 fra-

168 2426 307 2490 tres,
332 2420 435 2495 qui
451 2421 578 2492 jam
608 2424 849 2492 peccata
876 2418 1342 2491 exuistis,levatc
1368 2420 1567 2477 oculos
1597 2425 1823 2478 vestros

170 2510 478 2568 interiores
509 2510 581 2566 ad
605 2513 840 2566 sanctos
870 2510 993 2578 Dei,
1018 2514 1084 2565 ut
1106 2527 1208 2582 per
1227 2527 1431 2566 eorum
1462 2510 1826 2567 intercessio-

171 2613 306 2657 nem
357 2598 645 2656 auxilium
694 2598 926 2655 Domini
977 2598 1294 2671 recipiatis,
1326 2605 1384 2655 et
1407 2599 1517 2655 hoc
1560 2599 1824 2673 exemplo

172 2689 313 2758 mei,
345 2688 445 2762 qui
476 2709 507 2739 ‹‹
536 2687 742 2759 levavi,
768 2709 797 2737 »
820 2687 877 2743 id
910 2691 999 2743 est
1026 2687 1178 2743 erexi
1212 2712 1239 2738 ‹‹
1276 2688 1475 2745 oculos
1507 2706 1688 2759 meos,
1716 2712 1742 2739 η
1765 2690 1825 2746 id

170 2781 262 2835 est
290 2777 646 2834 intentiones
676 2792 859 2847 meas,
880 2799 908 2827 ‹‹
929 2776 989 2831 in
1007 2776 1306 2845 montes,»
1329 2776 1386 2833 id
1404 2781 1493 2834 est
1509 2777 1567 2833 in
1591 2782 1827 2835 sanctos

168 2864 410 2939 angelos
439 2867 497 2921 et
524 2862 670 2920 alios
702 2867 955 2932 sanctos,
981 2862 1325 2920 assistentes
1356 2866 1676 2937 praesentia;
1699 2866 1827 2936 Dei,

174 2976 202 3005 «ι
233 2955 412 3022 unde,
441 2975 469 3003 »
500 2952 559 3007 id
590 2956 680 3007 est
701 2969 736 3007 a
763 2951 1002 3024 quibus,
1027 2974 1055 3001 ‹‹
1079 2952 1271 3007 veniet
1300 2953 1586 3009 auxilium
1620 2956 1827 3011 mihi.»

242 3043 385 3099 Dico
416 3041 573 3112 quod
603 3040 678 3095 ab
708 3040 826 3096 illis
855 3039 1142 3095 auxilium
1175 3040 1318 3096 mihi
1357 3044 1570 3110 veniet,
1605 3043 1704 3098 sed
1735 3048 1828 3099 ta—

171 3147 310 3187 men
343 3145 460 3183 non
491 3128 565 3182 ab
594 3126 713 3184 illis
743 3129 899 3201 quod
931 3127 1045 3201 ipsi
1078 3129 1238 3194 dent,
1262 3129 1363 3184 sed
1396 3130 1595 3202 potius
1621 3152 1651 3181 «
1673 3132 1831 3187 auxi-

170 3219 321 3276 lium
353 3233 553 3273 meum
586 3239 614 3267 ››
644 3216 757 3273 erit
785 3239 814 3267 «
848 3232 883 3272 ε.
916 3217 1179 3286 Domino,
1213 3217 1312 3289 qui
1363 3218 1501 3274 fecit
1530 3218 1743 3275 coelum
1774 3223 1833 3275 et

1998 2063 2370 2123 Continuatio
2393 2080 2407 2118 :
2432 2063 2579 2131 Quia
2610 2063 2892 2120 Dominus
2917 2064 3175 2121 custodit
3206 2068 3281 2132 te,
3316 2065 3446 2122 ideo
3476 2073 3581 2139 per

1928 2155 2106 2222 diem,
2122 2153 2179 2209 id
2194 2157 2301 2221 est,
2315 2153 2376 2208 in
2389 2151 2720 2226 cognitione
2749 2151 2909 2209 illius
2932 2153 3381 2211 illuminationis
3399 2172 3580 2227 quam

1927 2244 2174 2301 habebis
2204 2243 2276 2299 de
2302 2243 2431 2315 ipsa
2460 2242 2784 2310 divinitate,
2804 2242 2912 2311 sol,
2934 2241 2991 2297 id
3014 2246 3105 2299 est
3124 2242 3401 2300 divinitas
3422 2243 3582 2300 ΟΙπὶο

1930 2334 2027 2399 sti,
2061 2350 2177 2388 non
2210 2335 2340 2388 uret
2370 2336 2444 2398 te,
2479 2331 2537 2387 id
2564 2334 2671 2400 est,
2705 2349 2819 2388 non
2852 2331 3153 2405 permittet
3190 2333 3250 2388 te
3294 2349 3489 2390 errare
3519 2332 3581 2390 in

1930 2421 2261 2496 cognitione
2291 2438 2409 2476 suae
2440 2419 2759 2476 divinitatis
2789 2436 2802 2476 :
2837 2437 3028 2493 neque
3058 2419 3218 2490 luna,
3251 2420 3310 2477 id
3342 2424 3432 2477 est
3456 2410 3582 2495 ipse

1931 2510 2201 2567 Christus
2232 2511 2557 2567 secundum
2590 2509 3043 2578 humanitatem,
3080 2526 3195 2565 non
3237 2514 3367 2566 uret
3394 2514 3451 2566 te
3481 2527 3584 2582 per

1933 2604 2183 2667 noctem,
2210 2599 2267 2654 id
2291 2604 2400 2666 est,
2416 2599 2475 2655 in
2496 2598 2829 2672 cognitione
2850 2598 3262 2671 humanitatis,
3278 2603 3343 2655 ut
3360 2600 3436 2656 de
3455 2599 3586 2672 ipsa'

1932 2689 2302 2745 humanitate
2333 2689 2484 2743 male
2513 2692 2569 2743 te
2598 2688 2815 2744 sentire
2844 2688 3163 2761 permittat.

2006 2776 2153 2844 Quid
2188 2793 2290 2848 per
2316 2774 2595 2849 singula?
2614 2798 2643 2826 «
2671 2775 2957 2832 Dominus
2987 2775 3243 2833 custodit
3260 2781 3316 2832 te
3332 2779 3404 2833 ab
3421 2778 3583 2834 omni

1935 2866 2113 2933 malo,
2141 2887 2169 2916 »
2197 2864 2256 2920 id
2288 2868 2377 2921 est
2406 2865 2478 2921 ab
2504 2863 2663 2920 omni
2689 2867 2926 2937 peccato
2956 2880 2968 2919 :
3001 2865 3059 2920 et
3086 2865 3226 2936 quia
3252 2865 3409 2920 videt
3429 2858 3586 2922 mala

1934 2954 2245 3011 imminere
2275 2971 2377 3027 per
2405 2971 2533 3025 quae
2562 2951 2712 3008 solet
2726 2952 2902 3009 homo
2920 2952 3139 3023 impelli
3157 2953 3229 3008 ad
3252 2958 3581 3025 peccatum,

1935 3043 2077 3100 dicit
2106 3042 2218 3099 sibi
2248 3041 2361 3114 ipsi
2386 3059 2399 3097 :
2424 3042 2761 3098 «Dominus
2780 3063 2807 3090 »
2826 3040 2926 3114 qui
2947 3041 3206 3098 custodit
3227 3042 3585 3117 te,deinceps

1938 3156 1967 3184 «
1999 3132 2291 3189 custodiat
2321 3130 2580 3187 animam
2613 3134 2802 3186 tuam.

2008 3222 2126 3278 Hoc
2147 3221 2321 3277 modo
2344 3219 2597 3276 scilicet:
2619 3242 2649 3271 «
2667 3219 2953 3276 Dominus
2969 3220 3262 3278 custodiat
3280 3220 3585 3279 introitum

172 3311 418 3374 terram,
440 3326 470 3357 »
494 3306 554 3361 in
580 3322 696 3377 quo
728 3308 971 3378 apparet
998 3306 1127 3376 ejus
1160 3306 1445 3362 auxilium
1472 3323 1601 3364 esse
1629 3307 1830 3364 valens
1869 3373 1904 3383 _
1938 3314 2132 3378 tuum,
2159 3332 2187 3360 ››
2210 3309 2299 3366 vel
2330 3327 2465 3366 cum
2494 3308 2726 3365 duceris
2748 3313 2881 3366 ante
2902 3325 3069 3383 reges
3088 3312 3147 3366 et
3166 3311 3587 3382 praesidesmon

173 3400 232 3454 et
260 3397 409 3452 forte
438 3394 509 3452 ad
541 3395 892 3451 custodiam.

246 3485 389 3542 Dico
429 3484 714 3541 auxilium
764 3484 875 3540 erit
920 3484 1066 3539 mihi
1097 3502 1132 3540 a
1161 3485 1430 3554 Domino,
1457 3490 1534 3555 et,
1565 3503 1598 3541 o
1631 3487 1831 3543 anima

176 3590 327 3643 mea,
379 3573 478 3630 ille
507 3597 536 3625 ‹‹
569 3574 671 3647 qui
720 3574 979 3630 custodit
1023 3579 1103 3642 te,
1137 3596 1165 3623 η
1206 3574 1264 3629 id
1313 3578 1404 3630 est
1450 3574 1625 3643 Deus,
1658 3577 1829 3648 cujus

176 3664 463 3721 auxilium
493 3662 714 3719 sanctis
744 3663 1053 3719 orantibus
1084 3663 1378 3734 recepisti,
1415 3685 1445 3713 «
1467 3681 1583 3719 non
1615 3665 1713 3720 det
1733 3681 1830 3738 pe—

176 3751 310 3809 dem
338 3757 534 3819 tuum,
558 3772 586 3804 η
620 3752 681 3807 id
713 3755 802 3808 est
831 3752 1197 3807 affectionem
1230 3756 1417 3818 tuam,
1441 3776 1469 3802 ‹‹
1493 3752 1551 3807 in
1576 3770 1832 3809 commo-

176 3842 400 3899 tionem
435 3863 457 3891 ι
495 3845 561 3896 ut
590 3856 707 3897 non
755 3840 1179 3896 commovearis
1228 3841 1301 3895 ad
1350 3840 1548 3913 aliqua
1577 3840 1780 3898 illicita
1813 3859 1826 3897 :

182 3951 212 3981 α
241 3947 432 4003 neque
461 3952 489 3979 »
522 3930 701 3986 etiam
734 3953 763 3981 «
795 3929 1091 3998 dormitet,
1120 3950 1147 3979 »
1180 3929 1236 3985 id
1268 3934 1356 3986 est
1385 3948 1501 3986 non
1533 3931 1834 4005 permittat

179 4022 235 4075 te
263 4018 628 4094 negligenter
655 4018 903 4092 cperari.
937 4019 1101 4074 Tunc
1131 4018 1287 4075 enim
1320 4019 1604 4077 Dominus
1634 4024 1833 4077 custos

179 4110 380 4165 noster
407 4107 629 4165 dicitur
656 4107 991 4173 dormitare,
1025 4107 1166 4162 dum
1199 4107 1489 4179 permittit
1519 4124 1626 4163 nos
1657 4107 1836 4181 negli-

181 4200 384 4270 genter
430 4195 681 4271 operari.
732 4194 898 4251 Sicut
938 4194 1223 4250 Dominus
1273 4195 1541 4250 dormivit
1592 4195 1652 4250 in
1702 4196 1833 4253 navi

178 4285 385 4355 (Matth.
418 4287 570 4354 vm,)
598 4284 716 4341 illis
744 4283 1173 4357 negligentibus
1207 4287 1265 4339 et
1295 4284 1519 4340 securis
1548 4301 1652 4357 pro
1681 4288 1836 4341 tran-

180 4373 475 4446 quillitate
507 4373 689 4429 maris
720 4388 733 4427 :
769 4373 1169 4451 motis~autem
1199 4372 1318 4428 illis
1347 4376 1404 4428 et
1440 4372 1834 4431 clamantibus

177 4464 530 4537 tempestate
559 4461 763 4530 maris,
797 4460 1091 4536 evigilavit
1124 4461 1426 4529 Dominus,
1441 4466 1498 4517 et
1527 4462 1838 4536 diligenter

177 4567 278 4608 eos
300 4551 636 4609 custodivit.

246 4637 399 4698 Vere
424 4638 535 4696 tibi
565 4657 683 4696 non
713 4639 1055 4696 dormitabit
1082 4655 1270 4711 neque
1301 4639 1553 4695 dormiet
1581 4640 1683 4713 qui
1709 4658 1837 4697 cus-

1859 3373 1905 3446 C‘
1939 3404 2135 3456 taceas
2164 3399 2487 3465 veritatem,
2514 3416 2620 3455 nec
2651 3399 2823 3455 cedas
2853 3398 3034 3455 minis
3065 3416 3268 3455 eorum
3302 3416 3315 3456 :
3350 3423 3379 3451 ‹‹
3401 3404 3459 3458 et
3477 3402 3592 3458 exi-

1935 3492 2063 3545 tum
2096 3492 2287 3556 tuum,
2315 3511 2342 3538 »
2364 3488 2422 3544 id
2444 3492 2535 3543 est
2562 3488 2796 3561 quando
2828 3487 3060 3543 duceris
3092 3488 3165 3544 ad
3196 3492 3589 3551 mortem.non

1938 3595 2116 3650 neges
2146 3578 2451 3634 veritatem
2482 3577 2694 3633 timore
2727 3575 2933 3632 mortis
2969 3594 2982 3632 :
3016 3580 3076 3633 et
3105 3576 3215 3634 hoc
3245 3578 3424 3635 faciat
3447 3580 3590 3637 incia

1939 3667 2150 3740 piendo
2183 3690 2211 3716 «
2248 3684 2317 3722 ex
2344 3667 2454 3721 hoc
2486 3682 2663 3733 nunc,
2694 3688 2721 3714 ››
2743 3665 2799 3720 id
2824 3670 2915 3721 est
2944 3683 3013 3721 ex
3041 3665 3153 3723 hoc
3184 3669 3511 3741 praesentia
3535 3674 3595 3727 et

1938 3772 2128 3828 usque
2159 3755 2217 3810 in
2250 3755 2551 3823 saeculum,
2588 3777 2616 3803 ι»
2646 3753 2701 3810 id
2736 3757 2825 3809 est
2849 3754 3111 3827 quandiu
3146 3755 3385 3812 durabit
3409 3774 3591 3813 saecu-

1939 3845 2063 3901 lum
2094 3843 2275 3900 istud.

2423 3985 2496 4040 IN
2537 3982 2886 4040 PSALMUM
2927 3982 3110 4038 CXXI.

2280 4073 2556 4129 Trruws.
2592 4089 2607 4127 :
2638 4072 2929 4129 Canticum
2955 4069 3249 4143 graduum.

2015 4220 2041 4247 ‹‹
2078 4197 2329 4252 Lmtatus
2361 4212 2514 4252 sum.
2553 4217 2581 4244 »
2609 4194 2713 4251 Hic
2742 4193 3034 4250 habemus
3057 4192 3300 4249 tertium
3339 4196 3592 4268 gradum

1943 4284 2225 4360 gaudium
2244 4283 2387 4339 illud
2409 4284 2564 4356 quod
2585 4283 2761 4339 habet
2778 4282 2967 4338 fidelis
2989 4281 3098 4338 iste
3120 4272 3593 4355 quiloquitur,de

1942 4373 2054 4431 hoc
2083 4375 2239 4447 quod
2271 4372 2571 4446 cognoscit
2597 4389 2661 4428 se
2688 4372 2911 4427 iturum
2957 4372 3017 4427 in
3064 4373 3310 4428 domum
3357 4372 3593 4429 Domini

1943 4482 2122 4536 super
2148 4462 2441 4519 caelestem
2477 4458 2870 4528 Hierusalem;
2901 4464 2960 4517 et
2989 4460 3108 4531 iam
3129 4459 3188 4515 in
3211 4477 3280 4516 ea
3299 4476 3403 4533 spe
3425 4460 3591 4517 habi-

1941 4556 2049 4623 tat,
2073 4556 2130 4607 et
2151 4552 2222 4607 ad
2243 4548 2587 4622 hujusmodi
2616 4550 2866 4621 gradum
2886 4547 3140 4604 intendit
3158 4548 3403 4605 invitare
3422 4547 3589 4606 alios.

1944 4631 2010 4697 In
2042 4640 2233 4713 prima
2260 4642 2443 4713 parte,
2466 4636 2609 4693 dicit
2634 4654 2697 4693 se
2729 4636 2908 4692 laetari
2943 4636 3013 4692 de
3044 4635 3143 4691 illa
3166 4636 3387 4693 caelesti
3416 4637 3593 4694 domo

178 4727 326 4784 todit
354 4728 555 4797 Israel,
587 4729 729 4801 quia
756 4728 839 4784 ita
868 4728 1010 4784 facit
1032 4728 1312 4785 omnibus
1341 4728 1439 4800 qui
1464 4733 1605 4784 sunt
1628 4729 1831 4798 Israel;
1864 4747 1917 4813 Ι)
1944 4746 2122 4802 quam
2154 4728 2279 4800 ipse
2310 4725 2746 4782 inhabitaturus
2778 4728 2889 4792 est,
2921 4728 2979 4780 et
3008 4725 3273 4813 ostendit
3314 4741 3591 4807 magnam

180 4819 239 4872 ct-
265 4814 377 4873 hoc
404 4821 496 4873 est
528 4834 541 4873 :
576 4840 604 4868 ‹‹
636 4834 768 4873 ecce
797 4834 914 4872 non
945 4816 1291 4873 dormitabit
1313 4840 1339 4864 υ
1363 4817 1418 4871 id
1451 4821 1684 4884 est,non
1708 4836 1835 4890 per-

181 4904 364 4960 mittit
393 4904 571 4962 Israel
594 4906 958 4979 negligenter
976 4905 1237 4978 operari;
1265 4927 1292 4956 «
1318 4922 1505 4977 neque
1527 4907 1835 4975 dormiet,»

182 4990 240 5045 i’d
271 4996 360 5047 est
388 5011 505 5048 non
537 4994 827 5067 permittit
858 4995 1065 5066 pedem
1098 4993 1156 5048 in
1185 4994 1639 5050 commotionem
1685 4996 1832 5064 dari,

184 5082 250 5134 ut
279 5083 351 5138 ad
384 5082 619 5155 aliquod
650 5082 861 5138 vitium
894 5083 1252 5156 impcllatur.

255 5170 395 5228 Pars
419 5172 698 5228 secunda.
724 5196 753 5223 ‹‹
788 5171 1074 5228 Dominus
1105 5172 1362 5228 custodit
1384 5175 1455 5227 te.
1485 5194 1507 5223 η
1529 5172 1837 5230 Continua-

187 5257 300 5314 tio:
318 5260 438 5333 Ego
460 5277 666 5333 precor
694 5264 761 5317 ut
792 5261 1078 5317 Dominus
1103 5278 1216 5316 non
1238 5261 1335 5316 det
1356 5262 1561 5333 pedem
1587 5265 1752 5318 tuum
1774 5262 1834 5318 in

187 5349 660 5418 commotionem,
692 5353 750 5407 et
776 5349 857 5407 ita
884 5351 1016 5419 erit,
1050 5351 1190 5424 quia
1210 5374 1235 5400 ‹‹
1263 5350 1548 5406 Dominus
1579 5353 1841 5408 custodit

186 5436 242 5492 te
274 5458 301 5486 ››
351 5437 411 5492 in
460 5438 632 5495 bonis
681 5457 809 5511 qua:
852 5439 1162 5510 habemus,
1214 5444 1272 5496 et
1307 5464 1333 5489 ‹‹
1369 5440 1656 5495 Dominus
1690 5464 1719 5489 ››
1751 5447 1840 5498 est

187 5542 216 5573 «
247 5528 524 5596 protectio
553 5532 658 5584 tua
677 5550 704 5580 ››
729 5532 933 5584 contra
961 5529 1161 5585 malaa
1183 5547 1361 5601 super
1380 5546 1620 5584 manum
1642 5530 1835 5585 dexte-

187 5626 311 5669 ram
340 5618 504 5672 tuam
540 5638 568 5665 ››
596 5618 653 5671 id
684 5622 795 5684 cst,
828 5635 1006 5691 super
1035 5618 1401 5690 spiritualem
1433 5619 1831 5689 operationem

186 5703 370 5772 tuam,
400 5721 581 5776 quam
614 5705 740 5779 ipse
768 5707 1043 5774 custodit,
1079 5724 1151 5763 ne
1179 5707 1251 5763 de
1276 5708 1428 5763 bono
1478 5707 1733 5762 declinet
1763 5709 1834 5763 ad

188 5789 429 5847 malum.
463 5794 681 5851 Manus
705 5794 945 5850 sinistra
990 5794 1249 5851 hominis
1294 5798 1534 5852 vocatur
1577 5798 1836 5869 Operatio

1644 6094 1683 6123 ..λ

1944 4817 2290 4891 dignitatem
2324 4815 2482 4871 illius
2512 4814 2783 4881 civitatis,
2817 4817 2883 4868 ut
2910 4814 2982 4869 ad
3027 4812 3386 4869 desiderium
3432 4804 3594 4871 illius

1946 4905 2200 4963 maxime
2224 4905 2400 4960 corda
2419 4906 2799 4959 commoveat.
2816 4903 2878 4957 In
2901 4902 3179 4969 secunda,
3196 4920 3324 4975 quas
3346 4902 3554 4975 incipit
3575 4914 3615 4973 εν

1947 4998 2165 5067 Regale
2198 5013 2324 5065 qum
2358 4995 2429 5048 ad
2463 5009 2687 5065 pacem,
2724 5015 2751 5039 υ
2783 4991 2927 5046 dicit
2971 4991 3115 5062 ipsis
3163 4991 3389 5047 civibus
3437 4993 3592 5063 quod

1945 5086 2135 5141 multa
2164 5085 2317 5138 bona
2346 5083 2417 5136 de
2446 5080 2592 5153 ipsis
2621 5079 2900 5153 loquitur.
2934 5078 3150 5135 Ordine
3180 5095 3414 5152 quoque
3441 5081 3595 5136 bono

1944 5172 2185 5231 incedit.
2220 5172 2401 5229 Debet
2438 5169 2595 5226 enim
2642 5168 2743 5241 qui
2793 5174 3130 5225 sanctorum
3181 5158 3596 5226 intercessione

1946 5262 2056 5320 sibi
2091 5261 2353 5318 divinum
2393 5258 2678 5315 auxilium
2727 5256 3059 5330 acquisivit,
3093 5255 3384 5314 exsultare
3413 5260 3470 5313 et
3498 5256 3594 5313 la:-

1947 5351 2060 5408 tari
2091 5369 2194 5423 spe
2227 5354 2452 5405 mternze
2483 5348 2882 5403 habitationis.

2016 5441 2096 5497 Ac
2126 5440 2175 5497 si
2207 5440 2288 5494 ita
2316 5439 2537 5495 diceret
2569 5454 2582 5493 :
2613 5436 2731 5492 Vos
2759 5436 2915 5492 exuti
2947 5454 2981 5492 a
3009 5435 3187 5504 vitiis,
3219 5436 3319 5508 qui
3348 5438 3475 5509 jam
3507 5437 3595 5492 di-

1944 5530 2147 5587 vinum
2165 5528 2450 5585 auxilium
2467 5530 2803 5583 sanctorum
2829 5525 3245 5581 intercessione
3266 5525 3593 5598 accepistis,

1945 5621 2194 5694 gaudete
2225 5619 2296 5674 de
2328 5615 2642 5672 securitate
2671 5619 2895 5670 aeternae
2926 5614 3598 5687 habitationis,exemplo

1946 5708 2082 5775 mei,
2109 5706 2208 5779 qui
2244 5728 2271 5756 «
2302 5704 2534 5759 laetatus
2566 5720 2697 5759 sum
2720 5702 2777 5757 in
2801 5702 2892 5759 his
2914 5718 3043 5773 qum
3066 5703 3224 5760 dicta
3241 5706 3382 5759 sunt
3401 5704 3545 5760 mihi
3568 5727 3597 5761 η

1947 5815 1982 5854 a
2013 5794 2235 5872 Spiritu
2268 5796 2493 5861 sancto,
2524 5792 2614 5855 vel
2646 5811 2681 5848 a
2711 5791 2973 5876 quolibet
2997 5792 3440 5875 prophetarum,
3473 5797 3539 5857 ut
3566 5812 3602 5867 α
