3942 6400
392 458 512 523 635

765 462 1177 524 HAYMONIS
1226 463 1762 525 HALBERSTAT.
1812 462 2056 525 EPISC.
2105 463 2280 528 OPP.
2325 467 2530 532 PARS
2576 469 2622 531 Ι.
2671 506 2749 516 -
2792 473 3199 537 COMMENT.
3246 475 3444 538 BIBL.

3688 479 3794 544 636

394 594 591 672 Moyse
611 599 836 670 poterat
850 595 935 652 vel
954 595 1133 652 David
1151 597 1447 670 accepisse
1466 616 1478 653 :
1498 597 1621 655 hzec
1642 598 1880 671 quidem
1904 602 2044 657 sunt
2072 598 2128 667 Α
2157 598 2268 657 hoc
2299 601 2409 658 erit
2429 626 2457 653 ‹‹
2486 604 2853 663 abundantia
2878 630 2906 657 »
2929 607 3208 666 omnibus
3240 632 3269 660 α
3292 607 3673 684 diligentibus
3690 617 3791 670 te.»

394 686 540 743 mihi
572 687 727 741 dicta
759 704 771 740 :
802 710 827 735 ‹‹
863 687 929 740 In
957 687 1199 741 domum
1231 687 1461 742 Domini
1487 688 1763 755 ibimus,»
1786 690 1842 744 id
1867 695 1955 746 est
1976 692 2046 747 ad

392 777 685 834 cmlestem
708 776 1129 831 habitationem
1155 777 1693 851 perveniemus,ego
1711 783 1767 834 et
1784 778 1881 834 alii
1902 779 2046 835 mihi

391 864 750 931 consimiles,
776 863 876 936 qui
899 865 1048 936 jam,
1072 865 1229 921 vitiis
1251 865 1489 932 relictis,
1512 870 1851 923 sanctorum
1875 869 2049 924 inter-

388 955 651 1012 cessione
680 953 945 1008 divinum
968 959 1319 1025 acceperunt
1340 955 1623 1011 auxilium
1650 957 1803 1012 sicut
1824 958 2048 1029 ego.Li-

389 1048 480 1099 cet
510 1060 616 1117 ego
648 1042 839 1098 dicam
870 1043 1039 1115 quasi
1075 1044 1363 1111 futurum,
1389 1069 1413 1093 (ι
1444 1044 1501 1098 in
1535 1046 1778 1100 domum
1812 1048 2043 1102 Domini

389 1133 644 1203 ibimus;
672 1155 700 1181 »
732 1137 927 1189 tamen
954 1134 1080 1205 jam
1110 1133 1375 1189 inhabito
1407 1138 1600 1189 mente
1626 1135 1681 1190 in
1706 1134 1805 1191 illa
1828 1137 2038 1192 domo:

387 1221 497 1279 hoc
527 1226 637 1294 est,
670 1246 696 1271 ‹‹
731 1222 912 1295 pedes
942 1222 1148 1289 nostri,
1176 1246 1202 1271 »
1229 1222 1283 1277 id
1317 1227 1407 1278 est
1439 1226 1650 1278 nostrae
1686 1224 2042 1293 affectiones,

387 1337 415 1363 ι(
448 1316 677 1369 stantes
710 1316 897 1380 erant,
936 1334 962 1359 »
998 1310 1054 1366 id
1085 1314 1175 1367 est
1204 1312 1452 1367 firmiter
1489 1312 1781 1367 collocata:
1814 1319 1871 1368 et
1901 1315 2044 1369 bene

385 1406 610 1469 erectae,
644 1419 676 1457 o
709 1424 737 1450 ‹‹
775 1399 1136 1456 Hierusalem
1172 1424 1197 1450 »
1229 1401 1498 1469 cmlestis,
1528 1425 1553 1453 ‹‹
1581 1402 1637 1457 in
1668 1401 1832 1458 atriis
1866 1403 2040 1471 tuis,»

383 1492 445 1572 id
477 1494 568 1549 est
585 1491 643 1546 in
668 1494 770 1546 tua
792 1490 1198 1564 amplitudine.
1218 1491 1581 1547 Hierusalem
1607 1493 1960 1548 determinat
1982 1510 2044 1548 se

384 1611 503 1651 non
535 1589 727 1648 dicere
758 1581 829 1636 de
858 1583 1142 1650 terrestri,
1172 1582 1273 1637 sed
1298 1582 1369 1653 dp
1400 1580 1619 1637 caelesti
1654 1581 2040 1639 Hierusalem.

456 1680 631 1749 Quasi
652 1678 895 1734 diceret:
917 1691 949 1728 o
966 1670 1469 1737 Ilierusalem,nos
1486 1670 1778 1727 stabimus
1798 1671 1856 1726 in
1876 1672 2040 1729 atriis

382 1772 526 1839 tuis,
557 1772 615 1826 et
644 1768 767 1823 haec
800 1788 826 1816 ‹‹
862 1761 1226 1819 Hierusalem
1254 1782 1280 1809 »
1304 1762 1393 1815 est
1415 1781 1442 1809 «
1469 1776 1597 1831 qum
1629 1759 1953 1816 aedificatur
1977 1765 2042 1817 ut

381 1859 588 1917 civitas
614 1880 640 1907 »
666 1853 932 1929 quotidie
951 1850 1094 1907 vivis
1114 1849 1447 1922 lapidibus;
1472 1873 1499 1899 ‹‹
1528 1852 1593 1904 ut
1612 1849 1877 1918 civitas,«
1902 1851 2040 1923 quia

2229 692 2298 747 Et
2314 697 2380 748 ut
2395 710 2498 766 per
2514 699 2775 751 nostram
2794 697 3219 754 abundantiam
3237 700 3310 754 ad
3333 703 3495 756 tuam
3512 700 3795 774 possimus

2157 782 2456 851 pervenire
2503 783 2949 854 habitationem,
2984 809 3012 837 ‹‹
3047 787 3150 843 fiat
3182 810 3210 837 »
3259 788 3431 845 nobis
3464 811 3492 840 ‹‹
3521 808 3651 863 pax,
3686 814 3713 841 ι»
3740 790 3793 847 id

2153 874 2245 924 est
2275 871 2440 942 quies
2471 875 2526 927 et
2550 874 2765 931 mentis
2794 875 3193 948 tranquillitas
3217 893 3230 931 :
3257 877 3441 935 ethoc
3463 902 3489 928 «
3517 879 3576 933 in
3596 879 3795 936 virtute

2156 960 2277 1027 tua,
2313 983 2340 1009 »
2373 961 2430 1015 id
2463 966 2551 1017 est
2579 962 2636 1017 in
2669 963 2971 1034 charitate,
3007 982 3135 1037 quae
3169 965 3496 1038 specialiter
3536 967 3596 1023 in
3627 973 3681 1024 te
3714 986 3791 1024 rc-

2155 1054 2318 1119 gnat,
2347 1072 2374 1100 ‹‹
2397 1054 2454 1105 et
2477 1050 2533 1105 in
2561 1053 2824 1107 turribus
2856 1053 2998 1121 tuis,
3025 1077 3051 1103 »
3073 1053 3131 1110 id
3154 1060 3264 1122 est,
3285 1055 3502 1111 sanctis
3523 1056 3793 1129 apostolis

2154 1140 2213 1191 et
2242 1137 2373 1194 aliis
2403 1140 2505 1212 qui
2526 1158 2589 1196 se
2608 1146 3003 1213 exposuerunt
3023 1144 3193 1200 morti
3218 1163 3322 1217 pro
3345 1144 3677 1202 defensione
3696 1147 3792 1202 Ec-

2155 1225 2364 1295 clesiaz,
2381 1252 2407 1278 «
2435 1228 2511 1284 sit
2535 1230 2899 1287 abundantia
2918 1255 2944 1280 »
2963 1231 3247 1289 virtutum
3272 1233 3355 1289 vel
3380 1234 3794 1307 acquisitorum

2154 1316 2567 1388 praedicatione
2597 1338 2724 1387 sua,
2761 1323 2826 1376 ut
2854 1338 2990 1377 cum
3022 1321 3225 1378 multis
3257 1322 3395 1380 filiis
3426 1327 3535 1379 Deo
3566 1341 3627 1380 se
3656 1341 3792 1397 prac-

2153 1410 2388 1461 sentent
2418 1407 2475 1461 in
2501 1408 2749 1480 judicio.

2224 1494 2349 1550 Non
2381 1499 2614 1553 tantum
2646 1516 2849 1571 precor
2878 1504 2943 1555 ut
2972 1500 3049 1557 sit
3090 1518 3202 1573 pax
3247 1505 3306 1557 et
3348 1502 3708 1559 abundantia
3737 1503 3793 1559 in

2152 1582 2415 1638 turribus
2444 1585 2583 1653 tuis,
2617 1588 2717 1642 sed
2767 1586 2944 1643 etiam
2992 1588 3139 1643 bene
3185 1588 3395 1660 loquar
3432 1589 3502 1645 de
3535 1592 3588 1645 te
3617 1588 3747 1647 aliis
3778 1607 3790 1644 :

2151 1670 2261 1727 hoc
2287 1676 2394 1741 est,
2423 1673 2755 1746 «loquebar
2784 1693 2987 1748 pacem
3018 1699 3043 1725 »
3066 1675 3198 1732 aliis
3216 1700 3242 1726 «
3270 1677 3340 1732 de
3372 1681 3446 1745 te,
3471 1700 3499 1727 »
3530 1676 3587 1732 id
3617 1681 3709 1734 est
3737 1677 3791 1732 in

2149 1762 2205 1815 te
2237 1776 2439 1833 pacem
2471 1763 2906 1832 abundare,nec
2927 1766 2999 1821 ad
3025 1768 3184 1821 tuam
3207 1764 3691 1838 tranquillitatem
3716 1766 3795 1821 in-

2148 1848 2400 1922 quietos,
2424 1855 2482 1906 et
2510 1852 2637 1908 sine
2668 1868 2809 1925 pace
2836 1870 2972 1910 vera
3000 1853 3095 1909 hic
3129 1854 3384 1911 viventes
3413 1870 3585 1927 posse
3605 1872 3795 1927 perve-

380 1950 535 2006 cives
557 1945 642 2003 illi
659 1943 921 2002 caelestes
938 1939 1707 1998 coeuntadconscrvandam
1725 1939 2034 2012 unitatem,
2066 1972 2113 2037 Β
2148 1939 2273 1994 nire
2307 1956 2319 1995 :
2353 1943 2410 1996 et
2456 1940 2565 1997 hoc
2611 1940 2892 2014 loquebar
2922 1966 2950 1994 «
2984 1947 3222 2016 propter
3278 1944 3486 2001 fratres
3533 1960 3696 2000 meos
3740 1948 3795 2000 et

378 2043 447 2096 ut
467 2039 604 2111 jure
631 2034 829 2091 vivant
856 2035 915 2088 et
940 2029 1175 2086 unicam
1206 2029 1323 2085 Deo
1354 2026 1589 2083 laudem
1621 2027 1901 2085 faciant.«
1927 2028 2035 2085 Cu-

368 2129 475 2200 jus
497 2149 524 2179 »
550 2122 802 2183 civitatis
825 2145 851 2171 ‹‹
880 2117 1307 2193 participatio,»
1331 2116 1389 2172 id
1413 2121 1503 2173 est
1525 2118 1697 2188 cujus
1719 2117 1873 2173 cives
1894 2122 2036 2173 sunt

377 2214 696 2291 participes
729 2234 758 2264 ‹‹
789 2211 919 2282 ejus
948 2230 979 2261 »
999 2202 1108 2273 rei,
1131 2224 1259 2279 quae
1283 2205 1470 2261 tendit
1494 2229 1520 2254 ‹‹
1548 2205 1607 2260 in
1629 2205 1947 2277 idipsum,»
1974 2206 2032 2261 id

375 2308 469 2361 est
496 2302 557 2358 in
588 2297 1131 2357 immutabilitatem
1163 2294 1385 2349 scilicet
1404 2293 1590 2366 ipsius
1612 2293 1818 2349 divinae
1840 2312 2033 2349 essen-

375 2393 492 2461 tiaa,
517 2407 645 2463 quae
666 2392 757 2445 est
777 2384 1015 2443 refectio
1038 2382 1304 2439 omnium
1326 2381 1720 2437 habitantium
1742 2381 1803 2436 in
1826 2381 1927 2436 illa
1949 2381 2030 2436 ci-

374 2481 576 2537 vitate.
607 2475 710 2534 Vel
741 2475 913 2547 cujus
942 2470 1193 2528 civitatis
1222 2468 1702 2542 participatio,ita
1721 2470 1850 2525 dico
1872 2472 2028 2542 quod

376 2570 455 2627 sit
483 2569 614 2641 ejus
642 2562 919 2629 civitatis,
953 2561 1011 2617 id
1041 2563 1132 2617 est
1177 2558 1572 2615 communiter
1617 2557 1905 2630 omnium,
1940 2564 2032 2615 est

375 2659 624 2717 tendens
654 2655 713 2711 in
744 2653 1026 2726 idipsum,
1060 2649 1116 2705 id
1151 2652 1241 2705 est
1266 2647 1325 2703 in
1355 2663 1479 2704 rem
1509 2664 1637 2719 quae
1664 2646 1903 2703 omnino
1928 2647 2031 2703 im-

375 2744 680 2805 mutabilis
710 2747 819 2815 est,
844 2740 1069 2799 scilicet
1092 2761 1119 2790 ι(
1141 2738 1202 2794 in
1226 2738 1508 2811 idipsum,
1528 2757 1556 2786 ››
1578 2737 1762 2792 Deum
1786 2735 2028 2804 scilicet,

375 2841 435 2894 et
465 2837 590 2908 ipse
620 2834 775 2891 Deus
803 2828 1173 2905 participatio
1205 2830 1295 2885 est
1330 2825 1491 2882 illius
1540 2824 1792 2882 civitatis
1825 2843 1839 2882 :
1874 2831 1931 2882 et
1960 2843 2027 2883 eo

374 2927 526 2984 bono
549 2924 633 2981 illi
663 2923 816 2980 cives
845 2918 1221 2994 participant,
1253 2914 1523 2990 quamvis
1552 2933 1670 2972 non
1703 2915 2024 2988 aequaliter.

443 3017 515 3071 Et
542 3016 689 3071 bene
719 3010 849 3067 dico
881 3008 1037 3082 quod
1071 3025 1179 3063 nos
1215 3028 1242 3057 «
1272 3005 1333 3061 in
1366 3005 1625 3065 domum~
1652 3002 1883 3062 Domini
1916 3005 2025 3060 ibi-

373 3121 530 3173 mus,
562 3102 703 3177 quia
730 3100 892 3168 illuc,
930 3120 957 3148 »
989 3097 1046 3153 id
1078 3100 1168 3153 est
1197 3097 1269 3151 ad
1303 3094 1463 3151 illam
1514 3094 1808 3151 caelestem
1857 3093 2024 3150 habi-

371 3193 655 3252 tationem
686 3214 715 3241 ‹‹
745 3188 1136 3247 ascenderunt
1165 3185 1379 3256 tribus,
1412 3205 1440 3234 »
1473 3201 1591 3240 non
1636 3200 2023 3256 quaecunque,

371 3284 474 3340 sed
507 3306 535 3333 «
568 3281 758 3337 tribus
792 3275 1044 3344 Domini,
1082 3296 1109 3325 ››
1140 3273 1202 3330 id
1244 3277 1335 3330 est
1383 3273 1574 3329 tribus
1624 3272 1736 3328 illa:
1786 3290 1915 3345 qua:
1965 3272 2023 3327 in

370 3371 562 3427 multa
593 3364 990 3425 sollicitudine
1020 3343 1136 3419 Deo
1181 3362 1508 3419 servierunt
1541 3378 1553 3417 :
1586 3366 1645 3418 ct
1670 3343 2021 3417 determinat
2051 3343 2094 3409 (ἶ

370 3476 499 3532 quae
529 3457 650 3515 sint
680 3455 872 3511 tribus
902 3450 1157 3518 Domini,
1190 3450 1414 3506 scilicet
1446 3472 1473 3500 ‹‹
1506 3449 1911 3506 testimonium
1946 3450 2021 3506 Is-

371 3545 511 3614 rael,
545 3566 574 3597 »
606 3545 667 3601 id
699 3546 788 3599 est
816 3541 899 3597 illi
933 3540 1033 3612 qui
1064 3540 1219 3596 bona
1249 3539 1687 3595 conversatione
1732 3543 2022 3595 testantur

368 3652 433 3693 se
465 3632 642 3690 Israel
662 3648 791 3688 esse
815 3647 828 3685 :
854 3631 925 3685 ad
948 3630 1058 3685 hoc
1079 3628 1562 3695 ascenderunt,ut
1582 3627 1921 3683 laudaretur
1941 3627 2020 3683 ibi

366 3741 580 3781 nomen
608 3719 855 3778 Domini.
874 3720 991 3775 lloc
1014 3717 1159 3773 dicit
1182 3733 1194 3772 :
1221 3740 1247 3767 «
1275 3717 1346 3771 ad
1371 3717 1771 3773 confitendum
1796 3717 2017 3771 nomini

366 3812 657 3879 Domini,»
684 3811 857 3881 juxta
888 3807 1036 3862 illud
1061 3823 1073 3861 :
1103 3829 1131 3857 ‹‹
1154 3805 1314 3862 Beati
1347 3805 1445 3878 qui
1477 3805 1744 3862 habitant
1764 3806 1822 3860 in
1844 3807 2019 3861 domo

364 3906 485 3959 tua.
519 3899 786 3968 Domine,
822 3896 882 3953 in
912 3895 1127 3952 saecula
1154 3894 1503 3950 saeculorum
1531 3893 1858 3950 laudabunt
1886 3898 1962 3950 te.
1987 3917 2015 3946 »

365 3991 536 4065 (Psal.
571 3989 827 4056 Lxxxm.)
867 3987 994 4042 Non
1044 3988 1283 4057 propter
1327 3983 1440 4039 hoc
1485 3983 1646 4053 dicit,
1681 4006 1709 4033 ‹‹
1743 3985 2019 4039 ascende-

364 4084 524 4147 runt,
558 4101 587 4129 »
619 4077 777 4150 quod
811 4079 1073 4149 tempore
1105 4072 1284 4129 David
1307 4072 1602 4145 prophetae
1624 4071 1806 4145 aliqui
1828 4073 2020 4128 adhuc

364 4167 788 4235 ascendissent,
804 4165 907 4222 sed
925 4168 1124 4220 tamen
1143 4163 1272 4219 ideo
1294 4178 1399 4236 per
1417 4161 1775 4235 prmteritum
1795 4179 2022 4219 annun-

364 4258 475 4316 tiat
504 4256 645 4331 quia
672 4257 868 4311 certus
897 4256 1044 4323 erat,
1075 4269 1179 4325 per
1206 4252 1418 4308 merita
1464 4250 1931 4323 patriarcharum
1963 4255 2022 4307 et

364 4347 614 4405 aliorum
639 4345 966 4417 justorum,
990 4341 1145 4414 quod
1170 4340 1281 4413 ipsi
1315 4340 1373 4395 in
1404 4340 1656 4396 adventu
1678 4339 2020 4396 mediatoris

365 4439 563 4496 essent
592 4430 894 4491 ascensuri
925 4431 997 4487 ad
1029 4429 1193 4486 illam
1226 4428 1519 4486 ccelestem
1553 4429 1936 4485 Hierusalem.

435 4527 507 4581 Et
535 4540 666 4581 vere
697 4522 1114 4586 ascenderunt,
1148 4519 1289 4591 quia
1330 4524 1389 4574 et
1438 4518 1517 4574 ibi
1566 4518 1743 4574 etiam
1783 4518 2019 4591 judices

365 4612 670 4671 constituti
701 4615 877 4679 sunt;
906 4610 1018 4666 hoc
1055 4613 1146 4665 est
1177 4625 1190 4664 :
1226 4631 1253 4658 ‹‹
1290 4606 1430 4679 quia
1480 4606 1619 4674 illic,
1654 4630 1682 4657 »
1712 4606 1771 4663 id
1819 4611 1911 4663 est
1958 4608 2017 4663 in

2141 2028 2439 2100 proximos
2486 2036 2651 2086 'meos
2680 2053 2708 2081 »
2742 2030 2964 2088 scilicet
2994 2035 3060 2089 ut
3088 2031 3147 2089 in
3177 2031 3263 2090 eis
3314 2031 3489 2089 talem
3517 2048 3793 2105 ponerem

2141 2133 2366 2189 pacem,
2390 2135 2509 2190 qua
2538 2125 2779 2191 possent
2808 2121 3108 2193 pervenire
3139 2122 3212 2178 ad
3246 2137 3517 2195 supernze
3545 2120 3794 2178 civitatis

2141 2221 2343 2276 pacem
2377 2211 2437 2262 ct
2473 2206 2919 2267 habitationem.
2959 2231 2987 2259 ‹‹
3014 2210 3247 2266 Fratres
3281 2234 3309 2261 »
3342 2210 3557 2284 accipit
3605 2210 3793 2282 magis

2120 2292 2251 2361 sibi
2282 2295 2351 2350 ad
2351 2295 2593 2366 junctos
2614 2300 2671 2351 et
2690 2296 2914 2352 similes
2936 2296 2993 2351 in
3019 2298 3191 2355 bonis
3212 2299 3491 2372 Operibus
3512 2317 3526 2369 ;
3551 2324 3578 2350 ι(
3603 2298 3792 2373 proxi-

2140 2400 2289 2449 mos,
2327 2406 2354 2433 »
2382 2401 2769 2456 quoscunque
2798 2384 3186 2443 Christianos.

2209 2474 2278 2527 Et
2310 2489 2424 2527 non
2456 2475 2686 2527 tantum
2716 2473 2890 2529 verbo
2934 2473 3217 2546 loquebar
3246 2475 3318 2530 de
3349 2477 3424 2543 te,
3461 2478 3563 2533 sed
3615 2477 3796 2534 etiam

2137 2578 2310 2634 Opere
2339 2564 2397 2617 et
2426 2559 2624 2617 labore
2657 2585 2683 2610 ‹‹
2710 2560 2949 2633 quaesivi
2978 2562 3134 2618 bona
3165 2562 3326 2631 tibi,»
3358 2562 3415 2618 id
3441 2569 3551 2632 est,
3578 2565 3796 2622 multos

2137 2650 2292 2707 cives
2321 2650 2531 2706 attraxi
2558 2668 2569 2706 :
2603 2654 2661 2707 et
2689 2650 2801 2707 hoc
2830 2650 2959 2707 ideo
2991 2651 3132 2723 quia
3161 2652 3373 2708 domus
3404 2651 3507 2708 Dei
3539 2667 3604 2709 es
3639 2672 3651 2709 :
3689 2655 3797 2711 hoc

2136 2744 2227 2796 est
2256 2740 2412 2811 quod
2444 2739 2588 2796 dicit
2618 2756 2631 2795 :
2666 2763 2692 2790 ‹‹
2728 2743 2966 2813 propter
2996 2740 3238 2796 domum
3270 2739 3503 2797 Domini
3535 2741 3639 2798 Dei
3694 2761 3795 2801 no-

2137 2828 2241 2886 stri
2252 2871 2264 2884 .
2299 2851 2327 2880 »

2611 2918 2683 2974 IN
2726 2917 3075 2975 PSALMUM
3115 2918 3325 2976 CXXII.

2482 3007 2739 3064 Trruws
2772 3025 2785 3063 :
2821 3006 3109 3064 Canticum
3145 3006 3439 3080 graduum.

2207 3121 2234 3149 ‹‹
2269 3098 2349 3154 Ad
2385 3100 2438 3153 te
2469 3096 2648 3153 levavi
2673 3095 2878 3153 oculus
2902 3112 3118 3154 meos.»
3144 3098 3310 3154 Sicut
3330 3097 3389 3153 in
3412 3096 3543 3155 aliis
3564 3098 3791 3154 dictum

2131 3191 2241 3253 est,
2276 3191 2333 3242 et
2361 3187 2471 3242 hoc
2504 3185 2806 3260 przemisso
2837 3186 3067 3259 psalmo
3098 3185 3357 3243 ostendit
3388 3204 3449 3243 se
3478 3186 3671 3243 ﬁdelis
3701 3186 3790 3243 lo-

2132 3276 2232 3349 qui
2250 3280 2306 3331 et
2321 3276 2577 3349 gaudere
2598 3275 2671 3331 de
2693 3274 3055 3331 habitatione
3075 3274 3293 3331 ccclesti
3316 3278 3400 3331 :et
3419 3275 3515 3331 hic
3535 3273 3790 3331 familia-

2132 3366 2214 3422 ris
2235 3365 2361 3437 jam
2395 3364 2584 3420 factus
2616 3362 2726 3436 ipsi
2749 3364 2886 3429 Deo,
2910 3362 3112 3437 dirigit
3137 3362 3343 3421 oculus
3365 3364 3436 3420 ad
3461 3363 3788 3438 ipsum,po-

2130 3454 2280 3510 situs
2310 3453 2463 3509 inter
2492 3451 2791 3509 molestias
2814 3452 2995 3524 hujus
3018 3453 3168 3508 vitae.
3195 3453 3258 3508 In
3280 3453 3473 3525 prima
3493 3457 3788 3529 parte,os-

2128 3543 2317 3599 tendit
2339 3541 2539 3598 oculos
2560 3542 2633 3597 ad
2654 3541 2841 3597 Deum
2863 3558 2925 3598 sc
2945 3541 3215 3614 dirigere.
3231 3542 3293 3597 In
3314 3542 3571 3598 secunda
3594 3546 3786 3614 parte,

2130 3648 2256 3704 qua:
2288 3629 2530 3703 incipit:
2564 3654 2592 3681 «
2629 3630 2899 3686 Miserere
2930 3629 3137 3699 nostri,
3171 3630 3435 3700 Domine,
3462 3652 3491 3681 »
3513 3634 3786 3703 precatur

2130 3720 2617 3777 misericordiam.
2646 3719 2897 3775 Intentio
2941 3724 3032 3777 est
3079 3736 3187 3775 nos
3234 3719 3454 3776 hortari
3504 3720 3575 3775 ad
3623 3719 3783 3775 hunc

2128 3809 2400 3883 gradum,
2431 3812 2487 3864 et
2515 3807 2846 3881 specialiter
2875 3808 2935 3867 in
2964 3808 3175 3882 primis
3205 3808 3338 3865 istis
3353 3811 3577 3882 septem
3600 3807 3784 3882 loqui-

2130 3903 2229 3955 tur
2259 3900 2330 3954 dc
2360 3898 2553 3954 Veteri
2586 3899 2988 3954 Testamento.

2201 3986 2376 4054 Quasi
2410 3988 2491 4043 ita
2521 3988 2740 4043 diceret
2771 4003 2785 4042 :
2815 3986 2932 4043 Vos
2976 3985 3151 4060 positi
3182 3987 3242 4043 in
3273 3985 3672 4054 tribulatione,
3703 3985 3781 4041 le-

2126 4081 2257 4134 vate
2292 4077 2493 4133 oculos
2521 4080 2748 4133 vestros
2771 4076 2843 4132 ad
2866 4076 3074 4145 Deum,
3090 4075 3245 4133 sicut
3268 4093 3373 4150 ego
3397 4099 3422 4126 ‹‹
3448 4074 3629 4133 levavi
3653 4092 3785 4132 ocu-

2128 4166 2217 4222 los
2249 4183 2411 4222 meos
2439 4189 2468 4216 ››
2502 4164 2809 4222 interiores
2840 4189 2868 4215 ‹‹
2902 4166 2975 4221 ad
3005 4168 3083 4232 te,
3118 4187 3147 4215 »
3180 4182 3213 4221 ο
3245 4165 3420 4234 Deus,
3446 4164 3545 4238 qui
3576 4168 3782 4237 potens

2128 4273 2190 4312 es
2221 4255 2529 4323 exaudire;
2563 4254 2674 4310 hoc
2702 4257 2886 4322 notat,
2912 4254 3115 4311 dicens
3139 4270 3151 4310 :
3177 4276 3206 4305 «
3231 4253 3332 4327 qui
3353 4253 3577 4311 habitat
3597 4252 3659 4309 in
3679 4270 3783 4310 ca:-

2128 4344 2224 4401 lis.
2248 4367 2277 4395 »
2300 4344 2401 4400 Ille
2429 4342 2646 4400 dicitur
2675 4342 2877 4400 oculos
2909 4344 2981 4400 ad
3014 4344 3199 4401 Deum
3231 4343 3481 4417 dirigere
3509 4341 3630 4416 qui,
3666 4359 3777 4399 non

2128 4434 2428 4490 confidens
2461 4433 2520 4488 in
2553 4433 2646 4489 his
2677 4431 2951 4503 terrenis,
2984 4432 3042 4488 in
3075 4431 3199 4490 solo
3226 4431 3475 4490 Domino
3505 4430 3776 4487 fiduciam

2126 4521 2312 4596 ponit.

2199 4608 2469 4665 Ostendit
2484 4608 2780 4680 quomodo
2796 4607 2997 4665 oculos
3013 4607 3229 4682 dirigat
3243 4609 3315 4664 ad
3335 4608 3531 4682 ipsum
3552 4607 3734 4664 Deum
3757 4621 3770 4660 :

366 4702 468 4759 illa
496 4700 855 4759 habitatione
876 4723 904 4749 ‹‹
928 4699 1207 4755 sederunt
1228 4719 1255 4749 »
1282 4696 1452 4769 quasi
1474 4696 1765 4769 judices,«
1788 4698 2015 4764 Sedes,»
2048 4713 2097 4778 D
2128 4723 2156 4748 ‹‹
2188 4699 2334 4753 Ecce
2364 4696 2519 4753 sicut
2547 4696 2701 4753 oculi
2720 4697 3099 4754 servorumin
3118 4696 3392 4754 manibus
3407 4695 3773 4753 dominorum

364 4793 423 4849 id
455 4797 546 4849 est
575 4791 659 4846 illi
688 4790 749 4846 in
783 4789 1001 4862 quibus
1032 4788 1195 4844 sedet
1234 4787 1388 4843 Deus
1437 4790 1494 4842 et
1541 4785 1791 4858 quiescit
1816 4786 1876 4841 in
1908 4787 2017 4843 hac

364 4883 519 4939 vita:
546 4878 1005 4948 scdebunt,dieo
1040 4900 1067 4929 «
1093 4877 1150 4932 in
1177 4875 1402 4949 judicio
1428 4899 1454 4925 »
1477 4877 1769 4946 futuro,ut
1792 4876 2016 4948 ipsiju-

366 4972 581 5037 dicent,
596 4968 820 5025 scilicet
839 4966 1261 5023 consentiendo
1282 4964 1489 5021 divinae
1512 4970 1711 5020 senten
1723 4965 1812 5020 tiae
1829 4964 2017 5035 ;judi-

365 5061 585 5115 cabunt
613 5058 769 5114 enim
802 5056 987 5113 sancti
1031 5055 1296 5111 nationes
1329 5054 1727 5126 :judicabunt
1776 5052 2016 5126 quidem

366 5149 479 5222 ipsi
510 5148 638 5204 dico
669 5146 891 5220 praelati
923 5170 948 5196 ‹‹
985 5145 1153 5202 sedes
1184 5162 1361 5216 super
1390 5145 1632 5199 domum
1664 5144 1864 5211 David,
1906 5166 1931 5191 »
1959 5143 2016 5198 id

366 5242 455 5293 est
482 5254 661 5308 super
697 5235 983 5291 familiam
1027 5233 1497 5290 Christianorum
1550 5231 1835 5299 fidelium,
1869 5249 2017 5304 quos

365 5324 477 5397 ipsi
510 5327 581 5380 ad
613 5324 995 5381 salvationcm
1021 5322 1397 5396 judicabunt.

439 5433 468 5462 ι(
503 5412 741 5485 Rogato.
769 5436 795 5462 »
829 5412 968 5468 Pars
999 5412 1275 5468 secunda.
1301 5412 1474 5478 Quasi
1500 5411 1719 5466 diceret
1743 5429 1756 5467 :
1781 5411 1898 5467 Vos
1920 5411 2019 5467 tri-

366 5499 499 5566 bus,
534 5516 661 5570 quae
704 5502 833 5573 jam
872 5502 953 5557 ibi
985 5501 1224 5571 sedetis,
1262 5523 1289 5551 ‹‹
1324 5505 1540 5574 rogate,
1578 5524 1599 5549 ιο
1637 5500 1693 5556 id
1721 5505 1811 5557 est
1840 5501 2017 5574 petite

364 5591 420 5640 et
451 5587 763 5656 impetrato
813 5589 983 5645 nobis
1030 5590 1304 5662 precibus
1353 5590 1563 5648 vestris
1605 5593 1661 5645 et
1695 5591 1922 5647 meritis
1951 5608 2020 5647 ea

363 5694 388 5717 α
426 5688 558 5740 quae
586 5680 726 5732 sunt
756 5700 784 5726 »
818 5677 1041 5733 utilia.«
1073 5679 1145 5733 ad
1178 5702 1204 5728 »
1241 5680 1711 5751 consequendam
1749 5702 1776 5730 «
1812 5697 2017 5751 pacem

359 5754 728 5819 Hierusalem
754 5781 766 5817 ε
794 5785 821 5813 ››
856 5764 939 5819 sic
971 5770 1187 5836 rogate,
1221 5768 1277 5822 id
1311 5771 1398 5823 est
1427 5767 1689 5839 quaerite,
1722 5791 1748 5817 «
1783 5773 1840 5824 et
1861 5792 1888 5820 »
1915 5787 2019 5842 per

2128 4804 2393 4856 suorum,
2422 4808 2450 4835 »
2483 4790 2550 4842 ut
2570 4784 2809 4858 aliquod
2834 4787 2905 4842 ab
2930 4786 3057 4859 ipso
3079 4786 3429 4843 beneficium
3452 4785 3769 4858 accipiant:

2128 4879 2239 4949 vel,
2274 4878 2325 4934 si
2358 4877 2682 4950 puniantur
2711 4893 2746 4932 a
2775 4876 3035 4945 domino,
3067 4880 3132 4932 ut
3162 4876 3502 4932 liberentur.

2200 4970 2271 5024 Et
2291 4992 2317 5019 ‹‹
2347 4966 2501 5022 sicut
2531 4965 2685 5021 oculi
2715 4964 2939 5021 ancillae
2964 4989 2991 5014 »
3016 4964 3287 5021 similiter
3313 4968 3451 5021 suut
3471 4987 3498 5016 ‹‹
3516 4963 3572 5019 in
3597 4962 3774 5018 mani-

2130 5059 2240 5113 bus
2264 5056 2514 5113 dominze
2539 5073 2679 5125 suae,
2694 5054 2775 5110 ita
2791 5054 2943 5110 oculi
2963 5054 3149 5110 nostri
3167 5055 3240 5110 ad
3258 5052 3569 5109 Dominum
3590 5052 3769 5107 Deum

2128 5151 2419 5214 nostrum,
2445 5146 2629 5200 donec
2649 5144 3000 5199 misereatur
3029 5141 3270 5212 nostri,»
3295 5141 3380 5199 vel
3404 5160 3437 5199 a
3458 5140 3771 5197 tribulatio-

2130 5237 2305 5292 nibus
2332 5235 2655 5301 liberando,
2677 5232 2765 5288 vel
2793 5248 3158 5306 quaecunque
3190 5230 3471 5288 beneﬁcia
3491 5229 3767 5286 faciendo.

2128 5327 2445 5398 Postquam
2471 5322 2617 5379 dixit
2643 5323 2714 5378 de
2745 5323 2951 5391 servis,
2968 5322 3097 5377 ideo
3129 5321 3408 5394 supponit
3425 5321 3495 5375 de
3517 5316 3768 5374 mulieri-

2126 5417 2258 5484 bus,
2292 5418 2358 5471 ut
2383 5414 2441 5470 in
2474 5430 2540 5469 eo
2573 5429 2715 5468 sexu
2748 5410 2992 5467 salvatio
3027 5410 3227 5467 futura
3255 5408 3644 5482 intelligatur:
3672 5423 3769 5478 per

2128 5503 2424 5572 mulieres,
2447 5519 2575 5575 quae
2607 5499 2955 5557 naturaliter
2980 5500 3204 5574 fragilis
3234 5502 3376 5556 sunt
3403 5496 3767 5571 corporis,ac-

2127 5594 2383 5666 cipimus
2399 5610 2515 5649 non
2534 5591 2727 5647 solum
2745 5588 3017 5657 feminas,
3032 5589 3134 5645 sed
3158 5589 3335 5645 etiam
3358 5586 3586 5659 aliquos
3606 5581 3768 5656 fragi-

2126 5683 2211 5740 les
2241 5684 2428 5739 viros:
2459 5681 2673 5737 iterum
2696 5680 2850 5734 inter
2866 5678 3021 5735 viros
3042 5677 3364 5751 accipimus
3384 5675 3665 5749 quasdam
3689 5691 3770 5729 ro-

2127 5773 2332 5829 bustas
2352 5769 2627 5827 mulieres
2643 5786 2656 5823 :
2672 5772 2729 5824 et
2746 5768 2901 5823 sicut
2915 5768 3154 5824 domina
3175 5765 3498 5840 promptior
3513 5764 3583 5819 ad
3608 5761 3770 5819 misc-
