3944 6406
114 351 196 405 m
916 322 921 327 ’
1466 339 1821 397 COMMENT.
1864 340 1934 398 1N
1974 341 2133 399 GEN.

3423 360 3523 415 198

109 476 196 545 pta
222 475 273 526 et
290 470 418 543 ipso
446 467 697 525 nomine
725 466 943 537 legitur
970 466 1031 522 in
1062 466 1233 523 Isaia.
1263 465 1479 522 Carhet
1501 479 1746 538 quoque
1780 466 1827 522 Α
1858 462 2195 531 signiﬁcare
2211 468 2472 526 activam
2490 470 2677 528 vitam
2698 475 2756 528 et
2771 473 3323 546 contemplativam.
3340 478 3526 539 Abra-

105 567 332 635 quartus
359 563 465 629 est,
524 574 560 614 a
588 575 711 631 quo
736 557 1011 621 Casadei,
1042 556 1103 612 id
1153 561 1243 612 est
1261 555 1523 612 Chaldaei
1552 554 1750 610 vocati

106 656 243 706 sunt.
283 648 505 715 Batuel,
555 648 633 704 de
676 664 801 721 quo
857 648 1146 715 Rebecca,
1207 650 1265 702 et
1322 645 1547 710 Laban,
1578 648 1750 717 pater

107 743 203 796 Liie
222 744 276 796 et
299 737 541 794 Rachel.

692 882 918 937 CAPUT
956 882 1134 937 XXIII.

167 1009 327 1064 Vsus.
361 1007 405 1062 1.
424 1038 495 1048 —
528 1008 690 1063 Via-it
711 1011 912 1062 autem
941 1006 1140 1062 Saraa
1172 1009 1407 1061 centum
1432 1003 1751 1074 viginlise-

98 1104 240 1167 ptem
270 1098 444 1153 annis
475 1103 532 1153 et
583 1102 824 1151 mortua
852 1100 936 1151 est
972 1096 1037 1150 in
1080 1095 1325 1150 civitate
1372 1093 1584 1155 Arbee,
1618 1106 1750 1163 quas

103 1193 176 1242 est
215 1187 472 1252 Hebron,
507 1186 639 1255 ipsa
685 1189 773 1241 est
815 1184 1105 1240 Mambre.
1142 1183 1437 1249 Qumritur
1483 1198 1590 1237 cur
1621 1196 1740 1237 una

102 1276 284 1331 civitas
311 1274 503 1331 tribus
558 1272 863 1346 appellata
914 1277 1007 1329 est
1058 1272 1449 1339 nominibus;
1506 1271 1746 1326 Hebron

101 1364 389 1437 proprium
417 1368 476 1419 et
505 1364 825 1435 antiquum
854 1366 944 1417 est
969 1378 1217 1427 nomen,
1249 1366 1305 1417 et
1332 1378 1370 1417 a
1398 1361 1745 1431 gigantibus

100 1454 390 1527 quondam
422 1453 667 1509 condita
696 1456 803 1514 est,
835 1451 951 1508 Sed
975 1451 1254 1518 nonnulli,
1282 1450 1559 1507 Chebron
1586 1466 1694 1523 per
1717 1463 1749 1503 c

99 1547 149 1599 et
170 1544 208 1600 Ιι
228 1542 643 1616 apirationem,
672 1541 822 1597 sicut
850 1540 1141 1596 cherubin
1160 1539 1488 1610 legendum
1508 1543 1745 1611 putant,

100 1648 207 1688 non
236 1647 338 1705 per
368 1631 567 1687 solum
618 1646 667 1687 ε.
700 1634 850 1699 Lege
879 1629 1398 1702 interpretationes
1429 1628 1746 1685 Hebraico-

100 1738 217 1777 rum
273 1721 592 1777 nominum
632 1719 793 1776 beati
849 1719 1215 1791 Hieronymi,
1263 1722 1319 1775 et
1356 1718 1437 1773 ita
1488 1718 1748 1789 reperies

1857 553 2005 609 ham
2034 572 2173 612 vero
2202 557 2462 628 ﬁguram
2485 561 2963 630 gessitdoctoris.
2994 563 3128 620 Sicli
3143 580 3410 640 namque
3432 585 3525 626 ar-

1859 644 2055 711 gentei
2086 645 2395 703 scientiam
2412 649 2739 707 ostendunt
2757 650 3102 709 divinorum
3118 653 3520 727 eloquiorum,

1857 732 2131 792 videlicet
2195 740 2589 811 utrorumque
2651 742 3157 799 Testamentorum
3223 744 3522 818 Scriptum

1857 837 2125 896 namque
2146 828 2267 882 est:
2295 827 2530 897 eloquia
2552 830 2810 895 Domini,
2843 831 3075 902 eloquia
3099 840 3286 901 casta,
3310 849 3522 906 argew

1859 916 1986 967 tum
2026 914 2165 982 igne
2192 917 2603 973 examinatum
2639 919 2825 987 (Psal.
2849 934 2925 985 x1,
2954 919 3027 991 7).
3060 920 3224 977 Unde
3248 927 3307 979 et
3331 930 3522 981 cente-

1858 999 2063 1055 narius
2119 1007 2334 1073 quater
2379 1004 2595 1062 ductus
2645 1005 3081 1078 plenitudinem
3130 1013 3328 1081 potest
3369 1011 3522 1070 desi-

1859 1102 2043 1156 gnere
2096 1090 2406 1164 utriusque
2458 1094 2610 1160 vitae.
2641 1110 2779 1166 quae
2810 1111 2917 1168 per
2962 1096 3272 1157 scientiam
3320 1099 3524 1158 divina

1857 1177 2097 1251 eloquia
2150 1181 2256 1251 [Z.,
2299 1181 2481 1237 divini
2528 1183 2778 1256 eloquii]
2834 1185 3227 1258 adimplendo
3282 1190 3517 1246 emitur.

1859 1269 2002 1334 Quae
2031 1284 2155 1326 non
2186 1270 2484 1329 immerito
2515 1273 2781 1344 probatae
2812 1279 3067 1332 monetae
3098 1277 3354 1348 publicae
3378 1278 3522 1336 dici—

1858 1362 1969 1412 tur.
2006 1361 2069 1413 ln
2122 1365 2367 1415 moneta
2396 1360 2638 1432 publica
2668 1367 2724 1417 et
2756 1362 2959 1432 imago
3009 1364 3166 1432 regis
3204 1370 3261 1421 et
3297 1382 3521 1423 nomen

1854 1445 2175 1517 invenitur,
2234 1453 2292 1504 et
2340 1448 2636 1518 signiﬁcat
2681 1450 3042 1521 decalogum
3090 1452 3263 1525 legis,
3313 1454 3418 1511 ubi
3468 1459 3526 1513 et

1856 1535 2119 1603 cognitio
2180 1537 2279 1593 Dei
2332 1542 2389 1592 et
2431 1554 2654 1597 nomen
2703 1538 2922 1597 divinae
2974 1541 3307 1613 majestatis
3361 1543 3520 1600 inve.

1856 1622 2035 1679 nitur.
2094 1624 2372 1696 Sepelivit
2411 1627 2616 1699 itaque
2671 1627 2982 1685 Abraham
3038 1631 3294 1687 Saraam
3341 1631 3405 1689 in
3436 1647 3525 1687 se-

1855 1710 2066 1783 pulcro
2102 1711 2348 1784 duplici,
2381 1714 2527 1786 quia
2566 1715 2772 1774 anima
2818 1731 2955 1788 qum
2984 1717 3208 1775 saeculo
3265 1719 3522 1777 moritur

99 1811 227 1883 quia
250 1826 353 1884 per
388 1811 494 1866 chi
539 1812 811 1866 Graecam
851 1808 1219 1864 scribuntur.
1248 1810 1343 1863 Est
1386 1812 1589 1863 autem
1619 1807 1747 1862 haec
1788 1819 1828 1873 Β
1857 1805 1921 1856 ut
1982 1803 2102 1858 Deo
2166 1801 2346 1871 vivat,
2416 1805 2670 1873 geminae
2736 1806 2872 1861 vitae
2910 1807 3116 1879 requie
3176 1808 3520 1881 suscipitur,

100 1901 324 1956 civitatis
372 1900 434 1955 in
466 1914 689 1971 campo
731 1897 1064 1954 latitudinis
1099 1897 1212 1952 sito
1259 1896 1337 1953 ab
1369 1896 1535 1962 IElia,
1569 1895 1631 1951 id
1658 1900 1747 1952 est

102 1989 532 2061 Hierosolymis,
568 1987 795 2057 viginti
843 1986 1087 2043 duobus
1130 1985 1396 2041 millibus
1445 1989 1742 2057 separata.

101 2080 273 2135 Arbee
308 2094 472 2145 vero,
505 2077 676 2150 quod
703 2077 765 2132 in
792 2076 1165 2149 quibusdam
1194 2074 1502 2131 codicibus
1528 2074 1745 2145 Arboc,

100 2168 208 2223 sive
243 2168 431 2223 Arbec
452 2170 733 2239 corrupte
761 2164 997 2236 legitur,
1030 2180 1067 2220 a
1096 2180 1371 2230 numero,
1399 2164 1461 2219 id
1488 2169 1575 2219 est
1598 2180 1746 2236 qua-

99 2262 237 2327 tuor,
265 2272 487 2313 nomen
515 2255 721 2327 habet,
746 2253 1022 2311 videlicct
1049 2254 1196 2327 quia
1236 2254 1318 2310 ibi
1346 2259 1609 2326 quatuor
1638 2269 1745 2325 pa-

96 2346 348 2402 triarchas
405 2344 627 2419 sepulti
657 2348 817 2400 sunt.
849 2344 1042 2400 Adam
1072 2358 1356 2413 magnus,
1408 2347 1465 2399 et
1494 2343 1747 2399 humani

98 2436 309 2505 generis
336 2439 532 2508 pater,
565 2438 633 2490 ut
672 2434 734 2490 in
779 2435 923 2489 Jesu
976 2432 1131 2488 libro
1175 2431 1439 2505 apertius
1469 2431 1748 2488 demons—

100 2528 283 2593 tratur,
314 2529 369 2580 et
424 2523 757 2590 Abraham,
791 2523 960 2579 Isaac
1013 2526 1071 2578 et
1096 2521 1300 2578 Iacob.
1358 2520 1544 2588 Unde,
1597 2521 1749 2576 sicut

99 2613 326 2686 quidam
355 2613 581 2671 nostris
612 2611 989 2685 temporibus
1020 2610 1452 2682 Hierosolymis
1481 2610 1748 2683 veniens,

102 2703 366 2774 prodente
420 2702 600 2770 Beda,
656 2701 953 2758 moderno
984 2699 1249 2769 doctore,
1286 2699 1483 2756 retulit
1513 2699 1751 2772 spelun-

100 2808 215 2849 cam
240 2793 565 2866 duplicem,
590 2807 778 2866 qnam
810 2791 954 2847 emit
970 2790 1298 2858 Abraham,
1321 2807 1441 2846 uno
1464 2790 1541 2846 ad
1559 2791 1752 2847 orien-

100 2886 201 2937 tem
239 2882 428 2939 stadio
460 2883 525 2938 in
555 2881 708 2937 valle
729 2881 987 2945 habens,
1020 2880 1125 2935 ubi
1156 2879 1476 2953 sepulturae
1501 2880 1748 2951 praedic—

98 2977 274 3029 torum
314 2972 800 3046 patriarcharum
830 2971 1129 3044 quadrato
1163 2986 1336 3026 muro
1375 2970 1749 3027 circumdan-

96 3066 195 3123 tur,
231 3063 414 3118 versis
447 3060 749 3135 capitibus
780 3060 858 3116 ad
889 3060 1258 3132 aquilonem,
1284 3063 1344 3115 et
1368 3059 1605 3129 singula
1633 3060 1750 3116 sin-

1855 1890 1917 1945 id
1946 1895 2035 1947 est
2060 1892 2293 1948 actione
2322 1893 2467 1953 boni
2498 1895 2696 1967 operis
2725 1900 2784 1955 et
2825 1896 3331 1969 contemplatione
3364 1898 3522 1955 Divi-

1854 1980 2075 2038 nitatis.

1932 2070 2215 2126 Dicamus
2260 2075 2317 2127 et
2345 2072 2719 2129 manifestius
2750 2088 2874 2129 non
2926 2078 3132 2130 nostra
3177 2075 3519 2144 inserendo,

1859 2159 1967 2215 sed
1994 2159 2155 2216 beati
2176 2177 2352 2233 papa:
2373 2162 2636 2232 Gregorii
2659 2162 2819 2221 dicta
2835 2163 3340 2237 propalando.Ait
3358 2166 3522 2224 enim

1858 2249 2020 2305 idem
2043 2250 2403 2322 praedicator
2436 2251 2745 2321 egregius:
2770 2252 2923 2313 Quid
2952 2253 3129 2311 nobis
3144 2268 3252 2326 per
3266 2254 3522 2313 Abrahae

1859 2339 2086 2412 duplex
2136 2340 2483 2412 sepulcrum
2532 2341 2821 2409 innuitur,
2865 2342 2981 2401 nisi
3024 2344 3191 2416 quod
3222 2344 3521 2417 perfectus

1859 2430 2117 2503 quisque
2142 2431 2504 2503 praedicator
2547 2433 2902 2491 exstinctam
2953 2449 2989 2488 a
3036 2436 3347 2507 pmsenﬁs
3388 2435 3522 2494 vitae

1858 2519 2173 2577 desideriis
2194 2522 2461 2578 animam
2484 2537 2661 2579 suam
2679 2522 2793 2578 sub
2817 2522 2995 2579 bonae
3021 2525 3385 2596 operationis
3404 2530 3524 2595 teg-

1860 2611 2022 2665 mine
2078 2615 2136 2666 et
2166 2611 2690 2684 contemplationis
2744 2611 3083 2681 abscondit,
3114 2619 3175 2670 ut
3220 2631 3258 2673 a
3297 2614 3524 2674 carnali

1859 2700 2348 2772 concupiscentia
2393 2700 2507 2757 sub
2537 2700 2733 2758 activa
2781 2701 3369 2776 contemplativaque
3405 2704 3526 2760 vita

1856 2789 2036 2861 quasi
2063 2789 2427 2846 insensibilis
2450 2789 2654 2857 lateat,
2678 2806 2822 2862 qum
2863 2790 3029 2863 prius
3050 2791 3263 2848 mundi
3293 2792 3527 2849 deside-

1856 2878 1947 2933 ria
1973 2879 2236 2935 sentiens
2265 2879 2594 2937 mortaliter
2636 2879 2897 2939 vivebat.
2948 2880 3112 2938 Unde
3143 2886 3200 2938 et
3226 2897 3334 2954 per
3361 2897 3525 2952 egre-

1860 2968 2026 3037 gium
2065 2968 2525 3040 praedicatorem
2551 2968 2803 3025 dicitur:
2844 2970 3075 3027 Μονιαὶ
3097 2972 3255 3027 enim
3293 2973 3430 3030 estis
3468 2977 3524 3029 et

1858 3059 1984 3113 vita
2028 3063 2227 3115 vestra
2274 3058 2629 3114 abscondita
2685 3059 2771 3117 est
2824 3073 2958 3115 eum
3004 3058 3245 3115 Christo
3283 3061 3348 3116 in
3401 3062 3523 3117 Deo

99 3150 233 3219 gulis
258 3156 410 3208 tecta
437 3150 769 3224 lapidibus,
792 3150 983 3206 instar
999 3149 1279 3216 basilicae,
1299 3148 1747 3215 dolatis;trium
1781 3180 1820 3233 ρ
1857 3147 2011 3219 (σοι.
2060 3164 2139 3211 ιιι,
2202 3149 2276 3218 3).
2333 3147 2541 3205 Activa
2589 3147 2816 3219 quippe
2864 3148 2987 3204 vita
3024 3147 3371 3218 sepulcrum
3412 3152 3522 3219 est,

96 3239 559 3309 patriarcharum
632 3238 933 3308 candidis,
994 3238 1194 3294 Adam
1248 3237 1616 3294 obscurioris
1691 3244 1749 3294 et

98 3326 288 3384 viliolis
320 3330 543 3403 operis,
576 3329 681 3401 qui
707 3329 828 3386 aud
852 3328 1032 3397 longe
1061 3328 1141 3384 ab
1170 3327 1285 3384 illis
1330 3327 1410 3383 ad
1439 3327 1747 3384 borealem

98 3421 533 3490 extremamque
572 3416 733 3473 muri
781 3416 938 3472 illius
984 3420 1219 3490 partem
1264 3420 1500 3488 pausat.
1548 3417 1747 3473 Trium

100 3520 319 3578 quoque
348 3506 715 3563 feminarum
750 3506 1017 3563 minores
1059 3510 1117 3561 et
1167 3505 1401 3561 viliores
1440 3506 1748 3562 memoriae

101 3600 417 3652 cernuntur.
452 3596 723 3653 Mambre
752 3612 1020 3667 namque
1060 3594 1249 3663 collis,
1276 3594 1440 3652 mille
1469 3595 1750 3668 passibus

103 3696 134 3737 a
178 3684 579 3741 monumentis
617 3684 710 3740 his
739 3685 819 3741 ad
863 3685 1117 3740 boream
1165 3689 1423 3757 partem,
1458 3684 1751 3741 herbosus

102 3771 253 3828 valde
292 3778 347 3830 et
375 3773 661 3843 ﬂoribus,
717 3778 1118 3847 campestrem
1168 3773 1403 3830 habens
1432 3773 1494 3829 in
1537 3775 1752 3830 vertice

104 3860 488 3933 planitiem,in
527 3864 702 3935 cujus
731 3863 1071 3937 aquilonari
1095 3868 1265 3936 parte
1286 3879 1545 3936 quercus
1572 3863 1730 3919 Abra

100 3949 179 4006 hac
206 3952 459 4027 duorum
490 3953 814 4011 hominum
840 3952 1169 4010 altitudinis
1195 3958 1464 4023 truncus,
1497 3953 1625 4008 inde
1647 3938 1758 4025 cir:

102 4041 364 4098 cumdata
390 4048 500 4099 est.
531 4041 652 4098 Sed
681 4042 945 4100 Mambre
967 4042 1177 4099 civitas
1207 4058 1281 4098 ex
1309 4042 1583 4115 quodam
1605 4041 1757 4102 ami-

103 4144 289 4186 corum
345 4131 610 4189 Abrahm
658 4131 746 4188 sic
776 4136 992 4188 vocata
1048 4137 1156 4188 est.
1216 4134 1281 4188 Et
1304 4132 1433 4188 haec
1464 4136 1555 4188 est
1600 4132 1753 4189 ratio

102 4232 266 4289 quare
300 4221 494 4277 tribus
524 4220 841 4279 vocabulis
871 4220 1249 4278 nominatur.

163 4309 369 4366 Deinde
388 4310 611 4380 legitur
628 4310 885 4383 qualiter
898 4310 1207 4367 Abraham
1229 4309 1373 4366 emit
1397 4308 1753 4382 speluncam

103 4393 379 4469 duplicem
400 4399 481 4455 ab
503 4400 750 4472 Ephron
770 4400 1017 4455 Hethaao
1038 4398 1458 4472 quadragintis
1480 4398 1638 4455 siclis
1662 4415 1752 4455 ar-

1857 3239 2001 3311 quia
2029 3237 2233 3311 pravis
2280 3237 2567 3309 operibus
2614 3243 2884 3295 mortuos
2914 3236 3075 3306 tegit.
3118 3237 3233 3293 Sed
3262 3243 3525 3295 contem-

1858 3327 2086 3401 plativa
2131 3327 2448 3400 perfectius
2506 3326 2734 3398 sepelit,
2790 3327 2937 3398 quia
2966 3343 3003 3382 a
3033 3326 3260 3382 cunctis
3311 3326 3525 3383 mundi

1858 3416 2197 3474 actionibus
2228 3415 2495 3473 funditus
2545 3414 2777 3474 dividit.
2821 3416 3102 3489 Quisquis
3132 3431 3276 3486 ergo
3301 3416 3433 3487 jam
3464 3417 3526 3472 in

1860 3523 1923 3562 se
1945 3504 2339 3563 contumelias
2355 3505 2553 3565 carnis
2575 3504 2863 3571 edomuit,
2883 3510 3159 3577 superest
3183 3511 3247 3565 ut
3262 3510 3527 3565 mentem

1859 3612 1968 3669 per
2017 3595 2220 3653 studia
2249 3602 2474 3652 sancta
2502 3594 2863 3668 operationis
2919 3600 3210 3652 exerceat.
3256 3599 3326 3653 Et
3365 3596 3530 3669 quis-

1860 3686 1997 3759 quis
2022 3686 2151 3757 jam
2179 3689 2443 3743 mentem
2472 3700 2578 3758 per
2608 3688 2818 3742 sancta
2850 3700 3036 3757 opera
3059 3684 3289 3756 dilatat,
3321 3702 3527 3758 super-

1862 3781 1952 3832 est
1976 3781 2040 3832 ut
2068 3778 2227 3832 hanc
2248 3791 2441 3847 usque
2465 3774 2544 3833 ad
2571 3778 2797 3831 secreta
2822 3774 3044 3832 intimae
3077 3774 3530 3846 contemplatio-

1862 3866 1956 3922 nis
1983 3866 2284 3923 extendat.
2318 3869 2522 3937 Neque
2543 3864 2704 3921 enim
2728 3863 3031 3937 perfectus
3061 3863 3419 3936 praedicator
3440 3868 3531 3921 est

1862 3957 1968 4029 qui
1998 3955 2093 4012 vel
2122 3959 2367 4029 propter
2395 3952 2918 4026 contemplationis
2949 3952 3217 4009 studium
3268 3968 3527 4026 operan-

1861 4047 1944 4104 da
1994 4045 2262 4116 negligit,
2321 4044 2418 4101 vel
2470 4048 2716 4117 propter
2764 4043 3133 4116 operationis
3178 4042 3529 4103 instantiam

1863 4135 2337 4209 contemplanda
2371 4133 2703 4207 postponit.

2470 4261 2695 4317 CAPUT
2732 4262 2889 4317 XXIV
2904 4304 2917 4316 .

1934 4391 2107 4447 Vens.
2146 4392 2194 4445 l.
2211 4417 2287 4429 —
2312 4387 2464 4445 Erat
2492 4390 2692 4444 autem
2717 4385 3031 4445 Abraham
3055 4401 3241 4445 senex
3269 4386 3531 4444 dierum-

102 4487 242 4553 genti
273 4488 585 4561 probatiet
610 4494 869 4545 monetae
901 4488 1255 4562 publicae,et
1285 4488 1370 4545 ibi
1404 4487 1639 4560 sepulta
1664 4492 1753 4544 est
1777 4542 1820 4562 ἢ
1860 4495 1976 4551 que
2002 4479 2351 4536 multorum.
2388 4478 2458 4533 Ut
2485 4475 2776 4534 Salomon
2823 4476 2931 4535 ait:
2967 4476 3128 4537 Cani
3151 4484 3290 4536 sunt
3320 4490 3529 4535 sensus

110 4542 293 4633 sana:
310 4542 509 4651 lup—nﬁd—
522 4542 1751 4652 ἐξῆέῷξέηῖιξιβξὶῷᾙῴ-ξιδωᾷηἐξιοὸη
1777 4542 1821 4597 D
1862 4542 2139 4637 hominis,
2166 4573 2221 4627 et
2270 4572 2415 4625 astas
2443 4567 2761 4623 senectutis
2788 4567 2913 4624 vita
2941 4567 3335 4625 immaculata
3359 4567 3524 4641 (Sap.

106 4664 372 4728 scribitur.
408 4667 756 4726 secundum
794 4668 993 4737 Efran,
1024 4671 1358 4741 postquam
1405 4667 1595 4739 pretio
1634 4667 1753 4723 vic~

108 4754 187 4807 tus
211 4761 313 4823 est,
341 4762 408 4814 ut
464 4757 815 4831 sepulcrum
844 4758 1151 4826 venderet,
1185 4761 1244 4814 et
1278 4757 1513 4829 accepit
1540 4772 1752 4827 argen-

106 4845 234 4913 tum,
278 4845 411 4903 licet
470 4853 726 4919 cogente
780 4847 1120 4915 Abraham,
1174 4862 1294 4904 vau
1349 4846 1563 4910 littera,
1612 4862 1751 4920 quae

110 4933 252 5003 apud
274 4934 401 4993 illos
428 4953 547 5011 pro
573 4953 656 4994 au
688 4937 749 5009 [f.
776 4938 837 5009 ο]
865 4937 1104 5008 legitur,
1136 4936 1342 4994 ablata
1379 4936 1455 4993 de
1485 4937 1617 5009 ejus
1646 4952 1752 4993 no-

1856 4676 1937 4724 1V,
1969 4660 2044 4732 8).
2069 4662 2137 4717 Et
2156 4657 2306 4715 illud
2331 4675 2345 4714 :
2382 4658 2596 4717 Coram
2626 4671 2781 4713 cano
2804 4656 2998 4731 capite
3026 4672 3225 4728 surge.

1933 4751 2108 4807 Vens.
2140 4754 2172 4807 2
2202 4763 2397 4819 seq.—-
2424 4748 2708 4819 Dixitque
2734 4746 2817 4804 ad
2842 4761 3081 4803 servum
3105 4746 3397 4802 maiorem
3420 4744 3528 4801 do-

1860 4856 1992 4898 mus
2021 4854 2163 4908 suae,
2196 4839 2300 4909 qui
2321 4841 2588 4906 praeerat
2618 4835 2891 4891 omnibus
2920 4849 3054 4905 qua
3083 4832 3378 4891 habebat:
3412 4832 3530 4890 Po-

1860 4946 2003 4989 nam
2034 4943 2280 4987 manum
2310 4932 2477 4984 tuam
2508 4924 2619 4983 sub
2640 4924 2869 4995 femore
2889 4938 3038 4990 meo,
3068 4927 3137 4978 ut
3164 4922 3445 4992 adjurem
3472 4928 3529 4980 te

108 5020 246 5079 mine
268 5030 375 5095 est,
396 5010 458 5083 et
487 5042 602 5099 pro
628 5026 807 5083 Efron
828 5026 1167 5100 appellatus
1182 5029 1277 5083 est
1292 5025 1503 5083 Efran:
1529 5025 1751 5097 signiﬁ-
1854 5036 1971 5091 per
1994 5024 2175 5076 Deum
2207 5017 2346 5074 caeli
2364 5020 2419 5075 et
2440 5020 2635 5083 terrai,
2666 5015 2725 5069 et
2748 5010 3001 5084 reliqua.
3034 5010 3189 5081 Quid
3220 5010 3344 5069 vult
3371 5013 3529 5070 Deus

110 5117 258 5168 caute
317 5115 628 5189 Scriptura
698 5132 824 5173 non
878 5132 1018 5173 eum
1074 5115 1260 5172 fuisse
1315 5118 1753 5173 consummatis
1864 5107 1999 5167 caeli
2025 5108 2101 5164 ad
2132 5106 2330 5164 femur
2356 5104 2631 5173 Abrahae,
2655 5101 2769 5160 nisi
2801 5106 2866 5159 ut
2890 5105 3294 5172 cognoscatur
3323 5118 3528 5161 sacra-

113 5200 477 5278 perfectzeque
506 5205 762 5273 virtutis,
802 5205 905 5279 qui
958 5205 1221 5279 potuerit
1258 5205 1588 5261 memorias
1616 5219 1757 5262 ven—
1863 5197 2176 5259 mentum?
2206 5200 2317 5253 Per
2345 5193 2540 5251 femur
2569 5192 2730 5251 enim
2752 5206 2943 5262 genus
2981 5191 3343 5263 intelligitur.
3374 5195 3529 5263 Ergo

112 5284 230 5345 dere
278 5300 681 5352 mortuorum.
730 5295 933 5352 Sciant
959 5296 1140 5367 igitur
1167 5294 1275 5368 qui
1304 5294 1584 5367 sepulcra
1612 5310 1755 5352 ven-
1863 5305 2002 5364 quae
2031 5286 2141 5344 fuit
2168 5285 2269 5342 illa
2286 5281 2647 5354 conjuratio,
2672 5282 2791 5340 nisi
2809 5282 2958 5357 quia
2979 5281 3434 5353 significabatur
3452 5282 3529 5339 de

115 5373 294 5446 ditant,
324 5388 379 5441 et
403 5400 533 5442 non
566 5389 868 5456 coguntur
885 5390 952 5442 ut
975 5384 1275 5457 accipiant
1302 5383 1562 5457 pretium
1594 5383 1699 5441 sed
1719 5400 1757 5441 a
1867 5393 2083 5450 genere
2109 5374 2366 5433 Abrahaa
2386 5375 2708 5431 venturum
2728 5371 3033 5429 Christum
3060 5370 3125 5426 in
3152 5370 3373 5427 carne?
3398 5373 3533 5430 Tra-

117 5466 424 5529 noantibus
479 5490 733 5547 quoque
779 5478 1157 5548 extorquent,
1180 5473 1505 5531 immutare
1531 5489 1757 5530 nomen
1868 5469 2020 5526 dunt
2049 5465 2275 5523 Hebraei
2303 5462 2472 5535 quod
2515 5461 2577 5521 in
2606 5459 3079 5521 sanctiﬁcatione
3104 5459 3257 5533 ejus,
3288 5460 3403 5517 hoc
3440 5464 3531 5518 est

120 5570 288 5628 suum,
316 5567 371 5620 et
394 5563 593 5638 perire
618 5563 769 5637 quid
797 5563 873 5620 de
904 5564 1115 5622 merito
1147 5578 1381 5629 eorum,
1413 5579 1552 5619 cum
1574 5563 1759 5620 etiam
1868 5553 2343 5620 circumcisione,
2363 5550 2673 5623 juraverit.
2696 5549 2811 5608 Sed
2831 5548 3046 5607 melius
3073 5548 3531 5622 intelligendum

117 5639 199 5699 ille
220 5652 671 5722 reprehenditur
697 5653 930 5711 occulte
971 5669 1044 5711 ex
1083 5652 1200 5710 hoc
1233 5651 1401 5725 quod
1421 5650 1644 5708 invitus
1665 5667 1761 5708 ac-
1871 5651 1960 5705 est
1977 5646 2182 5718 jurare
2212 5658 2354 5700 eum
2376 5641 2442 5699 in
2460 5640 2690 5698 semine
2718 5638 2998 5706 Abi-aha,
3030 5639 3147 5701 hoc
3167 5645 3257 5701 est
3276 5639 3530 5713 Christo,

122 5738 328 5806 ceperit.
1871 5736 2018 5810 quia
2043 5735 2171 5808 ipse
2227 5730 2515 5790 Dominus
2543 5733 2699 5788 Deus
2747 5728 2880 5787 οωιὶ
2920 5730 2984 5789 in
3015 5745 3198 5788 carne
3245 5732 3533 5789 venimus

179 5822 276 5885 30d
327 5832 648 5890 sciendum
685 5835 778 5891 est
799 5831 949 5907 quia
975 5831 1275 5925 spelunca
1302 5830 1531 5905 duplex
1548 5832 1750 5905 potest
1874 5830 1982 5897 est,
2012 5840 2153 5899 quae
2182 5823 2257 5889 de
2277 5821 2379 5882 illo
2399 5820 2628 5882 femore
2648 5824 2991 5896 propagata
3016 5823 3126 5879 est.
