  <div class='ocr_page' id='page_1' title='image "/cluster/home/n/w/nwhite01/storage/ocr_20150623/115-116/uc1.31175006916467/1060.png"; bbox 0 0 3942 6360; ppageno 0'>
   <div class='ocr_carea' id='block_1_1' title="bbox 168 444 289 509">
    <p class='ocr_par' dir='ltr' id='par_1_1' title="bbox 168 444 289 509">
     <span class='ocr_line' id='line_1_1' title="bbox 168 444 289 509; baseline -0.008 0"><span class='ocrx_word' id='word_1_1' title='bbox 168 444 289 509; x_wconf 83' lang='grc'>63⁵1</span> 
     </span>
    </p>
   </div>
   <div class='ocr_carea' id='block_1_2' title="bbox 1336 441 2388 511">
    <p class='ocr_par' dir='ltr' id='par_1_2' title="bbox 1336 441 2388 511">
     <span class='ocr_line' id='line_1_2' title="bbox 1336 441 2388 511; baseline 0.002 -2"><span class='ocrx_word' id='word_1_2' title='bbox 1336 441 1841 509; x_wconf 76' lang='lat' dir='ltr'>EXPLANATIO</span> <span class='ocrx_word' id='word_1_3' title='bbox 1874 441 1962 510; x_wconf 84' lang='lat' dir='ltr'>IN</span> <span class='ocrx_word' id='word_1_4' title='bbox 2003 443 2388 511; x_wconf 82' lang='lat' dir='ltr'>PSALMOS.</span> 
     </span>
    </p>
   </div>
   <div class='ocr_carea' id='block_1_3' title="bbox 3471 445 3597 510">
    <p class='ocr_par' dir='ltr' id='par_1_3' title="bbox 3471 445 3597 510">
     <span class='ocr_line' id='line_1_3' title="bbox 3471 445 3597 510; baseline 0 0"><span class='ocrx_word' id='word_1_5' title='bbox 3471 445 3597 510; x_wconf 83' lang='lat'>638</span> 
     </span>
    </p>
   </div>
   <div class='ocr_carea' id='block_1_4' title="bbox 168 574 3589 652">
    <p class='ocr_par' dir='ltr' id='par_1_4' title="bbox 168 574 3589 652">
     <span class='ocr_line' id='line_1_4' title="bbox 168 574 3589 652; baseline -0.001 -17"><span class='ocrx_word' id='word_1_6' title='bbox 168 578 423 636; x_wconf 90' lang='lat' dir='ltr'>rendum</span> <span class='ocrx_word' id='word_1_7' title='bbox 440 593 619 651; x_wconf 89' lang='lat' dir='ltr'>quam</span> <span class='ocrx_word' id='word_1_8' title='bbox 636 574 913 633; x_wconf 90' lang='lat' dir='ltr'>dominus</span> <span class='ocrx_word' id='word_1_9' title='bbox 930 576 1253 647; x_wconf 89' lang='lat' dir='ltr'>dicitur,ita</span> <span class='ocrx_word' id='word_1_10' title='bbox 1274 579 1427 634; x_wconf 83' lang='lat' dir='ltr'>Deus</span> <span class='ocrx_word' id='word_1_11' title='bbox 1448 582 1826 651; x_wconf 78' lang='lat' dir='ltr'>comparatur</span> <span class='ocrx_word' id='word_1_12' title='bbox 1851 579 1907 646; x_wconf 73' lang='grc' dir='ltr'><strong>Α</strong></span> <span class='ocrx_word' id='word_1_13' title='bbox 1937 582 2026 634; x_wconf 89' lang='lat' dir='ltr'>set</span> <span class='ocrx_word' id='word_1_14' title='bbox 2047 580 2282 647; x_wconf 89' lang='lat' dir='ltr'>nos,sed</span> <span class='ocrx_word' id='word_1_15' title='bbox 2302 580 2583 652; x_wconf 88' lang='lat' dir='ltr'>quoniam</span> <span class='ocrx_word' id='word_1_16' title='bbox 2615 579 2727 637; x_wconf 87' lang='lat' dir='ltr'>fuit</span> <span class='ocrx_word' id='word_1_17' title='bbox 2757 579 2816 636; x_wconf 90' lang='lat' dir='ltr'>in</span> <span class='ocrx_word' id='word_1_18' title='bbox 2846 580 3035 649; x_wconf 91' lang='lat' dir='ltr'>nobis,</span> <span class='ocrx_word' id='word_1_19' title='bbox 3061 603 3089 630; x_wconf 85' lang='lat'><strong><em>«</em></strong></span> <span class='ocrx_word' id='word_1_20' title='bbox 3115 578 3315 637; x_wconf 89' lang='lat' dir='ltr'>anima</span> <span class='ocrx_word' id='word_1_21' title='bbox 3334 582 3589 649; x_wconf 82' lang='lat' dir='ltr'>nostra,»</span> 
     </span>
    </p>
   </div>
   <div class='ocr_carea' id='block_1_5' title="bbox 169 666 1832 740">
    <p class='ocr_par' dir='ltr' id='par_1_5' title="bbox 169 666 1832 740">
     <span class='ocr_line' id='line_1_5' title="bbox 169 666 1832 740; baseline -0.001 -16"><span class='ocrx_word' id='word_1_22' title='bbox 169 667 446 736; x_wconf 59' lang='lat' dir='ltr'>dominas,</span> <span class='ocrx_word' id='word_1_23' title='bbox 470 666 611 739; x_wconf 83' lang='lat' dir='ltr'>quia</span> <span class='ocrx_word' id='word_1_24' title='bbox 638 666 754 721; x_wconf 90' lang='lat' dir='ltr'>cito</span> <span class='ocrx_word' id='word_1_25' title='bbox 779 671 1043 721; x_wconf 80' lang='lat' dir='ltr'>movetur</span> <span class='ocrx_word' id='word_1_26' title='bbox 1062 684 1202 739; x_wconf 84' lang='lat' dir='ltr'>erga</span> <span class='ocrx_word' id='word_1_27' title='bbox 1234 668 1468 740; x_wconf 82' lang='lat' dir='ltr'>fragiles</span> <span class='ocrx_word' id='word_1_28' title='bbox 1496 685 1509 722; x_wconf 88' lang='lat'><strong>:</strong></span> <span class='ocrx_word' id='word_1_29' title='bbox 1534 685 1832 740; x_wconf 88' lang='lat' dir='ltr'>compara-</span> 
     </span>
    </p>
   </div>
   <div class='ocr_carea' id='block_1_6' title="bbox 169 755 1829 829">
    <p class='ocr_par' dir='ltr' id='par_1_6' title="bbox 169 755 1829 829">
     <span class='ocr_line' id='line_1_6' title="bbox 169 755 1829 829; baseline 0.001 -17"><span class='ocrx_word' id='word_1_30' title='bbox 169 760 272 813; x_wconf 90' lang='lat' dir='ltr'>tur</span> <span class='ocrx_word' id='word_1_31' title='bbox 294 759 351 813; x_wconf 89' lang='lat' dir='ltr'>et</span> <span class='ocrx_word' id='word_1_32' title='bbox 376 755 636 825; x_wconf 87' lang='lat' dir='ltr'>domino,</span> <span class='ocrx_word' id='word_1_33' title='bbox 670 771 806 811; x_wconf 91' lang='lat' dir='ltr'>cum</span> <span class='ocrx_word' id='word_1_34' title='bbox 841 755 1125 827; x_wconf 77' lang='lat' dir='ltr'>permittit</span> <span class='ocrx_word' id='word_1_35' title='bbox 1154 756 1300 812; x_wconf 90' lang='lat' dir='ltr'>bene</span> <span class='ocrx_word' id='word_1_36' title='bbox 1336 757 1589 829; x_wconf 78' lang='lat' dir='ltr'>torqueri</span> <span class='ocrx_word' id='word_1_37' title='bbox 1624 758 1829 813; x_wconf 90' lang='lat' dir='ltr'>robus-</span> 
     </span>
    </p>
   </div>
   <div class='ocr_carea' id='block_1_7' title="bbox 170 841 1834 918">
    <p class='ocr_par' dir='ltr' id='par_1_7' title="bbox 170 841 1834 918">
     <span class='ocr_line' id='line_1_7' title="bbox 170 841 1834 918; baseline -0.001 -17"><span class='ocrx_word' id='word_1_38' title='bbox 170 846 373 913; x_wconf 88' lang='lat' dir='ltr'>tiores,</span> <span class='ocrx_word' id='word_1_39' title='bbox 388 841 709 917; x_wconf 88' lang='lat' dir='ltr'>unicuique</span> <span class='ocrx_word' id='word_1_40' title='bbox 738 844 960 899; x_wconf 81' lang='lat' dir='ltr'>faciens</span> <span class='ocrx_word' id='word_1_41' title='bbox 992 846 1319 900; x_wconf 88' lang='lat' dir='ltr'>secundum</span> <span class='ocrx_word' id='word_1_42' title='bbox 1343 862 1511 900; x_wconf 87' lang='lat' dir='ltr'>suam</span> <span class='ocrx_word' id='word_1_43' title='bbox 1545 845 1834 918; x_wconf 88' lang='lat' dir='ltr'>possibili-</span> 
     </span>
    </p>
   </div>
   <div class='ocr_carea' id='block_1_8' title="bbox 169 932 1829 1007">
    <p class='ocr_par' dir='ltr' id='par_1_8' title="bbox 169 932 1829 1007">
     <span class='ocr_line' id='line_1_8' title="bbox 169 932 1829 1007; baseline -0.001 -17"><span class='ocrx_word' id='word_1_44' title='bbox 169 938 356 990; x_wconf 90' lang='lat' dir='ltr'>tatem</span> <span class='ocrx_word' id='word_1_45' title='bbox 386 948 400 988; x_wconf 89' lang='lat'>:</span> <span class='ocrx_word' id='word_1_46' title='bbox 435 933 592 988; x_wconf 91' lang='lat' dir='ltr'>unde</span> <span class='ocrx_word' id='word_1_47' title='bbox 634 932 951 1005; x_wconf 83' lang='lat' dir='ltr'>Apostolus</span> <span class='ocrx_word' id='word_1_48' title='bbox 986 949 999 987; x_wconf 90' lang='lat'>:</span> <span class='ocrx_word' id='word_1_49' title='bbox 1034 956 1059 982; x_wconf 88' lang='grc'><em>‹‹</em></span> <span class='ocrx_word' id='word_1_50' title='bbox 1098 933 1311 988; x_wconf 82' lang='lat' dir='ltr'>Fidelis</span> <span class='ocrx_word' id='word_1_51' title='bbox 1361 935 1536 1003; x_wconf 90' lang='lat' dir='ltr'>Deus,</span> <span class='ocrx_word' id='word_1_52' title='bbox 1566 934 1666 1007; x_wconf 88' lang='lat' dir='ltr'>qui</span> <span class='ocrx_word' id='word_1_53' title='bbox 1715 952 1829 990; x_wconf 92' lang='lat' dir='ltr'>non</span> 
     </span>
    </p>
   </div>
   <div class='ocr_carea' id='block_1_9' title="bbox 169 1020 1831 1096">
    <p class='ocr_par' dir='ltr' id='par_1_9' title="bbox 169 1020 1831 1096">
     <span class='ocr_line' id='line_1_9' title="bbox 169 1020 1831 1096; baseline -0.001 -18"><span class='ocrx_word' id='word_1_54' title='bbox 169 1022 430 1096; x_wconf 87' lang='lat' dir='ltr'>patietur</span> <span class='ocrx_word' id='word_1_55' title='bbox 461 1020 674 1077; x_wconf 91' lang='lat' dir='ltr'>tentari</span> <span class='ocrx_word' id='word_1_56' title='bbox 706 1039 885 1093; x_wconf 81' lang='lat' dir='ltr'>supra</span> <span class='ocrx_word' id='word_1_57' title='bbox 917 1022 973 1075; x_wconf 91' lang='lat' dir='ltr'>id</span> <span class='ocrx_word' id='word_1_58' title='bbox 1008 1023 1163 1093; x_wconf 90' lang='lat' dir='ltr'>quod</span> <span class='ocrx_word' id='word_1_59' title='bbox 1188 1024 1451 1095; x_wconf 83' lang='lat' dir='ltr'>potestis.</span> <span class='ocrx_word' id='word_1_60' title='bbox 1473 1046 1500 1072; x_wconf 79' lang='grc'><strong>››</strong></span> <span class='ocrx_word' id='word_1_61' title='bbox 1527 1028 1578 1093; x_wconf 92' lang='grc' dir='ltr'>(Ι</span> <span class='ocrx_word' id='word_1_62' title='bbox 1606 1024 1727 1079; x_wconf 86' lang='lat' dir='ltr'>Cor.</span> <span class='ocrx_word' id='word_1_63' title='bbox 1751 1023 1831 1095; x_wconf 78' lang='grc' dir='ltr'>Χ.)</span> 
     </span>
    </p>
   </div>
   <div class='ocr_carea' id='block_1_10' title="bbox 248 1109 1863 1179">
    <p class='ocr_par' dir='ltr' id='par_1_10' title="bbox 248 1109 1863 1179">
     <span class='ocr_line' id='line_1_10' title="bbox 248 1109 1863 1179; baseline 0 -12"><span class='ocrx_word' id='word_1_64' title='bbox 248 1136 276 1162; x_wconf 77' lang='grc' dir='ltr'><em>α</em></span> <span class='ocrx_word' id='word_1_65' title='bbox 308 1111 583 1167; x_wconf 83' lang='lat' dir='ltr'>Miserere</span> <span class='ocrx_word' id='word_1_66' title='bbox 604 1109 809 1177; x_wconf 79' lang='lat' dir='ltr'>nostri,</span> <span class='ocrx_word' id='word_1_67' title='bbox 828 1110 1091 1165; x_wconf 88' lang='lat' dir='ltr'>Domine.</span> <span class='ocrx_word' id='word_1_68' title='bbox 1116 1134 1136 1159; x_wconf 77' lang='grc' dir='ltr'><strong><em>α</em></strong></span> <span class='ocrx_word' id='word_1_69' title='bbox 1174 1112 1311 1167; x_wconf 87' lang='lat' dir='ltr'>Pars</span> <span class='ocrx_word' id='word_1_70' title='bbox 1343 1113 1832 1179; x_wconf 88' lang='lat' dir='ltr'>secunda.Quan-</span> <span class='ocrx_word' id='word_1_71' title='bbox 1861 1171 1863 1174; x_wconf 27' lang='lat'>,</span> 
     </span>
    </p>
   </div>
   <div class='ocr_carea' id='block_1_11' title="bbox 170 1198 1832 1273">
    <p class='ocr_par' dir='ltr' id='par_1_11' title="bbox 170 1198 1832 1273">
     <span class='ocr_line' id='line_1_11' title="bbox 170 1198 1832 1273; baseline -0.001 -16"><span class='ocrx_word' id='word_1_72' title='bbox 170 1200 490 1273; x_wconf 90' lang='lat' dir='ltr'>doquidem</span> <span class='ocrx_word' id='word_1_73' title='bbox 509 1198 709 1255; x_wconf 89' lang='lat' dir='ltr'>oculos</span> <span class='ocrx_word' id='word_1_74' title='bbox 731 1203 962 1255; x_wconf 87' lang='lat' dir='ltr'>nostros</span> <span class='ocrx_word' id='word_1_75' title='bbox 978 1198 1061 1255; x_wconf 91' lang='lat' dir='ltr'>ita</span> <span class='ocrx_word' id='word_1_76' title='bbox 1080 1200 1148 1255; x_wconf 91' lang='lat' dir='ltr'>ad</span> <span class='ocrx_word' id='word_1_77' title='bbox 1173 1201 1482 1255; x_wconf 89' lang='lat' dir='ltr'>Dominum</span> <span class='ocrx_word' id='word_1_78' title='bbox 1497 1202 1832 1273; x_wconf 86' lang='lat' dir='ltr'>dirigimus,</span> 
     </span>
    </p>
   </div>
   <div class='ocr_carea' id='block_1_12' title="bbox 170 1287 1833 1358">
    <p class='ocr_par' dir='ltr' id='par_1_12' title="bbox 170 1287 1833 1358">
     <span class='ocr_line' id='line_1_12' title="bbox 170 1287 1833 1358; baseline 0 -14"><span class='ocrx_word' id='word_1_79' title='bbox 170 1289 329 1358; x_wconf 90' lang='lat' dir='ltr'>ideo,</span> <span class='ocrx_word' id='word_1_80' title='bbox 352 1312 379 1340; x_wconf 83' lang='lat'><strong>«</strong></span> <span class='ocrx_word' id='word_1_81' title='bbox 416 1287 680 1357; x_wconf 89' lang='lat' dir='ltr'>Domine,</span> <span class='ocrx_word' id='word_1_82' title='bbox 713 1288 990 1344; x_wconf 89' lang='lat' dir='ltr'>miserere</span> <span class='ocrx_word' id='word_1_83' title='bbox 1019 1288 1515 1355; x_wconf 88' lang='lat' dir='ltr'>nostri,miscrere</span> <span class='ocrx_word' id='word_1_84' title='bbox 1562 1291 1766 1346; x_wconf 80' lang='lat' dir='ltr'>nostri.</span> <span class='ocrx_word' id='word_1_85' title='bbox 1806 1314 1833 1338; x_wconf 83' lang='lat'><strong>»</strong></span> 
     </span>
    </p>
   </div>
   <div class='ocr_carea' id='block_1_13' title="bbox 170 1376 1833 1451">
    <p class='ocr_par' dir='ltr' id='par_1_13' title="bbox 170 1376 1833 1451">
     <span class='ocr_line' id='line_1_13' title="bbox 170 1376 1833 1451; baseline -0.001 -17"><span class='ocrx_word' id='word_1_86' title='bbox 170 1377 310 1434; x_wconf 90' lang='lat' dir='ltr'>Ideo</span> <span class='ocrx_word' id='word_1_87' title='bbox 362 1377 564 1432; x_wconf 90' lang='lat' dir='ltr'>binam</span> <span class='ocrx_word' id='word_1_88' title='bbox 623 1382 896 1449; x_wconf 86' lang='lat' dir='ltr'>precatur</span> <span class='ocrx_word' id='word_1_89' title='bbox 941 1376 1425 1447; x_wconf 88' lang='lat' dir='ltr'>misericordiam,</span> <span class='ocrx_word' id='word_1_90' title='bbox 1455 1380 1596 1451; x_wconf 88' lang='lat' dir='ltr'>quia</span> <span class='ocrx_word' id='word_1_91' title='bbox 1634 1380 1833 1435; x_wconf 90' lang='lat' dir='ltr'>binam</span> 
     </span>
    </p>
   </div>
   <div class='ocr_carea' id='block_1_14' title="bbox 169 1465 1838 1539">
    <p class='ocr_par' dir='ltr' id='par_1_14' title="bbox 169 1465 1838 1539">
     <span class='ocr_line' id='line_1_14' title="bbox 169 1465 1838 1539; baseline 0.001 -18"><span class='ocrx_word' id='word_1_92' title='bbox 169 1466 340 1539; x_wconf 86' lang='lat' dir='ltr'>ponit</span> <span class='ocrx_word' id='word_1_93' title='bbox 368 1465 935 1534; x_wconf 89' lang='lat' dir='ltr'>miseriam,scilicet</span> <span class='ocrx_word' id='word_1_94' title='bbox 968 1468 1296 1523; x_wconf 87' lang='lat' dir='ltr'>secundum</span> <span class='ocrx_word' id='word_1_95' title='bbox 1325 1485 1541 1539; x_wconf 89' lang='lat' dir='ltr'>corpus</span> <span class='ocrx_word' id='word_1_96' title='bbox 1562 1472 1618 1523; x_wconf 91' lang='lat' dir='ltr'>ct</span> <span class='ocrx_word' id='word_1_97' title='bbox 1636 1485 1838 1524; x_wconf 86' lang='lat' dir='ltr'>secun-</span> 
     </span>
    </p>
   </div>
   <div class='ocr_carea' id='block_1_15' title="bbox 168 1554 1837 1628">
    <p class='ocr_par' dir='ltr' id='par_1_15' title="bbox 168 1554 1837 1628">
     <span class='ocr_line' id='line_1_15' title="bbox 168 1554 1837 1628; baseline 0.001 -17"><span class='ocrx_word' id='word_1_98' title='bbox 168 1556 318 1611; x_wconf 91' lang='lat' dir='ltr'>dum</span> <span class='ocrx_word' id='word_1_99' title='bbox 375 1554 659 1610; x_wconf 89' lang='lat' dir='ltr'>animam.</span> <span class='ocrx_word' id='word_1_100' title='bbox 694 1578 721 1603; x_wconf 91' lang='grc'>‹‹</span> <span class='ocrx_word' id='word_1_101' title='bbox 749 1554 1024 1610; x_wconf 84' lang='lat' dir='ltr'>Miserere</span> <span class='ocrx_word' id='word_1_102' title='bbox 1058 1578 1086 1605; x_wconf 83' lang='lat'><strong>»</strong></span> <span class='ocrx_word' id='word_1_103' title='bbox 1138 1555 1291 1622; x_wconf 86' lang='lat' dir='ltr'>dico,</span> <span class='ocrx_word' id='word_1_104' title='bbox 1329 1578 1357 1605; x_wconf 88' lang='grc'>‹‹</span> <span class='ocrx_word' id='word_1_105' title='bbox 1389 1556 1528 1628; x_wconf 84' lang='lat' dir='ltr'>quia</span> <span class='ocrx_word' id='word_1_106' title='bbox 1580 1558 1837 1614; x_wconf 90' lang='lat' dir='ltr'>multum</span> 
     </span>
    </p>
   </div>
   <div class='ocr_carea' id='block_1_16' title="bbox 168 1643 1719 1718">
    <p class='ocr_par' dir='ltr' id='par_1_16' title="bbox 168 1643 1719 1718">
     <span class='ocr_line' id='line_1_16' title="bbox 168 1643 1719 1718; baseline 0 -17"><span class='ocrx_word' id='word_1_107' title='bbox 168 1643 379 1717; x_wconf 85' lang='lat' dir='ltr'>repleti</span> <span class='ocrx_word' id='word_1_108' title='bbox 413 1660 626 1700; x_wconf 91' lang='lat' dir='ltr'>sumus</span> <span class='ocrx_word' id='word_1_109' title='bbox 657 1644 1029 1715; x_wconf 90' lang='lat' dir='ltr'>despectione</span> <span class='ocrx_word' id='word_1_110' title='bbox 1066 1666 1092 1692; x_wconf 76' lang='grc' dir='ltr'><strong>η</strong></span> <span class='ocrx_word' id='word_1_111' title='bbox 1125 1646 1453 1701; x_wconf 89' lang='lat' dir='ltr'>secundum</span> <span class='ocrx_word' id='word_1_112' title='bbox 1485 1662 1719 1718; x_wconf 91' lang='lat' dir='ltr'>corpus.</span> 
     </span>
    </p>
   </div>
   <div class='ocr_carea' id='block_1_17' title="bbox 246 1732 1840 1805">
    <p class='ocr_par' dir='ltr' id='par_1_17' title="bbox 246 1732 1840 1805">
     <span class='ocr_line' id='line_1_17' title="bbox 246 1732 1840 1805; baseline 0.001 -16"><span class='ocrx_word' id='word_1_113' title='bbox 246 1733 379 1789; x_wconf 90' lang='lat' dir='ltr'>Ideo</span> <span class='ocrx_word' id='word_1_114' title='bbox 409 1748 646 1805; x_wconf 91' lang='lat' dir='ltr'>quoque</span> <span class='ocrx_word' id='word_1_115' title='bbox 681 1753 709 1782; x_wconf 89' lang='grc'><em>‹‹</em></span> <span class='ocrx_word' id='word_1_116' title='bbox 741 1733 1043 1799; x_wconf 89' lang='lat' dir='ltr'>miserere,</span> <span class='ocrx_word' id='word_1_117' title='bbox 1082 1756 1109 1782; x_wconf 87' lang='grc'><strong>››</strong></span> <span class='ocrx_word' id='word_1_118' title='bbox 1142 1732 1281 1805; x_wconf 89' lang='lat' dir='ltr'>quia</span> <span class='ocrx_word' id='word_1_119' title='bbox 1310 1751 1426 1789; x_wconf 91' lang='lat' dir='ltr'>non</span> <span class='ocrx_word' id='word_1_120' title='bbox 1458 1738 1686 1790; x_wconf 87' lang='lat' dir='ltr'>tantum</span> <span class='ocrx_word' id='word_1_121' title='bbox 1720 1752 1840 1791; x_wconf 83' lang='lat' dir='ltr'>cor-</span> 
     </span>
    </p>
   </div>
   <div class='ocr_carea' id='block_1_18' title="bbox 168 1819 1841 1895">
    <p class='ocr_par' dir='ltr' id='par_1_18' title="bbox 168 1819 1841 1895">
     <span class='ocr_line' id='line_1_18' title="bbox 168 1819 1841 1895; baseline 0.001 -18"><span class='ocrx_word' id='word_1_122' title='bbox 168 1821 417 1895; x_wconf 87' lang='lat' dir='ltr'>pus,sed</span> <span class='ocrx_word' id='word_1_123' title='bbox 449 1820 628 1876; x_wconf 89' lang='lat' dir='ltr'>etiam</span> <span class='ocrx_word' id='word_1_124' title='bbox 658 1844 687 1871; x_wconf 86' lang='grc'>‹‹</span> <span class='ocrx_word' id='word_1_125' title='bbox 713 1819 853 1893; x_wconf 88' lang='lat' dir='ltr'>quia</span> <span class='ocrx_word' id='word_1_126' title='bbox 880 1822 1078 1876; x_wconf 88' lang='lat' dir='ltr'>anima</span> <span class='ocrx_word' id='word_1_127' title='bbox 1108 1825 1310 1877; x_wconf 90' lang='lat' dir='ltr'>nostra</span> <span class='ocrx_word' id='word_1_128' title='bbox 1340 1822 1597 1878; x_wconf 91' lang='lat' dir='ltr'>multum</span> <span class='ocrx_word' id='word_1_129' title='bbox 1620 1823 1841 1895; x_wconf 89' lang='lat' dir='ltr'>repleta</span> 
     </span>
    </p>
   </div>
   <div class='ocr_carea' id='block_1_19' title="bbox 1938 667 3592 741">
    <p class='ocr_par' dir='ltr' id='par_1_19' title="bbox 1938 667 3592 741">
     <span class='ocr_line' id='line_1_19' title="bbox 1938 667 3592 741; baseline 0.002 -20"><span class='ocrx_word' id='word_1_130' title='bbox 1938 685 2290 740; x_wconf 89' lang='lat' dir='ltr'>quocunque</span> <span class='ocrx_word' id='word_1_131' title='bbox 2310 669 2484 724; x_wconf 90' lang='lat' dir='ltr'>modo</span> <span class='ocrx_word' id='word_1_132' title='bbox 2506 686 2717 741; x_wconf 90' lang='lat' dir='ltr'>corpus</span> <span class='ocrx_word' id='word_1_133' title='bbox 2740 673 3107 738; x_wconf 85' lang='lat' dir='ltr'>tractaretur,</span> <span class='ocrx_word' id='word_1_134' title='bbox 3124 692 3150 718; x_wconf 89' lang='grc'>‹‹</span> <span class='ocrx_word' id='word_1_135' title='bbox 3177 667 3592 741; x_wconf 81' lang='lat' dir='ltr'>pertransivit»</span> 
     </span>
    </p>
   </div>
   <div class='ocr_carea' id='block_1_20' title="bbox 1938 756 3598 829">
    <p class='ocr_par' dir='ltr' id='par_1_20' title="bbox 1938 756 3598 829">
     <span class='ocr_line' id='line_1_20' title="bbox 1938 756 3598 829; baseline 0.002 -19"><span class='ocrx_word' id='word_1_136' title='bbox 1938 756 2121 811; x_wconf 69' lang='lat' dir='ltr'>illaesa</span> <span class='ocrx_word' id='word_1_137' title='bbox 2144 781 2169 807; x_wconf 85' lang='lat'><strong>«</strong></span> <span class='ocrx_word' id='word_1_138' title='bbox 2207 761 2545 825; x_wconf 90' lang='lat' dir='ltr'>torrentem,</span> <span class='ocrx_word' id='word_1_139' title='bbox 2579 779 2608 809; x_wconf 88' lang='grc'><strong>››</strong></span> <span class='ocrx_word' id='word_1_140' title='bbox 2642 758 2700 813; x_wconf 88' lang='lat' dir='ltr'>id</span> <span class='ocrx_word' id='word_1_141' title='bbox 2732 763 2823 813; x_wconf 92' lang='lat' dir='ltr'>est</span> <span class='ocrx_word' id='word_1_142' title='bbox 2844 758 3241 829; x_wconf 90' lang='lat' dir='ltr'>impetuosam</span> <span class='ocrx_word' id='word_1_143' title='bbox 3272 757 3598 813; x_wconf 83' lang='lat' dir='ltr'>tribulatio-</span> 
     </span>
    </p>
   </div>
   <div class='ocr_carea' id='block_1_21' title="bbox 1940 846 3598 916">
    <p class='ocr_par' dir='ltr' id='par_1_21' title="bbox 1940 846 3598 916">
     <span class='ocr_line' id='line_1_21' title="bbox 1940 846 3598 916; baseline 0.002 -17"><span class='ocrx_word' id='word_1_144' title='bbox 1940 861 2097 899; x_wconf 89' lang='lat' dir='ltr'>nem.</span> <span class='ocrx_word' id='word_1_145' title='bbox 2132 846 2250 916; x_wconf 82' lang='lat' dir='ltr'>Ego</span> <span class='ocrx_word' id='word_1_146' title='bbox 2297 846 2449 913; x_wconf 90' lang='lat' dir='ltr'>dico,</span> <span class='ocrx_word' id='word_1_147' title='bbox 2496 846 2744 901; x_wconf 89' lang='lat' dir='ltr'>Domino</span> <span class='ocrx_word' id='word_1_148' title='bbox 2792 846 3130 914; x_wconf 84' lang='lat' dir='ltr'>auxiliante,</span> <span class='ocrx_word' id='word_1_149' title='bbox 3159 847 3358 902; x_wconf 90' lang='lat' dir='ltr'>anima</span> <span class='ocrx_word' id='word_1_150' title='bbox 3395 849 3598 903; x_wconf 87' lang='lat' dir='ltr'>nostra</span> 
     </span>
    </p>
   </div>
   <div class='ocr_carea' id='block_1_22' title="bbox 1941 934 3597 1007">
    <p class='ocr_par' dir='ltr' id='par_1_22' title="bbox 1941 934 3597 1007">
     <span class='ocr_line' id='line_1_22' title="bbox 1941 934 3597 1007; baseline 0.002 -20"><span class='ocrx_word' id='word_1_151' title='bbox 1941 934 2334 1005; x_wconf 88' lang='lat' dir='ltr'>pertransivit,</span> <span class='ocrx_word' id='word_1_152' title='bbox 2351 939 2407 988; x_wconf 89' lang='lat' dir='ltr'>et</span> <span class='ocrx_word' id='word_1_153' title='bbox 2437 959 2463 983; x_wconf 87' lang='grc'><strong>‹‹</strong></span> <span class='ocrx_word' id='word_1_154' title='bbox 2493 935 2738 989; x_wconf 84' lang='lat' dir='ltr'>forsitan</span> <span class='ocrx_word' id='word_1_155' title='bbox 2766 957 2793 983; x_wconf 84' lang='grc'><strong>››</strong></span> <span class='ocrx_word' id='word_1_156' title='bbox 2815 934 3035 990; x_wconf 89' lang='lat' dir='ltr'>diceret</span> <span class='ocrx_word' id='word_1_157' title='bbox 3056 934 3271 1007; x_wconf 89' lang='lat' dir='ltr'>aliquis</span> <span class='ocrx_word' id='word_1_158' title='bbox 3291 936 3447 1007; x_wconf 90' lang='lat' dir='ltr'>quod</span> <span class='ocrx_word' id='word_1_159' title='bbox 3469 934 3597 991; x_wconf 87' lang='lat' dir='ltr'>sine</span> 
     </span>
    </p>
   </div>
   <div class='ocr_carea' id='block_1_23' title="bbox 1941 1021 3596 1096">
    <p class='ocr_par' dir='ltr' id='par_1_23' title="bbox 1941 1021 3596 1096">
     <span class='ocr_line' id='line_1_23' title="bbox 1941 1021 3596 1096; baseline 0.001 -20"><span class='ocrx_word' id='word_1_160' title='bbox 1941 1021 2173 1076; x_wconf 90' lang='lat' dir='ltr'>Domini</span> <span class='ocrx_word' id='word_1_161' title='bbox 2188 1022 2403 1077; x_wconf 82' lang='lat' dir='ltr'>auxilio</span> <span class='ocrx_word' id='word_1_162' title='bbox 2418 1046 2443 1072; x_wconf 76' lang='grc' dir='ltr'>α</span> <span class='ocrx_word' id='word_1_163' title='bbox 2463 1022 2661 1077; x_wconf 88' lang='lat' dir='ltr'>anima</span> <span class='ocrx_word' id='word_1_164' title='bbox 2674 1027 2875 1077; x_wconf 89' lang='lat' dir='ltr'>nostra</span> <span class='ocrx_word' id='word_1_165' title='bbox 2895 1024 3596 1096; x_wconf 81' lang='lat' dir='ltr'>pertransissetaquam,»</span> 
     </span>
    </p>
   </div>
   <div class='ocr_carea' id='block_1_24' title="bbox 1942 1108 3596 1179">
    <p class='ocr_par' dir='ltr' id='par_1_24' title="bbox 1942 1108 3596 1179">
     <span class='ocr_line' id='line_1_24' title="bbox 1942 1108 3596 1179; baseline 0.002 -16"><span class='ocrx_word' id='word_1_166' title='bbox 1942 1108 2001 1164; x_wconf 91' lang='lat' dir='ltr'>id</span> <span class='ocrx_word' id='word_1_167' title='bbox 2059 1114 2149 1164; x_wconf 88' lang='lat' dir='ltr'>est</span> <span class='ocrx_word' id='word_1_168' title='bbox 2201 1110 2613 1164; x_wconf 79' lang='lat' dir='ltr'>inundantium</span> <span class='ocrx_word' id='word_1_169' title='bbox 2672 1110 2987 1177; x_wconf 87' lang='lat' dir='ltr'>malorum,</span> <span class='ocrx_word' id='word_1_170' title='bbox 3022 1110 3533 1179; x_wconf 83' lang='lat' dir='ltr'>«intolerabilem,</span> <span class='ocrx_word' id='word_1_171' title='bbox 3568 1133 3596 1160; x_wconf 74' lang='grc' dir='ltr'>»ι</span> 
     </span>
    </p>
   </div>
   <div class='ocr_carea' id='block_1_25' title="bbox 1942 1198 3601 1272">
    <p class='ocr_par' dir='ltr' id='par_1_25' title="bbox 1942 1198 3601 1272">
     <span class='ocr_line' id='line_1_25' title="bbox 1942 1198 3601 1272; baseline 0.002 -20"><span class='ocrx_word' id='word_1_172' title='bbox 1942 1202 2233 1271; x_wconf 90' lang='lat' dir='ltr'>quantum</span> <span class='ocrx_word' id='word_1_173' title='bbox 2265 1200 2337 1253; x_wconf 88' lang='lat' dir='ltr'>ad</span> <span class='ocrx_word' id='word_1_174' title='bbox 2371 1198 2664 1253; x_wconf 87' lang='lat' dir='ltr'>humanas</span> <span class='ocrx_word' id='word_1_175' title='bbox 2684 1198 3019 1270; x_wconf 89' lang='lat' dir='ltr'>vires,quod</span> <span class='ocrx_word' id='word_1_176' title='bbox 3049 1198 3411 1271; x_wconf 89' lang='lat' dir='ltr'>impossibile</span> <span class='ocrx_word' id='word_1_177' title='bbox 3428 1217 3601 1272; x_wconf 90' lang='lat' dir='ltr'>appa-</span> 
     </span>
    </p>
   </div>
   <div class='ocr_carea' id='block_1_26' title="bbox 1944 1285 3329 1357">
    <p class='ocr_par' dir='ltr' id='par_1_26' title="bbox 1944 1285 3329 1357">
     <span class='ocr_line' id='line_1_26' title="bbox 1944 1285 3329 1357; baseline 0.001 -17"><span class='ocrx_word' id='word_1_178' title='bbox 1944 1291 2030 1341; x_wconf 90' lang='lat' dir='ltr'>ret</span> <span class='ocrx_word' id='word_1_179' title='bbox 2060 1304 2128 1341; x_wconf 79' lang='lat' dir='ltr'>ex</span> <span class='ocrx_word' id='word_1_180' title='bbox 2160 1287 2269 1340; x_wconf 88' lang='lat' dir='ltr'>hoc</span> <span class='ocrx_word' id='word_1_181' title='bbox 2300 1286 2456 1357; x_wconf 92' lang='lat' dir='ltr'>quod</span> <span class='ocrx_word' id='word_1_182' title='bbox 2487 1303 2642 1357; x_wconf 85' lang='lat' dir='ltr'>aqua</span> <span class='ocrx_word' id='word_1_183' title='bbox 2670 1285 2772 1341; x_wconf 92' lang='lat' dir='ltr'>illa</span> <span class='ocrx_word' id='word_1_184' title='bbox 2800 1286 3201 1342; x_wconf 84' lang='lat' dir='ltr'>intolerabilis</span> <span class='ocrx_word' id='word_1_185' title='bbox 3219 1292 3329 1343; x_wconf 89' lang='lat' dir='ltr'>est.</span> 
     </span>
    </p>
   </div>
   <div class='ocr_carea' id='block_1_27' title="bbox 2016 1372 3604 1448">
    <p class='ocr_par' dir='ltr' id='par_1_27' title="bbox 2016 1372 3604 1448">
     <span class='ocr_line' id='line_1_27' title="bbox 2016 1372 3604 1448; baseline 0.002 -20"><span class='ocrx_word' id='word_1_186' title='bbox 2016 1397 2043 1423; x_wconf 86' lang='grc'>‹‹</span> <span class='ocrx_word' id='word_1_187' title='bbox 2080 1374 2428 1428; x_wconf 88' lang='lat' dir='ltr'>Benedictus</span> <span class='ocrx_word' id='word_1_188' title='bbox 2460 1372 2765 1429; x_wconf 88' lang='lat' dir='ltr'>Dominus.</span> <span class='ocrx_word' id='word_1_189' title='bbox 2802 1397 2830 1422; x_wconf 87' lang='grc'><strong>››</strong></span> <span class='ocrx_word' id='word_1_190' title='bbox 2864 1375 3003 1429; x_wconf 88' lang='lat' dir='ltr'>Pars</span> <span class='ocrx_word' id='word_1_191' title='bbox 3035 1375 3313 1430; x_wconf 89' lang='lat' dir='ltr'>secunda.</span> <span class='ocrx_word' id='word_1_192' title='bbox 3346 1377 3417 1431; x_wconf 89' lang='lat' dir='ltr'>Et</span> <span class='ocrx_word' id='word_1_193' title='bbox 3463 1376 3604 1448; x_wconf 91' lang='lat' dir='ltr'>quia</span> 
     </span>
    </p>
   </div>
   <div class='ocr_carea' id='block_1_28' title="bbox 1946 1462 3602 1536">
    <p class='ocr_par' dir='ltr' id='par_1_28' title="bbox 1946 1462 3602 1536">
     <span class='ocr_line' id='line_1_28' title="bbox 1946 1462 3602 1536; baseline 0.001 -18"><span class='ocrx_word' id='word_1_194' title='bbox 1946 1481 2049 1536; x_wconf 91' lang='lat' dir='ltr'>per</span> <span class='ocrx_word' id='word_1_195' title='bbox 2077 1480 2213 1518; x_wconf 80' lang='lat' dir='ltr'>cum</span> <span class='ocrx_word' id='word_1_196' title='bbox 2245 1462 2649 1530; x_wconf 89' lang='lat' dir='ltr'>transivimus,</span> <span class='ocrx_word' id='word_1_197' title='bbox 2682 1462 2813 1518; x_wconf 89' lang='lat' dir='ltr'>ideo</span> <span class='ocrx_word' id='word_1_198' title='bbox 2863 1463 2941 1517; x_wconf 90' lang='lat' dir='ltr'>sit</span> <span class='ocrx_word' id='word_1_199' title='bbox 2971 1486 2997 1511; x_wconf 85' lang='grc'>‹‹</span> <span class='ocrx_word' id='word_1_200' title='bbox 3028 1464 3375 1519; x_wconf 89' lang='lat' dir='ltr'>benedictus</span> <span class='ocrx_word' id='word_1_201' title='bbox 3407 1464 3602 1519; x_wconf 89' lang='lat' dir='ltr'>Domi-</span> 
     </span>
    </p>
   </div>
   <div class='ocr_carea' id='block_1_29' title="bbox 1947 1551 3606 1625">
    <p class='ocr_par' dir='ltr' id='par_1_29' title="bbox 1947 1551 3606 1625">
     <span class='ocr_line' id='line_1_29' title="bbox 1947 1551 3606 1625; baseline -0.001 -16"><span class='ocrx_word' id='word_1_202' title='bbox 1947 1552 2198 1625; x_wconf 90' lang='lat' dir='ltr'>nus,qui</span> <span class='ocrx_word' id='word_1_203' title='bbox 2229 1570 2345 1607; x_wconf 92' lang='lat' dir='ltr'>non</span> <span class='ocrx_word' id='word_1_204' title='bbox 2369 1552 2535 1607; x_wconf 89' lang='lat' dir='ltr'>dedit</span> <span class='ocrx_word' id='word_1_205' title='bbox 2566 1570 2673 1607; x_wconf 91' lang='lat' dir='ltr'>nos</span> <span class='ocrx_word' id='word_1_206' title='bbox 2703 1551 2763 1606; x_wconf 92' lang='lat' dir='ltr'>in</span> <span class='ocrx_word' id='word_1_207' title='bbox 2806 1552 3134 1624; x_wconf 90' lang='lat' dir='ltr'>captionem</span> <span class='ocrx_word' id='word_1_208' title='bbox 3160 1575 3187 1602; x_wconf 76' lang='grc' dir='ltr'>υ</span> <span class='ocrx_word' id='word_1_209' title='bbox 3214 1556 3281 1608; x_wconf 91' lang='lat' dir='ltr'>ut</span> <span class='ocrx_word' id='word_1_210' title='bbox 3332 1556 3606 1623; x_wconf 88' lang='lat' dir='ltr'>caperent</span> 
     </span>
    </p>
   </div>
   <div class='ocr_carea' id='block_1_30' title="bbox 1946 1640 3605 1713">
    <p class='ocr_par' dir='ltr' id='par_1_30' title="bbox 1946 1640 3605 1713">
     <span class='ocr_line' id='line_1_30' title="bbox 1946 1640 3605 1713; baseline -0.001 -15"><span class='ocrx_word' id='word_1_211' title='bbox 1946 1660 2054 1698; x_wconf 93' lang='lat' dir='ltr'>nos</span> <span class='ocrx_word' id='word_1_212' title='bbox 2083 1648 2141 1697; x_wconf 92' lang='lat' dir='ltr'>et</span> <span class='ocrx_word' id='word_1_213' title='bbox 2170 1643 2631 1713; x_wconf 89' lang='lat' dir='ltr'>incorporarent,</span> <span class='ocrx_word' id='word_1_214' title='bbox 2668 1662 2696 1692; x_wconf 85' lang='lat'>«</span> <span class='ocrx_word' id='word_1_215' title='bbox 2728 1640 3028 1706; x_wconf 86' lang='lat' dir='ltr'>dentibus,</span> <span class='ocrx_word' id='word_1_216' title='bbox 3055 1662 3082 1689; x_wconf 85' lang='grc'><strong>››</strong></span> <span class='ocrx_word' id='word_1_217' title='bbox 3112 1640 3169 1695; x_wconf 89' lang='lat' dir='ltr'>id</span> <span class='ocrx_word' id='word_1_218' title='bbox 3202 1645 3292 1696; x_wconf 89' lang='lat' dir='ltr'>est</span> <span class='ocrx_word' id='word_1_219' title='bbox 3317 1640 3605 1697; x_wconf 91' lang='lat' dir='ltr'>corrosio-</span> 
     </span>
    </p>
   </div>
   <div class='ocr_carea' id='block_1_31' title="bbox 1948 1728 3607 1801">
    <p class='ocr_par' dir='ltr' id='par_1_31' title="bbox 1948 1728 3607 1801">
     <span class='ocr_line' id='line_1_31' title="bbox 1948 1728 3607 1801; baseline -0.001 -13"><span class='ocrx_word' id='word_1_220' title='bbox 1948 1729 2148 1800; x_wconf 86' lang='lat' dir='ltr'>nibus,</span> <span class='ocrx_word' id='word_1_221' title='bbox 2177 1734 2236 1786; x_wconf 90' lang='lat' dir='ltr'>et</span> <span class='ocrx_word' id='word_1_222' title='bbox 2267 1728 2495 1785; x_wconf 88' lang='lat' dir='ltr'>feritate</span> <span class='ocrx_word' id='word_1_223' title='bbox 2526 1752 2553 1778; x_wconf 89' lang='grc'>‹‹</span> <span class='ocrx_word' id='word_1_224' title='bbox 2587 1746 2815 1793; x_wconf 88' lang='lat' dir='ltr'>eorum,</span> <span class='ocrx_word' id='word_1_225' title='bbox 2840 1751 2868 1779; x_wconf 84' lang='grc'>››</span> <span class='ocrx_word' id='word_1_226' title='bbox 2902 1728 3041 1801; x_wconf 83' lang='lat' dir='ltr'>quia</span> <span class='ocrx_word' id='word_1_227' title='bbox 3069 1728 3224 1785; x_wconf 88' lang='lat' dir='ltr'>sicut</span> <span class='ocrx_word' id='word_1_228' title='bbox 3254 1730 3387 1785; x_wconf 69' lang='lat' dir='ltr'>feras</span> <span class='ocrx_word' id='word_1_229' title='bbox 3402 1729 3607 1786; x_wconf 88' lang='lat' dir='ltr'>volunt</span> 
     </span>
    </p>
   </div>
   <div class='ocr_carea' id='block_1_32' title="bbox 1948 1818 2389 1875">
    <p class='ocr_par' dir='ltr' id='par_1_32' title="bbox 1948 1818 2389 1875">
     <span class='ocr_line' id='line_1_32' title="bbox 1948 1818 2389 1875; baseline -0.007 0"><span class='ocrx_word' id='word_1_230' title='bbox 1948 1835 2055 1875; x_wconf 91' lang='lat' dir='ltr'>nos</span> <span class='ocrx_word' id='word_1_231' title='bbox 2085 1818 2389 1873; x_wconf 88' lang='lat' dir='ltr'>dilaniare.</span> 
     </span>
    </p>
   </div>
   <div class='ocr_carea' id='block_1_33' title="bbox 168 1905 3605 2012">
    <p class='ocr_par' dir='ltr' id='par_1_33' title="bbox 168 1905 3605 2012">
     <span class='ocr_line' id='line_1_33' title="bbox 168 1905 3605 2012; baseline -0.002 -44"><span class='ocrx_word' id='word_1_232' title='bbox 168 1914 313 1968; x_wconf 82' lang='lat' dir='ltr'>est»</span> <span class='ocrx_word' id='word_1_233' title='bbox 333 1910 861 1983; x_wconf 88' lang='lat' dir='ltr'>despectione.Nec</span> <span class='ocrx_word' id='word_1_234' title='bbox 882 1911 1294 1966; x_wconf 89' lang='lat' dir='ltr'>tantummodo</span> <span class='ocrx_word' id='word_1_235' title='bbox 1316 1911 1506 1967; x_wconf 91' lang='lat' dir='ltr'>dicam</span> <span class='ocrx_word' id='word_1_236' title='bbox 1531 1912 1834 1986; x_wconf 83' lang='lat' dir='ltr'>repletam,</span> <span class='ocrx_word' id='word_1_237' title='bbox 1864 1945 1914 2012; x_wconf 81' lang='grc' dir='ltr'><strong>Β</strong></span> <span class='ocrx_word' id='word_1_238' title='bbox 2019 1929 2047 1957; x_wconf 89' lang='grc'>‹‹</span> <span class='ocrx_word' id='word_1_239' title='bbox 2082 1907 2207 1963; x_wconf 90' lang='lat' dir='ltr'>Non</span> <span class='ocrx_word' id='word_1_240' title='bbox 2239 1906 2400 1962; x_wconf 91' lang='lat' dir='ltr'>dedit</span> <span class='ocrx_word' id='word_1_241' title='bbox 2430 1928 2458 1957; x_wconf 84' lang='lat'>»</span> <span class='ocrx_word' id='word_1_242' title='bbox 2490 1906 2644 1971; x_wconf 87' lang='lat' dir='ltr'>dico,</span> <span class='ocrx_word' id='word_1_243' title='bbox 2675 1906 2778 1961; x_wconf 90' lang='lat' dir='ltr'>sed</span> <span class='ocrx_word' id='word_1_244' title='bbox 2825 1905 3022 2012; x_wconf 78' lang='lat' dir='ltr'>potius</span> <span class='ocrx_word' id='word_1_245' title='bbox 3072 1928 3099 1956; x_wconf 85' lang='lat'><strong>«</strong></span> <span class='ocrx_word' id='word_1_246' title='bbox 3153 1905 3353 2012; x_wconf 69' lang='lat' dir='ltr'>apima</span> <span class='ocrx_word' id='word_1_247' title='bbox 3402 1909 3605 2012; x_wconf 75' lang='lat' dir='ltr'>nostra</span> 
     </span>
    </p>
   </div>
   <div class='ocr_carea' id='block_1_34' title="bbox 168 1998 1835 2072">
    <p class='ocr_par' dir='ltr' id='par_1_34' title="bbox 168 1998 1835 2072">
     <span class='ocr_line' id='line_1_34' title="bbox 168 1998 1835 2072; baseline 0.001 -17"><span class='ocrx_word' id='word_1_248' title='bbox 168 1998 296 2055; x_wconf 87' lang='lat' dir='ltr'>imo</span> <span class='ocrx_word' id='word_1_249' title='bbox 322 1998 452 2072; x_wconf 90' lang='lat' dir='ltr'>ipsa</span> <span class='ocrx_word' id='word_1_250' title='bbox 469 2002 559 2054; x_wconf 90' lang='lat' dir='ltr'>est</span> <span class='ocrx_word' id='word_1_251' title='bbox 581 1998 733 2055; x_wconf 86' lang='lat' dir='ltr'>facta</span> <span class='ocrx_word' id='word_1_252' title='bbox 762 2021 790 2049; x_wconf 86' lang='grc'><strong><em>‹‹</em></strong></span> <span class='ocrx_word' id='word_1_253' title='bbox 824 1998 1207 2071; x_wconf 91' lang='lat' dir='ltr'>opprobrium</span> <span class='ocrx_word' id='word_1_254' title='bbox 1240 1999 1681 2057; x_wconf 88' lang='lat' dir='ltr'>abundantibus</span> <span class='ocrx_word' id='word_1_255' title='bbox 1706 2024 1733 2051; x_wconf 88' lang='grc'><strong>››</strong></span> <span class='ocrx_word' id='word_1_256' title='bbox 1775 2001 1835 2057; x_wconf 91' lang='lat' dir='ltr'>in</span> 
     </span>
    </p>
   </div>
   <div class='ocr_carea' id='block_1_35' title="bbox 171 2086 1836 2162">
    <p class='ocr_par' dir='ltr' id='par_1_35' title="bbox 171 2086 1836 2162">
     <span class='ocr_line' id='line_1_35' title="bbox 171 2086 1836 2162; baseline 0.001 -18"><span class='ocrx_word' id='word_1_257' title='bbox 171 2086 418 2144; x_wconf 86' lang='lat' dir='ltr'>divitiis.</span> <span class='ocrx_word' id='word_1_258' title='bbox 451 2086 670 2143; x_wconf 91' lang='lat' dir='ltr'>Divites</span> <span class='ocrx_word' id='word_1_259' title='bbox 701 2086 858 2142; x_wconf 90' lang='lat' dir='ltr'>enim</span> <span class='ocrx_word' id='word_1_260' title='bbox 888 2087 1301 2159; x_wconf 89' lang='lat' dir='ltr'>opprobriosos</span> <span class='ocrx_word' id='word_1_261' title='bbox 1334 2092 1391 2143; x_wconf 89' lang='lat' dir='ltr'>et</span> <span class='ocrx_word' id='word_1_262' title='bbox 1433 2089 1646 2146; x_wconf 90' lang='lat' dir='ltr'>stultos</span> <span class='ocrx_word' id='word_1_263' title='bbox 1669 2091 1836 2162; x_wconf 89' lang='lat' dir='ltr'>judi-</span> 
     </span>
    </p>
   </div>
   <div class='ocr_carea' id='block_1_36' title="bbox 171 2175 1838 2253">
    <p class='ocr_par' dir='ltr' id='par_1_36' title="bbox 171 2175 1838 2253">
     <span class='ocr_line' id='line_1_36' title="bbox 171 2175 1838 2253; baseline 0.001 -20"><span class='ocrx_word' id='word_1_264' title='bbox 171 2180 317 2234; x_wconf 84' lang='lat' dir='ltr'>cant</span> <span class='ocrx_word' id='word_1_265' title='bbox 344 2176 553 2245; x_wconf 90' lang='lat' dir='ltr'>bonos,</span> <span class='ocrx_word' id='word_1_266' title='bbox 587 2175 729 2249; x_wconf 87' lang='lat' dir='ltr'>quia</span> <span class='ocrx_word' id='word_1_267' title='bbox 778 2193 894 2232; x_wconf 92' lang='lat' dir='ltr'>non</span> <span class='ocrx_word' id='word_1_268' title='bbox 939 2181 1213 2247; x_wconf 65' lang='lat' dir='ltr'>quierunt</span> <span class='ocrx_word' id='word_1_269' title='bbox 1262 2176 1495 2233; x_wconf 83' lang='lat' dir='ltr'>divitias</span> <span class='ocrx_word' id='word_1_270' title='bbox 1542 2178 1696 2235; x_wconf 90' lang='lat' dir='ltr'>sicut</span> <span class='ocrx_word' id='word_1_271' title='bbox 1724 2179 1838 2253; x_wconf 90' lang='lat' dir='ltr'>ipsi</span> 
     </span>
    </p>
   </div>
   <div class='ocr_carea' id='block_1_37' title="bbox 168 2264 1839 2338">
    <p class='ocr_par' dir='ltr' id='par_1_37' title="bbox 168 2264 1839 2338">
     <span class='ocr_line' id='line_1_37' title="bbox 168 2264 1839 2338; baseline 0.001 -15"><span class='ocrx_word' id='word_1_272' title='bbox 168 2266 404 2323; x_wconf 82' lang='lat' dir='ltr'>faciunt</span> <span class='ocrx_word' id='word_1_273' title='bbox 428 2282 441 2320; x_wconf 92' lang='lat'><strong>:</strong></span> <span class='ocrx_word' id='word_1_274' title='bbox 468 2287 497 2315; x_wconf 85' lang='grc'>‹‹</span> <span class='ocrx_word' id='word_1_275' title='bbox 521 2269 577 2322; x_wconf 90' lang='lat' dir='ltr'>et</span> <span class='ocrx_word' id='word_1_276' title='bbox 599 2288 624 2314; x_wconf 82' lang='lat'><strong>»</strong></span> <span class='ocrx_word' id='word_1_277' title='bbox 650 2269 737 2322; x_wconf 92' lang='lat' dir='ltr'>est</span> <span class='ocrx_word' id='word_1_278' title='bbox 755 2264 909 2321; x_wconf 83' lang='lat' dir='ltr'>facta</span> <span class='ocrx_word' id='word_1_279' title='bbox 925 2288 953 2314; x_wconf 86' lang='lat'><strong><em>«</em></strong></span> <span class='ocrx_word' id='word_1_280' title='bbox 975 2265 1270 2338; x_wconf 88' lang='lat' dir='ltr'>despcctio</span> <span class='ocrx_word' id='word_1_281' title='bbox 1294 2266 1623 2338; x_wconf 81' lang='lat' dir='ltr'>superbis,»</span> <span class='ocrx_word' id='word_1_282' title='bbox 1647 2272 1839 2325; x_wconf 89' lang='lat' dir='ltr'>mente</span> 
     </span>
    </p>
   </div>
   <div class='ocr_carea' id='block_1_38' title="bbox 172 2353 1836 2427">
    <p class='ocr_par' dir='ltr' id='par_1_38' title="bbox 172 2353 1836 2427">
     <span class='ocr_line' id='line_1_38' title="bbox 172 2353 1836 2427; baseline 0.002 -17"><span class='ocrx_word' id='word_1_283' title='bbox 172 2353 377 2422; x_wconf 85' lang='lat' dir='ltr'>elatis;</span> <span class='ocrx_word' id='word_1_284' title='bbox 410 2354 748 2426; x_wconf 90' lang='lat' dir='ltr'>despiciunt</span> <span class='ocrx_word' id='word_1_285' title='bbox 805 2354 963 2409; x_wconf 91' lang='lat' dir='ltr'>enim</span> <span class='ocrx_word' id='word_1_286' title='bbox 1008 2370 1127 2420; x_wconf 91' lang='lat' dir='ltr'>eos,</span> <span class='ocrx_word' id='word_1_287' title='bbox 1158 2370 1293 2409; x_wconf 92' lang='lat' dir='ltr'>cum</span> <span class='ocrx_word' id='word_1_288' title='bbox 1327 2371 1430 2427; x_wconf 89' lang='lat' dir='ltr'>pro</span> <span class='ocrx_word' id='word_1_289' title='bbox 1480 2355 1836 2426; x_wconf 79' lang='lat' dir='ltr'>ccelestibus,</span> 
     </span>
    </p>
   </div>
   <div class='ocr_carea' id='block_1_39' title="bbox 175 2446 1266 2516">
    <p class='ocr_par' dir='ltr' id='par_1_39' title="bbox 175 2446 1266 2516">
     <span class='ocr_line' id='line_1_39' title="bbox 175 2446 1266 2516; baseline -0.001 -18"><span class='ocrx_word' id='word_1_290' title='bbox 175 2459 310 2516; x_wconf 67' lang='lat' dir='ltr'>quas</span> <span class='ocrx_word' id='word_1_291' title='bbox 342 2446 559 2499; x_wconf 76' lang='lat' dir='ltr'>zeterna</span> <span class='ocrx_word' id='word_1_292' title='bbox 590 2446 823 2515; x_wconf 89' lang='lat' dir='ltr'>putant,</span> <span class='ocrx_word' id='word_1_293' title='bbox 858 2447 1266 2499; x_wconf 90' lang='lat' dir='ltr'>contemnunt.</span> 
     </span>
    </p>
   </div>
   <div class='ocr_carea' id='block_1_40' title="bbox 632 2584 1380 2643">
    <p class='ocr_par' dir='ltr' id='par_1_40' title="bbox 632 2584 1380 2643">
     <span class='ocr_line' id='line_1_40' title="bbox 632 2584 1380 2643; baseline 0 -2"><span class='ocrx_word' id='word_1_294' title='bbox 632 2585 705 2643; x_wconf 86' lang='lat' dir='ltr'>IN</span> <span class='ocrx_word' id='word_1_295' title='bbox 748 2584 1098 2641; x_wconf 87' lang='lat' dir='ltr'>PSALMUM</span> <span class='ocrx_word' id='word_1_296' title='bbox 1140 2584 1380 2642; x_wconf 84' lang='lat' dir='ltr'>CXXIII.</span> 
     </span>
    </p>
   </div>
   <div class='ocr_carea' id='block_1_41' title="bbox 538 2673 1483 2745">
    <p class='ocr_par' dir='ltr' id='par_1_41' title="bbox 538 2673 1483 2745">
     <span class='ocr_line' id='line_1_41' title="bbox 538 2673 1483 2745; baseline -0.001 -15"><span class='ocrx_word' id='word_1_297' title='bbox 538 2676 794 2730; x_wconf 81' lang='lat' dir='ltr'>Trruws</span> <span class='ocrx_word' id='word_1_298' title='bbox 829 2690 842 2728; x_wconf 89' lang='lat'><strong>:</strong></span> <span class='ocrx_word' id='word_1_299' title='bbox 877 2673 1162 2730; x_wconf 79' lang='lat' dir='ltr'>Canticum</span> <span class='ocrx_word' id='word_1_300' title='bbox 1191 2674 1483 2745; x_wconf 84' lang='lat' dir='ltr'>graduum.</span> 
     </span>
    </p>
   </div>
   <div class='ocr_carea' id='block_1_42' title="bbox 254 2798 1844 2873">
    <p class='ocr_par' dir='ltr' id='par_1_42' title="bbox 254 2798 1844 2873">
     <span class='ocr_line' id='line_1_42' title="bbox 254 2798 1844 2873; baseline 0.003 -18"><span class='ocrx_word' id='word_1_301' title='bbox 254 2823 282 2848; x_wconf 78' lang='grc' dir='ltr'>α</span> <span class='ocrx_word' id='word_1_302' title='bbox 308 2799 431 2856; x_wconf 89' lang='lat' dir='ltr'>Nisi</span> <span class='ocrx_word' id='word_1_303' title='bbox 464 2799 603 2873; x_wconf 84' lang='lat' dir='ltr'>quia</span> <span class='ocrx_word' id='word_1_304' title='bbox 632 2798 941 2856; x_wconf 88' lang='lat' dir='ltr'>Dominus.</span> <span class='ocrx_word' id='word_1_305' title='bbox 970 2821 998 2848; x_wconf 85' lang='lat'><strong>»</strong></span> <span class='ocrx_word' id='word_1_306' title='bbox 1030 2798 1133 2855; x_wconf 84' lang='lat' dir='ltr'>Hic</span> <span class='ocrx_word' id='word_1_307' title='bbox 1156 2798 1447 2855; x_wconf 90' lang='lat' dir='ltr'>habemus</span> <span class='ocrx_word' id='word_1_308' title='bbox 1469 2801 1624 2872; x_wconf 92' lang='lat' dir='ltr'>quod</span> <span class='ocrx_word' id='word_1_309' title='bbox 1639 2803 1844 2872; x_wconf 88' lang='lat' dir='ltr'>justus</span> 
     </span>
    </p>
   </div>
   <div class='ocr_carea' id='block_1_43' title="bbox 180 2886 1841 2961">
    <p class='ocr_par' dir='ltr' id='par_1_43' title="bbox 180 2886 1841 2961">
     <span class='ocr_line' id='line_1_43' title="bbox 180 2886 1841 2961; baseline 0.001 -16"><span class='ocrx_word' id='word_1_310' title='bbox 180 2887 303 2956; x_wconf 84' lang='lat' dir='ltr'>Ille,</span> <span class='ocrx_word' id='word_1_311' title='bbox 321 2887 421 2961; x_wconf 89' lang='lat' dir='ltr'>qui</span> <span class='ocrx_word' id='word_1_312' title='bbox 441 2888 502 2944; x_wconf 90' lang='lat' dir='ltr'>in</span> <span class='ocrx_word' id='word_1_313' title='bbox 525 2887 638 2944; x_wconf 88' lang='lat' dir='ltr'>alio</span> <span class='ocrx_word' id='word_1_314' title='bbox 655 2886 883 2960; x_wconf 91' lang='lat' dir='ltr'>psalmo</span> <span class='ocrx_word' id='word_1_315' title='bbox 906 2887 980 2942; x_wconf 90' lang='lat' dir='ltr'>ad</span> <span class='ocrx_word' id='word_1_316' title='bbox 1006 2886 1323 2943; x_wconf 92' lang='lat' dir='ltr'>Dominum</span> <span class='ocrx_word' id='word_1_317' title='bbox 1345 2888 1604 2960; x_wconf 76' lang='lat' dir='ltr'>erigebat</span> <span class='ocrx_word' id='word_1_318' title='bbox 1619 2891 1841 2959; x_wconf 90' lang='lat' dir='ltr'>oculos,</span> 
     </span>
    </p>
   </div>
   <div class='ocr_carea' id='block_1_44' title="bbox 182 2975 1843 3050">
    <p class='ocr_par' dir='ltr' id='par_1_44' title="bbox 182 2975 1843 3050">
     <span class='ocr_line' id='line_1_44' title="bbox 182 2975 1843 3050; baseline 0 -15"><span class='ocrx_word' id='word_1_319' title='bbox 182 2979 342 3035; x_wconf 88' lang='lat' dir='ltr'>inter</span> <span class='ocrx_word' id='word_1_320' title='bbox 356 2976 660 3050; x_wconf 85' lang='lat' dir='ltr'>angustias</span> <span class='ocrx_word' id='word_1_321' title='bbox 672 2977 744 3032; x_wconf 90' lang='lat' dir='ltr'>de</span> <span class='ocrx_word' id='word_1_322' title='bbox 764 2976 1110 3031; x_wconf 90' lang='lat' dir='ltr'>liberatione</span> <span class='ocrx_word' id='word_1_323' title='bbox 1122 2975 1843 3048; x_wconf 90' lang='lat' dir='ltr'>clamabat,liberationem</span> 
     </span>
    </p>
   </div>
   <div class='ocr_carea' id='block_1_45' title="bbox 185 3063 1841 3141">
    <p class='ocr_par' dir='ltr' id='par_1_45' title="bbox 185 3063 1841 3141">
     <span class='ocr_line' id='line_1_45' title="bbox 185 3063 1841 3141; baseline -0.001 -18"><span class='ocrx_word' id='word_1_324' title='bbox 185 3081 374 3141; x_wconf 90' lang='lat' dir='ltr'>quam</span> <span class='ocrx_word' id='word_1_325' title='bbox 406 3064 648 3137; x_wconf 89' lang='lat' dir='ltr'>accepit,</span> <span class='ocrx_word' id='word_1_326' title='bbox 662 3063 749 3118; x_wconf 91' lang='lat' dir='ltr'>vel</span> <span class='ocrx_word' id='word_1_327' title='bbox 780 3063 1015 3135; x_wconf 90' lang='lat' dir='ltr'>aliquod</span> <span class='ocrx_word' id='word_1_328' title='bbox 1040 3063 1199 3119; x_wconf 92' lang='lat' dir='ltr'>aliud</span> <span class='ocrx_word' id='word_1_329' title='bbox 1222 3064 1442 3119; x_wconf 92' lang='lat' dir='ltr'>bonum</span> <span class='ocrx_word' id='word_1_330' title='bbox 1465 3066 1621 3137; x_wconf 86' lang='lat' dir='ltr'>quod</span> <span class='ocrx_word' id='word_1_331' title='bbox 1643 3065 1841 3134; x_wconf 88' lang='lat' dir='ltr'>habet,</span> 
     </span>
    </p>
   </div>
   <div class='ocr_carea' id='block_1_46' title="bbox 188 3152 1846 3222">
    <p class='ocr_par' dir='ltr' id='par_1_46' title="bbox 188 3152 1846 3222">
     <span class='ocr_line' id='line_1_46' title="bbox 188 3152 1846 3222; baseline -0.002 -8"><span class='ocrx_word' id='word_1_332' title='bbox 188 3173 311 3214; x_wconf 88' lang='lat' dir='ltr'>non</span> <span class='ocrx_word' id='word_1_333' title='bbox 344 3152 594 3222; x_wconf 90' lang='lat' dir='ltr'>sibi,sed</span> <span class='ocrx_word' id='word_1_334' title='bbox 626 3152 826 3208; x_wconf 89' lang='lat' dir='ltr'>omnia</span> <span class='ocrx_word' id='word_1_335' title='bbox 855 3152 1269 3208; x_wconf 60' lang='lat' dir='ltr'>misericordiae</span> <span class='ocrx_word' id='word_1_336' title='bbox 1309 3152 1412 3209; x_wconf 90' lang='lat' dir='ltr'>Dei</span> <span class='ocrx_word' id='word_1_337' title='bbox 1457 3153 1761 3211; x_wconf 91' lang='lat' dir='ltr'>attribuit:</span> <span class='ocrx_word' id='word_1_338' title='bbox 1787 3160 1846 3211; x_wconf 90' lang='lat' dir='ltr'>et</span> 
     </span>
    </p>
   </div>
   <div class='ocr_carea' id='block_1_47' title="bbox 184 3241 1847 3314">
    <p class='ocr_par' dir='ltr' id='par_1_47' title="bbox 184 3241 1847 3314">
     <span class='ocr_line' id='line_1_47' title="bbox 184 3241 1847 3314; baseline -0.001 -12"><span class='ocrx_word' id='word_1_339' title='bbox 184 3241 447 3302; x_wconf 83' lang='lat' dir='ltr'>Intendit</span> <span class='ocrx_word' id='word_1_340' title='bbox 476 3242 548 3297; x_wconf 91' lang='lat' dir='ltr'>ad</span> <span class='ocrx_word' id='word_1_341' title='bbox 579 3241 853 3297; x_wconf 84' lang='lat' dir='ltr'>eumdem</span> <span class='ocrx_word' id='word_1_342' title='bbox 901 3241 1151 3314; x_wconf 89' lang='lat' dir='ltr'>gradum</span> <span class='ocrx_word' id='word_1_343' title='bbox 1200 3246 1437 3298; x_wconf 61' lang='lat' dir='ltr'>caeteros</span> <span class='ocrx_word' id='word_1_344' title='bbox 1485 3242 1747 3312; x_wconf 90' lang='lat' dir='ltr'>invitare,</span> <span class='ocrx_word' id='word_1_345' title='bbox 1782 3249 1847 3300; x_wconf 93' lang='lat' dir='ltr'>ut</span> 
     </span>
    </p>
   </div>
   <div class='ocr_carea' id='block_1_48' title="bbox 186 3306 1925 3405">
    <p class='ocr_par' dir='ltr' id='par_1_48' title="bbox 186 3306 1925 3405">
     <span class='ocr_line' id='line_1_48' title="bbox 186 3306 1925 3405; baseline -0.002 -14"><span class='ocrx_word' id='word_1_346' title='bbox 186 3332 394 3391; x_wconf 90' lang='lat' dir='ltr'>omnia</span> <span class='ocrx_word' id='word_1_347' title='bbox 421 3329 748 3388; x_wconf 88' lang='lat' dir='ltr'>attribuant</span> <span class='ocrx_word' id='word_1_348' title='bbox 778 3306 1190 3386; x_wconf 65' lang='lat' dir='ltr'>misericordiae</span> <span class='ocrx_word' id='word_1_349' title='bbox 1222 3330 1343 3386; x_wconf 92' lang='lat' dir='ltr'>Dei.</span> <span class='ocrx_word' id='word_1_350' title='bbox 1380 3331 1441 3386; x_wconf 92' lang='lat' dir='ltr'>In</span> <span class='ocrx_word' id='word_1_351' title='bbox 1475 3330 1665 3404; x_wconf 91' lang='lat' dir='ltr'>prima</span> <span class='ocrx_word' id='word_1_352' title='bbox 1685 3306 1849 3405; x_wconf 85' lang='lat' dir='ltr'>parte</span> <span class='ocrx_word' id='word_1_353' title='bbox 1879 3306 1925 3374; x_wconf 61' lang='grc' dir='ltr'>δ</span> 
     </span>
    </p>
   </div>
   <div class='ocr_carea' id='block_1_49' title="bbox 187 3418 1847 3491">
    <p class='ocr_par' dir='ltr' id='par_1_49' title="bbox 187 3418 1847 3491">
     <span class='ocr_line' id='line_1_49' title="bbox 187 3418 1847 3491; baseline 0 -13"><span class='ocrx_word' id='word_1_354' title='bbox 187 3420 451 3479; x_wconf 89' lang='lat' dir='ltr'>ostendit</span> <span class='ocrx_word' id='word_1_355' title='bbox 478 3436 513 3476; x_wconf 91' lang='lat' dir='ltr'>a</span> <span class='ocrx_word' id='word_1_356' title='bbox 542 3418 790 3477; x_wconf 91' lang='lat' dir='ltr'>Domino</span> <span class='ocrx_word' id='word_1_357' title='bbox 823 3420 945 3476; x_wconf 90' lang='lat' dir='ltr'>solo</span> <span class='ocrx_word' id='word_1_358' title='bbox 977 3436 1039 3476; x_wconf 91' lang='lat' dir='ltr'>se</span> <span class='ocrx_word' id='word_1_359' title='bbox 1067 3419 1284 3475; x_wconf 92' lang='lat' dir='ltr'>habere</span> <span class='ocrx_word' id='word_1_360' title='bbox 1314 3420 1472 3491; x_wconf 92' lang='lat' dir='ltr'>quod</span> <span class='ocrx_word' id='word_1_361' title='bbox 1513 3420 1847 3479; x_wconf 86' lang='lat' dir='ltr'>tribulatio-</span> 
     </span>
    </p>
   </div>
   <div class='ocr_carea' id='block_1_50' title="bbox 188 3507 1843 3582">
    <p class='ocr_par' dir='ltr' id='par_1_50' title="bbox 188 3507 1843 3582">
     <span class='ocr_line' id='line_1_50' title="bbox 188 3507 1843 3582; baseline 0.001 -16"><span class='ocrx_word' id='word_1_362' title='bbox 188 3509 369 3566; x_wconf 88' lang='lat' dir='ltr'>nibus</span> <span class='ocrx_word' id='word_1_363' title='bbox 426 3507 614 3582; x_wconf 88' lang='lat' dir='ltr'>possit</span> <span class='ocrx_word' id='word_1_364' title='bbox 662 3507 951 3565; x_wconf 89' lang='lat' dir='ltr'>resistere.</span> <span class='ocrx_word' id='word_1_365' title='bbox 985 3509 1048 3564; x_wconf 92' lang='lat' dir='ltr'>In</span> <span class='ocrx_word' id='word_1_366' title='bbox 1098 3509 1376 3576; x_wconf 90' lang='lat' dir='ltr'>secunda,</span> <span class='ocrx_word' id='word_1_367' title='bbox 1413 3526 1539 3581; x_wconf 84' lang='lat' dir='ltr'>quae</span> <span class='ocrx_word' id='word_1_368' title='bbox 1593 3509 1843 3582; x_wconf 88' lang='lat' dir='ltr'>incipit:</span> 
     </span>
    </p>
   </div>
   <div class='ocr_carea' id='block_1_51' title="bbox 191 3596 1851 3669">
    <p class='ocr_par' dir='ltr' id='par_1_51' title="bbox 191 3596 1851 3669">
     <span class='ocr_line' id='line_1_51' title="bbox 191 3596 1851 3669; baseline 0.004 -20"><span class='ocrx_word' id='word_1_369' title='bbox 191 3622 222 3649; x_wconf 87' lang='grc'>‹‹</span> <span class='ocrx_word' id='word_1_370' title='bbox 260 3597 611 3653; x_wconf 89' lang='lat' dir='ltr'>Benedictus</span> <span class='ocrx_word' id='word_1_371' title='bbox 644 3597 931 3653; x_wconf 88' lang='lat' dir='ltr'>Dominus</span> <span class='ocrx_word' id='word_1_372' title='bbox 962 3596 1063 3669; x_wconf 90' lang='lat' dir='ltr'>qui</span> <span class='ocrx_word' id='word_1_373' title='bbox 1095 3614 1211 3653; x_wconf 87' lang='lat' dir='ltr'>non</span> <span class='ocrx_word' id='word_1_374' title='bbox 1244 3597 1456 3668; x_wconf 80' lang='lat' dir='ltr'>dedit,»</span> <span class='ocrx_word' id='word_1_375' title='bbox 1493 3600 1562 3655; x_wconf 94' lang='lat' dir='ltr'>de</span> <span class='ocrx_word' id='word_1_376' title='bbox 1584 3617 1692 3655; x_wconf 90' lang='lat' dir='ltr'>sua</span> <span class='ocrx_word' id='word_1_377' title='bbox 1712 3600 1851 3657; x_wconf 87' lang='lat' dir='ltr'>libe-</span> 
     </span>
    </p>
   </div>
   <div class='ocr_carea' id='block_1_52' title="bbox 191 3686 1119 3759">
    <p class='ocr_par' dir='ltr' id='par_1_52' title="bbox 191 3686 1119 3759">
     <span class='ocr_line' id='line_1_52' title="bbox 191 3686 1119 3759; baseline -0.002 -15"><span class='ocrx_word' id='word_1_378' title='bbox 191 3686 422 3744; x_wconf 90' lang='lat' dir='ltr'>ratione</span> <span class='ocrx_word' id='word_1_379' title='bbox 454 3686 675 3759; x_wconf 86' lang='lat' dir='ltr'>gratias</span> <span class='ocrx_word' id='word_1_380' title='bbox 706 3686 827 3759; x_wconf 84' lang='lat' dir='ltr'>agit</span> <span class='ocrx_word' id='word_1_381' title='bbox 850 3687 1119 3742; x_wconf 90' lang='lat' dir='ltr'>Domino.</span> 
     </span>
    </p>
   </div>
   <div class='ocr_carea' id='block_1_53' title="bbox 265 3773 1851 3850">
    <p class='ocr_par' dir='ltr' id='par_1_53' title="bbox 265 3773 1851 3850">
     <span class='ocr_line' id='line_1_53' title="bbox 265 3773 1851 3850; baseline 0.003 -20"><span class='ocrx_word' id='word_1_382' title='bbox 265 3773 443 3841; x_wconf 88' lang='lat' dir='ltr'>Quasi</span> <span class='ocrx_word' id='word_1_383' title='bbox 475 3775 558 3831; x_wconf 91' lang='lat' dir='ltr'>ita</span> <span class='ocrx_word' id='word_1_384' title='bbox 577 3776 796 3831; x_wconf 90' lang='lat' dir='ltr'>diceret</span> <span class='ocrx_word' id='word_1_385' title='bbox 825 3792 837 3830; x_wconf 90' lang='lat'>:</span> <span class='ocrx_word' id='word_1_386' title='bbox 870 3775 987 3831; x_wconf 90' lang='lat' dir='ltr'>Vos</span> <span class='ocrx_word' id='word_1_387' title='bbox 1018 3776 1118 3848; x_wconf 89' lang='lat' dir='ltr'>qui</span> <span class='ocrx_word' id='word_1_388' title='bbox 1142 3776 1295 3832; x_wconf 89' lang='lat' dir='ltr'>inter</span> <span class='ocrx_word' id='word_1_389' title='bbox 1319 3776 1625 3850; x_wconf 89' lang='lat' dir='ltr'>angustias</span> <span class='ocrx_word' id='word_1_390' title='bbox 1646 3777 1851 3835; x_wconf 90' lang='lat' dir='ltr'>libera-</span> 
     </span>
    </p>
   </div>
   <div class='ocr_carea' id='block_1_54' title="bbox 188 3862 1849 3937">
    <p class='ocr_par' dir='ltr' id='par_1_54' title="bbox 188 3862 1849 3937">
     <span class='ocr_line' id='line_1_54' title="bbox 188 3862 1849 3937; baseline 0.003 -17"><span class='ocrx_word' id='word_1_391' title='bbox 188 3862 415 3920; x_wconf 81' lang='lat' dir='ltr'>tionem</span> <span class='ocrx_word' id='word_1_392' title='bbox 472 3862 803 3937; x_wconf 88' lang='lat' dir='ltr'>accepistis,</span> <span class='ocrx_word' id='word_1_393' title='bbox 835 3862 1242 3921; x_wconf 90' lang='lat' dir='ltr'>liberationem</span> <span class='ocrx_word' id='word_1_394' title='bbox 1289 3870 1544 3923; x_wconf 88' lang='lat' dir='ltr'>vestram</span> <span class='ocrx_word' id='word_1_395' title='bbox 1602 3867 1849 3925; x_wconf 92' lang='lat' dir='ltr'>Domino</span> 
     </span>
    </p>
   </div>
   <div class='ocr_carea' id='block_1_55' title="bbox 193 3951 1849 4026">
    <p class='ocr_par' dir='ltr' id='par_1_55' title="bbox 193 3951 1849 4026">
     <span class='ocr_line' id='line_1_55' title="bbox 193 3951 1849 4026; baseline 0.003 -18"><span class='ocrx_word' id='word_1_396' title='bbox 193 3951 806 4024; x_wconf 81' lang='lat' dir='ltr'>ascribatis.exemplo</span> <span class='ocrx_word' id='word_1_397' title='bbox 837 3952 1041 4021; x_wconf 92' lang='lat' dir='ltr'>nostri,</span> <span class='ocrx_word' id='word_1_398' title='bbox 1066 3954 1165 4026; x_wconf 90' lang='lat' dir='ltr'>qui</span> <span class='ocrx_word' id='word_1_399' title='bbox 1206 3954 1455 4010; x_wconf 91' lang='lat' dir='ltr'>Domino</span> <span class='ocrx_word' id='word_1_400' title='bbox 1490 3957 1634 4011; x_wconf 89' lang='lat' dir='ltr'>bene</span> <span class='ocrx_word' id='word_1_401' title='bbox 1663 3958 1849 4012; x_wconf 82' lang='lat' dir='ltr'>confi-</span> 
     </span>
    </p>
   </div>
   <div class='ocr_carea' id='block_1_56' title="bbox 194 4040 1852 4114">
    <p class='ocr_par' dir='ltr' id='par_1_56' title="bbox 194 4040 1852 4114">
     <span class='ocr_line' id='line_1_56' title="bbox 194 4040 1852 4114; baseline 0.002 -17"><span class='ocrx_word' id='word_1_402' title='bbox 194 4044 430 4097; x_wconf 88' lang='lat' dir='ltr'>temur:</span> <span class='ocrx_word' id='word_1_403' title='bbox 460 4057 488 4088; x_wconf 74' lang='grc' dir='ltr'>α</span> <span class='ocrx_word' id='word_1_404' title='bbox 508 4040 646 4113; x_wconf 88' lang='lat' dir='ltr'>quia</span> <span class='ocrx_word' id='word_1_405' title='bbox 676 4040 789 4096; x_wconf 89' lang='lat' dir='ltr'>nisi</span> <span class='ocrx_word' id='word_1_406' title='bbox 814 4067 838 4093; x_wconf 76' lang='grc' dir='ltr'>ι»</span> <span class='ocrx_word' id='word_1_407' title='bbox 868 4045 1023 4097; x_wconf 89' lang='lat' dir='ltr'>esset</span> <span class='ocrx_word' id='word_1_408' title='bbox 1043 4041 1171 4108; x_wconf 88' lang='lat' dir='ltr'>hoc,</span> <span class='ocrx_word' id='word_1_409' title='bbox 1188 4044 1342 4114; x_wconf 89' lang='lat' dir='ltr'>quod</span> <span class='ocrx_word' id='word_1_410' title='bbox 1366 4066 1393 4093; x_wconf 87' lang='lat'><strong>«</strong></span> <span class='ocrx_word' id='word_1_411' title='bbox 1420 4044 1706 4100; x_wconf 90' lang='lat' dir='ltr'>Dominus</span> <span class='ocrx_word' id='word_1_412' title='bbox 1726 4049 1852 4101; x_wconf 90' lang='lat' dir='ltr'>erat</span> 
     </span>
    </p>
   </div>
   <div class='ocr_carea' id='block_1_57' title="bbox 191 4127 1853 4205">
    <p class='ocr_par' dir='ltr' id='par_1_57' title="bbox 191 4127 1853 4205">
     <span class='ocr_line' id='line_1_57' title="bbox 191 4127 1853 4205; baseline 0.002 -21"><span class='ocrx_word' id='word_1_413' title='bbox 191 4127 259 4185; x_wconf 77' lang='lat' dir='ltr'>In</span> <span class='ocrx_word' id='word_1_414' title='bbox 289 4128 461 4185; x_wconf 90' lang='lat' dir='ltr'>nobis</span> <span class='ocrx_word' id='word_1_415' title='bbox 479 4150 508 4180; x_wconf 85' lang='grc'><strong>››</strong></span> <span class='ocrx_word' id='word_1_416' title='bbox 532 4129 891 4185; x_wconf 80' lang='lat' dir='ltr'>confirmans</span> <span class='ocrx_word' id='word_1_417' title='bbox 906 4146 1035 4198; x_wconf 90' lang='lat' dir='ltr'>nos,</span> <span class='ocrx_word' id='word_1_418' title='bbox 1060 4153 1090 4179; x_wconf 92' lang='grc'>‹‹</span> <span class='ocrx_word' id='word_1_419' title='bbox 1113 4146 1249 4186; x_wconf 91' lang='lat' dir='ltr'>cum</span> <span class='ocrx_word' id='word_1_420' title='bbox 1271 4135 1650 4205; x_wconf 83' lang='lat' dir='ltr'>exsurgerent</span> <span class='ocrx_word' id='word_1_421' title='bbox 1668 4132 1853 4189; x_wconf 89' lang='lat' dir='ltr'>homi-</span> 
     </span>
    </p>
   </div>
   <div class='ocr_carea' id='block_1_58' title="bbox 194 4217 1853 4293">
    <p class='ocr_par' dir='ltr' id='par_1_58' title="bbox 194 4217 1853 4293">
     <span class='ocr_line' id='line_1_58' title="bbox 194 4217 1853 4293; baseline 0.002 -18"><span class='ocrx_word' id='word_1_422' title='bbox 194 4233 305 4275; x_wconf 86' lang='lat' dir='ltr'>nes</span> <span class='ocrx_word' id='word_1_423' title='bbox 327 4217 389 4273; x_wconf 90' lang='lat' dir='ltr'>in</span> <span class='ocrx_word' id='word_1_424' title='bbox 419 4217 951 4291; x_wconf 89' lang='lat' dir='ltr'>nos,deglutissent</span> <span class='ocrx_word' id='word_1_425' title='bbox 980 4235 1146 4289; x_wconf 83' lang='lat' dir='ltr'>nos,»</span> <span class='ocrx_word' id='word_1_426' title='bbox 1170 4219 1229 4274; x_wconf 92' lang='lat' dir='ltr'>id</span> <span class='ocrx_word' id='word_1_427' title='bbox 1259 4223 1350 4275; x_wconf 89' lang='lat' dir='ltr'>est</span> <span class='ocrx_word' id='word_1_428' title='bbox 1380 4219 1853 4293; x_wconf 90' lang='lat' dir='ltr'>incorporassent</span> 
     </span>
    </p>
   </div>
   <div class='ocr_carea' id='block_1_59' title="bbox 195 4306 1851 4381">
    <p class='ocr_par' dir='ltr' id='par_1_59' title="bbox 195 4306 1851 4381">
     <span class='ocr_line' id='line_1_59' title="bbox 195 4306 1851 4381; baseline 0.002 -18"><span class='ocrx_word' id='word_1_429' title='bbox 195 4324 305 4363; x_wconf 90' lang='lat' dir='ltr'>nos</span> <span class='ocrx_word' id='word_1_430' title='bbox 336 4306 449 4363; x_wconf 87' lang='lat' dir='ltr'>sibi</span> <span class='ocrx_word' id='word_1_431' title='bbox 483 4330 511 4356; x_wconf 91' lang='grc'><em>‹‹</em></span> <span class='ocrx_word' id='word_1_432' title='bbox 544 4306 725 4379; x_wconf 84' lang='lat' dir='ltr'>vivos,</span> <span class='ocrx_word' id='word_1_433' title='bbox 752 4329 779 4357; x_wconf 87' lang='grc'><strong>››</strong></span> <span class='ocrx_word' id='word_1_434' title='bbox 813 4307 870 4363; x_wconf 92' lang='lat' dir='ltr'>id</span> <span class='ocrx_word' id='word_1_435' title='bbox 918 4311 1029 4373; x_wconf 91' lang='lat' dir='ltr'>est,</span> <span class='ocrx_word' id='word_1_436' title='bbox 1061 4307 1312 4364; x_wconf 89' lang='lat' dir='ltr'>scientes</span> <span class='ocrx_word' id='word_1_437' title='bbox 1345 4323 1359 4364; x_wconf 92' lang='lat'><strong>:</strong></span> <span class='ocrx_word' id='word_1_438' title='bbox 1394 4308 1534 4380; x_wconf 90' lang='lat' dir='ltr'>quia</span> <span class='ocrx_word' id='word_1_439' title='bbox 1579 4311 1851 4381; x_wconf 88' lang='lat' dir='ltr'>quamvis</span> 
     </span>
    </p>
   </div>
   <div class='ocr_carea' id='block_1_60' title="bbox 192 4393 1850 4467">
    <p class='ocr_par' dir='ltr' id='par_1_60' title="bbox 192 4393 1850 4467">
     <span class='ocr_line' id='line_1_60' title="bbox 192 4393 1850 4467; baseline 0.001 -16"><span class='ocrx_word' id='word_1_440' title='bbox 192 4409 687 4467; x_wconf 83' lang='lat' dir='ltr'>cognosceremus</span> <span class='ocrx_word' id='word_1_441' title='bbox 706 4393 933 4450; x_wconf 90' lang='lat' dir='ltr'>malum</span> <span class='ocrx_word' id='word_1_442' title='bbox 957 4398 1308 4464; x_wconf 90' lang='lat' dir='ltr'>esse,tamen</span> <span class='ocrx_word' id='word_1_443' title='bbox 1327 4399 1618 4466; x_wconf 88' lang='lat' dir='ltr'>oporteret</span> <span class='ocrx_word' id='word_1_444' title='bbox 1638 4396 1721 4452; x_wconf 90' lang='lat' dir='ltr'>eis</span> <span class='ocrx_word' id='word_1_445' title='bbox 1744 4414 1850 4453; x_wconf 90' lang='lat' dir='ltr'>nos</span> 
     </span>
    </p>
   </div>
   <div class='ocr_carea' id='block_1_61' title="bbox 193 4481 1852 4557">
    <p class='ocr_par' dir='ltr' id='par_1_61' title="bbox 193 4481 1852 4557">
     <span class='ocr_line' id='line_1_61' title="bbox 193 4481 1852 4557; baseline 0.001 -16"><span class='ocrx_word' id='word_1_446' title='bbox 193 4481 525 4541; x_wconf 90' lang='lat' dir='ltr'>consentire</span> <span class='ocrx_word' id='word_1_447' title='bbox 556 4500 672 4556; x_wconf 65' lang='lat' dir='ltr'>prae</span> <span class='ocrx_word' id='word_1_448' title='bbox 700 4482 1109 4557; x_wconf 88' lang='lat' dir='ltr'>magnitudine</span> <span class='ocrx_word' id='word_1_449' title='bbox 1138 4482 1589 4541; x_wconf 90' lang='lat' dir='ltr'>tribulationum</span> <span class='ocrx_word' id='word_1_450' title='bbox 1614 4502 1625 4541; x_wconf 90' lang='lat'><strong>:</strong></span> <span class='ocrx_word' id='word_1_451' title='bbox 1652 4490 1709 4542; x_wconf 92' lang='lat' dir='ltr'>et</span> <span class='ocrx_word' id='word_1_452' title='bbox 1742 4486 1852 4543; x_wconf 91' lang='lat' dir='ltr'>hoc</span> 
     </span>
    </p>
   </div>
   <div class='ocr_carea' id='block_1_62' title="bbox 196 4570 1851 4644">
    <p class='ocr_par' dir='ltr' id='par_1_62' title="bbox 196 4570 1851 4644">
     <span class='ocr_line' id='line_1_62' title="bbox 196 4570 1851 4644; baseline 0.003 -19"><span class='ocrx_word' id='word_1_453' title='bbox 196 4593 229 4624; x_wconf 83' lang='lat'><em>«</em></span> <span class='ocrx_word' id='word_1_454' title='bbox 260 4572 430 4641; x_wconf 88' lang='lat' dir='ltr'>forte,</span> <span class='ocrx_word' id='word_1_455' title='bbox 453 4594 481 4621; x_wconf 88' lang='lat'>»</span> <span class='ocrx_word' id='word_1_456' title='bbox 502 4570 562 4628; x_wconf 90' lang='lat' dir='ltr'>id</span> <span class='ocrx_word' id='word_1_457' title='bbox 594 4576 706 4639; x_wconf 90' lang='lat' dir='ltr'>est,</span> <span class='ocrx_word' id='word_1_458' title='bbox 737 4575 796 4627; x_wconf 90' lang='lat' dir='ltr'>et</span> <span class='ocrx_word' id='word_1_459' title='bbox 825 4576 1024 4644; x_wconf 90' lang='lat' dir='ltr'>posset</span> <span class='ocrx_word' id='word_1_460' title='bbox 1056 4571 1202 4639; x_wconf 80' lang='lat' dir='ltr'>fieri,</span> <span class='ocrx_word' id='word_1_461' title='bbox 1231 4572 1320 4628; x_wconf 93' lang='lat' dir='ltr'>vel</span> <span class='ocrx_word' id='word_1_462' title='bbox 1343 4590 1458 4629; x_wconf 93' lang='lat' dir='ltr'>non</span> <span class='ocrx_word' id='word_1_463' title='bbox 1492 4573 1615 4629; x_wconf 82' lang='lat' dir='ltr'>ﬁeri</span> <span class='ocrx_word' id='word_1_464' title='bbox 1641 4591 1653 4629; x_wconf 93' lang='lat'><strong>:</strong></span> <span class='ocrx_word' id='word_1_465' title='bbox 1687 4579 1745 4631; x_wconf 89' lang='lat' dir='ltr'>et</span> <span class='ocrx_word' id='word_1_466' title='bbox 1772 4576 1851 4631; x_wconf 88' lang='lat' dir='ltr'>si-</span> 
     </span>
    </p>
   </div>
   <div class='ocr_carea' id='block_1_63' title="bbox 1942 1993 3600 2069">
    <p class='ocr_par' dir='ltr' id='par_1_63' title="bbox 1942 1993 3600 2069">
     <span class='ocr_line' id='line_1_63' title="bbox 1942 1993 3600 2069; baseline -0.002 -17"><span class='ocrx_word' id='word_1_467' title='bbox 1942 1996 2096 2053; x_wconf 91' lang='lat' dir='ltr'>sicut</span> <span class='ocrx_word' id='word_1_468' title='bbox 2123 2012 2325 2069; x_wconf 88' lang='lat' dir='ltr'>passer</span> <span class='ocrx_word' id='word_1_469' title='bbox 2353 1999 2555 2067; x_wconf 89' lang='lat' dir='ltr'>erepta</span> <span class='ocrx_word' id='word_1_470' title='bbox 2582 1999 2673 2051; x_wconf 90' lang='lat' dir='ltr'>est</span> <span class='ocrx_word' id='word_1_471' title='bbox 2701 1996 2773 2051; x_wconf 90' lang='lat' dir='ltr'>de</span> <span class='ocrx_word' id='word_1_472' title='bbox 2822 1993 3053 2066; x_wconf 87' lang='lat' dir='ltr'>laqueo,</span> <span class='ocrx_word' id='word_1_473' title='bbox 3091 2014 3119 2043; x_wconf 85' lang='lat'>»</span> <span class='ocrx_word' id='word_1_474' title='bbox 3152 1994 3210 2050; x_wconf 92' lang='lat' dir='ltr'>id</span> <span class='ocrx_word' id='word_1_475' title='bbox 3243 1998 3354 2065; x_wconf 90' lang='lat' dir='ltr'>est,</span> <span class='ocrx_word' id='word_1_476' title='bbox 3390 1995 3600 2066; x_wconf 89' lang='lat' dir='ltr'>decep-</span> 
     </span>
    </p>
   </div>
   <div class='ocr_carea' id='block_1_64' title="bbox 1944 2082 3603 2156">
    <p class='ocr_par' dir='ltr' id='par_1_64' title="bbox 1944 2082 3603 2156">
     <span class='ocr_line' id='line_1_64' title="bbox 1944 2082 3603 2156; baseline -0.002 -14"><span class='ocrx_word' id='word_1_477' title='bbox 1944 2087 2102 2142; x_wconf 88' lang='lat' dir='ltr'>tione</span> <span class='ocrx_word' id='word_1_478' title='bbox 2134 2108 2163 2135; x_wconf 84' lang='lat'><strong><em>«</em></strong></span> <span class='ocrx_word' id='word_1_479' title='bbox 2194 2084 2560 2152; x_wconf 91' lang='lat' dir='ltr'>venantium,</span> <span class='ocrx_word' id='word_1_480' title='bbox 2596 2106 2617 2132; x_wconf 72' lang='grc' dir='ltr'>ι</span> <span class='ocrx_word' id='word_1_481' title='bbox 2655 2082 2713 2139; x_wconf 91' lang='lat' dir='ltr'>id</span> <span class='ocrx_word' id='word_1_482' title='bbox 2744 2086 2851 2152; x_wconf 89' lang='lat' dir='ltr'>est,</span> <span class='ocrx_word' id='word_1_483' title='bbox 2884 2082 3274 2155; x_wconf 66' lang='lat' dir='ltr'>quaerentium</span> <span class='ocrx_word' id='word_1_484' title='bbox 3322 2088 3603 2156; x_wconf 86' lang='lat' dir='ltr'>opportu-</span> 
     </span>
    </p>
   </div>
   <div class='ocr_carea' id='block_1_65' title="bbox 1946 2171 2698 2244">
    <p class='ocr_par' dir='ltr' id='par_1_65' title="bbox 1946 2171 2698 2244">
     <span class='ocr_line' id='line_1_65' title="bbox 1946 2171 2698 2244; baseline -0.004 -15"><span class='ocrx_word' id='word_1_485' title='bbox 1946 2175 2191 2229; x_wconf 90' lang='lat' dir='ltr'>nitatem</span> <span class='ocrx_word' id='word_1_486' title='bbox 2222 2171 2549 2244; x_wconf 91' lang='lat' dir='ltr'>decipiendi</span> <span class='ocrx_word' id='word_1_487' title='bbox 2583 2187 2698 2227; x_wconf 92' lang='lat' dir='ltr'>me.</span> 
     </span>
    </p>
   </div>
   <div class='ocr_carea' id='block_1_66' title="bbox 2018 2258 3607 2331">
    <p class='ocr_par' dir='ltr' id='par_1_66' title="bbox 2018 2258 3607 2331">
     <span class='ocr_line' id='line_1_66' title="bbox 2018 2258 3607 2331; baseline -0.003 -12"><span class='ocrx_word' id='word_1_488' title='bbox 2018 2265 2089 2319; x_wconf 84' lang='lat' dir='ltr'>Et</span> <span class='ocrx_word' id='word_1_489' title='bbox 2119 2280 2232 2319; x_wconf 89' lang='lat' dir='ltr'>non</span> <span class='ocrx_word' id='word_1_490' title='bbox 2266 2265 2497 2317; x_wconf 89' lang='lat' dir='ltr'>tantum</span> <span class='ocrx_word' id='word_1_491' title='bbox 2530 2260 2729 2316; x_wconf 89' lang='lat' dir='ltr'>anima</span> <span class='ocrx_word' id='word_1_492' title='bbox 2750 2263 2950 2315; x_wconf 89' lang='lat' dir='ltr'>nostra</span> <span class='ocrx_word' id='word_1_493' title='bbox 2969 2262 3058 2314; x_wconf 88' lang='lat' dir='ltr'>est</span> <span class='ocrx_word' id='word_1_494' title='bbox 3088 2262 3307 2331; x_wconf 86' lang='lat' dir='ltr'>erepta,</span> <span class='ocrx_word' id='word_1_495' title='bbox 3331 2259 3432 2314; x_wconf 88' lang='lat' dir='ltr'>sed</span> <span class='ocrx_word' id='word_1_496' title='bbox 3469 2281 3496 2311; x_wconf 84' lang='grc'><strong>‹‹</strong></span> <span class='ocrx_word' id='word_1_497' title='bbox 3527 2258 3607 2315; x_wconf 91' lang='lat' dir='ltr'>la-</span> 
     </span>
    </p>
   </div>
   <div class='ocr_carea' id='block_1_67' title="bbox 1949 2348 3607 2425">
    <p class='ocr_par' dir='ltr' id='par_1_67' title="bbox 1949 2348 3607 2425">
     <span class='ocr_line' id='line_1_67' title="bbox 1949 2348 3607 2425; baseline -0.002 -19"><span class='ocrx_word' id='word_1_498' title='bbox 1949 2369 2159 2425; x_wconf 82' lang='lat' dir='ltr'>queus,</span> <span class='ocrx_word' id='word_1_499' title='bbox 2182 2373 2211 2402; x_wconf 83' lang='lat'>»</span> <span class='ocrx_word' id='word_1_500' title='bbox 2243 2349 2301 2405; x_wconf 90' lang='lat' dir='ltr'>id</span> <span class='ocrx_word' id='word_1_501' title='bbox 2334 2354 2424 2405; x_wconf 90' lang='lat' dir='ltr'>est</span> <span class='ocrx_word' id='word_1_502' title='bbox 2451 2348 2563 2421; x_wconf 91' lang='lat' dir='ltr'>ipsi</span> <span class='ocrx_word' id='word_1_503' title='bbox 2612 2348 2997 2420; x_wconf 88' lang='lat' dir='ltr'>illaqueantes</span> <span class='ocrx_word' id='word_1_504' title='bbox 3029 2365 3157 2414; x_wconf 90' lang='lat' dir='ltr'>nos,</span> <span class='ocrx_word' id='word_1_505' title='bbox 3192 2369 3220 2398; x_wconf 83' lang='lat'><strong>«</strong></span> <span class='ocrx_word' id='word_1_506' title='bbox 3250 2352 3342 2404; x_wconf 90' lang='lat' dir='ltr'>est</span> <span class='ocrx_word' id='word_1_507' title='bbox 3392 2348 3607 2404; x_wconf 89' lang='lat' dir='ltr'>contri-</span> 
     </span>
    </p>
   </div>
   <div class='ocr_carea' id='block_1_68' title="bbox 1948 2435 3609 2512">
    <p class='ocr_par' dir='ltr' id='par_1_68' title="bbox 1948 2435 3609 2512">
     <span class='ocr_line' id='line_1_68' title="bbox 1948 2435 3609 2512; baseline -0.002 -16"><span class='ocrx_word' id='word_1_508' title='bbox 1948 2444 2106 2508; x_wconf 76' lang='lat' dir='ltr'>tus,»</span> <span class='ocrx_word' id='word_1_509' title='bbox 2130 2439 2270 2512; x_wconf 91' lang='lat' dir='ltr'>quia</span> <span class='ocrx_word' id='word_1_510' title='bbox 2288 2437 2401 2511; x_wconf 90' lang='lat' dir='ltr'>ipsi</span> <span class='ocrx_word' id='word_1_511' title='bbox 2432 2438 2671 2493; x_wconf 88' lang='lat' dir='ltr'>tandem</span> <span class='ocrx_word' id='word_1_512' title='bbox 2703 2435 2921 2509; x_wconf 90' lang='lat' dir='ltr'>duplici</span> <span class='ocrx_word' id='word_1_513' title='bbox 2946 2436 3294 2491; x_wconf 90' lang='lat' dir='ltr'>contritione</span> <span class='ocrx_word' id='word_1_514' title='bbox 3314 2442 3609 2493; x_wconf 86' lang='lat' dir='ltr'>conteren-</span> 
     </span>
    </p>
   </div>
   <div class='ocr_carea' id='block_1_69' title="bbox 1951 2524 3610 2598">
    <p class='ocr_par' dir='ltr' id='par_1_69' title="bbox 1951 2524 3610 2598">
     <span class='ocr_line' id='line_1_69' title="bbox 1951 2524 3610 2598; baseline -0.002 -13"><span class='ocrx_word' id='word_1_515' title='bbox 1951 2534 2069 2598; x_wconf 87' lang='lat' dir='ltr'>tur,</span> <span class='ocrx_word' id='word_1_516' title='bbox 2105 2552 2132 2579; x_wconf 76' lang='grc' dir='ltr'>α</span> <span class='ocrx_word' id='word_1_517' title='bbox 2166 2533 2224 2584; x_wconf 90' lang='lat' dir='ltr'>et</span> <span class='ocrx_word' id='word_1_518' title='bbox 2254 2544 2361 2583; x_wconf 93' lang='lat' dir='ltr'>nos</span> <span class='ocrx_word' id='word_1_519' title='bbox 2412 2525 2645 2582; x_wconf 90' lang='lat' dir='ltr'>liberati</span> <span class='ocrx_word' id='word_1_520' title='bbox 2702 2542 2933 2591; x_wconf 91' lang='lat' dir='ltr'>sumus,</span> <span class='ocrx_word' id='word_1_521' title='bbox 2971 2547 2998 2574; x_wconf 83' lang='lat'>»</span> <span class='ocrx_word' id='word_1_522' title='bbox 3030 2524 3088 2579; x_wconf 93' lang='lat' dir='ltr'>id</span> <span class='ocrx_word' id='word_1_523' title='bbox 3138 2528 3228 2580; x_wconf 90' lang='lat' dir='ltr'>est</span> <span class='ocrx_word' id='word_1_524' title='bbox 3281 2525 3342 2580; x_wconf 92' lang='lat' dir='ltr'>in</span> <span class='ocrx_word' id='word_1_525' title='bbox 3394 2542 3610 2597; x_wconf 88' lang='lat' dir='ltr'>magna</span> 
     </span>
    </p>
   </div>
   <div class='ocr_carea' id='block_1_70' title="bbox 1952 2613 2797 2692">
    <p class='ocr_par' dir='ltr' id='par_1_70' title="bbox 1952 2613 2797 2692">
     <span class='ocr_line' id='line_1_70' title="bbox 1952 2613 2797 2692; baseline -0.006 -19"><span class='ocrx_word' id='word_1_526' title='bbox 1952 2617 2237 2692; x_wconf 87' lang='lat' dir='ltr'>dignitate</span> <span class='ocrx_word' id='word_1_527' title='bbox 2267 2634 2301 2673; x_wconf 91' lang='lat' dir='ltr'>a</span> <span class='ocrx_word' id='word_1_528' title='bbox 2329 2617 2446 2672; x_wconf 91' lang='lat' dir='ltr'>Deo</span> <span class='ocrx_word' id='word_1_529' title='bbox 2473 2613 2797 2671; x_wconf 90' lang='lat' dir='ltr'>constituti.</span> 
     </span>
    </p>
   </div>
   <div class='ocr_carea' id='block_1_71' title="bbox 2022 2702 3607 2775">
    <p class='ocr_par' dir='ltr' id='par_1_71' title="bbox 2022 2702 3607 2775">
     <span class='ocr_line' id='line_1_71' title="bbox 2022 2702 3607 2775; baseline -0.002 -15"><span class='ocrx_word' id='word_1_530' title='bbox 2022 2711 2092 2761; x_wconf 87' lang='lat' dir='ltr'>Et</span> <span class='ocrx_word' id='word_1_531' title='bbox 2121 2705 2229 2762; x_wconf 89' lang='lat' dir='ltr'>hoc</span> <span class='ocrx_word' id='word_1_532' title='bbox 2251 2728 2279 2754; x_wconf 86' lang='lat'><strong>«</strong></span> <span class='ocrx_word' id='word_1_533' title='bbox 2305 2702 2668 2775; x_wconf 85' lang='lat' dir='ltr'>adjutorium</span> <span class='ocrx_word' id='word_1_534' title='bbox 2690 2705 2956 2757; x_wconf 90' lang='lat' dir='ltr'>nostrum</span> <span class='ocrx_word' id='word_1_535' title='bbox 2978 2722 3005 2750; x_wconf 86' lang='lat'>»</span> <span class='ocrx_word' id='word_1_536' title='bbox 3024 2702 3182 2773; x_wconf 89' lang='lat' dir='ltr'>quod</span> <span class='ocrx_word' id='word_1_537' title='bbox 3205 2702 3285 2757; x_wconf 87' lang='lat' dir='ltr'>ita</span> <span class='ocrx_word' id='word_1_538' title='bbox 3305 2719 3516 2759; x_wconf 90' lang='lat' dir='ltr'>sumus</span> <span class='ocrx_word' id='word_1_539' title='bbox 3539 2702 3607 2757; x_wconf 87' lang='lat' dir='ltr'>li-</span> 
     </span>
    </p>
   </div>
   <div class='ocr_carea' id='block_1_72' title="bbox 1952 2789 3608 2862">
    <p class='ocr_par' dir='ltr' id='par_1_72' title="bbox 1952 2789 3608 2862">
     <span class='ocr_line' id='line_1_72' title="bbox 1952 2789 3608 2862; baseline -0.002 -13"><span class='ocrx_word' id='word_1_540' title='bbox 1952 2793 2292 2861; x_wconf 90' lang='lat' dir='ltr'>berati,non</span> <span class='ocrx_word' id='word_1_541' title='bbox 2323 2795 2415 2848; x_wconf 91' lang='lat' dir='ltr'>est</span> <span class='ocrx_word' id='word_1_542' title='bbox 2442 2808 2478 2847; x_wconf 86' lang='lat' dir='ltr'>a</span> <span class='ocrx_word' id='word_1_543' title='bbox 2508 2791 2699 2858; x_wconf 90' lang='lat' dir='ltr'>nobis,</span> <span class='ocrx_word' id='word_1_544' title='bbox 2716 2791 2819 2846; x_wconf 92' lang='lat' dir='ltr'>sed</span> <span class='ocrx_word' id='word_1_545' title='bbox 2842 2790 2983 2862; x_wconf 92' lang='lat' dir='ltr'>quia</span> <span class='ocrx_word' id='word_1_546' title='bbox 3012 2805 3222 2845; x_wconf 89' lang='lat' dir='ltr'>sumus</span> <span class='ocrx_word' id='word_1_547' title='bbox 3243 2813 3271 2839; x_wconf 92' lang='grc'><em>‹‹</em></span> <span class='ocrx_word' id='word_1_548' title='bbox 3289 2789 3348 2844; x_wconf 89' lang='lat' dir='ltr'>in</span> <span class='ocrx_word' id='word_1_549' title='bbox 3371 2791 3608 2846; x_wconf 90' lang='lat' dir='ltr'>nomine</span> 
     </span>
    </p>
   </div>
   <div class='ocr_carea' id='block_1_73' title="bbox 1952 2876 3606 2952">
    <p class='ocr_par' dir='ltr' id='par_1_73' title="bbox 1952 2876 3606 2952">
     <span class='ocr_line' id='line_1_73' title="bbox 1952 2876 3606 2952; baseline -0.002 -15"><span class='ocrx_word' id='word_1_550' title='bbox 1952 2881 2209 2952; x_wconf 89' lang='lat' dir='ltr'>Domini,</span> <span class='ocrx_word' id='word_1_551' title='bbox 2246 2903 2274 2931; x_wconf 72' lang='grc' dir='ltr'>υ</span> <span class='ocrx_word' id='word_1_552' title='bbox 2307 2880 2408 2952; x_wconf 89' lang='lat' dir='ltr'>qui</span> <span class='ocrx_word' id='word_1_553' title='bbox 2440 2897 2548 2935; x_wconf 91' lang='lat' dir='ltr'>nos</span> <span class='ocrx_word' id='word_1_554' title='bbox 2580 2879 2726 2934; x_wconf 90' lang='lat' dir='ltr'>bene</span> <span class='ocrx_word' id='word_1_555' title='bbox 2752 2882 2945 2950; x_wconf 90' lang='lat' dir='ltr'>potest</span> <span class='ocrx_word' id='word_1_556' title='bbox 2972 2876 3289 2944; x_wconf 91' lang='lat' dir='ltr'>custodire,</span> <span class='ocrx_word' id='word_1_557' title='bbox 3328 2878 3606 2949; x_wconf 89' lang='lat' dir='ltr'>quoniam</span> 
     </span>
    </p>
   </div>
   <div class='ocr_carea' id='block_1_74' title="bbox 1949 2965 3606 3043">
    <p class='ocr_par' dir='ltr' id='par_1_74' title="bbox 1949 2965 3606 3043">
     <span class='ocr_line' id='line_1_74' title="bbox 1949 2965 3606 3043; baseline -0.002 -17"><span class='ocrx_word' id='word_1_558' title='bbox 1949 2970 2077 3043; x_wconf 89' lang='lat' dir='ltr'>ipse</span> <span class='ocrx_word' id='word_1_559' title='bbox 2106 2974 2197 3025; x_wconf 90' lang='lat' dir='ltr'>est</span> <span class='ocrx_word' id='word_1_560' title='bbox 2228 2990 2257 3019; x_wconf 87' lang='grc'>‹‹</span> <span class='ocrx_word' id='word_1_561' title='bbox 2289 2968 2391 3040; x_wconf 92' lang='lat' dir='ltr'>qni</span> <span class='ocrx_word' id='word_1_562' title='bbox 2420 2967 2555 3022; x_wconf 87' lang='lat' dir='ltr'>fecit</span> <span class='ocrx_word' id='word_1_563' title='bbox 2584 2966 2796 3022; x_wconf 77' lang='lat' dir='ltr'>emtum</span> <span class='ocrx_word' id='word_1_564' title='bbox 2827 2969 2887 3021; x_wconf 90' lang='lat' dir='ltr'>et</span> <span class='ocrx_word' id='word_1_565' title='bbox 2914 2968 3152 3033; x_wconf 91' lang='lat' dir='ltr'>terram,</span> <span class='ocrx_word' id='word_1_566' title='bbox 3175 2987 3203 3014; x_wconf 84' lang='grc'><strong>››</strong></span> <span class='ocrx_word' id='word_1_567' title='bbox 3233 2965 3320 3021; x_wconf 91' lang='lat' dir='ltr'>vel</span> <span class='ocrx_word' id='word_1_568' title='bbox 3352 2967 3425 3022; x_wconf 90' lang='lat' dir='ltr'>ad</span> <span class='ocrx_word' id='word_1_569' title='bbox 3450 2965 3606 3024; x_wconf 84' lang='lat' dir='ltr'>litte-</span> 
     </span>
    </p>
   </div>
   <div class='ocr_carea' id='block_1_75' title="bbox 1953 3054 2714 3129">
    <p class='ocr_par' dir='ltr' id='par_1_75' title="bbox 1953 3054 2714 3129">
     <span class='ocr_line' id='line_1_75' title="bbox 1953 3054 2714 3129; baseline -0.005 -16"><span class='ocrx_word' id='word_1_570' title='bbox 1953 3075 2076 3113; x_wconf 91' lang='lat' dir='ltr'>ram</span> <span class='ocrx_word' id='word_1_571' title='bbox 2090 3102 2105 3127; x_wconf 88' lang='lat'>,</span> <span class='ocrx_word' id='word_1_572' title='bbox 2133 3056 2220 3113; x_wconf 88' lang='lat' dir='ltr'>vel</span> <span class='ocrx_word' id='word_1_573' title='bbox 2246 3058 2320 3113; x_wconf 92' lang='lat' dir='ltr'>ad</span> <span class='ocrx_word' id='word_1_574' title='bbox 2352 3054 2714 3129; x_wconf 88' lang='lat' dir='ltr'>allegoriam.</span> 
     </span>
    </p>
   </div>
   <div class='ocr_carea' id='block_1_76' title="bbox 2407 3195 3141 3252">
    <p class='ocr_par' dir='ltr' id='par_1_76' title="bbox 2407 3195 3141 3252">
     <span class='ocr_line' id='line_1_76' title="bbox 2407 3195 3141 3252; baseline 0 0"><span class='ocrx_word' id='word_1_575' title='bbox 2407 3197 2481 3252; x_wconf 89' lang='lat' dir='ltr'>IN</span> <span class='ocrx_word' id='word_1_576' title='bbox 2522 3195 2869 3252; x_wconf 87' lang='lat' dir='ltr'>PSALMUM</span> <span class='ocrx_word' id='word_1_577' title='bbox 2908 3195 3141 3252; x_wconf 85' lang='lat' dir='ltr'>CXXIV.</span> 
     </span>
    </p>
   </div>
   <div class='ocr_carea' id='block_1_77' title="bbox 2305 3284 3248 3356">
    <p class='ocr_par' dir='ltr' id='par_1_77' title="bbox 2305 3284 3248 3356">
     <span class='ocr_line' id='line_1_77' title="bbox 2305 3284 3248 3356; baseline -0.002 -14"><span class='ocrx_word' id='word_1_578' title='bbox 2305 3288 2563 3343; x_wconf 70' lang='lat' dir='ltr'>&#39;l‘rrueu&#39;s</span> <span class='ocrx_word' id='word_1_579' title='bbox 2595 3301 2609 3340; x_wconf 87' lang='lat'>:</span> <span class='ocrx_word' id='word_1_580' title='bbox 2644 3284 2929 3341; x_wconf 78' lang='lat' dir='ltr'>Canticum</span> <span class='ocrx_word' id='word_1_581' title='bbox 2958 3284 3248 3356; x_wconf 84' lang='lat' dir='ltr'>graduum.</span> 
     </span>
    </p>
   </div>
   <div class='ocr_carea' id='block_1_78' title="bbox 2028 3408 3607 3478">
    <p class='ocr_par' dir='ltr' id='par_1_78' title="bbox 2028 3408 3607 3478">
     <span class='ocr_line' id='line_1_78' title="bbox 2028 3408 3607 3478; baseline 0.003 -14"><span class='ocrx_word' id='word_1_582' title='bbox 2028 3440 2051 3464; x_wconf 74' lang='grc' dir='ltr'><strong>(ι</strong></span> <span class='ocrx_word' id='word_1_583' title='bbox 2075 3411 2183 3478; x_wconf 90' lang='lat' dir='ltr'>Qui</span> <span class='ocrx_word' id='word_1_584' title='bbox 2214 3411 2522 3467; x_wconf 77' lang='lat' dir='ltr'>confidunt</span> <span class='ocrx_word' id='word_1_585' title='bbox 2548 3409 2608 3464; x_wconf 91' lang='lat' dir='ltr'>in</span> <span class='ocrx_word' id='word_1_586' title='bbox 2632 3408 2948 3466; x_wconf 82' lang='lat' dir='ltr'>Domino.»</span> <span class='ocrx_word' id='word_1_587' title='bbox 2980 3409 3083 3465; x_wconf 86' lang='lat' dir='ltr'>Hic</span> <span class='ocrx_word' id='word_1_588' title='bbox 3102 3409 3280 3466; x_wconf 87' lang='lat' dir='ltr'>habet</span> <span class='ocrx_word' id='word_1_589' title='bbox 3300 3411 3607 3469; x_wconf 90' lang='lat' dir='ltr'>materiam</span> 
     </span>
    </p>
   </div>
   <div class='ocr_carea' id='block_1_79' title="bbox 1956 3498 3608 3573">
    <p class='ocr_par' dir='ltr' id='par_1_79' title="bbox 1956 3498 3608 3573">
     <span class='ocr_line' id='line_1_79' title="bbox 1956 3498 3608 3573; baseline 0.001 -17"><span class='ocrx_word' id='word_1_590' title='bbox 1956 3502 2113 3556; x_wconf 93' lang='lat' dir='ltr'>hunc</span> <span class='ocrx_word' id='word_1_591' title='bbox 2144 3498 2651 3573; x_wconf 88' lang='lat' dir='ltr'>gradum,scilicet</span> <span class='ocrx_word' id='word_1_592' title='bbox 2681 3498 3099 3554; x_wconf 79' lang='lat' dir='ltr'>confidentiam</span> <span class='ocrx_word' id='word_1_593' title='bbox 3124 3515 3137 3553; x_wconf 90' lang='lat'>:</span> <span class='ocrx_word' id='word_1_594' title='bbox 3160 3498 3413 3557; x_wconf 90' lang='lat' dir='ltr'>intendit</span> <span class='ocrx_word' id='word_1_595' title='bbox 3433 3501 3608 3557; x_wconf 90' lang='lat' dir='ltr'>etiam</span> 
     </span>
    </p>
   </div>
   <div class='ocr_carea' id='block_1_80' title="bbox 1957 3586 3608 3662">
    <p class='ocr_par' dir='ltr' id='par_1_80' title="bbox 1957 3586 3608 3662">
     <span class='ocr_line' id='line_1_80' title="bbox 1957 3586 3608 3662; baseline -0.001 -16"><span class='ocrx_word' id='word_1_596' title='bbox 1957 3590 2103 3647; x_wconf 91' lang='lat' dir='ltr'>alios</span> <span class='ocrx_word' id='word_1_597' title='bbox 2134 3590 2207 3645; x_wconf 90' lang='lat' dir='ltr'>ad</span> <span class='ocrx_word' id='word_1_598' title='bbox 2238 3605 2365 3645; x_wconf 88' lang='lat' dir='ltr'>eam</span> <span class='ocrx_word' id='word_1_599' title='bbox 2394 3587 2742 3643; x_wconf 87' lang='lat' dir='ltr'>invitare.ln</span> <span class='ocrx_word' id='word_1_600' title='bbox 2774 3586 2966 3659; x_wconf 90' lang='lat' dir='ltr'>prima</span> <span class='ocrx_word' id='word_1_601' title='bbox 2995 3587 3449 3659; x_wconf 88' lang='lat' dir='ltr'>parte,ostendit</span> <span class='ocrx_word' id='word_1_602' title='bbox 3468 3588 3608 3662; x_wconf 92' lang='lat' dir='ltr'>quid</span> 
     </span>
    </p>
   </div>
   <div class='ocr_carea' id='block_1_81' title="bbox 1957 3675 3612 3751">
    <p class='ocr_par' dir='ltr' id='par_1_81' title="bbox 1957 3675 3612 3751">
     <span class='ocr_line' id='line_1_81' title="bbox 1957 3675 3612 3751; baseline -0.001 -16"><span class='ocrx_word' id='word_1_603' title='bbox 1957 3680 2135 3735; x_wconf 83' lang='lat' dir='ltr'>faciat</span> <span class='ocrx_word' id='word_1_604' title='bbox 2166 3678 2295 3751; x_wconf 89' lang='lat' dir='ltr'>ipsa</span> <span class='ocrx_word' id='word_1_605' title='bbox 2316 3675 2690 3740; x_wconf 81' lang='lat' dir='ltr'>confidentia,</span> <span class='ocrx_word' id='word_1_606' title='bbox 2705 3675 2928 3732; x_wconf 81' lang='lat' dir='ltr'>scilicet</span> <span class='ocrx_word' id='word_1_607' title='bbox 2949 3676 3105 3747; x_wconf 92' lang='lat' dir='ltr'>quod</span> <span class='ocrx_word' id='word_1_608' title='bbox 3130 3675 3191 3730; x_wconf 90' lang='lat' dir='ltr'>in</span> <span class='ocrx_word' id='word_1_609' title='bbox 3212 3676 3460 3733; x_wconf 91' lang='lat' dir='ltr'>Domino</span> <span class='ocrx_word' id='word_1_610' title='bbox 3480 3695 3612 3734; x_wconf 90' lang='lat' dir='ltr'>con-</span> 
     </span>
    </p>
   </div>
   <div class='ocr_carea' id='block_1_82' title="bbox 1958 3763 3611 3838">
    <p class='ocr_par' dir='ltr' id='par_1_82' title="bbox 1958 3763 3611 3838">
     <span class='ocr_line' id='line_1_82' title="bbox 1958 3763 3611 3838; baseline -0.002 -14"><span class='ocrx_word' id='word_1_611' title='bbox 1958 3770 2205 3824; x_wconf 82' lang='lat' dir='ltr'>fidentes</span> <span class='ocrx_word' id='word_1_612' title='bbox 2237 3766 2383 3821; x_wconf 92' lang='lat' dir='ltr'>nihil</span> <span class='ocrx_word' id='word_1_613' title='bbox 2414 3769 2608 3838; x_wconf 91' lang='lat' dir='ltr'>potest</span> <span class='ocrx_word' id='word_1_614' title='bbox 2637 3780 2907 3836; x_wconf 88' lang='lat' dir='ltr'>separare</span> <span class='ocrx_word' id='word_1_615' title='bbox 2937 3763 3272 3820; x_wconf 86' lang='lat' dir='ltr'>acharitate</span> <span class='ocrx_word' id='word_1_616' title='bbox 3301 3764 3611 3821; x_wconf 90' lang='lat' dir='ltr'>Christi.In</span> 
     </span>
    </p>
   </div>
   <div class='ocr_carea' id='block_1_83' title="bbox 1958 3851 3613 3929">
    <p class='ocr_par' dir='ltr' id='par_1_83' title="bbox 1958 3851 3613 3929">
     <span class='ocr_line' id='line_1_83' title="bbox 1958 3851 3613 3929; baseline -0.003 -16"><span class='ocrx_word' id='word_1_617' title='bbox 1958 3856 2092 3926; x_wconf 88' lang='lat' dir='ltr'>alia,</span> <span class='ocrx_word' id='word_1_618' title='bbox 2127 3874 2253 3929; x_wconf 81' lang='lat' dir='ltr'>quae</span> <span class='ocrx_word' id='word_1_619' title='bbox 2284 3858 2374 3911; x_wconf 90' lang='lat' dir='ltr'>est</span> <span class='ocrx_word' id='word_1_620' title='bbox 2404 3871 2417 3910; x_wconf 90' lang='lat'>:</span> <span class='ocrx_word' id='word_1_621' title='bbox 2456 3876 2483 3904; x_wconf 86' lang='grc'>‹‹</span> <span class='ocrx_word' id='word_1_622' title='bbox 2516 3853 2781 3917; x_wconf 87' lang='lat' dir='ltr'>Benefac,</span> <span class='ocrx_word' id='word_1_623' title='bbox 2818 3851 3077 3919; x_wconf 89' lang='lat' dir='ltr'>Domine,</span> <span class='ocrx_word' id='word_1_624' title='bbox 3100 3874 3128 3901; x_wconf 80' lang='lat'><strong>»</strong></span> <span class='ocrx_word' id='word_1_625' title='bbox 3157 3856 3431 3924; x_wconf 90' lang='lat' dir='ltr'>precatur</span> <span class='ocrx_word' id='word_1_626' title='bbox 3458 3854 3613 3909; x_wconf 90' lang='lat' dir='ltr'>bona</span> 
     </span>
    </p>
   </div>
   <div class='ocr_carea' id='block_1_84' title="bbox 1957 3939 3611 4012">
    <p class='ocr_par' dir='ltr' id='par_1_84' title="bbox 1957 3939 3611 4012">
     <span class='ocr_line' id='line_1_84' title="bbox 1957 3939 3611 4012; baseline -0.005 -11"><span class='ocrx_word' id='word_1_627' title='bbox 1957 3944 2392 4002; x_wconf 82' lang='lat' dir='ltr'>conﬁdentibus</span> <span class='ocrx_word' id='word_1_628' title='bbox 2419 3943 2477 3996; x_wconf 92' lang='lat' dir='ltr'>in</span> <span class='ocrx_word' id='word_1_629' title='bbox 2500 3940 2770 3996; x_wconf 90' lang='lat' dir='ltr'>Domino.</span> <span class='ocrx_word' id='word_1_630' title='bbox 2806 3939 2959 3995; x_wconf 90' lang='lat' dir='ltr'>Ordo</span> <span class='ocrx_word' id='word_1_631' title='bbox 2990 3956 3288 4012; x_wconf 88' lang='lat' dir='ltr'>congruus</span> <span class='ocrx_word' id='word_1_632' title='bbox 3316 3943 3425 3999; x_wconf 91' lang='lat' dir='ltr'>est.</span> <span class='ocrx_word' id='word_1_633' title='bbox 3455 3940 3611 3997; x_wconf 88' lang='lat' dir='ltr'>Post-</span> 
     </span>
    </p>
   </div>
   <div class='ocr_carea' id='block_1_85' title="bbox 1959 4026 3612 4108">
    <p class='ocr_par' dir='ltr' id='par_1_85' title="bbox 1959 4026 3612 4108">
     <span class='ocr_line' id='line_1_85' title="bbox 1959 4026 3612 4108; baseline -0.004 -17"><span class='ocrx_word' id='word_1_634' title='bbox 1959 4052 2139 4108; x_wconf 90' lang='lat' dir='ltr'>quam</span> <span class='ocrx_word' id='word_1_635' title='bbox 2170 4050 2205 4088; x_wconf 90' lang='lat' dir='ltr'>a</span> <span class='ocrx_word' id='word_1_636' title='bbox 2232 4033 2349 4087; x_wconf 91' lang='lat' dir='ltr'>Deo</span> <span class='ocrx_word' id='word_1_637' title='bbox 2378 4028 2786 4085; x_wconf 88' lang='lat' dir='ltr'>liberationem</span> <span class='ocrx_word' id='word_1_638' title='bbox 2817 4027 3053 4099; x_wconf 89' lang='lat' dir='ltr'>recepit,</span> <span class='ocrx_word' id='word_1_639' title='bbox 3081 4031 3139 4083; x_wconf 90' lang='lat' dir='ltr'>et</span> <span class='ocrx_word' id='word_1_640' title='bbox 3167 4027 3366 4083; x_wconf 90' lang='lat' dir='ltr'>omnia</span> <span class='ocrx_word' id='word_1_641' title='bbox 3391 4026 3612 4084; x_wconf 89' lang='lat' dir='ltr'>miseri-</span> 
     </span>
    </p>
   </div>
   <div class='ocr_carea' id='block_1_86' title="bbox 1956 4114 3610 4188">
    <p class='ocr_par' dir='ltr' id='par_1_86' title="bbox 1956 4114 3610 4188">
     <span class='ocr_line' id='line_1_86' title="bbox 1956 4114 3610 4188; baseline -0.005 -7"><span class='ocrx_word' id='word_1_642' title='bbox 1956 4122 2165 4181; x_wconf 60' lang='lat' dir='ltr'>cordia:</span> <span class='ocrx_word' id='word_1_643' title='bbox 2196 4120 2297 4177; x_wconf 90' lang='lat' dir='ltr'>Dei</span> <span class='ocrx_word' id='word_1_644' title='bbox 2329 4116 2616 4185; x_wconf 90' lang='lat' dir='ltr'>attribuit,</span> <span class='ocrx_word' id='word_1_645' title='bbox 2642 4115 2877 4187; x_wconf 90' lang='lat' dir='ltr'>justum</span> <span class='ocrx_word' id='word_1_646' title='bbox 2908 4118 2999 4172; x_wconf 91' lang='lat' dir='ltr'>est</span> <span class='ocrx_word' id='word_1_647' title='bbox 3026 4119 3093 4171; x_wconf 93' lang='lat' dir='ltr'>ut</span> <span class='ocrx_word' id='word_1_648' title='bbox 3122 4114 3179 4171; x_wconf 91' lang='lat' dir='ltr'>in</span> <span class='ocrx_word' id='word_1_649' title='bbox 3216 4114 3343 4188; x_wconf 90' lang='lat' dir='ltr'>ipso</span> <span class='ocrx_word' id='word_1_650' title='bbox 3390 4116 3610 4174; x_wconf 84' lang='lat' dir='ltr'>ﬁrmis-</span> 
     </span>
    </p>
   </div>
   <div class='ocr_carea' id='block_1_87' title="bbox 1959 4209 2415 4269">
    <p class='ocr_par' dir='ltr' id='par_1_87' title="bbox 1959 4209 2415 4269">
     <span class='ocr_line' id='line_1_87' title="bbox 1959 4209 2415 4269; baseline -0.013 -1"><span class='ocrx_word' id='word_1_651' title='bbox 1959 4212 2107 4269; x_wconf 91' lang='lat' dir='ltr'>sime</span> <span class='ocrx_word' id='word_1_652' title='bbox 2138 4209 2415 4266; x_wconf 83' lang='lat' dir='ltr'>conﬁdat.</span> 
     </span>
    </p>
   </div>
   <div class='ocr_carea' id='block_1_88' title="bbox 2030 4292 3609 4369">
    <p class='ocr_par' dir='ltr' id='par_1_88' title="bbox 2030 4292 3609 4369">
     <span class='ocr_line' id='line_1_88' title="bbox 2030 4292 3609 4369; baseline -0.003 -13"><span class='ocrx_word' id='word_1_653' title='bbox 2030 4299 2208 4369; x_wconf 88' lang='lat' dir='ltr'>Quasi</span> <span class='ocrx_word' id='word_1_654' title='bbox 2241 4298 2325 4353; x_wconf 90' lang='lat' dir='ltr'>ita</span> <span class='ocrx_word' id='word_1_655' title='bbox 2354 4296 2572 4352; x_wconf 88' lang='lat' dir='ltr'>diceret</span> <span class='ocrx_word' id='word_1_656' title='bbox 2597 4310 2610 4351; x_wconf 93' lang='lat'>:</span> <span class='ocrx_word' id='word_1_657' title='bbox 2641 4293 2757 4349; x_wconf 90' lang='lat' dir='ltr'>Vos</span> <span class='ocrx_word' id='word_1_658' title='bbox 2779 4293 2881 4366; x_wconf 91' lang='lat' dir='ltr'>qui</span> <span class='ocrx_word' id='word_1_659' title='bbox 2911 4293 3197 4351; x_wconf 85' lang='lat' dir='ltr'>beneﬁcia</span> <span class='ocrx_word' id='word_1_660' title='bbox 3224 4298 3419 4351; x_wconf 88' lang='lat' dir='ltr'>vestra</span> <span class='ocrx_word' id='word_1_661' title='bbox 3433 4292 3609 4351; x_wconf 83' lang='lat' dir='ltr'>mise-</span> 
     </span>
    </p>
   </div>
   <div class='ocr_carea' id='block_1_89' title="bbox 1960 4380 3614 4455">
    <p class='ocr_par' dir='ltr' id='par_1_89' title="bbox 1960 4380 3614 4455">
     <span class='ocr_line' id='line_1_89' title="bbox 1960 4380 3614 4455; baseline -0.006 -6"><span class='ocrx_word' id='word_1_662' title='bbox 1960 4388 2221 4449; x_wconf 67' lang='lat' dir='ltr'>ricordiee</span> <span class='ocrx_word' id='word_1_663' title='bbox 2254 4384 2355 4443; x_wconf 90' lang='lat' dir='ltr'>Dei</span> <span class='ocrx_word' id='word_1_664' title='bbox 2386 4382 2730 4452; x_wconf 91' lang='lat' dir='ltr'>attribuitis,</span> <span class='ocrx_word' id='word_1_665' title='bbox 2764 4383 3041 4455; x_wconf 89' lang='lat' dir='ltr'>deinceps</span> <span class='ocrx_word' id='word_1_666' title='bbox 3088 4383 3362 4439; x_wconf 84' lang='lat' dir='ltr'>confidite</span> <span class='ocrx_word' id='word_1_667' title='bbox 3416 4380 3474 4437; x_wconf 87' lang='lat' dir='ltr'>in</span> <span class='ocrx_word' id='word_1_668' title='bbox 3507 4382 3614 4439; x_wconf 87' lang='lat' dir='ltr'>Do-</span> 
     </span>
    </p>
   </div>
   <div class='ocr_carea' id='block_1_90' title="bbox 1961 4470 3611 4551">
    <p class='ocr_par' dir='ltr' id='par_1_90' title="bbox 1961 4470 3611 4551">
     <span class='ocr_line' id='line_1_90' title="bbox 1961 4470 3611 4551; baseline -0.012 -13"><span class='ocrx_word' id='word_1_669' title='bbox 1961 4477 2300 4551; x_wconf 91' lang='lat' dir='ltr'>mino,quia</span> <span class='ocrx_word' id='word_1_670' title='bbox 2328 4473 2485 4530; x_wconf 90' lang='lat' dir='ltr'>ullus</span> <span class='ocrx_word' id='word_1_671' title='bbox 2504 4490 2707 4529; x_wconf 91' lang='lat' dir='ltr'>eorum</span> <span class='ocrx_word' id='word_1_672' title='bbox 2741 4470 2886 4544; x_wconf 83' lang='lat' dir='ltr'>«qui</span> <span class='ocrx_word' id='word_1_673' title='bbox 2917 4473 3219 4528; x_wconf 85' lang='lat' dir='ltr'>conﬁdunt</span> <span class='ocrx_word' id='word_1_674' title='bbox 3236 4471 3297 4526; x_wconf 92' lang='lat' dir='ltr'>iu</span> <span class='ocrx_word' id='word_1_675' title='bbox 3320 4471 3611 4527; x_wconf 81' lang='lat' dir='ltr'>Domino»</span> 
     </span>
    </p>
   </div>
   <div class='ocr_carea' id='block_1_91' title="bbox 1961 4559 3611 4642">
    <p class='ocr_par' dir='ltr' id='par_1_91' title="bbox 1961 4559 3611 4642">
     <span class='ocr_line' id='line_1_91' title="bbox 1961 4559 3611 4642; baseline -0.009 -13"><span class='ocrx_word' id='word_1_676' title='bbox 1961 4589 2076 4628; x_wconf 90' lang='lat' dir='ltr'>non</span> <span class='ocrx_word' id='word_1_677' title='bbox 2100 4586 2203 4642; x_wconf 88' lang='lat' dir='ltr'>per</span> <span class='ocrx_word' id='word_1_678' title='bbox 2219 4561 2869 4639; x_wconf 64' lang='lat' dir='ltr'>praesumptionem,sed</span> <span class='ocrx_word' id='word_1_679' title='bbox 2897 4583 2925 4610; x_wconf 86' lang='lat'><strong>«</strong></span> <span class='ocrx_word' id='word_1_680' title='bbox 2948 4560 3047 4632; x_wconf 92' lang='lat' dir='ltr'>qui</span> <span class='ocrx_word' id='word_1_681' title='bbox 3070 4560 3295 4616; x_wconf 86' lang='lat' dir='ltr'>habitat</span> <span class='ocrx_word' id='word_1_682' title='bbox 3315 4559 3373 4615; x_wconf 93' lang='lat' dir='ltr'>in</span> <span class='ocrx_word' id='word_1_683' title='bbox 3405 4560 3611 4615; x_wconf 90' lang='lat' dir='ltr'>Hieru-</span> 
     </span>
    </p>
   </div>
   <div class='ocr_carea' id='block_1_92' title="bbox 193 4648 3611 4738">
    <p class='ocr_par' dir='ltr' id='par_1_92' title="bbox 193 4648 3611 4738">
     <span class='ocr_line' id='line_1_92' title="bbox 193 4648 3611 4738; baseline -0.004 -19"><span class='ocrx_word' id='word_1_684' title='bbox 193 4664 298 4719; x_wconf 84' lang='lat' dir='ltr'>cut</span> <span class='ocrx_word' id='word_1_685' title='bbox 326 4677 435 4715; x_wconf 91' lang='lat' dir='ltr'>nos</span> <span class='ocrx_word' id='word_1_686' title='bbox 464 4659 740 4729; x_wconf 89' lang='lat' dir='ltr'>dicimus,</span> <span class='ocrx_word' id='word_1_687' title='bbox 777 4659 859 4717; x_wconf 89' lang='lat' dir='ltr'>ita</span> <span class='ocrx_word' id='word_1_688' title='bbox 889 4684 917 4711; x_wconf 86' lang='lat'><strong>«</strong></span> <span class='ocrx_word' id='word_1_689' title='bbox 953 4660 1111 4717; x_wconf 89' lang='lat' dir='ltr'>dicat</span> <span class='ocrx_word' id='word_1_690' title='bbox 1142 4661 1340 4728; x_wconf 89' lang='lat' dir='ltr'>Israel,</span> <span class='ocrx_word' id='word_1_691' title='bbox 1368 4685 1395 4711; x_wconf 86' lang='lat'>»</span> <span class='ocrx_word' id='word_1_692' title='bbox 1428 4662 1484 4717; x_wconf 94' lang='lat' dir='ltr'>id</span> <span class='ocrx_word' id='word_1_693' title='bbox 1515 4666 1605 4718; x_wconf 88' lang='lat' dir='ltr'>est</span> <span class='ocrx_word' id='word_1_694' title='bbox 1634 4664 1722 4719; x_wconf 92' lang='lat' dir='ltr'>vir</span> <span class='ocrx_word' id='word_1_695' title='bbox 1766 4665 1849 4720; x_wconf 91' lang='lat' dir='ltr'>vi-</span> <span class='ocrx_word' id='word_1_696' title='bbox 1883 4673 1929 4738; x_wconf 79' lang='grc' dir='ltr'>Ι)</span> <span class='ocrx_word' id='word_1_697' title='bbox 1959 4661 2200 4727; x_wconf 85' lang='lat' dir='ltr'>salem,»</span> <span class='ocrx_word' id='word_1_698' title='bbox 2236 4655 2293 4710; x_wconf 88' lang='lat' dir='ltr'>id</span> <span class='ocrx_word' id='word_1_699' title='bbox 2325 4656 2416 4709; x_wconf 90' lang='lat' dir='ltr'>est</span> <span class='ocrx_word' id='word_1_700' title='bbox 2446 4650 2545 4723; x_wconf 92' lang='lat' dir='ltr'>qui</span> <span class='ocrx_word' id='word_1_701' title='bbox 2568 4651 2773 4722; x_wconf 88' lang='lat' dir='ltr'>justus</span> <span class='ocrx_word' id='word_1_702' title='bbox 2797 4653 2907 4717; x_wconf 88' lang='lat' dir='ltr'>est,</span> <span class='ocrx_word' id='word_1_703' title='bbox 2925 4648 3147 4704; x_wconf 90' lang='lat' dir='ltr'>scilicet</span> <span class='ocrx_word' id='word_1_704' title='bbox 3175 4648 3401 4704; x_wconf 91' lang='lat' dir='ltr'>habitat</span> <span class='ocrx_word' id='word_1_705' title='bbox 3420 4666 3532 4738; x_wconf 86' lang='lat' dir='ltr'>spe</span> <span class='ocrx_word' id='word_1_706' title='bbox 3552 4649 3611 4705; x_wconf 89' lang='lat' dir='ltr'>in</span> 
     </span>
    </p>
   </div>
   <div class='ocr_carea' id='block_1_93' title="bbox 192 4749 1849 4818">
    <p class='ocr_par' dir='ltr' id='par_1_93' title="bbox 192 4749 1849 4818">
     <span class='ocr_line' id='line_1_93' title="bbox 192 4749 1849 4818; baseline 0.001 -12"><span class='ocrx_word' id='word_1_707' title='bbox 192 4751 345 4806; x_wconf 88' lang='lat' dir='ltr'>dens</span> <span class='ocrx_word' id='word_1_708' title='bbox 380 4750 582 4818; x_wconf 92' lang='lat' dir='ltr'>Deum,</span> <span class='ocrx_word' id='word_1_709' title='bbox 617 4774 643 4799; x_wconf 86' lang='grc'>‹‹</span> <span class='ocrx_word' id='word_1_710' title='bbox 676 4766 853 4817; x_wconf 91' lang='lat' dir='ltr'>nunc,</span> <span class='ocrx_word' id='word_1_711' title='bbox 886 4772 914 4798; x_wconf 87' lang='lat'><strong>»</strong></span> <span class='ocrx_word' id='word_1_712' title='bbox 947 4749 1003 4804; x_wconf 92' lang='lat' dir='ltr'>id</span> <span class='ocrx_word' id='word_1_713' title='bbox 1036 4754 1126 4805; x_wconf 91' lang='lat' dir='ltr'>est</span> <span class='ocrx_word' id='word_1_714' title='bbox 1156 4749 1282 4805; x_wconf 91' lang='lat' dir='ltr'>sine</span> <span class='ocrx_word' id='word_1_715' title='bbox 1320 4749 1620 4818; x_wconf 91' lang='lat' dir='ltr'>dilatione,</span> <span class='ocrx_word' id='word_1_716' title='bbox 1654 4752 1733 4808; x_wconf 90' lang='lat' dir='ltr'>ita</span> <span class='ocrx_word' id='word_1_717' title='bbox 1762 4754 1849 4808; x_wconf 89' lang='lat' dir='ltr'>di-</span> 
     </span>
    </p>
   </div>
   <div class='ocr_carea' id='block_1_94' title="bbox 192 4838 1848 4910">
    <p class='ocr_par' dir='ltr' id='par_1_94' title="bbox 192 4838 1848 4910">
     <span class='ocr_line' id='line_1_94' title="bbox 192 4838 1848 4910; baseline 0.002 -15"><span class='ocrx_word' id='word_1_718' title='bbox 192 4853 338 4897; x_wconf 89' lang='lat' dir='ltr'>cens</span> <span class='ocrx_word' id='word_1_719' title='bbox 372 4855 385 4894; x_wconf 94' lang='lat'>:</span> <span class='ocrx_word' id='word_1_720' title='bbox 422 4859 451 4889; x_wconf 88' lang='lat'><strong>«</strong></span> <span class='ocrx_word' id='word_1_721' title='bbox 481 4838 605 4893; x_wconf 91' lang='lat' dir='ltr'>Nisi</span> <span class='ocrx_word' id='word_1_722' title='bbox 638 4839 779 4910; x_wconf 91' lang='lat' dir='ltr'>quia</span> <span class='ocrx_word' id='word_1_723' title='bbox 814 4838 1093 4895; x_wconf 88' lang='lat' dir='ltr'>Dominus</span> <span class='ocrx_word' id='word_1_724' title='bbox 1124 4843 1250 4894; x_wconf 86' lang='lat' dir='ltr'>erat</span> <span class='ocrx_word' id='word_1_725' title='bbox 1281 4838 1339 4893; x_wconf 91' lang='lat' dir='ltr'>in</span> <span class='ocrx_word' id='word_1_726' title='bbox 1373 4838 1541 4895; x_wconf 91' lang='lat' dir='ltr'>nobis</span> <span class='ocrx_word' id='word_1_727' title='bbox 1567 4858 1699 4896; x_wconf 89' lang='lat' dir='ltr'>cum</span> <span class='ocrx_word' id='word_1_728' title='bbox 1752 4860 1848 4898; x_wconf 86' lang='lat' dir='ltr'>ex-</span> 
     </span>
    </p>
   </div>
   <div class='ocr_carea' id='block_1_95' title="bbox 192 4926 1853 5002">
    <p class='ocr_par' dir='ltr' id='par_1_95' title="bbox 192 4926 1853 5002">
     <span class='ocr_line' id='line_1_95' title="bbox 192 4926 1853 5002; baseline 0.001 -17"><span class='ocrx_word' id='word_1_729' title='bbox 192 4931 509 5000; x_wconf 83' lang='lat' dir='ltr'>surgerent</span> <span class='ocrx_word' id='word_1_730' title='bbox 535 4926 805 4984; x_wconf 90' lang='lat' dir='ltr'>homines</span> <span class='ocrx_word' id='word_1_731' title='bbox 836 4927 895 4983; x_wconf 93' lang='lat' dir='ltr'>in</span> <span class='ocrx_word' id='word_1_732' title='bbox 929 4945 1055 4995; x_wconf 90' lang='lat' dir='ltr'>nos,</span> <span class='ocrx_word' id='word_1_733' title='bbox 1091 4928 1238 4983; x_wconf 85' lang='lat' dir='ltr'>forte</span> <span class='ocrx_word' id='word_1_734' title='bbox 1266 4927 1425 4983; x_wconf 90' lang='lat' dir='ltr'>vivos</span> <span class='ocrx_word' id='word_1_735' title='bbox 1463 4928 1853 5002; x_wconf 89' lang='lat' dir='ltr'>deglutissent</span> 
     </span>
    </p>
   </div>
   <div class='ocr_carea' id='block_1_96' title="bbox 195 5033 391 5071">
    <p class='ocr_par' dir='ltr' id='par_1_96' title="bbox 195 5033 391 5071">
     <span class='ocr_line' id='line_1_96' title="bbox 195 5033 391 5071; baseline -0.01 0"><span class='ocrx_word' id='word_1_736' title='bbox 195 5033 327 5071; x_wconf 87' lang='lat' dir='ltr'>nos.</span> <span class='ocrx_word' id='word_1_737' title='bbox 364 5038 391 5063; x_wconf 67' lang='grc' dir='ltr'>ι)</span> 
     </span>
    </p>
   </div>
   <div class='ocr_carea' id='block_1_97' title="bbox 269 5102 1850 5180">
    <p class='ocr_par' dir='ltr' id='par_1_97' title="bbox 269 5102 1850 5180">
     <span class='ocr_line' id='line_1_97' title="bbox 269 5102 1850 5180; baseline 0.004 -20"><span class='ocrx_word' id='word_1_738' title='bbox 269 5104 333 5160; x_wconf 91' lang='lat' dir='ltr'>In</span> <span class='ocrx_word' id='word_1_739' title='bbox 364 5102 648 5176; x_wconf 87' lang='lat' dir='ltr'>principio</span> <span class='ocrx_word' id='word_1_740' title='bbox 678 5104 1117 5173; x_wconf 88' lang='lat' dir='ltr'>defecissemus,</span> <span class='ocrx_word' id='word_1_741' title='bbox 1143 5109 1201 5160; x_wconf 91' lang='lat' dir='ltr'>et</span> <span class='ocrx_word' id='word_1_742' title='bbox 1231 5104 1414 5161; x_wconf 90' lang='lat' dir='ltr'>multo</span> <span class='ocrx_word' id='word_1_743' title='bbox 1443 5106 1632 5180; x_wconf 87' lang='lat' dir='ltr'>magis</span> <span class='ocrx_word' id='word_1_744' title='bbox 1663 5130 1690 5159; x_wconf 83' lang='lat'><strong>«</strong></span> <span class='ocrx_word' id='word_1_745' title='bbox 1716 5126 1850 5166; x_wconf 89' lang='lat' dir='ltr'>eum</span> 
     </span>
    </p>
   </div>
   <div class='ocr_carea' id='block_1_98' title="bbox 193 5192 1854 5266">
    <p class='ocr_par' dir='ltr' id='par_1_98' title="bbox 193 5192 1854 5266">
     <span class='ocr_line' id='line_1_98' title="bbox 193 5192 1854 5266; baseline 0.004 -17"><span class='ocrx_word' id='word_1_746' title='bbox 193 5193 379 5260; x_wconf 90' lang='lat' dir='ltr'>furor,</span> <span class='ocrx_word' id='word_1_747' title='bbox 408 5214 436 5241; x_wconf 87' lang='lat'>»</span> <span class='ocrx_word' id='word_1_748' title='bbox 460 5192 518 5248; x_wconf 90' lang='lat' dir='ltr'>id</span> <span class='ocrx_word' id='word_1_749' title='bbox 549 5196 640 5248; x_wconf 91' lang='lat' dir='ltr'>est</span> <span class='ocrx_word' id='word_1_750' title='bbox 670 5193 927 5266; x_wconf 90' lang='lat' dir='ltr'>impetus</span> <span class='ocrx_word' id='word_1_751' title='bbox 958 5217 985 5243; x_wconf 89' lang='grc'>‹‹</span> <span class='ocrx_word' id='word_1_752' title='bbox 1011 5211 1214 5249; x_wconf 90' lang='lat' dir='ltr'>eorum</span> <span class='ocrx_word' id='word_1_753' title='bbox 1238 5194 1604 5265; x_wconf 90' lang='lat' dir='ltr'>irasceretur,</span> <span class='ocrx_word' id='word_1_754' title='bbox 1623 5220 1649 5245; x_wconf 88' lang='grc'><strong>››</strong></span> <span class='ocrx_word' id='word_1_755' title='bbox 1682 5198 1738 5252; x_wconf 91' lang='lat' dir='ltr'>id</span> <span class='ocrx_word' id='word_1_756' title='bbox 1763 5204 1854 5255; x_wconf 89' lang='lat' dir='ltr'>est</span> 
     </span>
    </p>
   </div>
   <div class='ocr_carea' id='block_1_99' title="bbox 191 5281 1855 5354">
    <p class='ocr_par' dir='ltr' id='par_1_99' title="bbox 191 5281 1855 5354">
     <span class='ocr_line' id='line_1_99' title="bbox 191 5281 1855 5354; baseline 0.003 -15"><span class='ocrx_word' id='word_1_757' title='bbox 191 5281 595 5339; x_wconf 86' lang='lat' dir='ltr'>exardesceret</span> <span class='ocrx_word' id='word_1_758' title='bbox 626 5304 654 5331; x_wconf 86' lang='lat'><strong>«</strong></span> <span class='ocrx_word' id='word_1_759' title='bbox 692 5282 750 5336; x_wconf 92' lang='lat' dir='ltr'>in</span> <span class='ocrx_word' id='word_1_760' title='bbox 810 5299 937 5351; x_wconf 90' lang='lat' dir='ltr'>nos,</span> <span class='ocrx_word' id='word_1_761' title='bbox 972 5299 1145 5354; x_wconf 89' lang='lat' dir='ltr'>aqua,</span> <span class='ocrx_word' id='word_1_762' title='bbox 1183 5305 1211 5332; x_wconf 78' lang='lat' dir='ltr'>n</span> <span class='ocrx_word' id='word_1_763' title='bbox 1261 5282 1318 5338; x_wconf 90' lang='lat' dir='ltr'>id</span> <span class='ocrx_word' id='word_1_764' title='bbox 1368 5288 1459 5338; x_wconf 89' lang='lat' dir='ltr'>est</span> <span class='ocrx_word' id='word_1_765' title='bbox 1504 5283 1855 5344; x_wconf 86' lang='lat' dir='ltr'>inundantia</span> 
     </span>
    </p>
   </div>
   <div class='ocr_carea' id='block_1_100' title="bbox 192 5369 1855 5448">
    <p class='ocr_par' dir='ltr' id='par_1_100' title="bbox 192 5369 1855 5448">
     <span class='ocr_line' id='line_1_100' title="bbox 192 5369 1855 5448; baseline 0.004 -24"><span class='ocrx_word' id='word_1_766' title='bbox 192 5369 676 5439; x_wconf 87' lang='lat' dir='ltr'>tribulationum,</span> <span class='ocrx_word' id='word_1_767' title='bbox 710 5393 737 5420; x_wconf 88' lang='grc'>‹‹</span> <span class='ocrx_word' id='word_1_768' title='bbox 771 5370 1177 5427; x_wconf 87' lang='lat' dir='ltr'>absorbuisset</span> <span class='ocrx_word' id='word_1_769' title='bbox 1204 5389 1332 5439; x_wconf 90' lang='lat' dir='ltr'>nos,</span> <span class='ocrx_word' id='word_1_770' title='bbox 1371 5395 1397 5421; x_wconf 90' lang='grc'><strong>››</strong></span> <span class='ocrx_word' id='word_1_771' title='bbox 1430 5372 1487 5428; x_wconf 91' lang='lat' dir='ltr'>id</span> <span class='ocrx_word' id='word_1_772' title='bbox 1521 5379 1611 5429; x_wconf 91' lang='lat' dir='ltr'>est</span> <span class='ocrx_word' id='word_1_773' title='bbox 1642 5375 1855 5448; x_wconf 84' lang='lat' dir='ltr'>irrepa-</span> 
     </span>
    </p>
   </div>
   <div class='ocr_carea' id='block_1_101' title="bbox 194 5456 1855 5530">
    <p class='ocr_par' dir='ltr' id='par_1_101' title="bbox 194 5456 1855 5530">
     <span class='ocr_line' id='line_1_101' title="bbox 194 5456 1855 5530; baseline 0.004 -16"><span class='ocrx_word' id='word_1_774' title='bbox 194 5456 462 5514; x_wconf 90' lang='lat' dir='ltr'>rabiliter</span> <span class='ocrx_word' id='word_1_775' title='bbox 493 5458 606 5515; x_wconf 90' lang='lat' dir='ltr'>sibi</span> <span class='ocrx_word' id='word_1_776' title='bbox 636 5460 976 5516; x_wconf 81' lang='lat' dir='ltr'>attraxisset</span> <span class='ocrx_word' id='word_1_777' title='bbox 1007 5477 1021 5515; x_wconf 86' lang='lat'>:</span> <span class='ocrx_word' id='word_1_778' title='bbox 1055 5464 1111 5515; x_wconf 91' lang='lat' dir='ltr'>et</span> <span class='ocrx_word' id='word_1_779' title='bbox 1141 5459 1250 5514; x_wconf 90' lang='lat' dir='ltr'>hoc</span> <span class='ocrx_word' id='word_1_780' title='bbox 1280 5482 1308 5509; x_wconf 85' lang='lat'><strong>«</strong></span> <span class='ocrx_word' id='word_1_781' title='bbox 1335 5460 1603 5530; x_wconf 82' lang='lat' dir='ltr'>forsitan,</span> <span class='ocrx_word' id='word_1_782' title='bbox 1628 5483 1656 5511; x_wconf 87' lang='grc'>››</span> <span class='ocrx_word' id='word_1_783' title='bbox 1686 5462 1743 5517; x_wconf 92' lang='lat' dir='ltr'>id</span> <span class='ocrx_word' id='word_1_784' title='bbox 1765 5468 1855 5519; x_wconf 89' lang='lat' dir='ltr'>est</span> 
     </span>
    </p>
   </div>
   <div class='ocr_carea' id='block_1_102' title="bbox 192 5546 1849 5620">
    <p class='ocr_par' dir='ltr' id='par_1_102' title="bbox 192 5546 1849 5620">
     <span class='ocr_line' id='line_1_102' title="bbox 192 5546 1849 5620; baseline 0.002 -17"><span class='ocrx_word' id='word_1_785' title='bbox 192 5548 283 5603; x_wconf 89' lang='lat' dir='ltr'>ita</span> <span class='ocrx_word' id='word_1_786' title='bbox 328 5546 675 5619; x_wconf 90' lang='lat' dir='ltr'>contigisset</span> <span class='ocrx_word' id='word_1_787' title='bbox 728 5564 883 5615; x_wconf 90' lang='lat' dir='ltr'>vere,</span> <span class='ocrx_word' id='word_1_788' title='bbox 906 5548 1019 5605; x_wconf 90' lang='lat' dir='ltr'>nisi</span> <span class='ocrx_word' id='word_1_789' title='bbox 1077 5547 1217 5620; x_wconf 86' lang='lat' dir='ltr'>quia</span> <span class='ocrx_word' id='word_1_790' title='bbox 1271 5547 1558 5604; x_wconf 90' lang='lat' dir='ltr'>Dominus</span> <span class='ocrx_word' id='word_1_791' title='bbox 1614 5554 1739 5605; x_wconf 88' lang='lat' dir='ltr'>erat</span> <span class='ocrx_word' id='word_1_792' title='bbox 1792 5551 1849 5607; x_wconf 91' lang='lat' dir='ltr'>in</span> 
     </span>
    </p>
   </div>
   <div class='ocr_carea' id='block_1_103' title="bbox 197 5635 395 5692">
    <p class='ocr_par' dir='ltr' id='par_1_103' title="bbox 197 5635 395 5692">
     <span class='ocr_line' id='line_1_103' title="bbox 197 5635 395 5692; baseline -0.015 0"><span class='ocrx_word' id='word_1_793' title='bbox 197 5635 395 5692; x_wconf 89' lang='lat' dir='ltr'>nobis.</span> 
     </span>
    </p>
   </div>
   <div class='ocr_carea' id='block_1_104' title="bbox 271 5722 1853 5797">
    <p class='ocr_par' dir='ltr' id='par_1_104' title="bbox 271 5722 1853 5797">
     <span class='ocr_line' id='line_1_104' title="bbox 271 5722 1853 5797; baseline 0.005 -18"><span class='ocrx_word' id='word_1_794' title='bbox 271 5746 299 5772; x_wconf 86' lang='grc'><strong>‹‹</strong></span> <span class='ocrx_word' id='word_1_795' title='bbox 316 5722 442 5780; x_wconf 91' lang='lat' dir='ltr'>Nisi</span> <span class='ocrx_word' id='word_1_796' title='bbox 454 5723 594 5795; x_wconf 92' lang='lat' dir='ltr'>quia</span> <span class='ocrx_word' id='word_1_797' title='bbox 610 5724 894 5782; x_wconf 87' lang='lat' dir='ltr'>Dominus</span> <span class='ocrx_word' id='word_1_798' title='bbox 907 5729 1031 5782; x_wconf 88' lang='lat' dir='ltr'>erat</span> <span class='ocrx_word' id='word_1_799' title='bbox 1044 5725 1100 5780; x_wconf 93' lang='lat' dir='ltr'>in</span> <span class='ocrx_word' id='word_1_800' title='bbox 1115 5724 1337 5794; x_wconf 85' lang='lat' dir='ltr'>nobis,»</span> <span class='ocrx_word' id='word_1_801' title='bbox 1357 5742 1511 5797; x_wconf 87' lang='lat' dir='ltr'>aqua</span> <span class='ocrx_word' id='word_1_802' title='bbox 1522 5726 1853 5788; x_wconf 88' lang='lat' dir='ltr'>absorbuis-</span> 
     </span>
    </p>
   </div>
   <div class='ocr_carea' id='block_1_105' title="bbox 1962 4737 3612 4819">
    <p class='ocr_par' dir='ltr' id='par_1_105' title="bbox 1962 4737 3612 4819">
     <span class='ocr_line' id='line_1_105' title="bbox 1962 4737 3612 4819; baseline -0.006 -15"><span class='ocrx_word' id='word_1_803' title='bbox 1962 4745 2219 4819; x_wconf 71' lang='lat' dir='ltr'>ewlo,vel</span> <span class='ocrx_word' id='word_1_804' title='bbox 2242 4745 2444 4799; x_wconf 87' lang='lat' dir='ltr'>devote</span> <span class='ocrx_word' id='word_1_805' title='bbox 2474 4740 2533 4795; x_wconf 91' lang='lat' dir='ltr'>in</span> <span class='ocrx_word' id='word_1_806' title='bbox 2568 4738 2845 4803; x_wconf 86' lang='lat' dir='ltr'>Ecclesia,</span> <span class='ocrx_word' id='word_1_807' title='bbox 2869 4762 2897 4788; x_wconf 90' lang='grc'><em>‹‹</em></span> <span class='ocrx_word' id='word_1_808' title='bbox 2923 4754 3037 4793; x_wconf 91' lang='lat' dir='ltr'>non</span> <span class='ocrx_word' id='word_1_809' title='bbox 3068 4737 3534 4793; x_wconf 89' lang='lat' dir='ltr'>commovebitur</span> <span class='ocrx_word' id='word_1_810' title='bbox 3553 4738 3612 4794; x_wconf 92' lang='lat' dir='ltr'>in</span> 
     </span>
    </p>
   </div>
   <div class='ocr_carea' id='block_1_106' title="bbox 1960 4825 3611 4899">
    <p class='ocr_par' dir='ltr' id='par_1_106' title="bbox 1960 4825 3611 4899">
     <span class='ocr_line' id='line_1_106' title="bbox 1960 4825 3611 4899; baseline -0.008 -4"><span class='ocrx_word' id='word_1_811' title='bbox 1960 4845 2243 4896; x_wconf 67' lang='lat' dir='ltr'>aeternum</span> <span class='ocrx_word' id='word_1_812' title='bbox 2279 4856 2305 4882; x_wconf 89' lang='grc'><strong>››</strong></span> <span class='ocrx_word' id='word_1_813' title='bbox 2339 4850 2373 4887; x_wconf 85' lang='lat' dir='ltr'>a</span> <span class='ocrx_word' id='word_1_814' title='bbox 2398 4828 2629 4886; x_wconf 88' lang='lat' dir='ltr'>Christo</span> <span class='ocrx_word' id='word_1_815' title='bbox 2661 4827 2749 4884; x_wconf 88' lang='lat' dir='ltr'>vel</span> <span class='ocrx_word' id='word_1_816' title='bbox 2790 4846 2825 4883; x_wconf 89' lang='lat' dir='ltr'>a</span> <span class='ocrx_word' id='word_1_817' title='bbox 2856 4828 3007 4884; x_wconf 89' lang='lat' dir='ltr'>bono</span> <span class='ocrx_word' id='word_1_818' title='bbox 3037 4825 3334 4899; x_wconf 89' lang='lat' dir='ltr'>proposito</span> <span class='ocrx_word' id='word_1_819' title='bbox 3374 4844 3478 4899; x_wconf 89' lang='lat' dir='ltr'>per</span> <span class='ocrx_word' id='word_1_820' title='bbox 3504 4825 3611 4882; x_wconf 87' lang='lat' dir='ltr'>ali-</span> 
     </span>
    </p>
   </div>
   <div class='ocr_carea' id='block_1_107' title="bbox 1959 4915 3614 5001">
    <p class='ocr_par' dir='ltr' id='par_1_107' title="bbox 1959 4915 3614 5001">
     <span class='ocr_line' id='line_1_107' title="bbox 1959 4915 3614 5001; baseline -0.007 -18"><span class='ocrx_word' id='word_1_821' title='bbox 1959 4944 2109 5001; x_wconf 90' lang='lat' dir='ltr'>quas</span> <span class='ocrx_word' id='word_1_822' title='bbox 2139 4920 2568 4989; x_wconf 86' lang='lat' dir='ltr'>tribulationes,</span> <span class='ocrx_word' id='word_1_823' title='bbox 2593 4941 2621 4966; x_wconf 91' lang='grc'>‹‹</span> <span class='ocrx_word' id='word_1_824' title='bbox 2655 4916 2809 4973; x_wconf 91' lang='lat' dir='ltr'>sicut</span> <span class='ocrx_word' id='word_1_825' title='bbox 2838 4934 3007 4971; x_wconf 90' lang='lat' dir='ltr'>mons</span> <span class='ocrx_word' id='word_1_826' title='bbox 3035 4916 3195 4983; x_wconf 90' lang='lat' dir='ltr'>Sion,</span> <span class='ocrx_word' id='word_1_827' title='bbox 3219 4938 3245 4965; x_wconf 84' lang='grc'><strong>››</strong></span> <span class='ocrx_word' id='word_1_828' title='bbox 3281 4915 3337 4970; x_wconf 91' lang='lat' dir='ltr'>id</span> <span class='ocrx_word' id='word_1_829' title='bbox 3369 4918 3458 4971; x_wconf 92' lang='lat' dir='ltr'>est</span> <span class='ocrx_word' id='word_1_830' title='bbox 3490 4915 3614 4988; x_wconf 89' lang='lat' dir='ltr'>ipse</span> 
     </span>
    </p>
   </div>
   <div class='ocr_carea' id='block_1_108' title="bbox 1960 5003 3612 5083">
    <p class='ocr_par' dir='ltr' id='par_1_108' title="bbox 1960 5003 3612 5083">
     <span class='ocr_line' id='line_1_108' title="bbox 1960 5003 3612 5083; baseline -0.01 -9"><span class='ocrx_word' id='word_1_831' title='bbox 1960 5015 2252 5083; x_wconf 88' lang='lat' dir='ltr'>Christus,</span> <span class='ocrx_word' id='word_1_832' title='bbox 2292 5008 2393 5082; x_wconf 85' lang='lat' dir='ltr'>qui</span> <span class='ocrx_word' id='word_1_833' title='bbox 2440 5005 2820 5078; x_wconf 89' lang='lat' dir='ltr'>corporaliter</span> <span class='ocrx_word' id='word_1_834' title='bbox 2873 5005 2933 5060; x_wconf 90' lang='lat' dir='ltr'>in</span> <span class='ocrx_word' id='word_1_835' title='bbox 2994 5009 3190 5061; x_wconf 88' lang='lat' dir='ltr'>monte</span> <span class='ocrx_word' id='word_1_836' title='bbox 3249 5004 3387 5061; x_wconf 88' lang='lat' dir='ltr'>Sion</span> <span class='ocrx_word' id='word_1_837' title='bbox 3446 5003 3612 5060; x_wconf 90' lang='lat' dir='ltr'>habi-</span> 
     </span>
    </p>
   </div>
   <div class='ocr_carea' id='block_1_109' title="bbox 1962 5105 2125 5163">
    <p class='ocr_par' dir='ltr' id='par_1_109' title="bbox 1962 5105 2125 5163">
     <span class='ocr_line' id='line_1_109' title="bbox 1962 5105 2125 5163; baseline -0.031 0"><span class='ocrx_word' id='word_1_838' title='bbox 1962 5105 2125 5163; x_wconf 90' lang='lat' dir='ltr'>tavit.</span> 
     </span>
    </p>
   </div>
   <div class='ocr_carea' id='block_1_110' title="bbox 2033 5181 3615 5256">
    <p class='ocr_par' dir='ltr' id='par_1_110' title="bbox 2033 5181 3615 5256">
     <span class='ocr_line' id='line_1_110' title="bbox 2033 5181 3615 5256; baseline -0.006 -8"><span class='ocrx_word' id='word_1_839' title='bbox 2033 5226 2103 5235; x_wconf 86' lang='lat'>—-</span> <span class='ocrx_word' id='word_1_840' title='bbox 2134 5192 2266 5247; x_wconf 91' lang='lat' dir='ltr'>Ideo</span> <span class='ocrx_word' id='word_1_841' title='bbox 2297 5186 2599 5245; x_wconf 85' lang='lat' dir='ltr'>conﬁdens</span> <span class='ocrx_word' id='word_1_842' title='bbox 2628 5183 2755 5256; x_wconf 89' lang='lat' dir='ltr'>ipse</span> <span class='ocrx_word' id='word_1_843' title='bbox 2807 5200 2922 5238; x_wconf 93' lang='lat' dir='ltr'>non</span> <span class='ocrx_word' id='word_1_844' title='bbox 2970 5182 3452 5251; x_wconf 89' lang='lat' dir='ltr'>commovebitur,</span> <span class='ocrx_word' id='word_1_845' title='bbox 3474 5181 3615 5253; x_wconf 87' lang='lat' dir='ltr'>quia</span> 
     </span>
    </p>
   </div>
   <div class='ocr_carea' id='block_1_111' title="bbox 1965 5269 3613 5347">
    <p class='ocr_par' dir='ltr' id='par_1_111' title="bbox 1965 5269 3613 5347">
     <span class='ocr_line' id='line_1_111' title="bbox 1965 5269 3613 5347; baseline -0.009 -7"><span class='ocrx_word' id='word_1_846' title='bbox 1965 5309 1993 5338; x_wconf 86' lang='lat'><strong>«</strong></span> <span class='ocrx_word' id='word_1_847' title='bbox 2023 5285 2307 5347; x_wconf 77' lang='lat' dir='ltr'>montes,»</span> <span class='ocrx_word' id='word_1_848' title='bbox 2342 5277 2400 5331; x_wconf 91' lang='lat' dir='ltr'>id</span> <span class='ocrx_word' id='word_1_849' title='bbox 2434 5278 2523 5331; x_wconf 91' lang='lat' dir='ltr'>est</span> <span class='ocrx_word' id='word_1_850' title='bbox 2551 5272 2763 5345; x_wconf 86' lang='lat' dir='ltr'>angeli,</span> <span class='ocrx_word' id='word_1_851' title='bbox 2794 5272 2881 5327; x_wconf 91' lang='lat' dir='ltr'>vel</span> <span class='ocrx_word' id='word_1_852' title='bbox 2913 5270 3180 5343; x_wconf 89' lang='lat' dir='ltr'>apostoli,</span> <span class='ocrx_word' id='word_1_853' title='bbox 3202 5274 3260 5326; x_wconf 90' lang='lat' dir='ltr'>et</span> <span class='ocrx_word' id='word_1_854' title='bbox 3288 5269 3386 5327; x_wconf 89' lang='lat' dir='ltr'>alii</span> <span class='ocrx_word' id='word_1_855' title='bbox 3426 5269 3613 5326; x_wconf 91' lang='lat' dir='ltr'>sancti</span> 
     </span>
    </p>
   </div>
   <div class='ocr_carea' id='block_1_112' title="bbox 1961 5360 3615 5438">
    <p class='ocr_par' dir='ltr' id='par_1_112' title="bbox 1961 5360 3615 5438">
     <span class='ocr_line' id='line_1_112' title="bbox 1961 5360 3615 5438; baseline -0.01 -7"><span class='ocrx_word' id='word_1_856' title='bbox 1961 5374 2071 5431; x_wconf 92' lang='lat' dir='ltr'>viri</span> <span class='ocrx_word' id='word_1_857' title='bbox 2104 5369 2352 5437; x_wconf 89' lang='lat' dir='ltr'>meritis,</span> <span class='ocrx_word' id='word_1_858' title='bbox 2376 5364 2648 5438; x_wconf 89' lang='lat' dir='ltr'>precibus</span> <span class='ocrx_word' id='word_1_859' title='bbox 2678 5368 2735 5418; x_wconf 90' lang='lat' dir='ltr'>et</span> <span class='ocrx_word' id='word_1_860' title='bbox 2755 5360 3036 5433; x_wconf 81' lang='lat' dir='ltr'>exemplis</span> <span class='ocrx_word' id='word_1_861' title='bbox 3066 5364 3206 5417; x_wconf 89' lang='lat' dir='ltr'>sunt</span> <span class='ocrx_word' id='word_1_862' title='bbox 3226 5384 3254 5411; x_wconf 83' lang='lat'><strong><em>«</em></strong></span> <span class='ocrx_word' id='word_1_863' title='bbox 3284 5361 3342 5415; x_wconf 91' lang='lat' dir='ltr'>in</span> <span class='ocrx_word' id='word_1_864' title='bbox 3364 5360 3615 5416; x_wconf 91' lang='lat' dir='ltr'>circuitu</span> 
     </span>
    </p>
   </div>
   <div class='ocr_carea' id='block_1_113' title="bbox 1962 5450 3617 5537">
    <p class='ocr_par' dir='ltr' id='par_1_113' title="bbox 1962 5450 3617 5537">
     <span class='ocr_line' id='line_1_113' title="bbox 1962 5450 3617 5537; baseline -0.009 -19"><span class='ocrx_word' id='word_1_865' title='bbox 1962 5465 2113 5537; x_wconf 88' lang='lat' dir='ltr'>ejus,</span> <span class='ocrx_word' id='word_1_866' title='bbox 2150 5482 2171 5509; x_wconf 70' lang='grc' dir='ltr'><strong>υ</strong></span> <span class='ocrx_word' id='word_1_867' title='bbox 2208 5455 2545 5512; x_wconf 89' lang='lat' dir='ltr'>munientes</span> <span class='ocrx_word' id='word_1_868' title='bbox 2593 5450 2937 5523; x_wconf 86' lang='lat' dir='ltr'>hujusmodi</span> <span class='ocrx_word' id='word_1_869' title='bbox 2990 5450 3353 5505; x_wconf 81' lang='lat' dir='ltr'>confidentes</span> <span class='ocrx_word' id='word_1_870' title='bbox 3410 5452 3617 5504; x_wconf 88' lang='lat' dir='ltr'>contra</span> 
     </span>
    </p>
   </div>
   <div class='ocr_carea' id='block_1_114' title="bbox 1961 5536 3613 5611">
    <p class='ocr_par' dir='ltr' id='par_1_114' title="bbox 1961 5536 3613 5611">
     <span class='ocr_line' id='line_1_114' title="bbox 1961 5536 3613 5611; baseline -0.008 -7"><span class='ocrx_word' id='word_1_871' title='bbox 1961 5536 2161 5610; x_wconf 78' lang='lat' dir='ltr'>hostes</span> <span class='ocrx_word' id='word_1_872' title='bbox 2194 5565 2207 5603; x_wconf 92' lang='lat'>:</span> <span class='ocrx_word' id='word_1_873' title='bbox 2245 5567 2272 5596; x_wconf 87' lang='lat'><strong>«</strong></span> <span class='ocrx_word' id='word_1_874' title='bbox 2302 5548 2359 5599; x_wconf 90' lang='lat' dir='ltr'>et</span> <span class='ocrx_word' id='word_1_875' title='bbox 2390 5564 2419 5591; x_wconf 82' lang='grc'>››</span> <span class='ocrx_word' id='word_1_876' title='bbox 2453 5540 2628 5597; x_wconf 87' lang='lat' dir='ltr'>etiam</span> <span class='ocrx_word' id='word_1_877' title='bbox 2660 5539 2784 5611; x_wconf 92' lang='lat' dir='ltr'>ipse</span> <span class='ocrx_word' id='word_1_878' title='bbox 2816 5560 2843 5588; x_wconf 79' lang='grc'>‹‹</span> <span class='ocrx_word' id='word_1_879' title='bbox 2869 5538 3204 5595; x_wconf 82' lang='lat' dir='ltr'>Dominus»</span> <span class='ocrx_word' id='word_1_880' title='bbox 3241 5540 3331 5594; x_wconf 90' lang='lat' dir='ltr'>est</span> <span class='ocrx_word' id='word_1_881' title='bbox 3354 5559 3383 5589; x_wconf 86' lang='lat'><strong>«</strong></span> <span class='ocrx_word' id='word_1_882' title='bbox 3406 5537 3467 5592; x_wconf 92' lang='lat' dir='ltr'>in</span> <span class='ocrx_word' id='word_1_883' title='bbox 3495 5536 3613 5592; x_wconf 87' lang='lat' dir='ltr'>cir-</span> 
     </span>
    </p>
   </div>
   <div class='ocr_carea' id='block_1_115' title="bbox 1961 5626 3615 5710">
    <p class='ocr_par' dir='ltr' id='par_1_115' title="bbox 1961 5626 3615 5710">
     <span class='ocr_line' id='line_1_115' title="bbox 1961 5626 3615 5710; baseline -0.011 -11"><span class='ocrx_word' id='word_1_884' title='bbox 1961 5641 2123 5700; x_wconf 91' lang='lat' dir='ltr'>cuitu</span> <span class='ocrx_word' id='word_1_885' title='bbox 2156 5631 2355 5710; x_wconf 91' lang='lat' dir='ltr'>populi</span> <span class='ocrx_word' id='word_1_886' title='bbox 2386 5628 2499 5697; x_wconf 90' lang='lat' dir='ltr'>sui,</span> <span class='ocrx_word' id='word_1_887' title='bbox 2536 5650 2563 5676; x_wconf 88' lang='grc'><strong>››</strong></span> <span class='ocrx_word' id='word_1_888' title='bbox 2596 5631 2661 5682; x_wconf 93' lang='lat' dir='ltr'>ut</span> <span class='ocrx_word' id='word_1_889' title='bbox 2689 5642 2822 5681; x_wconf 90' lang='lat' dir='ltr'>eum</span> <span class='ocrx_word' id='word_1_890' title='bbox 2856 5626 3085 5683; x_wconf 92' lang='lat' dir='ltr'>muniat</span> <span class='ocrx_word' id='word_1_891' title='bbox 3112 5630 3169 5683; x_wconf 92' lang='lat' dir='ltr'>et</span> <span class='ocrx_word' id='word_1_892' title='bbox 3198 5629 3464 5700; x_wconf 89' lang='lat' dir='ltr'>protegat</span> <span class='ocrx_word' id='word_1_893' title='bbox 3494 5649 3521 5675; x_wconf 91' lang='grc'><strong>‹‹</strong></span> <span class='ocrx_word' id='word_1_894' title='bbox 3546 5642 3615 5681; x_wconf 86' lang='lat' dir='ltr'>ex</span> 
     </span>
    </p>
   </div>
   <div class='ocr_carea' id='block_1_116' title="bbox 1960 5714 3043 5791">
    <p class='ocr_par' dir='ltr' id='par_1_116' title="bbox 1960 5714 3043 5791">
     <span class='ocr_line' id='line_1_116' title="bbox 1960 5714 3043 5791; baseline -0.024 -1"><span class='ocrx_word' id='word_1_895' title='bbox 1960 5734 2070 5790; x_wconf 89' lang='lat' dir='ltr'>hoc</span> <span class='ocrx_word' id='word_1_896' title='bbox 2102 5742 2259 5784; x_wconf 89' lang='lat' dir='ltr'>nunc</span> <span class='ocrx_word' id='word_1_897' title='bbox 2288 5727 2343 5779; x_wconf 87' lang='lat' dir='ltr'>et</span> <span class='ocrx_word' id='word_1_898' title='bbox 2373 5733 2559 5791; x_wconf 88' lang='lat' dir='ltr'>usque</span> <span class='ocrx_word' id='word_1_899' title='bbox 2590 5714 2648 5770; x_wconf 91' lang='lat' dir='ltr'>in</span> <span class='ocrx_word' id='word_1_900' title='bbox 2677 5714 2978 5772; x_wconf 82' lang='lat' dir='ltr'>saeculum.</span> <span class='ocrx_word' id='word_1_901' title='bbox 3016 5738 3043 5765; x_wconf 87' lang='grc'><strong>››</strong></span> 
     </span>
    </p>
   </div>
  </div>
