3942 6370
385 448 507 520 639

814 456 1222 518 HAYMONIS
1252 452 1792 517 HALBERSTAT.
1826 436 2069 512 EPlSd.
2100 434 2275 511 OPP.
2311 451 2512 514 PARS
2543 452 2592 513 Ι.
2622 488 2699 497 —
2725 452 3134 515 COMMENT.
3168 453 3366 515 BIBL.

3677 436 3792 513 6&0

402 606 407 611 ‘
458 597 529 654 Et
554 593 691 651 licet
719 592 791 648 ad
826 606 1083 664 praesens
1103 589 1405 662 permittat
1426 605 1526 645 eos
1544 585 2034 655 tribulari,tamen
2065 582 2119 651 A
2149 586 2549 659 tum,propter
2576 584 2986 643 certitudincm
3019 603 3140 642 rem
3160 570 3432 642 futuram
3465 584 3789 643 annuntiat.

387 694 584 744 revera
605 686 695 740 est
715 681 773 736 in
799 680 1046 736 circuitu
1068 678 1366 751 ejus,quia
1387 695 1500 734 non
1527 677 1816 750 relinquet
1837 675 2038 731 ﬁdeles

386 788 527 832 Suos
556 772 616 828 in
649 772 936 844 potestate
960 768 1447 836 iniiricorumme
1476 772 1535 823 et
1554 767 1666 839 ipsi
1688 764 2039 839 compellan-

383 866 483 920 tur
513 876 782 935 peccare;
811 863 868 914 et
896 859 1007 914 hoc
1037 862 1144 926 est,
1166 880 1194 907 «
1214 857 1353 930 quia
1383 874 1497 913 non
1531 856 1823 928 relinquet
1846 854 2038 911 Domi-

383 960 496 1009 nus
525 950 810 1023 virgam,»
840 948 897 1003 id
922 951 1011 1004 est
1032 951 1380 1020 potestatem
1414 970 1441 996 «
1464 950 1837 1019 peccatorum
1861 960 2039 1016 super

381 1045 600 1098 Sortem
633 1040 947 1111 iustorum,
984 1060 1011 1087 ››
1032 1037 1091 1092 id
1121 1039 1212 1093 est
1242 1053 1420 1109 super
1461 1034 1823 1108 religionem,
1855 1050 2034 1105 quam

371 1130 523 1204 justi
554 1129 778 1186 faciunt
808 1143 979 1184 suam
1010 1128 1229 1182 sortem
1257 1143 1270 1180 :
1295 1126 1424 1181 ideo
1445 1143 1561 1180 non
1593 1124 1902 1196 relinquet,
1922 1145 1948 1172 ‹‹
1973 1125 2038 1176 ut

379 1229 497 1275 non
530 1216 1004 1289 extendantjusti
1028 1217 1101 1271 ad
1125 1214 1496 1287 iniquitatem
1520 1231 1732 1270 manus
1754 1229 1945 1269 suas»
1974 1211 2034 1268 Si

375 1308 537 1366 enim
569 1307 706 1363 mali
736 1323 913 1379 super
931 1307 1131 1377 justos
1153 1307 1499 1376 potestatem
1529 1301 2036 1371 haberent,justos

377 1413 447 1455 ex
476 1396 824 1453 necessitate
855 1411 1093 1467 peccare
1124 1391 1559 1465 compellerent.

452 1510 480 1537 ‹‹
515 1486 668 1541 Bene
726 1485 836 1540 fac.
870 1504 898 1535 »
953 1483 1094 1538 Pars
1153 1482 1432 1538 secunda.
1460 1481 1832 1538 Continuatio
1867 1498 1879 1536 :
1908 1479 2032 1535 Dixi

378 1575 522 1648 quia
553 1573 837 1631 Dominus
868 1590 984 1628 non
1030 1570 1341 1644 relinquet,
1373 1572 1431 1626 et
1460 1574 1545 1637 tu,
1575 1588 1608 1625 o
1642 1591 1670 1620 «
1704 1569 1969 1637 Domine,
2005 1590 2035 1619 n

376 1664 535 1721 sicut
563 1661 811 1737 cmpisti,
840 1682 868 1713 «
900 1663 1046 1717 bene
1077 1662 1188 1726 fac,
1226 1682 1253 1711 »
1286 1659 1342 1715 id
1372 1663 1480 1726 est,
1514 1676 1819 1731 persevera
1848 1663 2039 1714 custo-

376 1752 616 1818 diendo,
645 1754 704 1808 et
734 1750 850 1808 alia
873 1751 1030 1807 bona
1061 1750 1321 1806 faciendo
1353 1770 1377 1794 τι
1410 1749 1601 1819 bonis,
1626 1768 1651 1793 ιι
1682 1749 1740 1804 id
1792 1752 1882 1805 est
1920 1747 2037 1805 illis

376 1842 481 1916 qui
506 1842 840 1913 sequuntur
869 1843 1159 1913 prmcepta
1178 1844 1308 1908 tua;
1344 1859 1366 1884 «
1389 1842 1448 1895 et
1470 1838 1642 1894 rectis
1672 1839 1896 1905 corde,»
1918 1835 2037 1893 illis

374 1930 479 2004 qui
511 1928 677 1986 nulla
706 1928 984 2003 angustia
1014 1945 1255 2002 peccare
1285 1932 1594 2001 coguntur.

451 2017 587 2077 Istis
618 2020 767 2076 bene
800 2018 972 2075 faciet
1001 2018 1317 2087 Dominus;
1354 2041 1377 2067 ι
1401 2017 1761 2074 declinantes
1778 2020 2034 2085 autem,»

374 2104 435 2167 id
467 2113 557 2166 est
587 2112 826 2183 propter
856 2107 1088 2181 aliquas
1116 2106 1525 2164 tribulationes
1552 2125 1586 2162 a
1615 2106 1910 2163 mandatis
1932 2106 2034 2161 Dei

374 2199 785 2267 deﬁcientes,«
815 2198 1068 2253 adducet
1098 2196 1385 2252 Dominus
1416 2195 1473 2251 in
1507 2195 1953 2267 obligationes,»
1978 2195 2039 2250 id

374 2284 468 2344 est
496 2283 704 2341 multis
735 2283 991 2356 peccatis
1011 2283 1311 2355 permittet
1332 2280 1556 2354 alligari
1592 2299 1617 2324 «
1640 2300 1775 2338 cum
1797 2299 2038 2354 operan-

374 2375 538 2432 tibus
567 2371 962 2445 iniquitatem,
979 2388 1004 2415 η
1036 2370 1094 2427 id
1125 2376 1214 2427 est
1235 2371 1389 2427 sicut
1412 2370 1551 2426 facit
1570 2371 1717 2427 alios
1737 2370 2034 2443 operarios

377 2459 712 2535 iniquitatis
744 2478 758 2516 :
793 2477 818 2505 α
841 2478 1019 2533 super
1049 2459 1224 2517 Israel
1252 2482 1275 2506 η
1298 2464 1515 2529 autem,
1539 2459 1595 2515 id
1627 2463 1735 2526 est,
1760 2477 1939 2533 super
1958 2460 2035 2515 vi-

377 2558 511 2609 rum
556 2551 857 2607 videntem
907 2550 1115 2615 Deum,
1151 2550 1262 2605 erit
1294 2567 1474 2622 «pax,
1510 2574 1534 2600 »
1567 2549 1783 2622 partim
1832 2548 1892 2604 in
1923 2548 2034 2604 hac

373 2641 516 2708 vita,
537 2645 596 2697 et
618 2657 853 2697 summe
881 2639 941 2695 in
972 2638 1108 2694 alia.
1142 2639 1286 2694 Cum
1320 2638 1493 2695 malis
1524 2637 1679 2695 mala
1696 2639 2030 2706 annuntiat,

376 2736 488 2787 nos
515 2730 665 2787 bene
695 2730 768 2785 ad
798 2729 1214 2785 conﬁdentiam
1237 2728 1595 2795 cohortatur,
1612 2746 1684 2784 ne
1713 2727 1868 2784 mala
1896 2742 2032 2784 cum

376 2814 789 2876 difﬁdentibus
820 2817 1135 2891 patiamur.

847 2997 921 3053 IN
963 2996 1311 3054 PSALMUM
1350 2996 1557 3053 CXXV.

734 3107 994 3163 TITULUS
1026 3123 1039 3163 :
1075 3104 1362 3162 Canticum
1390 3104 1683 3178 graduum.

449 3292 478 3320 ‹‹
513 3268 578 3325 In
607 3266 1016 3323 convertendo.
1037 3286 1061 3311 »
1093 3265 1198 3323 llic
1221 3266 1399 3322 habet
1417 3266 1724 3322 materiam
1748 3266 2035 3339 propheta

377 3354 868 3429 exspectationem
902 3355 1109 3410 futura:
1159 3355 1525 3411 liberationis
1568 3373 1672 3428 per
1718 3356 2034 3411 adventum

378 3440 694 3509 Christi,in
725 3459 842 3515 quo
872 3442 1075 3498 ﬁdeles
1097 3443 1147 3498 ei
1173 3443 1396 3515 priores
1406 3443 1580 3514 justi,
1598 3444 1697 3516 qui
1722 3444 1914 3499 adhuc
1937 3462 2040 3517 per

380 3531 617 3604 culpam
648 3529 952 3602 originalis
983 3532 1205 3603 peccati
1237 3548 1271 3585 a
1300 3530 1687 3598 diabolo,tam
1721 3533 1827 3587 viri
1860 3551 2037 3605 quam

381 3618 994 3686 mortui,tenebantur,
1012 3618 1240 3673 liberati
1267 3624 1406 3674 sunt
1428 3636 1441 3673 :
1466 3624 1523 3675 et
1542 3620 1661 3675 ἰ]ωο
1683 3622 2038 3693 exspectatio

380 3707 519 3765 ﬁnis
537 3707 647 3764 fuit
666 3707 931 3764 omnium
953 3708 1249 3780 justorum
1273 3710 1383 3764 sub
1408 3708 1599 3764 Veteri
1621 3710 1995 3766 Testamento
2020 3729 2034 3767 :

379 3812 484 3871 per
504 3797 660 3871 quod
684 3800 846 3870 patet
869 3798 1025 3870 quod
1056 3796 1153 3853 alii
1187 3814 1287 3853 sex
1309 3799 1701 3871 praacedentes
1722 3804 1942 3872 gradus
1965 3801 2037 3857 ad

379 3882 652 3944 homines
678 3885 907 3942 Veteris
928 3886 1289 3943 Testamenti
1318 3887 1653 3959 specialiter
1678 3888 2037 3963 diriguntur.

380 3975 641 4033 Intendit
667 3974 954 4048 propheta
982 3974 1229 4030 invitare
1270 3974 1541 4031 homines
1570 3976 1797 4033 Veteris
1828 3979 2039 4035 Testa-

379 4063 585 4134 menti,
616 4068 682 4120 ut
711 4063 773 4120 in
802 4064 1053 4120 adventu
1086 4063 1299 4120 Christi
1332 4082 1495 4137 spem
1524 4082 1643 4122 sua:
1674 4065 2038 4125 liberationis

378 4156 693 4228 apponant.
707 4153 770 4209 In
789 4153 982 4226 prima
996 4158 1161 4226 parte
1176 4154 1433 4209 ostendit
1444 4154 1641 4226 justos
1657 4154 1789 4211 illos
1812 4161 1908 4212 tan
1917 4162 2036 4213 tam

376 4243 438 4300 in
469 4244 722 4299 adventu
745 4242 959 4298 Christi
980 4242 1260 4298 habuisse
1281 4244 1764 4313 consolationem,
1778 4251 1845 4302 ut
1860 4247 2036 4303 etiam

378 4329 604 4388 inimici
632 4345 836 4386 eorum
857 4329 1315 4387 consolationem
1337 4331 1736 4390 laudarent.ln
1755 4336 2036 4404 secunda,

377 4426 508 4494 quae
529 4417 739 4492 incipit
764 4435 777 4473 :
806 4439 831 4467 α
853 4418 1218 4490 Convertere,
1234 4420 1530 4484 Domine,»
1556 4427 1829 4494 precatur
1852 4425 2038 4481 Deum

379 4513 446 4566 ut
468 4513 527 4565 et
556 4507 684 4582 ipse
732 4508 793 4564 in
826 4509 1080 4566 adventu
1133 4509 1349 4566 Christi
1394 4514 1621 4583 partem
1674 4512 2040 4572 liberationis

378 4597 611 4667 habeat,
646 4596 788 4671 quia
816 4594 1013 4653 laetum
1043 4598 1202 4654 videt
1233 4599 1409 4655 ﬁnem
1441 4598 1844 4657 liberatarum.

2219 689 2245 717 α
2276 676 2442 730 Tunc
2473 696 2497 720 »
2528 675 2730 745 xtiam,
2755 675 2814 731 id
2837 678 2926 731 est
2945 675 3179 750 quando
3200 675 3488 732 Dominus
3511 677 3795 731 'co‘nvertet

2146 762 2543 835 captivitatem
2577 770 2861 833 nostram,
2896 782 2923 814 α
2948 766 3146 822 dicent
3168 797 3192 821 ι»
3222 764 3405 839 aliqui
3440 794 3464 820 ι(
3494 764 3644 821 inier
3661 781 3793 839 gen-

2146 854 2234 909 tes
2267 879 2290 905 η
2322 854 2432 909 hoc
2466 872 2490 896 (ι
2523 856 2923 929 magniﬁcavit
2950 885 2975 911 η
3009 855 3068 911 id
3099 860 3191 912 est
3239 854 3551 929 magniﬁce
3599 854 3793 928 dispo-

2146 942 2266 997 suit
2298 969 2323 994 κ
2346 943 2631 1001 Dominus
2654 946 2843 1001 facere
2866 962 3001 1001 cum
3023 945 3128 1002 eis.
3151 963 3176 991 υ
3210 940 3605 1019 Intelligentes
3643 945 3795 1000 enim

2145 1031 2301 1103 quod
2334 1032 2604 1089 homines
2635 1051 2668 1089 a
2697 1035 2953 1107 peccatis
2983 1053 3087 1107 per
3115 1034 3415 1092 Christum
3460 1032 3795 1100 liberentur,

2145 1125 2500 1192 cognoscent
2523 1140 2622 1179 eos
2642 1140 2772 1180 esse
2788 1124 2888 1180 Dei
2907 1124 3081 1193 ﬁlios,
3097 1129 3156 1181 et
3179 1125 3419 1180 tandem
3438 1122 3499 1178 in
3521 1121 3796 1196 angelicis

2147 1210 2424 1266 manibus
2445 1211 2503 1266 in
2537 1216 2880 1285 perpetuam
2913 1213 3178 1286 requiem
3209 1213 3620 1287 deportandos.

2219 1299 2335 1370 Ipsi
2367 1300 2563 1357 dicent
2594 1319 2608 1357 :
2645 1330 2667 1355 ‹‹
2702 1302 3099 1376 Magniﬁcavit
3138 1303 3423 1359 Dominus
3455 1302 3641 1359 facere
3662 1317 3795 1357 cum

2145 1385 2250 1456 eis,
2271 1406 2294 1429 υ
2330 1406 2435 1445 nec
2478 1390 2535 1445 in
2576 1392 2686 1448 hoc
2719 1397 2860 1448 sunt
2884 1391 3026 1448 fatui
3048 1392 3136 1449 vel
3169 1389 3694 1464 insipientes,quia
3724 1389 3799 1446 ita

2143 1491 2346 1530 verum
2370 1481 2477 1546 est,
2498 1480 2600 1534 sed
2626 1484 2683 1534 et
2705 1506 2729 1531 «
2749 1479 3148 1552 magniﬁcavit
3171 1479 3451 1536 Dominus
3481 1476 3665 1535 facere
3700 1495 3798 1535 no-

2146 1565 2399 1635 biscum,
2420 1587 2444 1611 »
2478 1567 2536 1623 id
2570 1573 2668 1624 est
2687 1569 2963 1625 discrevit
2992 1570 3149 1642 quod
3172 1585 3419 1643 magnos
3442 1586 3547 1625 nos
3566 1564 3798 1637 faceret,

2146 1659 2205 1711 et
2234 1673 2341 1711 nos
2364 1656 2472 1712 hoc
2501 1662 2825 1730 sperantes,
2853 1684 2877 1711 (ι
2914 1659 3048 1714 facti
3081 1675 3292 1715 sumus
3324 1656 3604 1714 laetantes.
3625 1677 3653 1707 »

2219 1766 2244 1790 κ
2275 1745 2578 1815 Converte,
2597 1747 2891 1804 Domine.»
2916 1749 3056 1804 Pars
3086 1748 3367 1805 secunda.
3387 1744 3796 1803 Continuatio:

2146 1835 2218 1890 Et
2265 1835 2405 1907 quia
2436 1855 2464 1888 α
2495 1835 2887 1910 magniﬁcasti
2937 1837 3125 1894 facere
3174 1836 3506 1906 nobiscum,
3540 1856 3564 1882 ι)
3585 1834 3740 1906 ideo,
3770 1850 3804 1890 ο

2068 1950 2119 2022 Β
2152 1945 2174 1973 ι
2208 1925 2466 1993 Domine,
2493 1929 2762 2022 converte
2785 1924 3181 1999 captivitatem
3205 1930 3489 1994 nostram,
3509 1944 3533 1970 η
3557 1938 3675 1998 qua
3706 1921 3802 1980 fri‘

2145 2029 2284 2085 gora
2314 2015 2536 2086 peccati
2568 2014 2810 2089 obligati
2843 2032 3053 2073 sumus
3078 2034 3091 2072 :
3117 2016 3202 2073 sic
3224 2016 3593 2084 converte,ut
3611 2028 3805 2087 perve-

2146 2101 2383 2159 niamus
2414 2105 2484 2159 ad
2518 2120 2762 2161 cursum
2795 2105 2962 2162 bona:
2992 2106 3348 2179 operationis
3381 2121 3395 2161 :
3428 2104 3511 2161 ita
3535 2106 3805 2161 converte

2144 2212 2174 2240 α
2208 2190 2362 2246 sicut
2414 2197 2643 2249 torrens
2676 2217 2705 2243 ››
2738 2194 2838 2267 qui
2896 2198 2987 2251 est
3035 2194 3257 2267 ligatus
3307 2195 3520 2269 frigore
3566 2188 3800 2259 hiemis,

2144 2281 2503 2336 convertitur
2533 2307 2557 2332 ‹ι
2584 2282 2644 2336 in
2676 2285 2896 2351 austro,
2925 2313 2947 2338 ››
2972 2283 3032 2338 in
3070 2288 3242 2340 vento
3273 2283 3373 2339 illo
3394 2280 3604 2347 calido,
3623 2280 3712 2336 itn
3745 2278 3805 2334 ut

2142 2384 2249 2440 per
2276 2373 2566 2438 austrum,
2586 2370 2646 2425 id
2677 2374 2767 2427 est
2786 2388 2890 2442 per
2917 2371 3171 2428 calorem
3196 2373 3456 2446 Spiritus
3473 2366 3659 2429 sancti
3679 2382 3808 2425 eon-

2142 2460 2403 2513 vertatur
2432 2457 2640 2529 frigus,
2672 2458 2729 2513 id
2762 2462 2851 2515 est
2880 2459 3149 2532 pigrities
3179 2458 3426 2532 peccati,
3458 2478 3494 2517 a
3522 2457 3718 2515 nobis.

2215 2546 2354 2602 Dico
2387 2569 2416 2602 α
2445 2540 2785 2615 converte,»
2820 2547 2961 2620 quia
2988 2552 3151 2616 tunc,
3177 2548 3235 2603 id
3267 2552 3359 2605 est
3390 2549 3544 2604 facta
3567 2564 3805 2604 conver-

2144 2636 2327 2703 sione,
2364 2664 2387 2690 ‹‹
2420 2640 2641 2692 metent
2672 2660 2696 2684 »
2726 2635 2812 2692 illi
2846 2656 2869 2680 (ι
2903 2637 2963 2692 in
2994 2636 3403 2705 exsultatione,
3429 2635 3534 2691 «id
3557 2640 3672 2703 est,
3710 2653 3803 2692 ex-

2143 2724 2432 2780 sultanter
2479 2724 2765 2798 recipient
2812 2725 3141 2781 mercedem
3188 2725 3317 2780 vita:
3366 2729 3617 2793 aeternae,
3648 2750 3678 2780 ε
3714 2723 3807 2796 qui

2143 2814 2440 2870 seminant
2469 2834 2493 2858 η
2525 2815 2680 2870 bona
2709 2831 2885 2887 opera
2905 2831 3033 2881 sua,
3071 2814 3227 2869 unde
3256 2811 3642 2886 multiplicem
3685 2813 3804 2867 fru-

2144 2907 2305 2958 ctum
2332 2906 2687 2975 exspectent,
2722 2923 2750 2953 α
2781 2902 2841 2958 in
2873 2902 3170 2977 lacrymis,
3198 2924 3223 2948 ι»
3258 2902 3317 2959 id
3345 2907 3437 2959 est
3465 2901 3526 2958 in
3557 2904 3806 2958 [merere

2143 2996 2202 3047 et
2231 2991 2473 3049 tristitia
2502 2991 2683 3065 huius
2712 2992 2863 3049 vitae.

2216 3081 2324 3147 Qui
2347 3087 2488 3138 sunt
2511 3080 2596 3136 illi
2620 3082 2720 3155 qui
2740 3082 2963 3138 metent
2990 3080 3051 3137 in
3074 3081 3504 3138 exsultatione?
3532 3076 3615 3135 illi
3646 3076 3800 3134 scili-

2143 3174 2235 3226 cet
2264 3171 2365 3243 qui
2396 3171 2564 3227 ibant
2592 3171 2664 3227 ad
2696 3175 2974 3227 aeternam
3006 3170 3302 3228 civitatem
3324 3188 3428 3244 per
3447 3171 3600 3227 bona
3628 3183 3803 3241 opera

2146 3276 2274 3328 sua,
2289 3264 2349 3317 et
2379 3278 2495 3317 non
2528 3265 2829 3318 cessantes
2853 3262 2925 3317 ad
2964 3260 3194 3330 horam,
3210 3261 3312 3317 sed
3337 3279 3361 3304 α
3383 3262 3586 3317 euntes
3605 3275 3634 3307 ι
3658 3253 3800 3313 αεείο

2149 3349 2262 3405 due
2286 3366 2300 3404 :
2325 3364 2354 3396 α
2376 3349 2541 3406 ibant
2563 3369 2586 3393 »
2611 3349 2762 3422 dico,
2779 3370 2802 3393 «
2826 3353 2883 3405 et
2913 3348 3133 3406 ﬂebant
3156 3371 3184 3400 »
3211 3367 3316 3422 pro
3338 3348 3525 3405 morte
3544 3352 3601 3404 et
3620 3344 3801 3402 mise-

2148 3438 2237 3493 ria
2261 3438 2441 3510 hujus
2468 3439 2599 3493 vita:
2625 3457 2638 3494 :
2664 3438 2774 3511 ipsi
2809 3438 2938 3494 dico
2971 3460 2994 3485 α
3018 3438 3321 3495 mittentes
3351 3438 3579 3495 semina
3608 3453 3738 3507 sua,
3771 3438 3799 3485 n’

2148 3526 2205 3583 id
2239 3530 2331 3582 est
2359 3527 2514 3583 bona
2549 3544 2725 3599 opera
2761 3526 2992 3596 sua,vel
3024 3525 3355 3600 specialiter
3383 3523 3797 3599 eleemosynas.

2221 3642 2245 3667 «ι
2270 3615 2490 3671 Euntes
2517 3615 2684 3671 ibant
2716 3632 2729 3670 :
2765 3636 2789 3659 »
2821 3615 3122 3672 venientes
3153 3619 3376 3685 autem,
3406 3614 3465 3672 id
3494 3619 3583 3672 est
3601 3630 3803 3687 appro-

2148 3702 2504 3776 pinquantes
2522 3703 2718 3774 morti,
2735 3728 2759 3753 ‹‹
2772 3703 3048 3760 venient»
3068 3721 3255 3777 usque
3275 3704 3346 3761 ad
3357 3700 3651 3777 judicium
3669 3722 3796 3762 cum

2147 3791 2558 3859 exsultatione,
2591 3795 2912 3865 portantes,
2937 3793 2995 3848 id
3042 3796 3151 3863 est,
3177 3794 3533 3867 perferentes
3555 3792 3796 3850 Domino

2149 3900 2179 3932 κ
2210 3880 2546 3954 manipulos
2577 3898 2741 3953 suos,
2776 3903 2798 3932 ι
2835 3881 2894 3937 id
2928 3885 3017 3937 est
3065 3882 3220 3939 bona
3269 3899 3443 3956 opera
3491 3899 3619 3953 sua,
3648 3883 3795 3940 unde

2147 3970 2684 4027 remunerationem
2714 3970 3016 4044 recipient.

2602 4148 2679 4204 IN
2717 4148 3068 4206 PSALMUM
3106 4145 3339 4206 CXXVI.

2335 4259 2592 4315 TITULUS
2627 4274 2640 4313 :
2675 4257 2961 4314 Canticum
2986 4258 3256 4331 graduum
3286 4259 3611 4316 Salamis.

2221 4438 2245 4464 «
2278 4419 2401 4476 Nisi
2423 4420 2707 4476 Dominus
2736 4420 3131 4477 aediﬁcaverit.
3154 4439 3182 4472 ρ
3215 4393 3380 4478 Sicut
3408 4420 3630 4493 septem
3662 4432 3788 4492 pra:-

2147 4509 2337 4567 dictes
2360 4510 2579 4583 gradus
2600 4509 2935 4582 specialiter
2970 4511 3043 4567 ad
3064 4510 3335 4567 homines
3354 4508 3578 4567 Veteris
3597 4508 3785 4565 TestaL

2148 4599 2332 4655 menti
2363 4598 2960 4667 direximus,ita'octo
2987 4599 3134 4657 istos
3166 4600 3396 4657 futuros
3431 4598 3501 4655 ad
3532 4594 3787 4655 homines

451 4687 627 4754 Quasi
662 4687 882 4743 diceret
907 4705 921 4742 :
945 4688 1294 4760 Exspectare
1314 4688 1559 4757 debetis,
1587 4689 1814 4762 fratres,
1835 4709 2039 4748 conso-
2071 4697 2120 4763 Ι)
2150 4689 2292 4745 Novi
2324 4688 2687 4745 Testamenti
2730 4689 2964 4762 proprie
2995 4689 3324 4746 referimus.
3347 4690 3417 4745 Et
3437 4690 3707 4745 dicuntur
3731 4678 3786 4741 h‘i

381 4774 662 4832 lationem
694 4774 751 4830 in
784 4777 1037 4833 adventu
1069 4776 1307 4843 Christi,
1343 4777 1482 4849 quia
1503 4803 1529 4833 ‹‹
1551 4777 1610 4833 in
1652 4783 2038 4839 convertenda

385 4864 730 4935 Dominus,»
764 4865 821 4921 id
854 4868 944 4921 est
968 4864 1111 4920 dum
1143 4865 1429 4920 Dominus
1472 4867 1817 4934 convcrtit,«
1852 4871 2040 4942 capti-

382 4953 617 5010 vitatem
652 4954 857 5018 Sion,»
882 4953 939 5009 id
989 4958 1096 5023 est,
1122 4953 1357 5009 illorum
1393 4955 1492 5026 qui
1527 4959 1665 5011 sunt
1695 4958 2038 5029 speculatio,

381 5046 439 5100 et
468 5040 777 5116 provident
809 5043 944 5112 sibi,
969 5059 999 5091 σ
1018 5043 1156 5098 facti
1179 5061 1387 5099 sumus
1411 5044 1565 5099 sicut
1594 5046 1896 5116 consolati,
1923 5079 1946 5102 υ
1981 5049 2039 5103 id

382 5135 473 5187 est
505 5131 659 5187 sicut
686 5130 769 5186 illi
800 5132 898 5203 qui
924 5131 1387 5189 consolationem
1428 5133 1725 5206 accipiunt
1756 5136 2038 5193 venienti-

382 5216 495 5277 bus
524 5220 714 5276 bonis.
1306 5287 1311 5291 _

456 5325 483 5354 α
514 5309 700 5377 Tunc,
729 5338 751 5364 »
787 5309 845 5364 id
877 5313 985 5379 est,
1020 5311 1079 5366 in
1112 5311 1211 5367 illa
1243 5311 1619 5367 conversione
1658 5312 2035 5386 captivitatis,

385 5414 414 5445 α
447 5414 514 5452 os
545 5401 812 5454 nostrum
850 5420 877 5447 »
910 5399 1134 5457 scilicet
1163 5416 1263 5455 cor
1300 5399 1518 5472 ipsum,
1554 5416 1581 5447 α
1615 5405 1705 5456 est
1750 5402 2037 5474 repletum

383 5484 601 5556 gaudio
636 5503 648 5539 :
684 5491 742 5542 et
772 5515 796 5538 »
828 5504 942 5542 non
990 5492 1221 5545 tantum
1269 5507 1387 5558 cor,
1422 5490 1521 5546 sed
1571 5490 1747 5546 etiam
1785 5491 2042 5565 «lingua

387 5576 591 5627 nostra
622 5598 644 5620 »ι
681 5575 948 5645 exterior,
973 5582 1061 5633 est
1096 5578 1155 5632 in
1180 5602 1207 5627 ‹‹
1241 5579 1693 5648 exsultatione,»
1728 5580 1786 5634 id
1818 5587 1909 5636 est
1938 5600 2040 5637 ex-

386 5657 676 5714 sultanter
702 5662 1071 5721 annuntiavit
1096 5666 1227 5722 aliis
1258 5667 1665 5724 liberationem
1690 5686 1865 5740 quam
1887 5670 2044 5727 videt

387 5757 494 5823 per
510 5743 823 5804 adventum
844 5748 1057 5807 Christi
1081 5754 1204 5809 fieri
1232 5772 1244 5807 :
1270 5771 1374 5826 per
1405 5773 1660 5829 praesens
1698 5761 1756 5812 et
1794 5760 2045 5830 praeteri-

2148 4779 2368 4853 gradus
2391 4776 2724 4851 specialiter
2753 4778 3104 4847 Salomonis,
3121 4779 3178 4835 id
3211 4783 3299 4835 est
3320 4776 3787 4851 paciﬁci,scilicet

2151 4867 2392 4933 Christi,
2414 4866 2515 4940 qui
2544 4884 2717 4924 verus
2748 4868 3030 4940 paciﬁcus
3065 4867 3191 4940 fuit,
3206 4868 3347 4940 quia
3392 4867 3502 4940 ipsi
3544 4863 3783 4922 reconci-

2150 4955 2313 5012 liavit
2336 4957 2519 5012 Deum
2546 4955 2981 5026 hominibus,et
3011 4974 3212 5029 pacem
3235 4957 3370 5013 fecit
3392 4957 3541 5011 inter
3566 4946 3783 5011 Judaos

2149 5050 2207 5102 et
2238 5050 2461 5117 gentes.
2478 5045 2644 5101 Unde
2665 5045 2979 5118 Apostolus
3002 5047 3145 5101 dicit
3171 5062 3184 5103 :
3216 5076 3240 5103 ‹‹
3264 5047 3369 5113 Qui
3393 5046 3525 5103 fecit
3554 5049 3782 5116 utraque

2150 5152 2391 5191 unum.»
2414 5135 2629 5209 (Ephes.
2656 5138 2751 5204 ιι.)
2770 5135 2961 5207 Hujus
2984 5139 3182 5191 autem
3206 5134 3433 5208 paciﬁci
3455 5133 3679 5208 preprie
3704 5131 3780 5187 di-

2149 5228 2364 5281 cuntur
2393 5223 2488 5281 isti
2520 5225 2757 5297 gradus,
2794 5224 2933 5297 quia
2981 5238 3085 5297 per
3133 5225 3500 5297 praesentiam
3540 5222 3781 5297 corporis

2149 5313 2527 5370 manifestum
2553 5313 2837 5370 auxilium
2860 5314 3120 5371 humano
3149 5315 3345 5388 generi
3368 5313 3633 5383 contulit,
3650 5318 3703 5369 et
3728 5311 3778 5366 in

2149 5404 2342 5476 Seipso
2362 5403 2695 5475 exemplum
2714 5404 2896 5459 totius
2911 5404 3158 5476 justitize
3179 5405 3521 5473 ostendit,et
3536 5402 3675 5460 alios
3694 5418 3781 5474 per

2149 5494 2367 5567 gradus
2388 5493 2670 5549 virtutum
2697 5493 2769 5548 ad
2797 5493 3089 5549 cmlestem
3113 5493 3469 5550 Hierusalem
3488 5492 3779 5549 ascendam

2149 5583 2368 5639 docuit.
2404 5583 2467 5638 In
2498 5581 2608 5637 hoc
2637 5581 2886 5654 psalmo.
2911 5582 3173 5655 loquitur
3214 5582 3552 5639 hominibus
3598 5581 3691 5654 qui
3729 5579 3778 5632 in

2150 5672 2402 5728 adventu
2446 5670 2684 5738 Christi,
2717 5688 2894 5743 quem
2944 5672 3058 5728 alio
3108 5672 3167 5726 in
3216 5670 3440 5745 psalmo
3478 5671 3621 5726 dicit
3661 5683 3778 5725 cum

2152 5758 2763 5833 magnacxsultatione
2782 5759 3123 5834 exspectari,
3148 5759 3567 5819 abundantiam
3590 5756 3779 5816 beneﬁ-
