3942 6400
164 460 281 525 641

1350 461 1445 522 EX
1458 458 1847 521 PLANATIO
1892 457 1970 518 IN
2017 459 2400 523 PSALMOS.

3463 467 3580 530 CtQ

161 591 393 653 ciorum
424 595 788 664 receperunt,
811 592 992 649 veluti
1034 593 1219 648 sancti
1265 592 1514 664 apostoli
1544 592 1816 647 fuerunt:
1845 587 1902 660 Α
1930 589 2086 647 mani
2109 591 2339 662 generis
2360 597 2743 649 excusserunt
2768 596 2826 649 et
2854 595 3396 665 manifestaverunt,
3411 603 3585 655 erunt

162 685 223 743 et
254 679 508 743 intendit
537 680 610 737 ab
639 679 725 736 eis
754 681 984 737 auferre
1011 697 1245 737 omnem
1277 680 1817 754 praesumptionem,

161 769 409 837 scilicet,
434 785 549 825 non
580 774 943 841 praesumant
972 770 1117 826 tales
1149 787 1277 825 esse
1308 769 1407 843 qui
1434 770 1662 842 possint
1691 769 1820 823 mdi-

159 858 337 917 ticare
366 873 470 929 per
496 874 579 928 se,
602 857 691 913 vel
713 857 999 915 aediﬁcata
1028 858 1321 914 custodire
1346 876 1358 913 :
1384 876 1489 913 nec
1522 862 1729 931 putent
1758 876 1819 914 se

157 963 402 1003 securos
440 950 574 1002 ante
630 947 957 1004 secundum
1018 948 1334 1003 adventum
1392 947 1628 1014 Christi,
1680 947 1820 1019 quia

160 1034 364 1098 nullus
394 1034 454 1091 in
487 1035 595 1091 hac
622 1035 743 1091 vita
773 1040 967 1107 potest
1007 1054 1137 1092 esse
1184 1055 1449 1105 securus,
1475 1038 1536 1091 in
1560 1054 1678 1109 qua
1706 1040 1820 1092 sta-

159 1124 271 1183 tim
302 1123 553 1197 quilibet
582 1123 803 1180 labitur
828 1125 901 1180 ad
932 1129 1259 1197 peccatum.

235 1213 412 1279 Quasi
453 1212 537 1271 ita
574 1212 795 1271 diceret
826 1228 840 1269 :
872 1212 988 1269 Vos
1046 1214 1146 1286 qui
1204 1215 1264 1270 in
1321 1216 1572 1271 adventu
1604 1212 1820 1269 Christi

163 1300 356 1359 multa
384 1301 667 1365 beneficia
709 1302 1039 1373 accepistis,
1071 1303 1250 1358 etiam
1289 1303 1541 1359 aliorum
1569 1303 1819 1358 aediﬁca-

162 1394 323 1445 tores
351 1389 719 1461 constitistis,
750 1390 932 1447 nolite
970 1391 1041 1446 de
1078 1392 1243 1448 vobis
1283 1408 1654 1464 praesumere,
1684 1391 1822 1463 quia

166 1478 315 1536 nihil
338 1477 582 1551 potestis
598 1495 703 1551 per
718 1496 839 1547 vos,
859 1479 972 1535 nisi
989 1480 1276 1537 Dominus
1295 1481 1498 1550 faciat;
1517 1481 1627 1536 hoc
1644 1479 1817 1536 dicit:

165 1590 195 1618 α
233 1567 346 1627 nisi
377 1567 665 1625 Dominus
693 1567 1064 1624 aedificaverit
1091 1570 1356 1639 domum,
1383 1592 1411 1619 ››
1432 1570 1543 1627 hoc
1572 1573 1681 1637 est,
1706 1567 1819 1625 nisi

164 1656 455 1717 Dominus
474 1656 706 1713 interna
720 1656 1105 1728 inspiratione
1119 1658 1375 1731 aliquem
1398 1662 1683 1732 praeparet
1703 1675 1823 1713 sua:

164 1744 542 1813 habitationi,
565 1768 594 1796 ‹‹
622 1745 682 1800 in
710 1762 929 1803 vanum
958 1745 1371 1804 laboraverunt
1399 1748 1501 1820 qui
1532 1748 1824 1804 aedificant

162 1833 455 1903 eam,»id
483 1837 575 1894 est
599 1834 700 1906 qui
748 1834 821 1893 ad
868 1851 998 1891 eam
1049 1835 1452 1892 mdiﬁcandam
1504 1836 1819 1892 laborant:

1927 678 2009 734 ita
2028 701 2054 728 «
2084 678 2238 734 sicut
2266 681 2493 752 sagittae
2527 682 2585 736 in
2627 699 2806 737 manu
2852 682 3131 739 Potentis.
3158 706 3187 733 »
3211 684 3376 740 Sicut
3423 686 3581 743 enim

1926 766 2269 838 sagittarius
2299 770 2499 842 dirigit
2529 770 2801 843 sagittam
2825 789 2941 843 quo
2968 772 3114 841 vult,
3140 790 3247 828 nec
3273 773 3401 846 ipsa
3421 776 3583 832 aber-

1928 859 2037 923 rat,
2098 858 2201 912 sed
2251 859 2501 929 percutit
2548 876 2722 931 quem
2752 860 2898 927 vult,
2929 861 3011 916 ita
3045 862 3194 917 Deus
3242 867 3450 935 potens
3499 864 3584 920 di-

1926 944 2080 999 citur
2125 945 2489 1017 sagittarius,
2525 947 2663 1019 quia
2711 948 2957 1020 sagittas
3007 967 3168 1017 suas,
3199 950 3257 1005 id
3307 955 3398 1007 est
3444 970 3580 1009 san-

1927 1037 2050 1088 ctos
2081 1035 2377 1106 apostolos
2415 1041 2473 1091 et
2519 1036 2665 1092 alios
2714 1036 2935 1109 legatos
2985 1038 3186 1108 mittit,
3219 1040 3280 1095 in
3311 1057 3462 1113 quos
3491 1058 3580 1098 re-

1841 1185 1845 1189 ,
1927 1126 2118 1177 motas
2150 1127 2345 1194 partes
2392 1124 2516 1196 ipse
2558 1124 2742 1196 eligit,
2773 1129 2833 1179 et
2862 1142 2967 1197 per
3013 1125 3121 1182 hos
3168 1128 3345 1184 corda
3390 1129 3580 1186 homi-

1928 1227 2071 1266 num
2103 1211 2299 1267 divino
2329 1229 2527 1268 amore
2564 1213 2879 1285 transfigit.
2914 1216 2984 1269 Et
3027 1233 3143 1272 non
3176 1220 3406 1273 tantum
3436 1236 3581 1292 apo-

1928 1297 2061 1355 stoli
2096 1304 2235 1354 sunt
2278 1300 2454 1367 beati,
2486 1305 2544 1356 et
2574 1300 2659 1355 illi
2691 1300 2789 1356 alii
2820 1302 2921 1373 qui
2953 1310 3339 1376 susceperunt
3368 1308 3582 1363 adven-

1930 1391 2055 1445 tum
2078 1387 2315 1457 Christi,
2341 1390 2441 1444 sed
2463 1390 2640 1445 etiam
2664 1406 2868 1445 omnes
2890 1390 2972 1445 illi
2995 1392 3095 1462 qui
3118 1410 3217 1448 eos
3238 1394 3581 1453 imitantur:

1928 1475 2039 1532 hoc
2068 1481 2176 1543 est,
2200 1476 2394 1532 omnis
2423 1477 2520 1532 ille
2540 1501 2567 1529 ‹‹
2594 1478 2682 1533 vir
2704 1500 2731 1528 ››
2762 1482 2853 1533 est
2883 1479 3111 1548 beatus,
3136 1504 3164 1530 ‹‹
3188 1481 3290 1552 qui
3320 1482 3588 1555 implevit

1929 1564 2289 1621 desiderium
2340 1583 2515 1623 suum
2547 1584 2615 1622 ex
2646 1566 2814 1639 ipsis,
2841 1590 2869 1617 »
2892 1568 3003 1624 hoc
3051 1573 3161 1638 est,
3186 1569 3367 1626 vitam
3416 1588 3589 1629 suam

1929 1653 2190 1709 instituit
2226 1655 2298 1711 ad
2344 1655 2585 1710 modum
2639 1660 2966 1712 eorumzet
3011 1675 3144 1714 vere
3190 1659 3420 1728 beatus,
3450 1660 3590 1733 quia

1931 1766 1959 1792 ιι
1994 1760 2111 1799 non
2141 1745 2537 1799 confundetur
2566 1762 2701 1800 cum
2747 1745 3021 1819 loquetur
3064 1747 3324 1805 inimicis
3370 1750 3497 1807 suis
3526 1751 3587 1815 in

1932 1837 2121 1904 porta,
2146 1856 2175 1882 »
2208 1833 2264 1888 id
2298 1836 2388 1888 est
2418 1833 2476 1887 in
2517 1833 2773 1906 publico.
2808 1834 2912 1890 Vel
2961 1852 3067 1908 per
3112 1841 3342 1909 portam
3372 1855 3588 1912 possu-

162 1946 195 1973 α
228 1939 346 1984 non
375 1923 534 2021 enim
565 1923 666 1996 qui
713 1923 959 1997 plantat,
984 1928 1087 1981 aut
1116 1925 1217 1997 qui
1261 1926 1433 1997 rigat,
1456 1929 1546 1982 est
1574 1925 1819 1997 aliquid,
1851 1959 1902 2026 Β
1932 1940 2067 2023 mus
2097 1921 2398 2026 Christum
2438 1922 2721 2023 accipere,
2754 1923 2855 2023 qui
2885 1929 2978 1979 est
2999 1929 3200 2026 “porta
3258 1943 3362 1999 per
3407 1944 3586 2001 quam

160 2011 269 2071 sed
299 2010 402 2083 qui
433 2009 863 2072 incrementum
897 2012 1015 2081 dat,
1041 2012 1254 2068 Deus.»
1273 2014 1321 2083 (I
1351 2013 1473 2069 Cor.
1498 2014 1643 2086 xm.)

240 2099 381 2158 Dico
410 2115 514 2171 per
541 2116 604 2155 se
632 2116 747 2156 non
779 2104 973 2171 potest
1002 2099 1217 2173 aliquis
1249 2102 1557 2173 aediﬁcare,
1587 2120 1692 2158 nec
1723 2119 1826 2175 per

164 2204 233 2249 se
262 2186 549 2249 aedificata
577 2188 895 2255 custodire,
918 2186 1028 2244 hoc
1055 2193 1144 2245 est
1175 2206 1225 2244 :u
1261 2188 1374 2244 nisi
1406 2190 1693 2246 Dominus
1722 2208 1825 2245 cu-

166 2276 439 2335 stodierit
466 2276 785 2345 civitatem,
813 2300 841 2327 ››
859 2277 917 2333 id
949 2281 1040 2335 est
1082 2277 1273 2351 ipsam
1321 2278 1661 2347 Ecclesium,
1695 2297 1824 2351 qum

166 2365 388 2421 dicitur
416 2365 641 2434 civitas,
665 2364 805 2438 quia
834 2367 905 2421 de
943 2366 1148 2423 multis
1188 2367 1431 2424 collecta
1461 2373 1552 2425 est
1594 2374 1651 2425 et
1679 2370 1826 2424 bene

169 2454 406 2515 munita
452 2453 854 2523 virtutibus;«
897 2454 1113 2512 frustra
1168 2456 1373 2529 vigilat
1420 2458 1520 2530 qui
1568 2458 1827 2514 custodit

168 2559 302 2601 eam
326 2564 355 2592 ι)
385 2542 700 2603 civitatem.
724 2543 868 2600 Cum
901 2544 1045 2600 dicit
1068 2566 1097 2595 «
1127 2544 1350 2618 vigilat,
1378 2568 1403 2595 ››
1434 2546 1629 2602 innuit
1657 2547 1827 2603 nobis

168 2648 376 2693 curam
407 2636 467 2689 et
502 2630 963 2691 sollicitudinem
1013 2650 1190 2705 quam
1237 2638 1500 2706 pastores
1558 2636 1826 2691 Ecclesiae

168 2720 274 2792 qui
305 2719 549 2793 vigilant
585 2721 657 2777 ad
698 2737 904 2794 greges
945 2722 1359 2778 custodiendos
1398 2724 1638 2780 habent.
1663 2725 1827 2780 Unde

167 2810 229 2864 in
262 2808 518 2865 Canticis
541 2826 593 2864 ει(
626 2809 979 2864 Invenerunt
1004 2826 1097 2865 me
1125 2810 1332 2883 vigiles
1354 2811 1454 2882 qui
1486 2812 1828 2868 custodiunt

166 2896 486 2960 civitatem.
514 2919 542 2946 ι»
565 2896 743 2969 (Cant.
777 2900 890 2966 ιιι.)

238 2984 729 3057 Quandoquidem
762 2982 926 3039 solus
955 2984 1110 3041 Deus
1149 2985 1399 3043 aedificat
1440 2992 1499 3042 et
1545 2988 1826 3059 custodit,

164 3090 306 3145 ergo
329 3097 357 3127 «
390 3090 607 3129 vanum
638 3076 728 3131 est
758 3072 921 3127 vobis
966 3089 1263 3147 surgere,»
1287 3075 1345 3130 id
1378 3080 1468 3131 est
1505 3076 1576 3132 de
1604 3078 1825 3132 securi~

166 3168 289 3223 tate
320 3166 547 3217 aeternas
580 3161 965 3218 beatitudinis
997 3180 1385 3234 prwsumere:
1415 3165 1556 3237 quia
1584 3166 1823 3237 quicun-

1932 2012 2051 2067 itur
2076 2011 2147 2066 ad
2181 2011 2381 2079 vitam,
2416 2012 2569 2067 sicut
2615 2012 2740 2084 ipse
2780 2013 2862 2068 ait
2895 2030 2909 2068 :
2938 2035 2967 2064 «
2998 2014 3105 2069 Per
3130 2031 3225 2070 me
3252 2016 3302 2071 si
3334 2016 3468 2088 quis
3496 2016 3586 2072 in-

1932 2100 2176 2168 troierit,
2231 2099 2552 2156 salvabitur
2603 2101 2777 2173 (Joan.
2827 2102 2973 2174 x);»
3007 2106 3072 2157 ut
3124 2103 3211 2159 sic
3268 2104 3586 2162 dicamus:

1932 2191 2074 2245 Cum
2106 2188 2382 2261 loquetur
2408 2188 2668 2245 inimicis
2699 2190 2846 2258 suis,
2872 2213 2900 2240 »
2923 2191 2979 2245 id
3016 2196 3106 2246 est
3134 2191 3447 2260 haereticis,
3472 2217 3501 2245 α
3525 2194 3588 2250 in

1932 2282 2121 2350 porta,
2146 2300 2173 2325 ››
2205 2277 2263 2332 id
2296 2282 2385 2332 est
2433 2277 2493 2332 in
2540 2277 2793 2347 Christo,
2826 2278 3051 2334 scilicet
3080 2280 3152 2335 de
3182 2280 3312 2353 ipso
3357 2280 3591 2338 Christo

1933 2383 2136 2437 agens,
2168 2383 2282 2420 non
2314 2365 2727 2433 confundetur,
2757 2368 2913 2438 quod
2946 2366 3205 2439 aliquem
3236 2386 3491 2425 errorem
3519 2371 3592 2426 de

1932 2453 2061 2527 ipso
2110 2454 2405 2525 loquatur,
2439 2454 2528 2510 vel
2558 2454 2755 2526 aliquo
2794 2455 2967 2541 modo
3017 2456 3090 2511 ab
3137 2456 3426 2514 haereticis
3452 2475 3590 2515 con-

1932 2543 2220 2599 vincatur.

2379 2684 2453 2739 IN
2496 2684 2843 2740 PSALMUM
2886 2685 3148 2742 CXXVII.

2306 2774 2582 2827 TITULUS.
2619 2773 2903 2828 Canticum
2928 2774 3223 2845 graduum.

2008 2917 2035 2946 «
2069 2894 2226 2950 Beati
2259 2911 2485 2951 omnes.
2512 2916 2541 2944 »
2572 2894 2636 2950 In
2670 2894 2778 2952 hoc
2817 2895 3046 2967 psalmo
3077 2896 3256 2953 habet
3285 2900 3592 2957 materiam

1934 2982 2092 3038 hunc
2121 2983 2371 3054 gradum
2404 2982 2631 3038 scilicet
2666 2982 2938 3039 timorem
2978 2984 3233 3053 Domini,
3258 2991 3317 3042 et
3342 2987 3596 3046 intendit

1933 3071 2249 3127 admonere
2277 3071 2350 3126 ad
2382 3070 2657 3126 eumdem
2689 3071 2939 3143 gradum
2984 3071 3118 3129 illos
3149 3092 3298 3146 quos
3329 3076 3401 3133 de
3438 3094 3590 3149 pras—

1934 3159 2271 3230 sumptione
2302 3158 2574 3231 superius
2619 3159 2947 3216 admonuit.
2982 3162 3045 3217 In
3091 3163 3282 3234 prima
3313 3169 3477 3237 parte
3504 3183 3593 3222 os~

167 3269 285 3325 que
314 3254 403 3307 est
430 3249 491 3313 in
532 3249 642 3306 hac
681 3250 818 3321 vita,
843 3267 1066 3322 pronus
1109 3256 1200 3308 est
1241 3253 1314 3309 ad
1363 3253 1635 3326 lapsum:
1670 3256 1827 3311 unde
1874 3323 1902 3326 μ
1937 3248 2128 3304 tendit
2184 3247 2327 3320 quid
2384 3247 2601 3304 efficiat
2658 3248 2836 3304 timor
2899 3249 3155 3305 Domini.
3210 3252 3273 3307 In
3332 3255 3593 3311 secunda

169 3323 391 3405 dicitur
426 3356 494 3396 ;‹‹
535 3338 637 3412 qui
694 3344 834 3410 stat,
882 3340 1077 3399 videat
1124 3358 1195 3397 ne
1244 3323 1471 3399 cadat:))
1514 3345 1561 3417 (1
1588 3348 1714 3402 σον,
1746 3345 1828 3419 χ.)
1859 3323 1906 3391 G
1941 3340 2127 3408 parte,
2167 3352 2295 3407 quae
2344 3335 2549 3408 incipit
2580 3352 2645 3390 :a
2673 3337 2987 3393 Benedicat
3033 3339 3140 3394 tibi
3187 3339 3476 3399 Dominus
3522 3360 3593 3399 ex

173 3454 203 3482 α
228 3430 462 3489 Vanum
492 3433 601 3498 est,
625 3450 654 3491 ξ»
680 3429 833 3500 dico,
858 3453 885 3480 ‹‹
914 3434 1047 3486 ante
1076 3429 1267 3486 lucem
1307 3449 1567 3505 surgere,
1593 3456 1621 3487 ››
1653 3433 1713 3490 id
1744 3438 1834 3491 est

175 3522 315 3575 ante
343 3518 668 3574 secundum
702 3517 917 3574 Christi
965 3521 1300 3589 adventum,
1324 3520 1383 3575 in
1421 3538 1537 3594 quo
1567 3540 1703 3579 vera
1732 3522 1833 3578 lux

176 3613 239 3671 et
268 3607 581 3669 manifesta
600 3607 856 3679 cognitio
881 3606 1197 3681 unicuique
1227 3609 1359 3667 erit.
1382 3609 1506 3680 Vel,
1531 3634 1559 3663 ‹‹
1584 3616 1720 3669 ante
1748 3610 1836 3669 lu-

176 3713 331 3766 cem,
355 3718 385 3748 η
416 3696 475 3751 id
508 3700 598 3754 est
635 3700 772 3755 ante
814 3696 1208 3769 cognitionem
1238 3715 1418 3770 quam
1447 3700 1653 3773 recipit
1681 3719 1832 3758 una-

176 3801 428 3859 quisque
456 3784 647 3842 ﬁdelis
688 3784 889 3847 anima
916 3789 1050 3858 post
1077 3785 1526 3845 dissolutionem
1574 3794 1829 3847 tantum.

167 3878 322 3939 Ante
352 3874 543 3933 lucem
574 3890 817 3947 surgere
843 3891 1061 3930 vanum
1083 3880 1190 3944 est,
1214 3876 1437 3933 scilicet
1462 3899 1490 3928 «
1516 3882 1830 3951 postquam

165 3962 468 4031 sederitis,
493 3984 522 4014 ››
544 3962 605 4018 id
644 3967 734 4018 est
775 3962 1099 4023 sessionem
1131 3968 1189 4020 et
1215 3965 1601 4036 dejectionem
1649 3967 1831 4038 huius

161 4053 303 4115 νιιω
332 4051 707 4123 transieritis,
741 4055 882 4111 tunc
913 4074 943 4103 α
976 4052 1269 4125 surgite,»
1294 4054 1354 4110 id
1383 4058 1473 4110 est
1514 4056 1706 4112 securi
1737 4073 1829 4114 es-

163 4146 310 4200 tote.
334 4140 514 4203 Vobis
543 4140 674 4197 dico
705 4144 773 4198 ut
815 4141 1094 4213 surgatis,
1120 4164 1149 4193 κ
1182 4142 1284 4214 qui
1325 4144 1697 4201 manducetis
1726 4163 1828 4218 pa-

167 4248 311 4293 nem
340 4229 628 4299 doloris,»
653 4229 714 4289 id
742 4233 833 4299 est
860 4230 1079 4302 quibus
1109 4231 1362 4288 miserisa
1402 4232 1582 4306 hujus
1620 4235 1829 4291 mundi

169 4323 321 4382 sunt
346 4317 605 4386 refectio,
632 4313 788 4377 sicut
814 4316 985 4391 panis
1010 4317 1205 4376 alicui.

247 4408 389 4469 Dico
411 4431 441 4470 α
471 4407 695 4481 surgite
720 4411 1037 4480 postquam
1068 4407 1367 4479 sederitis;
1392 4432 1421 4461 »
1444 4414 1502 4467 et
1531 4413 1701 4485 quasi
1734 4413 1829 4469 di-

171 4500 334 4569 ceret
389 4496 652 4570 aliquis:
689 4496 934 4563 Quando
970 4495 1083 4553 erit
1136 4498 1392 4569 perfecta
1448 4499 1548 4557 illa
1603 4502 1831 4560 sessio?

175 4612 206 4639 α
232 4603 369 4645 cum
393 4609 423 4643 υ
443 4585 731 4644 Dominus
757 4608 785 4636 «
810 4584 1035 4643 dederit
1063 4584 1295 4644 dilectis
1323 4588 1449 4645 suis
1479 4607 1777 4663 somnum,
1799 4614 1830 4644 ι)

1938 3425 2100 3490 Sion,
2123 3448 2151 3475 ‹‹
2186 3425 2352 3496 ponit
2397 3425 2721 3481 orationem
2752 3443 2881 3498 quae
2912 3427 3087 3497 bona,
3120 3428 3347 3487 scilicet
3393 3432 3590 3504 ipsum

1940 3514 2123 3571 Deum
2155 3514 2522 3585 timentibus,
2554 3519 2805 3587 exoptat.

2011 3603 2188 3669 Quasi
2227 3604 2447 3659 diceret
2477 3621 2491 3660 :
2523 3603 2640 3660 Vos
2670 3605 2772 3677 qui
2816 3605 2971 3662 bona
3000 3606 3217 3664 Christi
3267 3610 3592 3683 recepistis,

1940 3710 2047 3748 nec
2075 3693 2254 3747 etiam
2278 3692 2655 3764 praesumitis,
2679 3693 2878 3750 timete
2900 3694 3240 3765 Dominum,
3262 3698 3404 3770 quia
3425 3722 3452 3749 ‹‹
3476 3717 3597 3755 orn-

1940 3799 2046 3837 nes
2072 3781 2176 3854 qui
2214 3780 2424 3836 timent
2461 3780 2780 3838 Dominum
2807 3804 2835 3831 ››
2867 3788 3028 3839 casto
3060 3783 3288 3850 timore,
3313 3808 3341 3835 ‹‹
3375 3786 3530 3841 beati
3564 3807 3593 3835 ››

1939 3876 2099 3939 sunt,
2123 3871 2181 3925 id
2213 3875 2305 3928 est
2341 3869 2427 3925 illi
2450 3893 2477 3920 ‹‹
2514 3870 2616 3941 qui
2648 3892 2678 3919 »
2700 3887 2836 3926 eum
2877 3871 3105 3939 timent,
3133 3893 3161 3923 «
3193 3872 3504 3929 ambulant
3530 3876 3594 3930 in

1937 3961 2047 4017 viis
2076 3961 2263 4031 ejus,»
2284 3958 2372 4028 vel
2402 3959 2463 4013 in
2495 3959 2822 4030 praeceptis,
2845 3958 2934 4015 vel
2967 3958 3314 4015 imitatione.

2008 4048 2154 4105 Vere
2184 4049 2390 4104 beatus
2418 4046 2555 4114 eris,
2582 4068 2610 4098 «
2631 4046 2772 4117 quia
2800 4046 3207 4118 manducabis,
3229 4068 3258 4099 »
3290 4048 3351 4102 id
3381 4053 3474 4104 est
3503 4067 3592 4106 re-

1936 4137 2245 4195 fectionem
2276 4134 2382 4191 tibi
2413 4134 2628 4207 capies,
2653 4158 2682 4184 ‹‹
2714 4133 2945 4191 labores
2974 4152 3262 4192 manuum
3286 4140 3544 4207 tuarum,
3563 4159 3588 4191 ι

1934 4225 1995 4281 id
2025 4230 2115 4281 est
2142 4241 2320 4297 opera
2368 4240 2655 4281 manuum
2694 4226 2932 4280 tuarum
2981 4223 3140 4280 facta
3182 4242 3318 4282 cum
3376 4243 3595 4300 magno

1935 4314 2134 4371 labore
2158 4331 2171 4370 :
2196 4317 2255 4369 et
2275 4311 2415 4384 quia
2433 4312 2544 4369 hoc
2568 4311 3014 4383 manducabis,«
3040 4313 3252 4371 beatus
3269 4331 3332 4371 es
3354 4337 3384 4367 »
3399 4314 3461 4370 in
3481 4314 3593 4371 hac

1934 4403 2077 4472 vita,
2101 4426 2129 4455 «
2162 4407 2220 4460 et
2248 4402 2396 4457 bene
2426 4400 2532 4457 tibi
2564 4401 2674 4457 erit
2698 4424 2727 4452 n
2750 4401 2811 4457 in
2845 4401 3063 4461 futura.
3090 4403 3254 4469 Quod
3277 4402 3442 4476 prius
3462 4402 3593 4476 plu-

1937 4493 2137 4549 raliter
2156 4492 2228 4547 de
2248 4490 2507 4546 Ecclesia
2523 4489 2809 4563 loquitur,
2835 4491 2908 4545 ad
2932 4489 3378 4553 multitudinem
3401 4508 3595 4564 perso-

1938 4599 2075 4637 nam
2108 4579 2373 4653 respicit;
2401 4580 2559 4651 quod
2590 4584 2786 4635 autem
2807 4579 2879 4634 de
2907 4580 3111 4634 eadem
3144 4579 3405 4636 Ecclesia
3433 4584 3593 4652 post-

174 4677 238 4737 id
270 4680 363 4735 est
402 4680 653 4738 mortem
678 4691 692 4733 :
716 4679 774 4735 ct
813 4691 949 4731 cum
986 4674 1232 4743 dederit,
1255 4699 1282 4726 «
1310 4693 1444 4734 ecce
1477 4701 1506 4729 »
1529 4683 1835 4754 apparebit
1861 4692 1911 4758 Β
1941 4670 2184 4727 modum
2216 4669 2275 4725 in
2307 4668 2593 4741 singulari
2624 4685 2869 4725 numero
2902 4666 3184 4758 loquitur,
3218 4669 3289 4724 ad
3323 4667 3595 4758 Ecclesia:

174 4790 205 4828 υ
231 4765 543 4825 hereditas
561 4762 796 4823 Domini
820 4786 849 4814 »
872 4761 1097 4820 scilicet
1128 4763 1277 4833 Filii,
1303 4764 1362 4820 id
1391 4771 1481 4822 est
1501 4769 1650 4839 justi
1672 4771 1791 4826 Viri
1815 4789 1831 4830 :

175 4853 281 4927 qui
313 4853 418 4910 filii
446 4858 591 4915 sunt
619 4876 648 4905 ‹‹
681 4869 926 4921 merces,
955 4875 982 4901 υ
1014 4852 1072 4906 id
1104 4856 1194 4909 est
1231 4858 1622 4913 remuneratio
1655 4877 1835 4931 quam

178 4942 469 5007 Dominus
499 4942 661 5001 dedit
679 4941 910 5001 Christo
940 4957 1043 5013 pro
1068 4940 1395 5013 cxpletione
1423 4963 1541 5000 sua:
1572 4947 1840 5005 obedien-

176 5034 275 5095 tiae
305 5050 319 5089 :
354 5048 578 5093 merces
619 5032 747 5087 dico
769 5055 795 5081 «
832 5031 1079 5099 fructus,
1108 5053 1134 5080 »
1156 5030 1214 5085 id
1245 5036 1334 5087 est
1380 5032 1568 5104 ipsius
1598 5036 1835 5107 Christi,

178 5121 281 5195 qui
313 5121 426 5177 fuit
455 5121 684 5183 fructus
714 5119 902 5192 ipsius
924 5142 951 5168 ‹‹
975 5118 1196 5174 ventris
1231 5141 1257 5168 ι»
1280 5118 1717 5192 virginalis.Ubi
1750 5125 1837 5180 di-

178 5211 264 5271 cit
296 5227 360 5266 ια
397 5210 542 5268 Ecce
589 5208 922 5276 hiereditas,
950 5231 979 5259 ››
1001 5207 1209 5280 incipit
1239 5208 1308 5263 de
1340 5211 1602 5267 secunda
1652 5219 1837 5285 parte,

178 5302 242 5358 in
265 5317 383 5371 qua
401 5299 659 5357 ostendit
680 5314 957 5370 magnam
980 5296 1325 5370 dignitatem
1347 5315 1551 5354 eorum
1578 5302 1676 5372 qui
1701 5306 1842 5357 sunt

177 5390 493 5447 hzereditas
526 5386 777 5445 Domini.
808 5386 870 5441 In
898 5385 1087 5458 prima
1122 5389 1284 5457 parte
1305 5387 1609 5443 dissuadet
1639 5406 1672 5444 a
1701 5407 1842 5460 prte-

180 5477 550 5549 sumptione.

253 5567 416 5636 Dico,
450 5565 557 5623 filii
607 5568 782 5623 erunt
828 5579 1073 5631 merces,
1105 5565 1164 5619 ct
1211 5563 1323 5635 ipsi
1344 5587 1372 5614 «
1407 5564 1513 5621 ﬁlii
1558 5583 1841 5624 excusso-

178 5672 341 5725 rum,
366 5678 395 5718 ν
418 5655 476 5717 id
517 5658 607 5717 est
651 5654 1092 5726 prophetarum,
1125 5652 1225 5724 qui
1255 5653 1535 5710 dicuntur
1560 5673 1840 5713 excusso-

178 5763 297 5816 res,
323 5743 463 5817 quia
492 5760 616 5806 rem
644 5742 946 5812 latentem,
975 5741 1196 5801 scilicet
1224 5743 1691 5816 reprobationem
1723 5745 1839 5825 buy

1944 4760 2183 4834 respicit
2210 4759 2518 4816 unitatem.
2538 4759 2606 4814 Et
2626 4758 2802 4813 etiam
2835 4758 2894 4813 in
2920 4757 3029 4813 hoc
3054 4758 3262 4813 beatus
3283 4757 3419 4829 eris,
3437 4760 3595 4830 quod

1945 4875 1972 4905 ‹‹
1999 4869 2145 4907 uxor
2172 4854 2296 4916 tua,
2321 4871 2348 4897 ››
2374 4848 2427 4902 id
2461 4852 2552 4904 est
2582 4846 2857 4903 animalis
2887 4851 3099 4903 natura
3128 4851 3251 4916 tua,
3270 4864 3400 4919 qua:
3425 4848 3609 4905 debet

1946 4939 2157 5011 subjici
2191 4938 2332 5005 viro,
2357 4937 2416 4993 id
2463 4942 2553 4992 est
2596 4936 2805 4992 rationi
2840 4945 2941 5007 per
2969 4953 3148 5007 quam
3198 4940 3456 5007 regatur,
3486 4936 3601 5004 erit

1949 5051 1979 5081 «ι
2009 5029 2320 5086 abundans
2345 5050 2373 5075 ››
2395 5026 2564 5082 bonis
2609 5026 2902 5081 fructibus
2953 5030 3011 5080 et
3058 5025 3355 5097 Operihus,
3384 5048 3411 5074 υ
3443 5025 3599 5081 sicut

1944 5118 2080 5175 vitis
2104 5134 2116 5173 :
2151 5139 2177 5166 ››
2200 5133 2346 5171 uxor
2374 5115 2526 5180 dico,
2549 5113 2741 5187 posita
2761 5137 2788 5164 «
2821 5112 2881 5168 in
2910 5113 3196 5169 lateribus
3226 5113 3460 5181 domus,
3489 5134 3516 5162 ››
3540 5111 3601 5173 id

1947 5211 2036 5263 est
2076 5206 2136 5262 in
2183 5205 2477 5262 vicinitate
2534 5204 2700 5259 bona:
2757 5201 3127 5258 conscientiae
3159 5224 3187 5251 ‹‹
3240 5204 3376 5268 tum,
3404 5223 3431 5250 ››
3461 5199 3605 5272 quia

1948 5298 2102 5352 bona
2132 5294 2322 5351 vicina
2352 5293 2463 5350 erit
2494 5291 2614 5348 viro
2646 5309 2776 5356 suo,
2803 5291 2856 5346 id
2883 5295 2971 5345 est
3001 5288 3212 5345 rationi
3239 5307 3253 5345 :
3281 5294 3338 5345 et
3370 5306 3471 5360 per
3490 5288 3602 5344 hoc

1949 5402 2064 5441 non
2096 5386 2411 5440 seducetur
2459 5382 2588 5452 ipsa
2618 5397 2783 5449 uxor,
2805 5380 2957 5435 sicut
2986 5380 3102 5434 Eva
3148 5378 3393 5435 seducta
3440 5376 3552 5432 fuit
3585 5393 3600 5432 :

1948 5472 2366 5530 conscientiam
2388 5472 2631 5526 domum
2648 5468 3092 5539 vocamus,quia
3114 5467 3171 5521 in
3189 5484 3257 5522 ea
3275 5466 3604 5538 hospitium

1949 5562 2196 5620 Domino
2220 5576 2637 5634 praeparemus.
2661 5558 2765 5612 Vel
2786 5573 2890 5629 per
2910 5572 3150 5611 uxorem
3176 5571 3494 5627 possumus
3515 5571 3605 5611 ac-

1948 5655 2142 5727 cipere
2167 5648 2539 5723 sapientiam,
2563 5646 2736 5703 utsic
2761 5646 3031 5701 dicamus
3056 5661 3070 5699 :
3096 5644 3269 5713 Uxor,
3291 5648 3411 5713 tua,
3433 5643 3495 5700 id
3515 5647 3606 5701 est

1950 5742 2258 5815 sapientia,
2278 5756 2406 5813 qua:
2444 5738 2595 5795 fovet
2618 5740 2679 5794 et
2708 5734 2895 5792 nutrit
2920 5732 3115 5792 virum
3145 5732 3298 5797 sicut
3328 5750 3495 5810 uxor,
3515 5737 3613 5810 est
