3942 6382
407 446 525 510 643

769 449 1178 516 HAYMONIS
1224 448 1762 513 HALBERSTAT.
1811 444 2058 509 EPISC.
2100 443 2278 509 OPP.
2324 446 2545 510 PARS.
2593 444 2641 510 Ι.
2694 481 2769 492 -
2812 446 3222 513 COMMENT.
3265 444 3462 509 BlBL.

3708 445 3815 503 6M

408 583 719 640 abundans
741 582 911 638 bonis
933 582 1245 650 fructibus,
1261 582 1400 655 quia
1421 581 1559 639 facit
1585 586 1641 638 te
1663 580 1889 655 operari
1913 579 2068 636 sicut
2092 578 2151 648 Α
2178 577 2319 650 quia
2342 606 2370 640 α
2400 597 2553 654 εωΡο
2581 584 3062 654 expugnaverunt
3086 596 3201 646 me,
3221 597 3245 628 ι
3273 580 3331 635 id
3360 582 3451 636 est
3477 577 3561 634 sic
3592 576 3820 634 tribula-

406 670 542 727 vitis
572 687 586 725 :
622 687 767 725 uxor
796 670 925 725 dico
969 671 1163 741 posita
1193 671 1253 725 in
1285 670 1572 727 lateribus
1602 671 1815 726 domus
1846 672 1980 736 tuae,
2006 667 2065 723 id

406 763 497 815 est
519 758 751 814 duobus
774 758 1204 815 Testamentis:
1232 758 1371 832 quia
1389 775 1493 831 per
1512 758 1863 831 sapientiam
1887 772 2065 829 quam

407 847 582 903 habet
613 847 674 902 in
714 847 860 920 ipsis
901 849 1316 916 Testamentis,
1350 853 1409 904 et
1446 866 1510 904 se
1548 852 1607 903 et
1646 848 1844 920 ipsum
1874 846 2064 901 virum

405 936 552 991 bene
583 935 722 990 facit
753 936 1002 1009 operari,
1028 942 1085 991 et
1108 936 1253 992 alios
1275 938 1445 993 docet
1466 938 1614 993 bene
1643 935 1873 1008 operari
1898 952 1909 990 :
1935 952 2065 1006 quae

405 1024 520 1080 duo
552 1025 931 1081 Testamenta
975 1030 1116 1081 sunt
1155 1024 1358 1086 latera.
1390 1025 1448 1080 id
1480 1029 1570 1081 est
1598 1027 2065 1082 sustentamenta

404 1114 569 1169 bona:
600 1114 998 1182 conscientiae,
1028 1118 1086 1169 et
1116 1114 1226 1169 hoc
1257 1120 1346 1170 est
1376 1114 1588 1169 domus
1618 1118 1753 1169 tuae.

476 1202 539 1258 In
573 1202 683 1258 hoc
712 1202 891 1258 etiam
916 1203 1125 1258 beatus
1148 1203 1286 1271 eris,
1312 1202 1451 1274 quia
1470 1226 1496 1253 ‹‹
1525 1201 1632 1256 filii
1661 1202 1808 1270 tui,»
1832 1218 1979 1273 quos
2001 1204 2063 1255 tu

403 1308 651 1364 generas
682 1291 797 1345 Deo
830 1289 1241 1363 praedicatione
1269 1296 1329 1346 et
1356 1290 1640 1362 exemplo,
1663 1295 1838 1346 erunt
1858 1313 1885 1339 (ι
1911 1290 2065 1345 sicut

406 1378 642 1436 novella:
672 1378 1020 1446 olivarum,»
1045 1380 1100 1434 id
1126 1384 1214 1435 est
1240 1379 1393 1435 sicut
1413 1378 1649 1436 novella:
1678 1379 1839 1435 oliva:
1862 1395 1876 1433 :
1901 1378 2061 1450 quia,

403 1470 560 1526 sicut
588 1467 826 1524 novella:
857 1484 1091 1541 semper
1108 1467 1324 1525 virides
1347 1472 1506 1536 sunt,
1530 1469 1589 1524 id
1619 1473 1710 1525 est
1738 1469 1928 1541 magis
1951 1468 2065 1524 fru-

404 1556 687 1626 ctiﬁcant,
702 1573 882 1629 quam
905 1554 1055 1628 aliis,
1070 1556 1153 1612 sic
1179 1556 1285 1612 ﬁlii
1305 1558 1391 1613 tui
1415 1560 1473 1613 et
1491 1557 1743 1613 virentes
1764 1561 1939 1613 erunt
1955 1556 2065 1612 vir-

404 1647 635 1703 tutibus
665 1650 724 1702 et
753 1645 1173 1702 fructificantes
1214 1647 1385 1703 bonis
1427 1646 1704 1718 operibus
1735 1662 1749 1701 :
1785 1645 1887 1701 filii
1933 1645 2064 1702 dico

404 1735 581 1808 positi
605 1734 720 1807 «\in
741 1734 994 1791 circuitu
1016 1751 1235 1792 mensaa
1266 1739 1402 1804 tum,
1426 1757 1455 1786 »
1478 1735 1537 1791 id
1567 1740 1659 1792 est
1678 1735 1886 1791 divinae
1909 1735 2063 1791 Scri-

405 1829 614 1897 ptum,
642 1827 706 1879 ut
736 1827 840 1879 tua
857 1823 1126 1879 doctrina
1148 1824 1506 1880 reﬁciantur.
1527 1823 1653 1896 Vel,
1678 1853 1703 1878 ι(
1725 1825 1786 1880 in
1817 1822 2064 1880 circuitu

406 1929 623 1969 mensa:
654 1915 789 1981 tuae,
813 1936 837 1962 η
862 1911 919 1966 id
950 1916 1042 1968 est
1083 1911 1309 1983 altaris,
1335 1912 1437 1969 ubi
1485 1911 1773 1970 Dominici
1803 1911 2064 1986 corporis

405 2002 720 2059 refectione
749 2001 1038 2057 cibantur.
1063 2002 1198 2057 Ideo
1224 2001 1436 2058 melius
1464 2001 1631 2075 eligit
1660 2001 1768 2058 has
1799 2003 1947 2058 duas
1978 2017 2067 2058 ar-

405 2093 578 2149 bores
599 2108 779 2163 quam
802 2090 948 2146 alias
970 2090 1323 2160 fructiferas,
1337 2092 1478 2163 quia
1498 2108 1602 2164 per
1620 2090 1801 2147 vitem
1823 2090 2065 2147 austeri-

405 2185 587 2238 tatem
610 2179 878 2252 justitize,
903 2196 1007 2250 per
1035 2178 1245 2235 olivam
1268 2180 1615 2236 suavitatem
1646 2179 2062 2236 misericordias

404 2267 794 2340 intelligimus
814 2284 827 2322 :
848 2285 978 2339 quae
1000 2268 1116 2322 duo
1138 2267 1548 2339 unusquisque
1563 2267 1754 2324 fidelis
1773 2268 1946 2323 debet
1965 2267 2065 2322 ha-

405 2358 543 2413 bere
574 2356 634 2410 in
664 2371 728 2410 se
754 2371 767 2410 :
793 2355 1012 2426 quibus
1040 2355 1272 2411 duobus
1302 2355 1709 2411 Samaritanus
1737 2354 1953 2427 legitur
1979 2354 2066 2409 in-

407 2444 632 2501 fudisse
661 2444 722 2499 in
751 2442 994 2499 vulnera
1035 2442 1197 2497 illius
1220 2467 1246 2497 α
1276 2443 1375 2515 qui
1417 2443 1721 2499 descendit
1749 2444 1823 2499 ab
1857 2443 2059 2498 Hieru-
2098 2510 2105 2516 .

405 2531 590 2589 salem
623 2532 681 2587 in
711 2530 1000 2599 Hiericho,
1022 2535 1083 2588 et
1102 2530 1308 2586 incidit
1336 2531 1397 2587 in
1426 2530 1685 2587 latrones
1715 2532 1864 2605 (Luc.
1889 2535 1967 2600 x).
1995 2552 2024 2580 »

478 2623 631 2677 Bene
660 2624 904 2694 apparet
931 2621 1088 2692 quod
1120 2620 1328 2676 beatus
1357 2619 1472 2676 eris
1498 2620 1714 2677 timens
1745 2620 2061 2676 Dominum

405 2710 547 2785 quia
573 2729 601 2760 α
630 2727 764 2766 ecce
814 2708 920 2777 sic,
947 2732 970 2757 ››
998 2710 1153 2766 sicut
1209 2710 1432 2765 dictum
1491 2713 1601 2779 est,
1631 2732 1652 2759 ι
1688 2709 2065 2766 benedicetur

408 2801 584 2857 homo
614 2799 715 2872 qui
747 2799 917 2854 timet
945 2797 1284 2854 Dominum.
1309 2820 1333 2846 ιι

481 2910 513 2944 ‹‹
544 2888 857 2945 Benedicat
884 2888 1054 2943 tibi.»
1088 2887 1228 2944 Pars
1260 2889 1538 2944 secunda.
1572 2887 1643 2943 Et
1670 2887 1731 2943 in
1759 2888 1871 2944 hac
1899 2891 2062 2960 opta-

406 2980 565 3036 tione
594 2977 851 3034 ostendit
878 2977 1151 3033 atl‘ectum
1192 2993 1367 3049 quem
1406 2976 1583 3033 habet
1621 2994 1759 3050 erga
1788 2977 2063 3032 timentes

407 3068 745 3125 Dominum.
768 3066 1142 3122 Continuatio
1166 3082 1179 3121 :
1204 3065 1343 3123 Dico
1390 3066 1476 3122 sic
1524 3065 1920 3134 benedicetur,
1943 3070 2002 3121 et
2029 3081 2062 3121 ο

407 3164 473 3213 tu
503 3157 700 3224 homo,
734 3156 950 3211 timens
978 3155 1317 3224 Dominum,
1342 3175 1367 3201 ιι
1398 3154 1711 3211 benedicat-
1734 3154 1842 3210 tibi
1872 3154 2066 3209 Domi-

409 3263 522 3302 nus
551 3263 622 3300 ex
652 3245 791 3300 Sion
814 3263 839 3287 »
861 3245 1124 3315 veniens,
1148 3244 1288 3316 quia
1317 3248 1491 3300 natus
1522 3243 1835 3299 carnaliter
1862 3243 1974 3298 fuit
2003 3243 2062 3297 in

2176 668 2438 725 tionibus
2460 670 2781 725 affecerunt
2802 674 2868 725 ut
2883 669 3063 725 etiam
3086 669 3441 742 quandoque
3461 666 3817 724 occiderent:

2174 760 2232 812 et
2261 755 2356 813 hic
2386 757 2649 830 loquitur
2675 758 2734 813 in
2767 772 3021 830 persona
3058 757 3326 813 omnium
3359 757 3660 829 justorum
3690 754 3820 810 Novi

2175 846 2536 902 Testamenti
2569 864 2582 902 :
2617 850 2675 902 et
2716 846 2826 901 hoc
2850 874 2874 899 «
2908 863 2943 901 a
2982 846 3295 918 juventute
3325 862 3475 913 mea,
3497 861 3525 892 ι
3556 844 3616 900 id
3665 849 3755 899 est
3794 861 3823 898 a

2175 938 2437 1007 tempore
2488 934 2669 1008 primi
2705 934 2878 1007 justi,
2911 952 2946 990 a
2976 952 3092 1006 quo
3147 934 3386 1006 incmpit
3441 933 3744 989 Ecclesia:
3776 936 3825 986 et

2174 1023 2329 1079 sicut
2356 1040 2463 1096 ego
2494 1023 2646 1091 dico,
2676 1024 2760 1080 sic
2793 1041 2818 1067 α
2849 1024 3007 1079 dicat
3033 1049 3061 1080 ››
3090 1023 3286 1079 omnis
3317 1043 3342 1068 α
3374 1021 3569 1090 Israel,
3593 1040 3619 1070 ο
3648 1021 3713 1076 id
3745 1026 3825 1076 est

2171 1111 2260 1166 vir
2287 1111 2491 1169 videns
2511 1112 2718 1180 Deum,
2750 1140 2774 1164 «ι
2797 1129 2976 1181 nunc,
3002 1140 3027 1165 »
3048 1111 3106 1168 id
3131 1115 3221 1168 est
3239 1111 3440 1167 statim
3460 1111 3520 1166 in
3551 1109 3666 1167 hoc
3697 1127 3827 1183 prae-

2164 1200 2324 1264 senti
2350 1218 2362 1257 :
2389 1200 2519 1257 ideo
2553 1201 2698 1256 dicit
2718 1227 2745 1258 α
2768 1218 2946 1271 nunc,
2974 1232 2997 1255 ι)
3022 1201 3161 1273 quia
3188 1203 3450 1257 futurum
3481 1203 3569 1256 est
3592 1198 3825 1272 quando

2174 1306 2289 1345 non
2320 1288 2601 1345 clamabit
2638 1290 2812 1346 Israel
2853 1291 2925 1346 de
2963 1308 3074 1347 sua
3112 1289 3574 1363 impugnatione,
3607 1287 3828 1343 scilicet

2172 1379 2410 1449 quando
2439 1379 2551 1434 erit
2582 1378 2640 1433 in
2672 1379 2892 1435 cmlesti
2925 1379 3311 1435 Hierusalem.

2245 1467 2364 1523 Hoc
2394 1467 2619 1524 scilicet
2660 1467 2818 1524 dicat
2849 1484 2863 1523 :
2891 1486 2917 1512 α
2948 1469 3111 1541 Saepe
3153 1469 3630 1542 eXpugnaverunt
3678 1482 3773 1522 me
3797 1482 3828 1520 a

2162 1557 2479 1628 juventute
2512 1574 2642 1614 mea
2673 1585 2697 1610 ››
2719 1562 2778 1613 et
2803 1573 2935 1613 vere
2964 1574 3138 1630 saepe,
3163 1583 3190 1614 α
3220 1556 3435 1613 etenim
3466 1572 3582 1612 non
3614 1559 3825 1628 potue-

2167 1649 2309 1702 runt
2335 1644 2482 1702 mihi
2511 1668 2536 1694 υ
2572 1645 2907 1719 praevalere,
2954 1645 3095 1719 quia
3126 1645 3177 1702 si
3207 1662 3303 1702 me
3352 1642 3532 1703 semel
3581 1643 3825 1700 occidis-

2171 1738 2325 1803 sent,
2359 1752 2476 1793 non
2505 1739 2662 1793 esset
2689 1735 3076 1809 pugnandum
3107 1734 3265 1791 ultra
3293 1751 3429 1792 cum
3457 1734 3564 1790 eis.

2243 1822 2382 1881 Dico
2407 1842 2433 1869 α
2464 1828 2968 1899 expugnaverunt,
2998 1852 3023 1879 υ
3054 1828 3115 1880 et
3161 1823 3274 1881 hoc
3330 1840 3449 1880 non
3495 1825 3736 1880 tantum
3774 1821 3828 1874 in

2173 1913 2404 1983 faciem,
2439 1918 2505 1970 ut
2534 1930 2628 1970 me
2659 1913 2973 1970 manifeste
3003 1915 3435 1986 oppugnarent,
3457 1911 3558 1968 sed
3577 1938 3600 1963 α
3620 1924 3830 1983 pecca-

2169 2005 2327 2059 tores
2356 2001 2808 2072 fabricaverunt,
2835 2029 2858 2055 »ι
2892 2001 2952 2058 id
2983 2006 3072 2059 est
3101 2000 3290 2058 multa
3318 2000 3478 2058 mala
3504 1997 3831 2056 intulerunt

2174 2112 2204 2143 ‹‹
2235 2108 2416 2163 supra
2443 2092 2687 2148 dorsum
2728 2108 2952 2162 meum,
2980 2121 3004 2146 υ
3038 2090 3097 2146 id
3128 2094 3219 2147 est
3256 2106 3438 2162 supra
3465 2088 3595 2145 illos
3623 2088 3702 2143 de
3732 2085 3828 2141 Ec-

2171 2179 2349 2236 clesia
2378 2179 2481 2251 qui
2511 2196 2615 2252 per
2643 2194 2708 2235 se
2737 2196 2854 2236 non
2877 2179 3097 2235 habent
3127 2195 3330 2234 verum
3360 2178 3582 2245 lumen,
3613 2176 3726 2232 sed
3755 2190 3831 2229 se-

2168 2271 2436 2339 quuntur
2463 2266 2610 2323 alios
2639 2271 2698 2322 et
2725 2267 2839 2322 hoc
2875 2265 3007 2335 diu;
3042 2270 3100 2321 et
3146 2266 3257 2323 hoc
3301 2271 3393 2323 est
3425 2284 3439 2322 :
3465 2286 3491 2312 (ι
3519 2264 3830 2340 prolonga-

2168 2358 2379 2411 verunt
2406 2354 2780 2425 iniquitatem
2812 2370 3005 2409 suam.
3031 2383 3056 2407 ι,

2242 2441 2333 2498 Illi
2354 2442 2604 2514 superbe
2619 2441 2937 2498 Ecclesiam
2961 2443 3251 2514 persecuti
3274 2447 3471 2511 sunt,«
3491 2442 3793 2500 Dominus
3809 2463 3832 2489 »

2171 2531 2333 2588 solus
2355 2553 2383 2585 α
2403 2531 2607 2602 justus
2630 2528 2918 2598 concidet,
2938 2562 2963 2586 ιο
2989 2530 3048 2587 id
3079 2536 3170 2586 est
3197 2532 3269 2587 ad
3303 2530 3712 2586 humilitatem
3749 2547 3831 2587 re-

2170 2621 2364 2689 ducet,
2391 2650 2415 2675 (ι
2439 2619 2714 2691 cervices,
2738 2638 2762 2662 η
2785 2620 2843 2675 id
2876 2624 2967 2675 est
3005 2619 3351 2676 altitudines
3388 2623 3448 2675 et
3487 2620 3830 2690 superbiam

2175 2728 2203 2761 α
2229 2712 2623 2780 peccatorum,
2645 2737 2672 2763 ι.
2698 2706 2924 2763 scilicet
2949 2706 3185 2764 illorum
3209 2707 3477 2765 omnium
3512 2707 3612 2779 qui
3646 2708 3834 2764 Eccle-

2171 2797 2322 2853 siam
2353 2800 2813 2869 persequuntur.

2244 2886 2385 2942 Pars
2423 2886 2702 2942 secunda.
2736 2884 2876 2942 Dico
2909 2901 2934 2927 α
2966 2885 3235 2941 concidet
3272 2884 3526 2941 cervices
3564 2889 3830 2958 peccato-

2172 2992 2339 3044 rum;
2373 2998 2398 3024 »
2431 2973 2534 3047 qui
2561 2979 2760 3030 autem
2793 2979 2934 3030 sunt
2962 2974 3270 3043 obstinati,
3302 2974 3527 3031 scilicet
3550 2973 3634 3029 illi
3657 2998 3689 3026 ‹‹
3713 2992 3828 3030 om-

2172 3081 2277 3121 nes
2308 3063 2409 3136 qui
2460 3063 2709 3119 oderunt
2759 3064 2920 3131 Sion,
2957 3094 2981 3118 ››
3015 3064 3073 3119 id
3130 3068 3220 3120 est
3273 3063 3612 3133 Ecclesiam,
3646 3062 3827 3120 obsti-

2173 3157 2327 3223 nate,
2363 3171 2391 3203 α
2420 3152 2858 3209 confundantur
2906 3172 2930 3197 »
2963 3169 3099 3208 cum
3150 3154 3379 3209 dicetur
3418 3171 3432 3211 :
3468 3172 3493 3198 α
3536 3152 3827 3209 Discedite

2172 3261 2205 3300 a
2237 3260 2352 3315 me,
2384 3241 2703 3310 maledicti,
2736 3241 2797 3297 in
2829 3241 3024 3316 ignem
3055 3247 3338 3298 aeternum
3371 3241 3574 3316 (Matth.
3604 3244 3771 3311 xxv):
3794 3261 3821 3291 »

407 3336 569 3393 Sion.
592 3332 717 3400 Vel,
744 3349 770 3379 ο
802 3348 873 3387 ex
902 3332 1063 3400 Sion,
1088 3361 1112 3386 ι»
1146 3315 1205 3387 id
1236 3336 1325 3388 est
1354 3350 1423 3388 ex
1450 3332 1561 3390 hoc
1590 3333 1747 3404 quod
1778 3336 1843 3388 tu
1871 3333 2059 3389 factus
2089 3315 2134 3382 (ἶ
2175 3354 2203 3384 ‹‹
2233 3336 2293 3389 et
2349 3333 2768 3387 convertantur
2825 3315 3170 3401 retrorsum,
3194 3351 3218 3377 ι»
3263 3331 3324 3388 id
3380 3315 3471 3387 est
3525 3331 3825 3404 priventur

407 3440 477 3479 ex
506 3421 670 3488 Sion,
690 3420 750 3475 id
780 3422 871 3475 est
911 3419 1226 3490 speculans
1264 3424 1514 3476 aeterna:
1540 3444 1565 3469 α
1595 3424 1653 3476 et
1682 3421 1880 3478 videas
1909 3423 2063 3478 bona

407 3508 772 3567 Hierusalem
807 3529 836 3562 υ
865 3507 1117 3564 cmlestis
1165 3508 1407 3580 scilicet,
1439 3510 1721 3581 perducat
1750 3515 1807 3566 te
1836 3511 1911 3565 ad
1960 3511 2063 3567 illa

408 3600 563 3655 bona
591 3595 878 3653 Dominus
905 3614 918 3653 :
950 3596 1152 3652 videas
1177 3596 1308 3652 dico
1330 3620 1355 3646 α
1387 3598 1664 3655 omnibus
1694 3598 1903 3656 diebus
1930 3600 2060 3656 vitea

406 3691 542 3757 tum,
567 3706 593 3733 π
627 3686 684 3741 id
714 3689 806 3743 est
833 3684 895 3741 in
926 3684 1266 3741 mternitate.

481 3804 505 3831 (ι
536 3777 607 3832 Et
634 3793 662 3823 ι»
694 3792 810 3831 non
842 3779 905 3831 tu
938 3773 1130 3831 solum
1179 3773 1289 3831 hoc
1331 3775 1549 3844 videas,
1578 3777 1679 3833 sed
1710 3778 1887 3834 etiam
1921 3794 1948 3826 α
1978 3779 2061 3835 vi-

406 3868 547 3923 deas
565 3887 593 3918 »
620 3864 681 3920 in
710 3864 813 3922 illa
843 3862 1227 3933 Hierusalem,
1256 3888 1280 3914 ‹‹
1306 3864 1457 3921 ﬁlios
1478 3864 1733 3923 filiorum
1764 3873 2059 3939 tuorum,»

403 3956 463 4012 id
492 3960 583 4011 est
612 3954 937 4010 imitatores
969 3951 1228 4025 illorum,
1251 3954 1353 4027 qui
1392 3958 1494 4011 tua
1523 3956 1932 4028 praedicatione
1961 3975 2060 4031 ge-

404 4044 591 4102 nerali
624 4048 782 4100 sunt.
816 4044 887 4099 Et
915 4043 1058 4115 quid
1104 4060 1209 4116 per
1246 4043 1518 4117 singula?
1556 4045 1770 4103 Videas
1801 4069 1824 4093 α
1858 4064 2062 4120 pacem

404 4151 584 4208 super
614 4132 813 4202 Israel,
840 4154 866 4185 ιο
890 4132 949 4187 id
981 4136 1072 4188 est
1100 4138 1378 4189 aeternam
1404 4134 1910 4206 tranquillitatem,
1934 4154 2063 4210 qua:

404 4228 494 4280 est
525 4248 548 4270 α
581 4238 782 4294 super,
810 4239 833 4263 ιδ
856 4220 914 4277 id
946 4225 1055 4287 est,
1086 4222 1277 4293 major
1315 4221 1493 4278 etiam
1524 4239 1701 4294 quam
1733 4224 1947 4298 aliquis
1976 4226 2067 4282 vir

402 4311 610 4370 videns
641 4312 828 4368 Deum
858 4309 1049 4368 valeat
1078 4311 1419 4383 promereri.

833 4451 907 4508 IN
955 4451 1304 4509 PSALMUM
1344 4452 1633 4511 CXXVIII.

606 4542 887 4599 Trruws.
922 4541 1205 4599 Canticum
1236 4542 1510 4615 graduum
1538 4542 1865 4601 Salomonis.

2171 3424 2520 3494 apotestate
2552 3436 2732 3493 quam
2784 3420 2845 3476 in
2897 3420 3008 3477 hac
3057 3421 3178 3477 vita
3204 3438 3386 3494 super
3431 3421 3627 3493 justos
3674 3419 3821 3476 obti-

2170 3514 2332 3568 nent.

2242 3622 2271 3655 α
2303 3598 2472 3657 Fiant
2510 3627 2535 3653 υ
2569 3599 2747 3655 etiam
2780 3619 2806 3645 α
2854 3598 3009 3656 sicut
3064 3599 3264 3656 fenum
3321 3602 3631 3667 tectorum,
3667 3596 3818 3671 quod

2172 3687 2523 3760 priusquam
2551 3687 2830 3744 evellatur
2858 3688 3138 3745 exaruit.»
3160 3688 3408 3761 Superbi
3428 3688 3529 3761 qui
3559 3704 3622 3744 se
3651 3688 3714 3743 in
3744 3686 3819 3742 al-

2172 3782 2299 3834 tum
2330 3776 2584 3850 erigunt,
2610 3776 2817 3834 merito
2850 3778 3002 3835 Feno
3051 3781 3339 3834 tectorum
3387 3782 3816 3850 comparantur,

2173 3866 2313 3939 quia
2341 3865 2495 3922 sicut
2550 3866 2753 3921 fenum
2811 3870 3100 3923 tectorum
3133 3883 3197 3923 se
3226 3865 3286 3922 in
3316 3866 3500 3923 altum
3551 3865 3744 3940 erigit,
3767 3868 3819 3920 et

2173 3961 2371 4011 tamen
2404 3954 2532 4010 sine
2563 3953 2760 4011 radice
2787 3960 2898 4026 est,
2920 3955 3004 4012 ita
3032 3973 3095 4012 se
3124 3955 3237 4028 ipsi
3269 3956 3501 4030 erigunt
3531 3973 3546 4013 :
3579 3959 3639 4011 et
3664 3958 3815 4012 ante-

2173 4062 2352 4117 quam
2382 4043 2725 4114 evellantur,
2756 4044 2815 4101 id
2848 4050 2939 4102 est
2968 4044 3318 4114 moriantur,
3346 4049 3624 4101 arescunt
3657 4042 3815 4100 bonis

2176 4133 2564 4205 animm,quia
2594 4133 2883 4189 rationem
2915 4133 3170 4191 ccelestis
3200 4133 3474 4190 doctrina;
3520 4149 3637 4189 non
3669 4148 3813 4205 quic-

2175 4226 2316 4277 runt
2347 4238 2451 4277 nec
2478 4220 2752 4293 diligunt.
2778 4246 2807 4277 α
2832 4222 2907 4277 De
2937 4238 3052 4293 quo
3075 4221 3227 4291 feno,
3250 4239 3275 4267 ι»
3298 4220 3359 4276 id
3387 4224 3476 4278 est
3504 4220 3576 4277 de
3606 4219 3812 4293 quibus

2176 4310 2371 4380 malis,
2400 4333 2425 4359 α
2454 4327 2571 4366 non
2603 4308 2872 4383 implebit
2895 4327 3140 4367 manum
3160 4326 3330 4367 suam
3351 4326 3379 4359 ι
3400 4308 3696 4383 angelus,«
3720 4305 3809 4379 qui

2175 4404 2375 4467 metet,
2400 4418 2424 4444 »ι
2448 4397 2506 4453 id
2538 4402 2628 4456 est
2655 4396 2954 4471 separabit
2982 4399 3166 4455 bonos
3194 4416 3231 4455 a
3257 4398 3466 4456 malis:
3492 4421 3519 4447 α
3536 4401 3595 4455 et
3623 4398 3808 4455 sinum

2175 4504 2352 4545 suum
2375 4517 2399 4543 η
2422 4487 2559 4543 inde
2588 4486 2854 4560 angelus,
2881 4505 2905 4531 «ι
2936 4487 3037 4559 qui
3070 4487 3403 4561 manipulos
3437 4486 3686 4559 colliget,
3710 4504 3732 4529 ιι
3757 4484 3806 4538 id

2174 4583 2264 4633 est
2298 4576 2678 4649 congregabit
2708 4576 2894 4633 bonos
2916 4576 3120 4650 (Matth.
3143 4577 3419 4646 xm).'Per
3460 4592 3695 4633 manum
3726 4574 3805 4629 in-

478 4692 500 4719 .
529 4670 692 4741 Saepe
739 4672 1289 4740 expugnaverunt.»
1314 4668 1630 4740 Postquam
1672 4669 1744 4724 de
1782 4686 2064 4742 przesum-
2095 4683 2145 4749 D
2175 4665 2460 4739 telligitur
2501 4682 2671 4738 opus,
2705 4682 2808 4738 per
2853 4666 3053 4721 sinum
3102 4665 3289 4738 quies.
3314 4667 3447 4722 Ideo
3492 4664 3681 4738 angeli
3726 4662 3807 4718 di-

404 4758 604 4830 ptione
634 4761 692 4812 et
720 4756 821 4812 Dei
856 4756 1067 4812 timore
1112 4755 1483 4828 praamonuit,
1517 4757 1793 4814 admonet
1821 4760 1892 4814 de
1920 4760 2061 4816 tole-

402 4846 616 4917 rantia,
655 4850 713 4902 et
759 4845 1035 4901 eumdem
1093 4846 1341 4917 gradum
1398 4845 1577 4901 habet
1633 4848 1964 4904 materiam.
1998 4850 2062 4905 In

401 4935 594 5007 prima
622 4939 786 5007 parte
817 4935 1096 4991 admonet
1127 4933 1397 4990 homines
1428 4935 1568 4991 Novi
1596 4936 1957 4993 Testamenti
1987 4939 2061 4994 ad

400 5023 797 5090 tolerantiam,
832 5041 936 5095 per
987 5022 1319 5095 exemplum
1377 5023 1642 5079 omnium
1694 5026 1996 5097 justorum
2029 5043 2064 5083 a

401 5112 591 5184 primo
641 5112 827 5183 justo.
863 5112 926 5167 In
977 5112 1255 5179 secunda,
1288 5129 1416 5184 quae
1474 5112 1718 5185 incipit:
1749 5114 2061 5171 «Confun-

400 5202 617 5257 dantur
646 5204 705 5257 et
734 5204 1154 5256 convertantur
1184 5204 1527 5268 retrorsum,
1553 5221 1576 5245 η
1602 5200 1914 5259 obstinatis
1946 5221 2063 5260 ma-

399 5288 524 5344 lum
556 5295 830 5362 precatur
862 5305 875 5344 :
907 5306 1010 5360 per
1038 5289 1193 5360 quod
1246 5306 1352 5344 nos
1399 5290 1472 5345 ad
1520 5290 1890 5346 tolerantiam
1924 5292 2058 5348 hor-

400 5382 578 5445 tatur,
611 5393 684 5433 ne
715 5394 849 5432 cum
884 5377 1081 5449 impiis
1125 5376 1183 5432 in
1228 5379 1480 5435 adventu
1521 5379 1743 5450 judicis
1783 5382 2058 5438 condem-

399 5482 630 5523 nemur.

469 5552 646 5621 Quasi
674 5552 926 5609 diceret:
954 5554 1071 5610 Vos
1100 5555 1199 5626 qui
1233 5556 1360 5628 jam
1394 5558 1464 5613 de
1496 5557 1659 5613 vobis
1690 5576 1805 5615 non
1839 5577 2056 5631 praisu—

400 5642 582 5709 mitis,
600 5641 742 5695 dum
769 5639 928 5696 liliali
952 5644 1160 5698 timore
1177 5644 1362 5700 Deum
1386 5646 1773 5715 timetis,cum
1800 5648 1939 5704 mali
1957 5667 2058 5705 vos

399 5730 858 5808 persequuntur,
888 5729 1260 5793 tolerantiam
1306 5732 1570 5794 habeatis
1612 5736 1874 5812 exemplo
1915 5738 2052 5813 mei,

2174 4760 2393 4812 cuntur
2433 4759 2664 4827 portare
2692 4755 2752 4810 in
2785 4755 3063 4811 manibus
3093 4755 3225 4811 illos
3253 4755 3353 4829 qui
3402 4754 3537 4811 boni
3583 4752 3805 4809 fuerunt

2172 4844 2445 4917 operarii,
2469 4848 2528 4900 et
2556 4844 2617 4899 in
2641 4844 2776 4901 sinu
2812 4844 2942 4900 illos
2974 4844 3075 4916 qui
3109 4845 3346 4900 fuerunt
3364 4840 3800 4916 contemplativi.

2244 4935 2377 4991 Ideo
2410 4951 2525 4989 non
2557 4933 2908 5007 colligentur
2936 4934 3010 4989 ab
3038 4933 3286 5007 angelis,
3318 4933 3457 5006 quia
3484 4933 3545 4988 in
3574 4932 3680 4988 hac
3699 4930 3804 4986 vita

2172 5041 2288 5078 non
2321 5028 2666 5095 receperunt
2695 5023 3163 5079 benedictionem
3207 5024 3280 5079 ab
3320 5022 3599 5096 apostolis
3626 5020 3708 5077 vel
3736 5018 3799 5075 ab

2173 5111 2305 5168 aliis
2326 5112 2545 5169 sanctis
2566 5112 2733 5181 viris;
2758 5116 2815 5168 et
2834 5112 2942 5168 hoc
2964 5116 3054 5168 est
3079 5130 3091 5168 :
3119 5112 3205 5167 illi
3221 5131 3249 5161 σ
3267 5112 3367 5185 qui
3388 5111 3798 5186 praeteribant,»

2172 5203 2229 5257 id
2260 5207 2349 5258 est
2376 5201 2625 5274 apostoli
2658 5205 2716 5257 et
2746 5200 2844 5257 alii
2876 5202 3065 5258 sancti
3096 5202 3224 5271 viri,
3252 5202 3352 5275 qui
3382 5204 3796 5258 contemnentes

2168 5290 2490 5362 terrestria,
2508 5295 2860 5363 praetereunt
2889 5292 2961 5347 ad
2993 5291 3276 5361 cmlestia;
3297 5322 3320 5346 α
3344 5308 3457 5348 non
3484 5291 3743 5347 dixerunt
3770 5306 3793 5335 υ

2168 5382 2253 5437 eis
2276 5398 2289 5436 :
2315 5403 2339 5427 «
2365 5380 2700 5436 Benedictio
2731 5380 2965 5436 Domini
3004 5398 3179 5453 super
3208 5398 3327 5450 vos,
3355 5411 3379 5435 (ι
3410 5380 3469 5436 id
3498 5384 3587 5435 est
3617 5374 3792 5434 multi-

2168 5469 2402 5542 plicatio
2433 5470 2749 5539 virtutum;
2784 5475 2841 5525 et
2869 5469 3047 5525 etiam
3093 5487 3208 5525 non
3242 5470 3512 5525 dixerunt
3542 5487 3554 5524 :
3582 5494 3605 5517 ιι
3634 5468 3791 5523 Bene.

2167 5559 2425 5616 diximus
2457 5558 2619 5616 vobis
2652 5579 2675 5603 »
2709 5576 2776 5615 ex
2822 5563 2985 5631 parte
3024 5564 3245 5626 nostra,
3278 5561 3359 5615 ita
3387 5558 3538 5631 quod
3562 5587 3585 5613 (ι
3618 5556 3674 5612 in
3701 5570 3791 5610 n0-

2168 5648 2326 5704 mine
2375 5648 2607 5704 Domini
2641 5671 2664 5694 »
2696 5666 2798 5703 vos
2852 5649 3291 5719 benedicamus,
3324 5649 3381 5703 id
3431 5651 3520 5704 est
3560 5644 3707 5719 quod
3733 5642 3793 5697 de

2165 5744 2359 5800 vestra
2391 5736 2796 5807 benedictione
2827 5754 3040 5799 nomen
3072 5737 3305 5802 Domini
3334 5737 3669 5800 honoretur.
