3942 6382
22 1451 88 1492 ,⁸η

33 1541 80 1561 ’τε

48 1565 85 1578 ά

5 1629 89 1670 ῗιεὶἷ

4 1727 18 1760 ·;
35 1721 86 1776 j~z

9 1812 84 1850 ἔα

10 1980 80 2032 fu

15 2070 28 2078 ν

27 2083 72 2119 ’π

13 2115 22 2123 .

7 2175 72 2229 ςςδι

4 2269 28 2306 .5,
42 2263 62 2298 ἲ

8 2355 66 2392 .2,

5 2462 62 2482 ull

7 2515 58 2573 ,δὲ

4 2800 40 2844 τι

3 2888 44 2930 ξι

14 2974 32 3018 ι

3 3056 40 3112 ἐς

3 3149 42 3201 ει

3 3237 39 3290 ν

5 3333 38 3392 ες

5 3420 37 3466 η

5 3599 33 3646 ι

5 3689 33 3734 ι

5 3761 32 3820 δ

5 3849 33 3902 ﬂ

11 3937 30 3992 ἰ

5 4043 26 4086 I

5 4135 22 4178 ι

192 422 316 481 649

1384 427 1888 489 EXPLANATIO
1932 428 2010 488 IN
2057 431 2434 492 PSALMOS.

3499 440 3618 500 650

190 553 630 621 ascendit,facit
661 554 1050 609 conscendere
1072 571 1267 611 arcam
1289 558 1543 624 suam,id
1563 564 1651 614 est
1669 559 1856 615 Eccle—
1884 562 1940 628 Α
1970 561 2213 619 desolati
2239 563 2295 619 in
2320 565 2448 621 istis
2471 566 2799 632 terrenis,et
2829 572 3025 624 tamen
3056 569 3171 623 Deo
3195 586 3366 625 suam
3389 571 3621 629 castita,

189 641 379 698 siam:
411 642 600 698 ethoc
621 659 734 697 non
758 643 1142 710 enuntiative,
1176 646 1275 699 sed
1303 646 1686 703 desiderative
1719 648 1852 703 Pro-

187 731 371 803 pheta
393 730 797 796 annuntiatmt
815 749 933 787 sua:
954 732 1166 788 mentis
1183 735 1543 789 affectionem
1561 738 1849 792 ostendat.

263 819 640 876 Continuatio
676 837 688 876 :
724 821 872 888 Quia
919 821 1172 893 impleta:
1225 828 1364 878 sunt
1408 825 1850 895 proluissiones,

185 910 515 982 perfectum
574 915 662 965 est
711 910 1182 977 tabernaculum,
1244 911 1396 983 ideo,
1441 930 1474 967 0
1519 937 1546 962 ‹‹
1586 913 1849 985 Domine,

183 1014 368 1071 surge
389 997 448 1054 in
474 998 736 1070 requiem
760 1003 945 1064 tuam,
966 1022 993 1048 »
1017 999 1074 1054 id
1101 1004 1191 1055 est
1223 1002 1491 1066 ascende,
1518 1025 1544 1050 ‹‹
1571 1006 1627 1056 et
1660 1025 1686 1050 »
1720 1008 1851 1074 post

183 1092 244 1141 te
285 1087 568 1146 ascendat
595 1111 622 1136 «
660 1104 817 1153 arca,
850 1110 878 1136 »
915 1087 970 1142 id
1005 1091 1094 1143 est
1125 1089 1401 1154 Ecclesia,
1433 1090 1490 1144 in
1525 1109 1639 1161 qua
1669 1091 1851 1144 conti-

185 1181 408 1231 nentur
438 1176 738 1248 sapientia:
771 1181 827 1232 et
857 1177 1113 1232 scientia:
1149 1195 1161 1232 :
1195 1197 1330 1233 arca
1367 1179 1496 1233 dico
1527 1203 1552 1228 ‹‹
1589 1179 1846 1234 sanct.ifi-'

183 1265 441 1320 cationis
471 1270 607 1334 tum,
645 1288 672 1314 »
705 1265 760 1320 id
793 1270 904 1337 est,
936 1283 1113 1338 quam
1151 1272 1212 1322 tu
1241 1268 1597 1324 sanctitieas.

258 1355 329 1409 Et
348 1358 412 1410 ut
433 1370 568 1410 arca
597 1358 730 1426 post
758 1358 813 1411 te
844 1356 1031 1428 possit
1061 1358 1396 1422 ascendere,
1430 1357 1664 1412 interim
1699 1381 1726 1409 ‹‹
1760 1375 1849 1412 sa-

179 1442 452 1498 cerdotes
500 1442 587 1498 tui
622 1465 650 1492 »
677 1443 997 1500 servientes
1045 1443 1149 1498 tibi
1199 1446 1424 1510 devote,
1458 1469 1484 1494 ‹‹
1523 1445 1848 1501 induantur

170 1530 496 1602 justitiam,
534 1554 562 1580 »
595 1530 852 1587 habeant
901 1549 1003 1604 pro
1053 1532 1241 1588 infula
1271 1534 1534 1600 virtutes,
1567 1551 1696 1605 qua:
1727 1535 1846 1590 sint

177 1620 270 1675 eis
317 1625 730 1676 ornamentum
785 1621 1017 1689 animae,
1043 1645 1070 1671 ‹‹
1096 1627 1151 1676 et
1173 1645 1200 1671 »
1225 1622 1334 1695 ipsi
1360 1647 1386 1672 ‹‹
1414 1622 1602 1678 sancti
1633 1624 1715 1678 tui
1747 1641 1843 1679 ex-

178 1707 408 1766 sultent
438 1732 466 1759 »
500 1710 572 1766 de
599 1727 708 1766 sua
749 1710 1007 1782 justitia.
1040 1709 1165 1777 Vel,
1198 1711 1385 1767 sancti
1443 1711 1528 1766 tui
1588 1712 1843 1768 minores

177 1797 476 1854 exsultent
496 1799 567 1854 de
585 1816 692 1855 suo
713 1799 1066 1872 profectu,et
1091 1801 1162 1855 de
1181 1801 1508 1855 imitatione
1530 1801 1840 1858 bonorum.

249 1888 323 1943 Et
351 1887 492 1960 quia
518 1887 677 1944 videt
706 1887 768 1944 in
798 1887 1233 1944 illuminatione
1264 1889 1531 1961 gentium
1565 1890 1838 1945 exeaacari

173 1976 436 2044 Judmos,
467 1981 741 2050 precatur
788 1977 972 2033 Deum
1019 1981 1086 2033 ut
1130 1977 1217 2033 vel
1238 1980 1408 2050 juxta
1439 1979 1612 2034 finem
1643 1977 1837 2034 visitet

175 2082 303 2122 eos.
325 2065 703 2122 Continuatio
735 2082 748 2122 :
782 2066 1125 2122 Sacerdotes
1153 2067 1476 2123 induantur
1494 2066 1749 2138 justitia,
1779 2071 1838 2124 et

176 2173 212 2212 0
243 2178 273 2205 ‹‹
305 2154 574 2222 Domine,
594 2178 622 2205 »
653 2155 861 2211 faciem
893 2155 982 2211 tui
1011 2155 1249 2222 Christi,
1281 2155 1338 2211 id
1369 2160 1460 2212 est
1491 2161 1834 2228 przesentem

177 2249 238 2299 et
257 2243 476 2300 claram
499 2243 893 2317 cognitionem
919 2244 1047 2300 Filii
1072 2245 1314 2317 tui,quze
1338 2245 1512 2299 modo
1537 2248 1836 2300 aversaest

179 2351 215 2388 a
241 2332 484 2402 Judaeis,
517 2355 544 2384 ‹‹
577 2349 650 2388 ne
690 2337 918 2390 avertas
950 2356 978 2383 »
1005 2333 1148 2406 quin
1193 2333 1511 2406 aliquando
1558 2334 1834 2390 ostendas

176 2421 418 2488 Judznis,
450 2420 658 2477 saltem
708 2421 863 2479 circa
905 2423 1227 2478 novissima
1277 2427 1538 2496 tempora
1571 2439 1584 2478 :
1617 2427 1676 2476 et
1725 2422 1834 2477 hoc

177 2526 294 2566 non
343 2527 550 2583 precor
595 2516 832 2584 propter
873 2511 1086 2567 merita
1127 2529 1352 2575 eorum,
1384 2511 1503 2567 imo
1537 2534 1564 2561 ‹‹
1598 2516 1836 2584 propter

177 2598 357 2655 David
403 2616 636 2656 servum
687 2604 879 2666 tuum,
913 2621 941 2650 »
995 2599 1052 2655 id
1101 2604 1212 2668 est,
1265 2604 1503 2672 propter
1553 2600 1832 2654 meritum

175 2687 366 2760 ipsius
411 2688 668 2746 Christi:
701 2693 758 2745 et
787 2689 882 2746 hic
914 2689 1088 2744 datur
1117 2689 1290 2761 plane
1319 2688 1565 2761 intelligi
1601 2688 1831 2742 nullum

175 2775 246 2831 de
265 2775 488 2832 meritis
513 2777 640 2832 suis
661 2777 871 2833 debere
893 2778 1374 2848 prazsumere,sed
1393 2794 1626 2832 onmem
1651 2777 1834 2832 salva-

174 2864 394 2921 tionem
422 2882 493 2922 ex
519 2864 734 2922 Christi
769 2865 994 2922 meritis
1024 2870 1384 2938 exspectare.

246 2975 275 3002 «
309 2951 540 3008 Juravit
573 2953 875 3009 Dominus.
915 2975 942 3000 »
976 2952 1115 3008 Pars
1145 2951 1338 3008 tertia.
1371 2951 1509 3008 Dico
1542 2977 1568 3002 ‹‹
1594 2959 1832 3025 propter

166 3040 419 3111 David,»
450 3056 555 3095 nec
587 3040 812 3106 diffido,
835 3063 863 3091 «
887 3041 1028 3112 quia
1056 3041 1340 3097 Dominus
1363 3064 1390 3090 »
1425 3043 1594 3098 Pater
1613 3043 1830 3114 «jura-

163 3130 276 3198 vit,
315 3153 344 3179 »
392 3127 639 3184 firmiter
685 3127 914 3198 statuit,
968 3151 996 3179 ‹‹
1029 3129 1229 3196 David,
1269 3153 1296 3178 »
1345 3129 1402 3184 id
1451 3134 1541 3185 est
1577 3130 1828 3198 Christo,

166 3245 198 3272 α
229 3217 559 3283 veritatem,
597 3240 625 3267 »
657 3217 798 3290 quia
847 3217 1000 3274 sicut
1042 3218 1332 3290 promisit,
1362 3219 1446 3274 sic
1479 3219 1790 3292 complevit
1812 3239 1836 3290 ;.

1965 653 2082 704 tem
2107 652 2580 718 custodiunt,nec
2611 672 2744 709 cum
2781 655 3044 711 daemone
3077 656 3460 727 fornicantur,
3485 661 3619 717 «bc-

1965 739 2239 795 nedieens
2272 742 2666 809 benedieam,»
2695 745 2748 798 id
2780 749 2870 800 est
2899 745 3136 801 assidue
3169 745 3615 818 multiplicando

1961 826 2296 894 virtutibus,
2327 855 2352 878 ‹‹
2389 849 2676 903 pauperes
2707 834 2836 904 ejus
2863 856 2889 882 »
2923 833 3058 889 Sion
3095 856 3122 883 «
3153 836 3430 892 saturabo
3456 836 3618 909 pani-

1962 915 2092 981 bus,
2131 939 2157 964 »
2191 915 2248 972 id
2282 924 2370 974 est
2400 919 2692 990 spirituali
2727 922 3058 977 refectione.

2031 1027 2058 1053 «
2095 1006 2435 1063 Sacerdotes
2466 1010 2594 1079 ejus
2626 1010 2868 1066 induam
2901 1010 3168 1079 salutari,
3207 1034 3234 1062 »
3267 1013 3322 1069 id
3354 1017 3442 1070 est
3473 1033 3611 1070 con-

1961 1093 2314 1150 formitatem
2348 1097 2562 1151 Christi
2620 1099 2916 1166 salutaris,
2951 1099 3007 1155 id
3041 1105 3128 1155 est
3161 1101 3262 1155 filii
3297 1102 3407 1157 mei
3444 1121 3457 1158 :
3492 1127 3518 1154 ‹‹
3554 1109 3612 1160 et

1958 1183 2143 1236 sancti
2197 1185 2326 1254 ejus
2363 1209 2383 1234 ο
2422 1186 2699 1252 minores,
2733 1187 2836 1259 qui
2895 1190 3226 1244 sacerdotes
3282 1189 3608 1260 imitantur,

1958 1293 1983 1316 ‹‹
2019 1270 2407 1327 exsultatione
2429 1274 2858 1340 exsultabant,»
2879 1276 2933 1330 id
2954 1281 3042 1332 est
3062 1282 3286 1333 tantam
3310 1279 3611 1338 habebunt

1955 1358 2563 1433 exsultationem,qu:e
2578 1381 2610 1416 n
2623 1362 2738 1417 ullo
2762 1365 2934 1418 modo
2954 1365 3141 1421 valeat
3151 1367 3223 1421 ab
3235 1367 3322 1422 eis
3333 1369 3608 1424 amoveri.

2026 1467 2053 1492 ‹‹
2091 1444 2291 1513 Illuc,»
2325 1448 2380 1502 id
2414 1454 2503 1503 est
2533 1449 2590 1504 in
2625 1449 2726 1505 illa
2759 1451 2920 1517 Sion,
2954 1475 2982 1501 ‹‹
3008 1453 3352 1524 producam,
3380 1479 3407 1504 »
3440 1455 3496 1511 id
3522 1461 3612 1513 est

1953 1535 2261 1589 extendam
2295 1536 2351 1591 in
2388 1537 2583 1593 futuro
2606 1539 2836 1609 judicio
2867 1563 2894 1589 «
2927 1557 3108 1596 cornu
3142 1541 3346 1612 David,
3381 1567 3408 1592 »
3437 1543 3494 1598 id
3525 1549 3615 1602 est

1952 1619 2294 1680 altitudines
2323 1626 2510 1697 ipsius
2539 1627 3182 1695 Christi,manifestans
3211 1630 3400 1704 ipsius
3417 1637 3614 1704 poten-

1952 1709 2096 1764 tiam
2129 1714 2408 1768 omnibus
2431 1720 2515 1770 :et
2545 1716 2780 1771 interim
2815 1738 2838 1762 ‹‹
2872 1718 3069 1789 paravi
3101 1719 3334 1776 Christo
3365 1738 3494 1779 meo
3521 1723 3612 1780 lu-

1951 1815 2207 1867 cernam,
2240 1824 2266 1849 »
2299 1801 2475 1857 veluti
2532 1804 2820 1862 Joannem
2854 1810 2914 1862 et
2955 1805 3104 1864 alios
3156 1825 3476 1882 praecones,
3508 1809 3612 1883 qui

1948 1887 2100 1942 viam
2135 1889 2376 1945 Domino
2406 1897 2819 1964 praepararent.

1939 2009 1946 2016 ε
2017 1977 2359 2035 Sacerdotes
2399 1980 2642 2037 induam
2677 1981 2944 2050 salutari,
2979 2006 3007 2035 «
3039 1984 3312 2042 inimicos
3348 2007 3370 2038 ι
3407 1991 3604 2044 autem

1945 2089 1973 2115 ‹‹
2007 2067 2136 2138 ejus
2195 2067 2436 2124 induam
2497 2071 2861 2139 confusione,
2896 2095 2925 2122 »
2958 2073 3016 2129 id
3049 2077 3138 2130 est
3175 2072 3606 2145 erubescentia,

1944 2155 2180 2226 quando
2203 2157 2560 2212 descendent
2579 2159 2638 2214 in
2652 2159 2846 2232 ignem
2862 2164 3145 2218 aeternum
3162 2164 3604 2238 :«superipsum

1945 2247 2144 2299 autem
2182 2266 2207 2292 »
2238 2244 2538 2300 Christum
2570 2270 2596 2296 «
2623 2247 2914 2304 elflorebit
2961 2249 3350 2308 sanctificatio
3381 2269 3533 2318 mea,
3569 2275 3598 2303 »

1943 2332 2083 2404 quia
2105 2333 2234 2403 ejus
2256 2335 2640 2390 sanctificatio
2658 2339 2714 2390 et
2732 2335 2917 2408 gloria
2935 2338 3048 2394 erit
3067 2339 3594 2398 immarcescibilis.

2391 2424 2464 2480 IN
2507 2423 2856 2480 PSALMUM
2896 2425 3154 2483 CXXXII.

2299 2512 2554 2568 Trruws
2588 2529 2602 2567 :
2636 2512 2920 2570 Canticum
2946 2515 3240 2586 graduum.

2015 2621 2043 2647 ‹‹
2077 2600 2219 2654 Ecce
2251 2617 2429 2671 quam
2462 2601 2704 2656 bonum.
2735 2625 2761 2650 »
2795 2603 2858 2656 In
2891 2603 3000 2660 hoc
3029 2603 3258 2676 psalmo
3290 2606 3599 2664 materiam

1943 2687 2163 2758 pariter
2183 2692 2239 2741 et
2257 2690 2504 2760 gradum
2527 2689 3023 2763 habet,I‘ropheta
3053 2693 3428 2752 dilectionem
3462 2713 3602 2769 pro-

1941 2775 2167 2845 ximi,et
2186 2793 2313 2830 eam
2338 2779 2712 2833 commendat
2733 2778 3004 2850 pluribus
3028 2782 3247 2838 modis:
3272 2784 3600 2841 etintendit

1941 2881 2049 2917 nos
2063 2863 2305 2919 invitare
2318 2869 2383 2918 ut
2397 2865 2575 2920 istum
2589 2867 2838 2938 gradum
2853 2870 3470 2938 conscendamus,sine
3483 2889 3598 2944 quo

1942 2953 2010 3008 ad
2038 2969 2355 3024 supernam
2380 2953 2742 3010 Hierusalem
2765 2957 3093 3030 pertingere
3115 2975 3232 3014 non
3253 2974 3596 3031 possumus.

2011 3042 2089 3094 Ac
2119 3039 2167 3095 si
2201 3040 2282 3095 ita
2314 3040 2532 3096 diceret
2566 3059 2579 3096 :
2613 3042 2729 3097 Vos
2758 3043 2990 3115 fratres,
3022 3045 3122 3116 qui
3168 3063 3272 3118 per
3314 3047 3602 3106 meritum'

1941 3127 2156 3182 Christi
2187 3127 2434 3198 collecti,
2453 3129 2590 3184 Sion
2627 3130 2764 3186 facti
2795 3132 2959 3199 estis,
2983 3152 3007 3177 «ι
3031 3150 3164 3199 ecce
3195 3152 3218 3177 υ
3251 3133 3393 3206 quid
3425 3135 3600 3192 nobis

1942 3219 2143 3283 restat,
2171 3236 2194 3260 ‹ι
2228 3216 2494 3272 habitare
2525 3218 2583 3273 in
2617 3237 2802 3275 unum
2833 3249 2857 3274 ι)
2890 3225 2955 3276 ut
2986 3245 3013 3272 «ι
3044 3221 3310 3295 fratres,»
3332 3223 3392 3278 id
3421 3227 3600 3280 estut

171 3331 202 3361 ‹‹
227 3312 286 3365 et
310 3323 426 3362 non
453 3306 835 3362 frustrabitur
861 3325 994 3364 eum
1023 3330 1048 3355 ››
1081 3307 1161 3363 ita
1193 3306 1394 3364 dicens
1418 3325 1431 3364 ;
1469 3331 1495 3359 α
1527 3290 1832 3364 Defmctu
1865 3290 1910 3358 C
1945 3305 2259 3360 fraternam
2283 3305 2628 3362 charitatem
2650 3309 2816 3364 vobis
2837 3309 3084 3366 invicem
3108 3311 3600 3369 exhibeatisteo‘

167 3395 396 3454 ventris
423 3393 532 3461 tui,
563 3415 592 3450 ι
629 3395 687 3450 id
715 3399 804 3451 est
861 3396 933 3451 de
991 3396 1287 3468 generatis
1347 3415 1450 3469 per
1502 3397 1830 3454 doctrinam

168 3492 494 3558 tuam,qua:
525 3489 726 3542 venter
757 3485 994 3554 dicitur,
1013 3484 1151 3558 quia
1175 3485 1434 3541 continet
1457 3486 1513 3540 in
1539 3504 1600 3542 se
1621 3505 1836 3544 arcana

170 3574 280 3632 Dei
300 3578 358 3630 et
386 3573 572 3630 nutrit
601 3573 1052 3643 homines,sicut
1081 3580 1284 3630 venter
1313 3593 1594 3648 puerum:
1621 3575 1692 3630 de
1718 3575 1834 3633 illis

172 3661 471 3736 generatis
502 3660 586 3717 sic
619 3685 646 3712 «
680 3679 894 3735 ponam
928 3680 1106 3734 super
1149 3663 1346 3718 sedem
1379 3668 1564 3733 tuam,
1600 3688 1620 3713 -
1655 3665 1712 3720 id
1745 3669 1836 3721 est

172 3751 390 3808 faciam
421 3767 520 3807 eos
549 3751 814 3808 doctores
863 3751 1016 3808 sicut
1067 3756 1131 3807 tu
1179 3751 1340 3806 fuisti
1372 3752 1428 3806 in
1461 3752 1569 3808 hac
1606 3752 1741 3819 vita,
1777 3758 1836 3810 et

171 3840 354 3896 etiam
378 3839 646 3912 judicare
679 3844 868 3897 totum
899 3841 1210 3897 mundum.

253 3951 282 3980 (ι
305 3929 522 3986 Ponam
548 3951 576 3979 »
599 3930 728 3986 dico
752 3929 862 3986 hoc
881 3934 1074 4003 pacto,
1096 3953 1124 3980 «
1140 3931 1190 3987 si
1209 3929 1312 3986 filii
1341 3931 1426 3986 tui
1451 3931 1836 3988 custodierint

171 4021 598 4074 testamentum
622 4035 842 4086 meum,
869 4042 898 4069 »
922 4019 980 4074 id
1013 4024 1104 4075 est
1133 4021 1422 4092 praecepta
1450 4019 1659 4075 veteris
1688 4020 1835 4092 legis

174 4112 236 4162 et
261 4105 836 4181 prophetarum,qua3
866 4109 1170 4181 proferunt
1195 4107 1598 4163 testimonium
1621 4112 1834 4164 nostra:

173 4194 350 4252 fidei:
386 4217 415 4247 «
441 4200 500 4252 et
523 4195 866 4253 testimonia
897 4214 1028 4253 mea
1057 4195 1178 4252 hac
1207 4214 1334 4268 quae
1359 4219 1386 4246 »
1416 4213 1521 4268 ego
1554 4220 1580 4245 ‹‹
1615 4195 1834 4252 docebo

171 4299 300 4354 eos,
334 4307 356 4336 ι
394 4301 511 4340 non
542 4300 670 4357 quae
699 4284 814 4358 ipsi
845 4302 915 4342 ex
945 4303 1053 4342 sua
1087 4284 1198 4342 sibi
1240 4289 1403 4358 parte
1434 4283 1830 4340 adinveniant.

249 4371 379 4427 Filii
401 4371 488 4428 tui
517 4372 811 4430 sedebant
841 4391 1020 4448 super
1048 4375 1250 4430 sedem
1283 4377 1468 4441 tuam,
1489 4397 1516 4424 «
1533 4377 1590 4429 et
1606 4396 1632 4423 »
1655 4373 1836 4429 etiam

174 4481 206 4512 (ι
240 4459 347 4515 ﬁlii
377 4473 606 4530 eorum,
639 4483 668 4510 »
701 4461 760 4516 id
792 4466 884 4518 est
913 4461 1262 4528 imitatores,
1291 4482 1318 4510 ‹‹
1354 4476 1542 4532 usque
1573 4459 1632 4514 in
1661 4476 1836 4515 execu-

170 4548 326 4620 lum,
356 4571 386 4600 »
417 4547 477 4604 id
507 4553 596 4606 est
621 4549 882 4622 quandiu
915 4547 1154 4606 durabit
1181 4548 1460 4605 szeculum
1482 4565 1495 4604 :
1519 4546 1694 4604 etiam
1728 4547 1832 4602 filii

172 4635 633 4695 novissimorum
678 4643 1014 4710 temporum
1045 4661 1074 4687 ‹‹
1107 4638 1397 4694 sedebant
1429 4655 1606 4710 super
1633 4638 1831 4692 sedem
1864 4659 1914 4724 Β

171 4732 364 4794 tuam,
397 4749 418 4777 ι
455 4731 521 4783 ut
549 4744 750 4800 supra.

250 4815 527 4872 Promisit
555 4816 810 4884 Christo,
846 4816 1001 4888 quod
1051 4815 1134 4871 sic
1186 4815 1458 4870 sederent
1502 4815 1604 4869 filii
1634 4814 1748 4882 sui,
1781 4821 1838 4872 et

172 4905 288 4961 hoc
314 4921 431 4960 non
472 4905 798 4962 secundum
849 4905 1059 4961 merita
1103 4921 1330 4972 eorum,
1363 4925 1389 4953 ‹‹
1424 4905 1526 4959 sed
1557 4905 1837 4976 quoniam

173 4993 465 5050 Dominus
495 4993 670 5067 elegit
699 4994 860 5061 Sion,
896 5014 924 5044 »
957 4993 1013 5048 id
1047 4997 1136 5049 est
1166 4991 1506 5057 Ecclesiam,
1541 5016 1567 5042 «
1603 4993 1776 5065 elegit
1808 5015 1836 5042 ››

173 5081 308 5138 dico
332 5099 504 5139 «eam
525 5082 584 5138 in
607 5081 1030 5139 habitationem
1055 5081 1229 5147 sibi,»
1265 5085 1328 5136 ut
1361 5099 1474 5137 non
1507 5081 1578 5137 ad
1609 5081 1836 5149 horam,

174 5172 280 5227 sed
313 5171 550 5228 assidue
580 5171 938 5229 inhabitaret
967 5189 1120 5228 eam.

251 5282 282 5312 «
313 5261 502 5335 Elegit
530 5283 559 5313 »
594 5261 834 5328 dico,ita
861 5261 1064 5317 dicens
1099 5279 1111 5316 :
1147 5283 1174 5309 «
1207 5261 1338 5315 Hmc
1365 5283 1390 5309 »
1423 5259 1645 5316 scilicet
1676 5260 1835 5327 Sion,

173 5354 267 5407 est
297 5373 324 5400 ‹‹
357 5349 588 5423 requies
621 5367 795 5407 mea»
829 5349 890 5406 in
922 5367 1042 5423 qua
1072 5349 1376 5422 requiesco
1409 5366 1422 5404 :
1457 5367 1570 5405 non
1605 5354 1835 5406 tantum

173 5439 236 5494 in
260 5437 371 5495 hac
391 5437 648 5507 vita,s'ed
683 5439 793 5494 «in
827 5437 1111 5496 seculum
1137 5461 1164 5488 »
1193 5438 1633 5492 subsecutivum
1659 5438 1839 5510 hujus

174 5551 205 5579 ‹‹
237 5527 439 5584 saeculi
473 5544 486 5584 :
520 5528 616 5584 hic
641 5545 654 5584 :
681 5552 704 5582 ι
743 5527 803 5584 id
835 5532 926 5586 est
954 5527 1015 5584 in
1046 5527 1157 5583 hac
1186 5526 1444 5582 Ecclesia
1481 5551 1508 5576 ‹‹
1540 5525 1836 5594 habitabo,

173 5617 459 5692 quoniam
489 5616 638 5690 elegi
670 5634 822 5674 eam.
857 5640 881 5670 ι

247 5731 277 5760 ‹‹
305 5706 560 5764 Viduam
591 5708 724 5781 ejus
757 5729 787 5759 »
818 5705 1113 5776 Ecclesiae,
1143 5706 1200 5762 id
1242 5711 1331 5764 est
1378 5706 1508 5764 illos
1557 5707 1657 5784 qui
1701 5712 1842 5766 sunt

497 5836 773 5903 ΡΑτιιοι.
819 5834 1023 5901 CXVI.

1943 3393 2138 3464 potius
2156 3392 2331 3465 elegit
2361 3395 2680 3452 fraternam
2711 3397 3084 3454 dilectionem
3117 3399 3602 3474 persuadere,qui

1942 3499 2071 3537 eam
2095 3499 2222 3553 quae
2236 3483 2490 3539 estinter
2500 3490 2726 3558 patrem
2752 3503 2819 3542 ac
2842 3485 3107 3558 tilios,vel
3121 3487 3378 3561 aliquem
3398 3488 3600 3561 talem,

1943 3570 2082 3642 quia
2102 3589 2170 3627 ea
2190 3589 2316 3644 qum
2339 3578 2427 3628 est
2455 3573 2608 3630 inter
2636 3575 3130 3643 fratres,maxima
3157 3582 3248 3634 est
3276 3577 3337 3632 in
3368 3576 3604 3650 equali-

1943 3665 2062 3715 tate
2087 3677 2100 3716 :
2129 3679 2243 3717 non
2271 3666 2508 3734 propter
2529 3663 2639 3718 hoc
2673 3665 2814 3720 dicit
2843 3665 3111 3722 habitare
3141 3666 3202 3722 in
3231 3657 3604 3740 unum,quod'

1945 3753 2179 3804 moneat
2208 3766 2314 3805 nos
2345 3751 2415 3806 ad
2450 3751 2694 3807 localem
2727 3753 2914 3809 solam
2945 3753 3606 3828 habitationem,quam~

1942 3837 2030 3892 vis
2053 3837 2229 3892 etiam
2253 3838 2472 3893 bonum
2497 3839 2572 3894 sit
2594 3840 2855 3897 localiter
2883 3842 3062 3896 simul
3093 3843 3490 3911 habitare,sed
3513 3842 3602 3898 in-

1944 3925 2226 3997 telligitin
2241 3944 2424 3980 unum
2451 3927 2715 3984 habitare
2737 3911 3034 4000 quoslﬁiet
3055 3930 3315 3986 diversos
3341 3945 3406 3987 ac
3422 3942 3606 3986 remo-

1942 4017 2056 4081 tos,
2090 4019 2147 4069 et
2173 4015 2349 4068 etiam
2383 4031 2664 4087 personas
2697 4033 2822 4088 qua:
2853 4034 2922 4074 ex
2951 4016 3199 4074 diversis
3229 4017 3440 4074 officiis
3473 4018 3599 4078 suis

1943 4101 2054 4156 sibi
2091 4103 2466 4159 subserviunt
2499 4104 2766 4172 invicem,
2802 4109 2859 4160 et
2889 4105 2959 4160 ad
2995 4105 3284 4162 unitatem
3327 4107 3600 4176 tendunt,

1944 4207 2010 4246 ac
2031 4189 2259 4244 vinculo
2282 4192 2414 4246 fidei
2445 4192 2711 4262 ejusdem
2735 4197 2791 4248 et
2811 4192 3146 4250 dilectionis
3167 4193 3422 4267 colligati
3439 4202 3598 4266 sunt,

1944 4283 2009 4334 ut
2031 4295 2144 4333 non
2167 4280 2324 4334 dicat
2345 4281 2533 4351 major
2553 4281 2795 4337 minori:
2816 4282 2942 4338 Non
2961 4299 3100 4356 egeo
3123 4281 3336 4339 auxilio
3351 4287 3451 4339 tuo
3467 4296 3480 4340 :
3497 4278 3608 4340 sed’

1943 4372 2110 4424 orent
2139 4367 2235 4424 alii
2265 4385 2370 4440 pro
2401 4369 2617 4436 aliis,et
2648 4370 2840 4427 caeteri
2871 4372 3142 4444 expleant
3170 4387 3279 4428 sua
3301 4384 3436 4429 cum
3465 4371 3605 4429 dileé'

1941 4458 2131 4514 ctione
2161 4458 2388 4514 officia:
2423 4463 2626 4530 pascat
2655 4459 2913 4533 rusticus
2943 4459 3524 4528 clericum,similiter
3544 4463 3605 4516 et

1943 4545 2041 4600 alii
2065 4547 2290 4603 debetis
2312 4546 2574 4603 habitare
2607 4546 2667 4602 in
2691 4547 3048 4619 unum,quia
3068 4571 3096 4598 ‹‹
3121 4549 3364 4618 bonum,
3383 4570 3410 4598 »
3432 4548 3495 4602 id
3513 4552 3606 4605 est:

1946 4635 2256 4707 utile,quia
2275 4635 2540 4708 exemplo
2569 4636 2716 4692 bene
2747 4636 3341 4704 habitantium,multi
3363 4636 3604 4709 capiunt

1945 4725 2059 4780 sibi
2082 4727 2459 4781 commodum
2481 4727 2644 4781 bona:
2677 4725 3144 4796 habitationis,et
3173 4749 3201 4778 «
3234 4741 3414 4799 quam
3446 4747 3474 4776 »
3506 4726 3604 4782 b0-

1947 4834 2090 4871 num
2103 4817 2232 4870 est?
2246 4815 2851 4886 Infinitequidemzuet
2863 4815 3604 4888 quamjucundumnsuave

1945 4911 2003 4962 et
2033 4903 2420 4960 delectabile?
2453 4904 2684 4960 Intinite
2717 4905 3009 4963 similiter.

2019 4997 2171 5050 Bene
2220 4994 2350 5049 dico
2391 4994 2729 5066 jucundum
2789 5011 2918 5052 esse
2975 4995 3242 5054 habitare
3291 4993 3502 5052 fratres
3539 4994 3604 5049 in‘

1948 5101 2154 5153 unum,
2187 5104 2208 5133 ι
2235 5084 2386 5138 sicut
2408 5088 2778 5155 unguentum
2801 5084 2860 5140 in
2884 5085 3095 5156 capite,
3118 5085 3272 5158 quod
3303 5081 3606 5140 descendit

1946 5175 2004 5229 in
2039 5175 2306 5238 barbam,
2337 5172 2580 5227 barbam
2615 5175 2828 5228 Aaron.
2865 5196 2893 5222 ››

2020 5286 2048 5312 ‹‹
2083 5262 2246 5328 Quod
2276 5284 2304 5312 »
2337 5260 2514 5316 etiam
2543 5284 2570 5310 α
2605 5261 2908 5316 descendit
2959 5261 3016 5317 in
3067 5269 3230 5319 oram
3264 5261 3601 5319 vestimenti

1946 5354 2134 5423 ejus.»
2166 5349 2456 5423 Unguenti
2488 5348 2935 5405 similitudinem
2967 5351 3210 5420 inducit,
3231 5351 3369 5423 quia
3397 5350 3457 5406 in
3489 5365 3599 5408 un-

1947 5446 2164 5515 guento
2189 5440 2441 5495 maxime
2464 5437 2788 5493 delectatur
2805 5445 2862 5494 et
2885 5440 3111 5496 fovetur
3130 5457 3285 5496 caro.
3309 5439 3390 5496 De
3407 5441 3608 5496 Aaron‘

1948 5532 2079 5586 ideo
2110 5529 2272 5594 dicit,
2289 5527 2428 5600 quia
2455 5527 2576 5600 ipse
2609 5526 2719 5582 fuit
2744 5528 2970 5599 primus
3003 5529 3284 5585 inunctus
3307 5527 3607 5600 sacerdos;

1949 5623 2122 5694 cujus
2153 5617 2350 5674 unctio
2383 5621 2500 5672 tam
2535 5615 2771 5689 copiosa
2802 5616 3093 5690 fuit,quod
3124 5618 3369 5676 deﬂuxit
3395 5618 3454 5674 in
3476 5618 3604 5675 bar-

1949 5714 2086 5772 bam
2118 5714 2177 5768 et
2204 5708 2265 5766 in
2296 5705 2576 5764 ulteriora
2600 5705 2967 5765 vestimenta.
2994 5707 3097 5767 Est
3126 5712 3324 5768 autem
3354 5705 3604 5787 σιγεῐίοκ

3195 5837 3274 5906 21
