3942 6372
162 450 283 508 653

1350 449 1845 511 EXI’LANA'I‘IO
1889 449 1965 508 IN
2011 449 2393 511 PSALMOS.

3460 452 3577 511 654

239 582 371 636 Ideo
403 581 580 636 etiam
612 582 836 637 debetis
868 582 1115 653 psallere
1146 582 1218 650 ei,
1254 606 1280 631 ‹‹
1312 583 1588 653 quoniam
1624 607 1646 636 ι
1692 583 1818 654 ipse
1844 584 1900 651 Α
1930 598 2057 636 cere
2086 582 2288 638 oculos
2318 582 2651 652 hominum,
2683 583 2783 656 qui
2816 589 2906 639 est
2934 600 3032 639 rex
3060 584 3328 641 omnium
3358 588 3578 643 amari-

159 694 187 719 ‹‹
227 669 513 727 Dominus
542 669 717 741 elegit
742 672 944 739 Jacob,
986 695 1009 719 n
1042 671 1097 725 id
1145 676 1254 741 est,
1288 672 1633 727 luctatorem
1683 689 1816 726 eon-

156 763 251 814 tra
279 758 395 814 vita
427 782 454 807 ‹‹
489 759 547 813 in
580 759 1010 830 possessionem
1044 760 1178 826 sibi,
1216 784 1241 807 ››
1276 760 1515 825 scilicet,
1538 760 1816 815 utomuia

157 848 689 917 cumjucunditate
720 847 1134 919 possideantur
1163 866 1197 903 a
1245 849 1382 903 Deo.
1416 848 1516 903 Vel
1550 872 1577 897 ‹‹
1614 848 1745 915 sibi,
1787 872 1813 896 ››

153 937 270 991 hoc
300 941 409 1004 est,
443 936 516 991 ad
561 936 863 993 servitium
896 955 1111 993 suum:
1152 961 1173 987 σι
1213 937 1385 992 Israel
1426 962 1450 985 ››
1501 943 1718 1005 autem,
1756 938 1811 992 id

152 1030 265 1093 est,
293 1025 484 1080 virum
514 1025 809 1081 videntem
842 1026 1026 1081 Deum
1059 1027 1203 1081 facie
1251 1028 1322 1081 ad
1358 1027 1584 1093 faciem,
1621 1027 1677 1080 in
1712 1027 1813 1081 illa

149 1114 275 1168 vita
306 1114 505 1186 elegit,
537 1132 652 1170 non
688 1119 751 1170 ut
790 1116 919 1185 jam
971 1114 1227 1170 luctetur
1273 1121 1475 1170 contra
1514 1116 1674 1186 vitia,
1709 1116 1827 1180 sed.

148 1203 213 1257 in
246 1203 677 1275 possessionem
710 1203 845 1272 sibi,
873 1204 929 1258 id
964 1209 1071 1272 est,
1106 1208 1171 1259 ut
1197 1222 1331 1260 eum
1365 1222 1564 1260 secum
1588 1204 1644 1258 in
1665 1220 1809 1275 gau-

151 1292 251 1348 dio
283 1291 540 1364 positum
570 1293 887 1365 possideat.

226 1382 360 1437 Ideo
409 1381 584 1436 etiam
634 1381 887 1450 laudate,
923 1382 1062 1454 quia
1098 1405 1123 1431 η
1177 1383 1300 1453 ipse
1331 1407 1356 1431 α
1394 1382 1679 1438 Dominus
1719 1387 1809 1436 est

150 1487 428 1542 magnus,
448 1494 475 1519 ››
504 1471 560 1524 id
592 1476 681 1525 est
711 1470 1116 1543 omnipotens:
1139 1477 1195 1526 et
1226 1472 1334 1526 hoc
1363 1473 1519 1543 quod
1556 1487 1808 1541 magnus

147 1559 230 1614 sit
261 1559 496 1625 credite,
529 1559 671 1631 quia
703 1582 731 1610 ‹‹
763 1577 868 1632 ego
901 1560 1141 1631 cognovi
1178 1584 1203 1609 »
1237 1578 1339 1632 per
1370 1561 1652 1633 Spiritum
1678 1578 1808 1616 san-

145 1653 316 1703 ctum
351 1665 364 1704 :
400 1671 427 1699 «
461 1652 520 1703 et
547 1670 577 1697 »
608 1648 733 1719 ipse
764 1649 918 1704 idem
951 1673 977 1698 ‹‹
1016 1650 1170 1705 Deus
1203 1654 1401 1705 noster
1434 1672 1460 1697 »
1490 1654 1579 1703 est
1618 1673 1645 1699 «
1690 1667 1804 1721 prae

142 1737 430 1792 omnibus
459 1735 571 1791 diis
605 1760 633 1786 ››
674 1754 821 1810 quos
869 1737 995 1809 ipse
1045 1738 1397 1796 mdiﬁcavit:
1446 1756 1561 1793 non
1611 1738 1803 1794 solum

142 1824 313 1882 falsis
346 1825 459 1882 diis
488 1825 774 1898 gentium,
808 1826 926 1881 imo
959 1826 1104 1899 ipsis
1148 1827 1374 1899 angelis
1403 1832 1460 1883 et
1500 1828 1632 1882 aliis
1664 1828 1800 1883 diis.

217 1915 289 1969 Et
314 1930 447 1970 vere
494 1914 621 1988 ipse
670 1920 761 1971 est
809 1932 925 1986 prae
979 1915 1255 1970 omnibus
1307 1916 1423 1971 illis
1470 1916 1604 1984 diis,
1662 1917 1802 1989 quia

135 2002 346 2059 omnia
382 2020 747 2076 quaecunque
778 2003 980 2072 voluit,
1013 2004 1149 2059 fecit
1180 2004 1236 2059 in
1270 2005 1413 2060 caelo
1444 2009 1501 2060 et
1532 2006 1589 2060 in
1621 2010 1796 2070 terra,

132 2097 199 2147 et
228 2092 289 2147 in
321 2093 469 2149 mari
503 2115 531 2142 »
562 2092 876 2166 navigabili
909 2098 965 2148 et
992 2094 1416 2161 transmeabili,
1450 2118 1477 2145 ‹‹
1512 2099 1569 2149 et
1608 2096 1796 2150 omni-

132 2183 256 2237 bus
280 2182 531 2254 abyssis,
570 2204 599 2231 ››
628 2181 782 2238 sicut
811 2182 872 2237 in
904 2182 1153 2239 Oceano.

210 2269 480 2325 Ostendit
508 2272 777 2341 quaedam
792 2270 1237 2343 mirabilia,quze
1252 2271 1377 2344 ipse
1393 2272 1596 2327 fecitin
1613 2278 1793 2329 terra:

130 2362 196 2413 ct
218 2359 327 2413 hoc
349 2358 593 2430 scilicet,
621 2382 649 2410 «
671 2361 939 2415 Educens
962 2361 1148 2416 nubes
1170 2362 1240 2416 ab
1264 2366 1520 2417 extremo
1546 2367 1740 2417 terra):
1769 2386 1795 2412 υ

132 2448 263 2502 hzec
294 2448 495 2503 omnia
523 2449 594 2504 ad
627 2448 882 2503 litteram
914 2466 1235 2520 possumus
1265 2450 1475 2523 legere,
1514 2456 1707 2506 tamen
1738 2457 1796 2507 et

132 2535 448 2608 allegorice
471 2536 768 2610 leguntur,
783 2538 937 2592 sicut
959 2539 1165 2606 nubes,
1184 2539 1239 2593 id
1266 2544 1377 2603 est,
1394 2544 1626 2594 sanctos
1644 2558 1759 2613 prce
1773 2571 1795 2582 -

135 2625 430 2679 dicatores
462 2626 663 2681 eduxit
691 2626 763 2680 ab
790 2630 1049 2682 extremo
1080 2631 1265 2695 terra},
1301 2628 1357 2681 id
1390 2633 1497 2694 est,
1533 2628 1604 2683 de
1642 2628 1795 2683 vilis-

134 2714 293 2769 simo
322 2730 531 2786 genere
558 2713 736 2786 hujus
769 2714 963 2770 szeeuli
996 2739 1021 2765 ‹‹
1049 2716 1202 2771 sicut
1230 2718 1407 2771 Amos
1430 2717 1794 2787 prophetade

133 2802 411 2858 custodia
438 2802 765 2858 bidentium
796 2803 908 2858 fuit
940 2808 1235 2875 acceptus,
1271 2809 1327 2858 et
1351 2805 1574 2870 Petrus,
1607 2811 1664 2859 et
1694 2805 1791 2860 alii

131 2892 361 2965 plures,
398 2914 426 2941 ››
458 2892 542 2947 sic
572 2896 632 2947 et
662 2916 689 2942 ‹‹
725 2890 981 2964 fulgura,
1015 2915 1042 2942 ››
1076 2893 1133 2947 id
1165 2896 1273 2960 est,
1307 2893 1793 2949 comminationes

130 2979 572 3053 praedicationis
613 2997 816 3035 eorum
861 3002 890 3029 «
924 2981 983 3034 in
1028 2979 1287 3051 pluviam
1337 2981 1495 3049 fecit,
1531 3004 1557 3029 ››
1591 2982 1647 3036 id
1679 2986 1788 3047 est,

127 3069 591 3125 fructiﬁcantem
641 3067 992 3137 doctrinam,
1038 3073 1326 3140 quantum
1377 3070 1449 3124 ad
1500 3070 1652 3138 illos,
1687 3070 1788 3141 qui

126 3160 281 3215 bene
312 3156 642 3213 doctrinam
672 3156 908 3212 illorum
940 3162 1304 3230 receperunt.

203 3247 305 3303 Ille
335 3246 458 3302 haec
486 3245 640 3313 fecit,
661 3268 688 3295 ‹‹
725 3244 827 3316 qui
860 3246 1131 3317 producit
1159 3252 1422 3314 ventos,»
1461 3248 1518 3302 id
1540 3252 1786 3315 est,san-

126 3342 256 3392 ctos
304 3334 627 3408 apostolos,
677 3334 960 3391 citissime
1021 3336 1395 3392 decurrentes
1444 3354 1548 3409 per
1595 3342 1782 3393 totum
1815 3318 1858 3384 Ο

128 3425 445 3492 mundum,
481 3447 508 3474 ι(
543 3424 614 3479 de
646 3423 942 3479 thesauris
974 3424 1119 3492 suis,
1149 3447 1175 3473 ››
1207 3425 1267 3479 id
1298 3430 1406 3494 est,
1442 3427 1511 3481 de
1543 3426 1790 3498 plenitu-

128 3515 274 3570 dine
306 3512 605 3585 sapientiee
636 3517 692 3568 et
723 3513 977 3568 scientiae
1011 3514 1226 3585 quibus
1273 3514 1592 3586 repleverat
1640 3532 1739 3572 eos
1773 3533 1786 3572 :

129 3627 159 3653 ‹‹
199 3601 303 3674 qui
330 3602 621 3674 percussit
650 3601 1060 3675 primogenita,
1099 3625 1125 3651 ››
1156 3601 1215 3657 id
1265 3608 1373 3670 est,
1407 3608 1643 3676 peccata
1682 3605 1793 3660 ori-

131 3689 379 3763 ginalis,
414 3713 443 3741 «
473 3690 722 3764 Egypti,
758 3712 785 3739 ››
821 3690 878 3746 id
912 3696 1019 3761 est,
1053 3691 1240 3762 ipsius
1267 3692 1495 3763 mundi,
1531 3694 1671 3765 quia
1696 3693 1791 3749 hic

134 3779 400 3835 mundus
452 3779 512 3834 in
542 3778 799 3835 tenebris
829 3779 1173 3853 ignorantia:
1206 3799 1436 3853 semper
1479 3783 1742 3838 constitit
1776 3799 1788 3838 :

135 3874 196 3923 et
226 3867 337 3923 hoc
369 3890 397 3918 «
432 3867 505 3923 ab
536 3867 793 3935 homine,
832 3890 859 3917 ››
887 3869 945 3925 id
978 3874 1090 3937 est,
1122 3869 1452 3926 rationabili
1486 3875 1542 3926 et
1566 3871 1796 3943 sapien~

136 3962 216 4025 te,
252 3979 280 4006 ‹‹
313 3972 503 4028 usque
533 3957 604 4011 ad
648 3973 848 4029 pecus,
883 3982 905 4010 ι
962 3957 1021 4012 id
1073 3963 1184 4024 est,
1236 3976 1423 4031 usque
1472 3960 1544 4015 ad
1590 3960 1794 4015 brutos

134 4045 410 4101 homines
445 4061 459 4100 :
495 4045 632 4117 quia
660 4050 717 4101 et
745 4046 805 4101 in
833 4047 1219 4119 sapientibus,
1258 4053 1315 4102 et
1360 4048 1417 4102 in
1451 4046 1584 4102 aliis
1614 4047 1793 4103 inter-

133 4133 275 4190 fecit
303 4133 613 4206 originalia
642 4139 881 4207 peccata
912 4152 1014 4207 per
1044 4153 1229 4207 aquas
1254 4134 1559 4206 baptismi.

208 4246 238 4274 «
271 4224 342 4278 Et
363 4222 526 4280 misit
554 4222 743 4296 signa,
780 4245 808 4273 »
840 4224 897 4278 id
930 4228 1038 4289 est,
1074 4224 1303 4279 minora
1335 4222 1638 4291 miracula,
1674 4247 1700 4274 ‹‹
1736 4228 1796 4280 et

132 4311 427 4386 prodigia,
462 4334 491 4361 ››
522 4311 581 4367 id
612 4316 721 4378 est,
738 4313 964 4383 majora
994 4336 1021 4361 ‹‹
1056 4312 1116 4367 in
1150 4312 1341 4368 medio
1364 4312 1471 4383 tui,
1496 4313 1795 4385 ngypte,»

135 4402 197 4457 id
232 4405 342 4470 est,
361 4400 422 4457 in
454 4401 646 4457 medio
668 4401 896 4457 mundi.
913 4425 940 4452 ‹‹
962 4402 1025 4457 In
1045 4402 1257 4473 medio,
1281 4425 1308 4450 ››
1327 4402 1466 4474 quia
1486 4403 1799 4457 manifesta

135 4493 383 4547 fuerunt
410 4489 725 4546 omnibus:
763 4490 928 4547 misit
954 4490 1083 4547 dico
1116 4515 1142 4541 ‹‹
1179 4491 1237 4545 in
1271 4491 1655 4557 Pharaonem,
1688 4513 1715 4539 »
1740 4490 1798 4545 id

135 4584 249 4646 est,
284 4582 490 4635 contra
520 4578 907 4647 Pharaonem,
942 4580 1000 4633 id
1034 4584 1147 4648 est,
1179 4580 1616 4653 dissipatorem,
1649 4580 1801 4635 scili-

1927 671 2189 725 cautium
2223 671 2279 725 in
2313 672 2569 744 peccatis
2600 673 2772 728 istius
2804 673 2929 728 vita:
2964 690 2978 729 :
3013 698 3041 723 «
3075 679 3133 729 et
3171 696 3197 724 ιι
3232 675 3407 731 etiam
3442 693 3577 748 per-

1926 760 2113 814 cns.~it
2142 786 2167 809 ‹‹
2188 762 2273 832 0g
2306 778 2503 833 regem
2536 763 2783 816 Basan.»
2812 764 2897 835 0g
2918 762 3335 834 interpretatur
3353 766 3574 821 conclu-

1921 850 2023 914 sio,
2064 850 2246 903 llasan
2262 853 2546 921 ron/asia:
2576 868 2680 923 per
2694 850 3570 924 hocintelligemusdaamonem,

1922 939 2020 1009 qui
2050 939 2347 994 concludit
2376 941 2653 996 confusos
2684 940 2743 996 in
2776 945 3035 1013 peccato,
3058 956 3129 996 ne
3156 940 3310 997 viam
3340 942 3574 999 valeant

1919 1026 2182 1082 invenire
2225 1028 2482 1084 salutis:
2534 1052 2562 1079 «
2624 1034 2680 1085 et
2730 1029 2930 1085 omnia
2977 1047 3159 1103 regna
3207 1030 3504 1087 Chanaan.
3539 1054 3569 1082 »

1920 1114 2195 1170 Chanaan
2226 1116 2510 1171 descensus
2543 1118 2979 1190 interpretatur,
3000 1123 3058 1173 et
3087 1136 3190 1190 per
3214 1118 3323 1175 hoc
3352 1118 3569 1176 intelli-

1919 1203 2117 1273 gimus
2148 1222 2247 1259 eos
2277 1204 2375 1276 qui
2405 1205 2702 1261 declinant
2732 1207 2804 1260 de
2835 1207 2986 1261 bono
3017 1207 3090 1261 ad
3123 1206 3367 1263 malum.

1991 1314 2018 1340 «
2056 1293 2124 1346 Et
2154 1297 2370 1347 terram
2406 1310 2607 1348 eorum
2642 1294 3063 1364 haereditatem,
3101 1318 3129 1345 »
3161 1295 3218 1350 id
3250 1298 3569 1367 est,ecnles-

1920 1383 2037 1433 tam
2072 1381 2344 1451 patriam,
2378 1399 2557 1453 quam
2591 1400 2693 1454 per
2723 1400 2890 1438 suam
2926 1385 3262 1456 superbiam
3294 1388 3566 1457 perdide-

1918 1472 2055 1521 runt
2085 1470 2401 1536 dmmones,
2438 1494 2463 1519 ‹‹
2499 1471 2661 1526 dedit
2708 1471 3109 1526 hmreditatem
3158 1473 3335 1528 Israel
3372 1496 3399 1521 ››
3448 1492 3565 1529 non

1916 1555 2246 1629 cuicunque
2280 1558 2477 1625 Israel,
2511 1560 2611 1614 sed
2648 1582 2674 1609 ‹‹
2707 1559 2923 1631 populo
2954 1576 3083 1616 suo.
3109 1583 3137 1610 ››

1986 1646 2056 1699 Et
2085 1647 2226 1718 quia
2277 1647 2397 1703 haec
2444 1648 2644 1703 omnia
2691 1648 2903 1717 fecisti,
2954 1665 2987 1703 ο
3031 1648 3297 1719 Domine,
3350 1668 3564 1707 nomen

1913 1735 2105 1801 tuum,
2144 1757 2171 1783 ››
2205 1735 2261 1789 id
2293 1740 2401 1803 est,
2436 1736 2594 1792 fama
2624 1740 2681 1792 et
2728 1736 2859 1793 laus
2908 1741 3010 1793 tua
3055 1737 3166 1794 erit
3214 1762 3241 1789 ‹‹
3276 1740 3337 1794 in
3390 1745 3562 1797 aster-

1913 1838 2055 1876 num
2083 1840 2096 1890 ;
2129 1826 2186 1877 et
2219 1823 2559 1879 memoriale
2592 1829 2786 1894 tuum,
2820 1848 2849 1875 ››
2897 1825 2955 1881 id
3005 1830 3114 1894 est,
3147 1828 3323 1883 verba
3370 1831 3493 1898 tua,
3525 1846 3559 1884 ο

1910 1910 2176 1978 Domine,
2210 1930 2335 1983 qua:
2367 1914 2438 1967 de
2473 1918 2525 1967 te
2567 1919 2893 1985 suggerunt
2936 1915 3106 1970 nobis
3156 1932 3389 1988 semper
3435 1934 3557 1973 me-

1911 1999 2181 2071 moriam,
2215 2002 2323 2055 erit
2356 2024 2381 2050 ‹‹
2420 2000 2479 2055 in
2511 2002 2884 2074 generatione
2926 2008 2985 2059 et
3032 2004 3491 2077 generationem,
3525 2029 3555 2056 »

1909 2088 1966 2142 id
2019 2093 2128 2158 est,
2162 2106 2351 2161 usque
2401 2090 2473 2145 ad
2521 2090 2678 2145 diem
2729 2095 3035 2161 aeternum,
3069 2092 3210 2164 quia
3255 2093 3468 2149 ccelum
3499 2099 3558 2151 et

1906 2182 2062 2232 terra
2091 2178 2449 2246 transibunt,
2481 2180 2657 2234 verba
2686 2184 2882 2236 autem
2914 2186 3017 2236 tua
3042 2198 3157 2237 non
3195 2184 3552 2239 transibunt.

1979 2266 2104 2320 Non
2128 2260 2509 2333 transient,et
2532 2267 2639 2322 hoc
2661 2268 2771 2322 erit
2794 2269 3133 2325 memoriale
3162 2270 3222 2325 in
3247 2275 3552 2339 aeternum,

1908 2378 1933 2401 ‹‹
1971 2354 2109 2425 quia
2131 2355 2421 2426 judicabit
2452 2356 2748 2411 Dominus
2774 2379 2800 2405 ››
2833 2359 3175 2414 excaecando
3211 2382 3239 2408 «
3269 2360 3582 2432 populum'

1907 2460 2082 2497 suum
2118 2467 2144 2491 ››
2168 2444 2333 2514 justo
2356 2443 2583 2515 judicio
2607 2462 2735 2513 suo,
2760 2468 2787 2495 ‹‹
2821 2448 2878 2500 et
2908 2446 2968 2501 in
3002 2446 3184 2503 servis
3213 2447 3338 2503 suis
3362 2471 3391 2498 ››
3421 2450 3557 2504 ﬁde-

1906 2530 2061 2607 libus
2093 2532 2227 2599 sibi,
2254 2556 2280 2580 ‹‹
2302 2533 2713 2605 deprecabitur
2746 2556 2773 2582 ››
2805 2534 2861 2588 id
2894 2536 3405 2607 est,deprecabilis
3420 2538 3551 2594 erit.

1968 2604 2003 2669 ἶ(
2040 2619 2426 2675 Simulacra.»
2454 2622 2593 2676 Pars
2626 2623 2903 2677 secunda.
2919 2622 3555 2682 Continuatio:Tantus

1862 2702 1875 2715 ⁸
1903 2712 1994 2762 est
2025 2709 2178 2763 Deus
2210 2714 2427 2775 noster,
2462 2710 2561 2780 qui
2594 2715 2756 2765 tanta
2787 2710 3080 2766 mirabilia
3109 2713 3267 2782 facit,
3286 2715 3387 2769 sed
3421 2738 3446 2763 (ι
3481 2715 3557 2771 si-

1904 2795 2167 2851 mulacra
2209 2797 2474 2868 gentium
2510 2820 2537 2847 »
2589 2797 2698 2853 hoc
2742 2816 2857 2853 non
2907 2804 3175 2869 possunt,
3226 2801 3366 2871 quia
3412 2807 3555 2858 sunt

1903 2907 1930 2933 ‹‹
1965 2902 2177 2939 aurum
2209 2890 2267 2939 et
2295 2890 2626 2956 argentum.
2660 2902 2839 2956 opera
2866 2903 3154 2941 manuum
3171 2886 3550 2955 hominum;»

1901 2972 1960 3026 in
1993 2990 2108 3044 quo
2138 2972 2305 3028 stulti
2337 2978 2620 3045 apparent
2640 2974 2739 3045 qui
2772 2991 2839 3029 ea
2869 2973 3090 3045 colunt,
3118 2979 3175 3031 et
3203 2976 3374 3047 quasi
3395 2993 3552 3035 crea-

1899 3065 2083 3117 torem
2116 3066 2487 3125 venerantur,
2520 3078 2647 3133 qua:
2680 3066 2875 3117 tamen
2907 3067 2965 3118 et
2992 3063 3105 3135 ipsi
3137 3064 3544 3122 condiderunt.

1973 3172 2001 3201 ‹‹
2032 3151 2108 3206 Os
2140 3150 2389 3218 habent;
2423 3154 2479 3205 et
2518 3168 2635 3207 non
2685 3150 3024 3223 loquentur,
3055 3151 3255 3209 oculos
3303 3153 3545 3224 habent,

1896 3244 1953 3294 et
1985 3257 2100 3296 non
2131 3240 2432 3295 videbunt.
2470 3261 2499 3288 ››

1972 3353 1999 3379 ‹‹
2034 3334 2219 3385 Aures
2250 3329 2469 3385 habent
2496 3334 2553 3384 et
2585 3347 2698 3385 non
2726 3330 2986 3400 audient,
3006 3354 3034 3382 »
3066 3336 3131 3388 ut
3162 3349 3345 3405 supra
3373 3350 3546 3407 expo-

1899 3419 2153 3486 suimus,
2178 3441 2206 3467 ‹‹
2242 3418 2305 3473 In
2336 3418 2491 3474 exitu
2524 3418 2724 3474 Israel.
2762 3443 2789 3469 ››
2824 3420 2956 3477 Ideo
2988 3420 3111 3476 haec
3155 3421 3550 3479 instrumenta

1899 3524 2015 3562 non
2058 3511 2459 3579 exsequuntur
2502 3507 2717 3577 officia,
2769 3508 2909 3581 quia
2963 3529 2991 3563 α
3037 3527 3226 3583 neque
3273 3512 3431 3568 enim
3461 3516 3551 3569 est

1900 3597 2155 3669 Spiritus
2190 3620 2218 3646 ››
2249 3600 2490 3653 sanctus
2526 3617 2553 3649 α
2583 3597 2645 3652 in
2676 3614 2774 3655 ore
2804 3598 3088 3671 ipsorum.
3127 3623 3156 3649 υ

1978 3708 2000 3739 ι
2036 3686 2271 3743 Similes
2322 3686 2445 3743 illis
2501 3687 2647 3742 ﬁant
2690 3688 2790 3760 qui
2837 3689 3063 3745 faciunt
3099 3706 3187 3758 ea,
3219 3694 3277 3747 et
3309 3712 3337 3741 »ι
3370 3692 3549 3749 etiam

1904 3798 1932 3827 (ι
1964 3793 2167 3832 omnes
2198 3776 2300 3847 qui
2324 3776 2630 3831 confidunt
2658 3776 2717 3831 in
2740 3777 2845 3832 eis.
2878 3799 2908 3827 »

1974 3889 2001 3914 «
2037 3866 2260 3921 Domus
2292 3864 2494 3933 Israel,
2524 3865 2866 3921 benedicite.
2908 3888 2929 3915 ι
2966 3866 3095 3923 Haec
3126 3867 3403 3939 przedicta
3420 3884 3547 3924 eve-

1904 3955 2070 4009 niant
2101 3954 2217 4009 illis
2250 3954 2350 4024 qui
2384 3953 2586 4008 colunt
2617 3952 2793 4021 idola,
2829 3955 2929 4009 sed
2972 3977 3001 4005 ‹‹
3032 3956 3245 4011 domus
3296 3956 3494 4024 Israel,
3524 3978 3554 4010 ι

1902 4060 2003 4098 vos
2027 4066 2054 4093 ‹‹
2089 4041 2413 4097 benedicite
2444 4041 2713 4109 Domino,
2750 4064 2778 4091 »
2810 4042 3056 4111 scilicet,
3087 4045 3421 4101 communis
3450 4047 3556 4101 Ec-

1904 4130 2181 4187 clesiazet
2214 4146 2592 4185 communem
2622 4129 2942 4186 Ecclesiam
2968 4132 3175 4187 dividit
3202 4149 3307 4204 per
3338 4138 3555 4206 partes,

1905 4221 2129 4276 addens
2164 4236 2177 4273 :
2211 4223 2268 4273 et
2299 4219 2480 4274 etiam
2515 4241 2542 4268 «
2572 4220 2786 4274 domus
2817 4220 3032 4289 Aaron,
3066 4242 3094 4271 ››
3126 4221 3184 4277 id
3215 4225 3323 4291 est,
3352 4222 3559 4278 collec-

1905 4309 1986 4365 tio
2018 4309 2411 4376 sacerdotum,
2446 4331 2473 4358 «
2504 4307 2851 4381 benedicite,
2884 4309 3152 4366 Domino.
3190 4333 3220 4360 »

1979 4423 2006 4449 ‹‹
2041 4400 2112 4453 Et
2140 4398 2315 4453 etiam
2350 4399 2564 4454 domus
2598 4397 2750 4467 Levi,
2786 4420 2815 4448 ››
2848 4398 2907 4453 id
2940 4403 3048 4467 est,
3073 4399 3335 4456 collectio
3366 4400 3568 4457 minis-

1910 4493 2157 4556 trorum,
2196 4510 2217 4537 α
2255 4486 2581 4544 benedicite
2611 4487 2878 4542 Domino.
2916 4509 2943 4536 »
2976 4487 3125 4553 Quid
3157 4506 3260 4561 per
3288 4488 3568 4562 singula?

1907 4578 2025 4634 Vos
2056 4594 2261 4633 omnes
2293 4600 2320 4626 ‹‹
2350 4574 2450 4648 qui
2477 4576 2698 4631 timetis
2730 4576 3069 4649 Dominum,
3102 4578 3425 4635 benedicite
3456 4580 3566 4636 Do-

137 4672 235 4724 cet
263 4666 564 4724 diabolum
597 4691 623 4718 ‹‹
658 4673 716 4723 et
746 4685 952 4725 omnes
985 4686 1182 4724 servos
1212 4670 1365 4740 ejus,
1402 4691 1428 4717 ››
1462 4670 1517 4723 id
1553 4674 1662 4738 est,
1692 4668 1800 4724 mi-
1832 4686 1880 4751 D
1911 4668 2091 4723 mino.
2130 4690 2157 4716 ››

140 4757 365 4813 nistros
395 4757 545 4827 ejus,
564 4757 789 4813 scilicet
820 4757 1077 4812 minores
1109 4757 1551 4829 diabolos,quia
1581 4776 1683 4829 per
1704 4758 1805 4813 illa

140 4846 318 4918 signa
349 4849 490 4901 sunt
519 4845 763 4917 quidam
795 4844 974 4901 ablati
998 4847 1069 4902 de
1100 4851 1387 4917 potestate
1419 4846 1658 4902 diaboli.

218 4933 317 4989 Ille
347 4932 511 4989 misit
539 4934 684 5006 «qui
717 4935 1007 5007 percussit
1036 4940 1238 5007 gentes
1271 4936 1513 5007 multas,
1543 4960 1568 4985 ››
1601 4937 1659 4990 id
1692 4941 1800 5007 est,

141 5021 593 5078 multitudinem
623 5023 925 5093 vitiorum,
961 5048 988 5073 ‹‹
1018 5030 1075 5080 et
1108 5023 1321 5079 occidit
1351 5042 1517 5097 reges
1548 5025 1747 5091 fortes,
1778 5049 1803 5075 ι)

138 5112 202 5167 id
236 5114 326 5167 est
374 5112 692 5185 daemones,
725 5117 782 5168 et
830 5112 1075 5178 abstulit
1121 5113 1206 5169 eis
1258 5118 1648 5184 potestantem
1701 5132 1801 5171 eo-

141 5217 277 5256 rum
306 5218 319 5270 ;
354 5201 554 5269 fortes,
586 5201 727 5273 quia
758 5205 1023 5275 potentes
1053 5207 1218 5258 erant
1264 5202 1563 5275 impellere
1611 5204 1802 5259 homi-

140 5306 250 5346 nes
276 5288 349 5344 ad
382 5288 643 5345 facinora
673 5307 908 5363 magna.

217 5378 336 5433 Hos
358 5377 581 5434 scilicet
602 5396 789 5452 reges,
805 5402 832 5429 «
853 5380 1002 5435 Seon
1038 5396 1233 5452 regem
1256 5381 1747 5438 Amorrhmorum.
1775 5406 1802 5433 ››

145 5467 298 5523 Seon
322 5467 744 5539 interpretatur
765 5471 988 5525 tenlalio
1009 5471 1288 5524 oculorum
1308 5489 1327 5524 :
1351 5470 1621 5525 diabolus
1640 5490 1806 5527 nam-

147 5572 264 5628 que
289 5556 674 5611 transformat
703 5574 766 5613 se
796 5557 857 5611 in
888 5557 1165 5630 angelum
1196 5558 1364 5627 lueis,
1398 5564 1455 5613 et
1486 5576 1587 5630 per
1626 5559 1807 5632 hypo-

150 5646 354 5701 crisim
377 5645 596 5717 decipit
615 5645 884 5702 homines
906 5664 919 5702 :
944 5648 1660 5719 Amorrhazi,amuricantes
1674 5669 1691 5703 :
1709 5669 1812 5723 per

152 5736 307 5792 Seon
339 5734 667 5792 daemonem
699 5733 867 5792 illum
892 5734 1300 5809 intelligimus,
1321 5737 1421 5813 qui
1446 5741 1630 5795 tentat
1645 5741 1813 5797 sedu-

1986 4757 2192 4811 Moneo
2228 4773 2329 4810 vos
2360 4755 2507 4810 alios
2527 4756 2890 4823 benedicere,
2922 4759 2979 4810 et
3009 4773 3115 4829 ego
3145 4773 3213 4813 ex
3244 4761 3407 4830 parte
3436 4774 3570 4814 mea

1915 4845 2499 4913 benedicam,dicens
2532 4845 2649 4900 sic:
2690 4868 2710 4895 α
2750 4845 3097 4901 Benedictus
3127 4846 3413 4903 Dominus
3438 4852 3569 4903 aest

1916 4936 2070 4991 idem
2103 4935 2202 5007 qui
2237 4940 2412 4989 natus
2442 4939 2533 4990 est
2569 4957 2590 4984 α
2627 4952 2693 4989 ex
2723 4934 2857 4991 Sion
2896 4959 2918 4987 ι
2956 4940 3014 4990 et
3043 4959 3070 4985 ‹‹
3106 4936 3205 5007 qui
3249 4935 3477 4992 habitat
3506 4936 3567 4992 in

1918 5024 2300 5091 Hierusalem,
2339 5048 2360 5075 ι
2400 5024 2459 5078 id
2492 5028 2602 5094 est,
2635 5024 2697 5078 in
2726 5024 2961 5080 Visione
2991 5026 3174 5097 pacis.
3205 5023 3474 5081 Alleluia.

2364 5168 2436 5222 IN
2480 5167 2827 5222 PSALMUM
2876 5166 3127 5223 CXXXV.

2441 5265 2700 5322 TITULUS
2734 5281 2748 5320 :
2783 5265 3042 5322 Alleluia.

1993 5407 2019 5433 ‹‹
2052 5382 2427 5438 Conﬁtemini
2460 5381 2726 5437 Domina.
2755 5404 2782 5429 ››
2802 5381 2904 5437 Hic
2936 5382 3223 5455 Propheta
3250 5382 3428 5439 habet
3455 5400 3576 5442 ma-

1920 5474 2123 5529 teriam
2161 5470 2623 5526 misericordiam
2669 5470 2903 5524 Domini
2936 5487 2949 5526 :
2982 5477 3039 5526 et
3085 5471 3144 5526 in
3190 5472 3381 5544 prima
3408 5477 3572 5546 parte

1919 5562 2176 5618 ostendit
2209 5559 2555 5632 potentiam,
2573 5558 2813 5629 scilicet,
2828 5576 2963 5614 eum
2985 5577 3089 5631 per
3107 5560 3573 5619 misericordiam

1921 5669 2091 5709 suam
2126 5650 2306 5706 totius
2346 5646 2553 5703 mundi
2604 5649 2956 5703 creationem
3006 5650 3232 5722 fecisse,
3264 5653 3575 5725 prmposita

1921 5741 2321 5802 admonitione
2354 5737 2571 5796 laudis.
2608 5738 2671 5795 In
2705 5739 2964 5799 secunda
2990 5745 3175 5822 parte,
3195 5759 3321 5817 quae
3343 5741 3583 5820 incipit;
