3942 6380
377 464 496 526 ϐὕῦ

750 462 1158 525 HAYMONIS
1204 464 1745 524 IIALBERSTAT.
1793 461 2036 523 EPISC.
2086 460 2258 522 OPP.
2308 462 2506 522 PARS
2554 460 2600 521 I.
2650 496 2727 505 —-
2772 460 3178 523 COMMENT.
3226 461 3423 522 BIBL.

3670 459 3792 518 656

380 622 409 651 ‹‹
434 597 541 665 Qui
565 578 1254 672 percussitzEgyptum,»
1278 596 1536 654 ostendit
1556 600 1811 669 quantas
1833 565 2029 651 Do'mi-
2060 596 2117 664 Α
2145 596 2289 651 dum
2324 595 2502 651 istum
2540 616 2567 647 α
2596 612 2731 651 cum
2764 595 3193 669 primogenitis,
3227 618 3255 647 »
3288 594 3345 650 id
3378 598 3487 667 est,
3519 610 3654 650 cum
3677 595 3798 650 ori-

381 704 495 744 rms
527 686 959 742 misericordias
993 686 1127 742 fecit
1160 687 1478 742 Israelitico
1506 686 1823 759 populo.ln
1845 686 2034 753 tertia,

381 792 508 850 qua:
542 775 749 848 incipit
780 793 792 829 :
830 800 856 825 «
894 776 964 830 Et
1008 776 1168 831 dedit
1201 781 1417 831 terram
1468 793 1671 832 eorum
1724 776 2038 830 hieredita-

381 871 521 934 tem,
548 888 576 915 ››
609 865 867 921 ostendit
898 883 1025 938 quze
1058 866 1341 921 beneﬁcia
1376 868 1475 920 ﬁat
1506 865 1787 921 Dominus
1823 864 2038 938 populo

381 954 714 1011 Christiano
749 972 761 1010 :
796 959 853 1011 et
883 973 986 1027 per
1016 956 1137 1011 haec
1169 956 1369 1012 omnia
1407 955 1660 1010 intendit
1691 954 1860 1010 nobis
1910 972 2039 1026 per-

382 1045 628 1100 suadere
652 1042 887 1099 alleluia
917 1046 1278 1100 cantandum
1313 1062 1439 1100 esse
1471 1043 1737 1099 Domino.

418 1186 423 1193 .
452 1133 631 1200 Quasi
666 1133 888 1190 diceret
922 1151 934 1190 :
970 1134 1087 1189 Vos
1118 1152 1325 1191 omnes
1365 1137 1568 1206 gentes
1621 1156 1642 1183 ι
1679 1133 2037 1189 conﬁtemini

385 1222 653 1292 Domino,
682 1242 711 1275 ιο
746 1226 994 1294 utroque
1024 1240 1233 1295 genere
1268 1223 1673 1290 confessionis,
1698 1244 1725 1271 ‹‹
1759 1222 2040 1292 quoniam

382 1310 575 1368 bonus
604 1335 628 1363 ι
663 1316 753 1367 est
784 1328 888 1383 per
918 1313 1206 1383 seipsum,
1230 1316 1287 1365 et
1320 1311 1465 1367 alios
1497 1312 1683 1366 bonos
1714 1310 1878 1365 facit:
1902 1310 2040 1365 item

383 1404 622 1473 propter
649 1400 760 1454 hoc
810 1399 1197 1468 conﬁtemini,
1228 1423 1255 1449 ‹‹
1308 1399 1587 1472 quoniam
1641 1398 2045 1453 misericordia

384 1489 515 1560 ejus
547 1511 570 1542 ι
602 1492 693 1543 est
724 1511 752 1538 «
786 1488 844 1542 in
891 1492 1200 1557 mternum,
1238 1511 1264 1536 ››
1315 1488 1453 1560 quia
1504 1488 1563 1542 in
1619 1487 1727 1543 hac
1776 1487 1895 1543 vita
1942 1505 2045 1559 per

386 1576 855 1633 misericordiam
888 1579 1185 1633 condonat
1216 1581 1474 1650 peccata,
1510 1580 1567 1632 et
1607 1578 1831 1633 confert
1857 1576 2046 1633 multa

385 1664 717 1738 spiritualia
747 1666 920 1734 bona,
954 1667 1101 1723 etin
1132 1665 1247 1722 alia
1294 1667 1412 1723 vita
1462 1670 1801 1722 remunerat
1846 1665 2047 1722 ﬁdeles

385 1752 560 1827 longe
589 1753 745 1810 ultra
766 1754 997 1810 merita.

459 1843 605 1900 Item
632 1865 663 1894 «
695 1842 1057 1899 conﬁtemini
1080 1844 1195 1900 Deo
1220 1845 1485 1913 deorum,
1510 1867 1535 1893 ››
1568 1844 1626 1899 id
1656 1844 1872 1916 est,qui
1896 1861 2050 1901 crea-

2148 684 2444 758 ginalibus
2476 685 2651 753 vitiis,
2688 690 2745 740 et
2774 702 2907 740 cum
2941 684 3072 740 aliis
3104 684 3446 756 majoribus.

2221 797 2247 823 ‹‹
2283 774 2391 841 Qui
2423 776 2623 830 eduxit
2654 774 2827 830 Israel
2865 775 2935 830 de
2969 774 3160 830 medio
3192 775 3341 845 ejus,
3381 797 3406 822 ››
3440 772 3497 829 id
3536 777 3642 842 est,
3676 773 3801 829 viro

2149 865 2302 919 facto
2333 863 2531 933 Israel,
2557 865 2685 935 jam
2718 882 2833 919 non
2866 864 3269 920 dominabitur
3304 865 3603 936 Egyptus,
3637 861 3803 919 scili-

2150 958 2242 1009 cet
2272 954 2522 1009 tenebrae
2555 954 2736 1025 hujus
2767 953 2995 1021 mundi,
3031 970 3137 1009 nec
3169 951 3479 1025 originalia
3509 957 3766 1025 peccata.

2223 1067 2250 1093 ‹‹
2284 1043 2498 1098 Eduxit
2532 1066 2558 1091 ››
2585 1044 2714 1098 dico
2749 1066 2775 1093 «
2810 1042 2867 1097 in
2902 1060 3081 1098 manu
3113 1042 3359 1114 potenti,
3397 1064 3425 1091 ››
3456 1041 3514 1096 id
3552 1045 3660 1110 est,
3697 1058 3806 1113 po-

2155 1133 2294 1188 tenti
2327 1132 2646 1187 invincibili
2682 1133 3039 1205 operatione,
3077 1152 3105 1185 α
3135 1136 3193 1187 et
3234 1130 3471 1187 brachio
3501 1130 3746 1197 excelso,
3776 1153 3799 1181 ι

2153 1222 2209 1276 id
2244 1227 2353 1290 est,
2386 1222 2811 1293 omnipotentia
2841 1238 2908 1276 ex
2940 1238 3055 1293 qua
3086 1220 3391 1293 processit,
3424 1226 3482 1276 et
3531 1221 3803 1276 eli‘ectum

2152 1310 2359 1365 habuit
2388 1315 2595 1383 potens
2629 1310 2907 1381 operatio.

2224 1398 2596 1454 Conﬁtemini
2628 1416 2862 1471 quoque
2895 1398 3002 1467 illi,
3036 1423 3063 1450 ‹‹
3106 1400 3209 1472 qui
3251 1398 3447 1455 divisit
3492 1414 3652 1454 mare
3683 1397 3811 1453 Ru-

2154 1489 2326 1544 brum
2358 1487 2418 1542 in
2452 1487 2786 1555 divisiones,
2808 1510 2827 1536 κ
2852 1488 2923 1542 ad
2957 1487 3213 1544 litteram
3248 1488 3376 1544 ideo
3407 1486 3711 1560 pluraliter
3729 1486 3813 1541 di-

2156 1580 2255 1647 cit,
2290 1577 2430 1649 quia
2460 1577 2769 1633 duodecim
2799 1577 2903 1633 vize
2935 1577 3196 1634 fuerunt.
3217 1578 3324 1633 Per
3352 1594 3514 1633 mare
3543 1577 3808 1634 Rubrum

2157 1666 2547 1739 intelligimus
2564 1667 2953 1739 baptismum,
2968 1666 3070 1738 qui
3088 1667 3260 1723 rubet
3292 1667 3582 1739 sanguine
3600 1662 3809 1721 Christi

2158 1759 2537 1813 consecratus
2571 1772 2584 1810 :
2619 1772 2795 1827 quem
2828 1754 3031 1811 divisit
3054 1755 3361 1823 Dominus,
3396 1755 3538 1828 quia
3569 1753 3699 1810 aliis
3726 1758 3815 1810 est

2160 1846 2232 1901 ad
2262 1843 2614 1911 vitam,aliis
2637 1846 2709 1900 ad
2732 1844 3195 1911 damnationem,
3213 1842 3438 1899 scilicet
3458 1846 3811 1916 contempto-

333 1982 336 1986 .
386 1936 480 1988 tor
507 1935 597 1988 est
624 1931 1063 2005 angelorum,et
1093 1932 1342 1989 aliorum
1376 1937 1739 2001 sanctorum,
1760 1933 2049 2006 quosipse
2082 1970 2128 2033 Β
2160 1934 2503 2006 ribus,quia
2533 1932 2592 1987 in
2619 1932 2729 1988 hoc
2760 1931 3018 2004 amplius
3034 1931 3813 2004 transgressoresinveuiun-

380 2020 674 2093 justiﬁcat
702 2025 761 2077 et
786 2021 1101 2092 azdiﬁcat,«
1122 2022 1404 2094 quoniam
1428 2022 1489 2077 in
1520 2026 1803 2078 (eternum
1830 2022 2053 2078 miseri-

390 2111 589 2168 cordia
618 2112 748 2183 ejus
774 2129 787 2168 :
818 2133 841 2162 ιι
879 2111 1037 2168 hunc
1069 2113 1343 2168 eumdem
1385 2113 1629 2185 apponit
1659 2112 1895 2185 singula
1920 2129 2053 2168 ver-

391 2200 580 2268 sibus,
603 2204 816 2255 notans
848 2202 1049 2256 omnia
1078 2219 1147 2256 ex
1177 2200 1303 2257 sola
1333 2201 1736 2257 misericordia
1752 2200 1854 2256 Dei
1878 2202 2050 2257 facta.

469 2307 494 2337 ι
524 2287 896 2345 Conﬁtemini
927 2290 1174 2345 Domino
1208 2290 1609 2359 dominorum,
1646 2313 1672 2339 ››
1706 2291 1763 2345 id
1796 2291 2055 2363 est,quia

393 2378 520 2450 ipse
550 2376 889 2433 dominatur
913 2379 1191 2436 omnibus
1212 2379 1470 2433 dominis
1493 2384 1549 2433 et
1567 2379 1934 2451 principibus
1952 2380 2055 2435 hu-

385 2466 490 2537 jus
519 2464 668 2520 vitte.
704 2464 767 2520 In
799 2465 1088 2538 principio
1121 2471 1178 2522 et
1206 2466 1265 2520 in
1300 2467 1415 2521 ﬁne
1454 2468 1620 2539 ponit
1654 2491 1675 2519 ι
1712 2467 2054 2523 Conﬁtemi-

396 2555 478 2624 ni,
515 2576 544 2604 »
577 2556 636 2609 et
662 2570 767 2626 per
796 2558 987 2610 totum
1020 2556 1279 2611 medium
1330 2573 1651 2628 possumus
1681 2557 1857 2611 etiam
1890 2575 2053 2630 repe-

394 2648 536 2712 tere,
568 2643 654 2699 sic
683 2643 941 2703 dicentes
973 2662 985 2699 :

466 2732 841 2788 Conﬁtemini
874 2733 1051 2789 etiam
1087 2733 1192 2800 illi,
1220 2757 1246 2784 ‹‹
1280 2734 1379 2806 qui
1417 2734 1553 2789 facit
1586 2734 1878 2790 mirabilia
1900 2753 2056 2808 mag-

397 2838 474 2878 na
529 2820 713 2892 solus,
763 2841 791 2874 ii
848 2822 905 2877 id
959 2827 1067 2892 est,
1120 2823 1246 2879 sine
1294 2824 1586 2895 adjutorio
1636 2823 1909 2896 alicujus,
1954 2825 2054 2897 qui

397 2911 577 2967 etiam
608 2909 769 2982 ipsos
801 2911 1104 2967 ministros
1138 2912 1295 2969 fecit.

470 2998 558 3055 Illi
590 2998 719 3054 dico
752 3021 781 3049 «
821 2999 1205 3069 conﬁtemini,
1242 3023 1269 3049 ››
1306 3021 1333 3050 ‹‹
1363 3000 1463 3071 qui
1506 3000 1640 3055 fecit
1668 2999 1844 3055 caelos
1882 3017 1894 3055 :
1942 3023 1969 3049 »
2001 3004 2060 3057 et

399 3088 558 3145 istud
585 3091 675 3144 est
706 3104 843 3160 pars
856 3088 1249 3143 mirabilium:
1272 3088 1577 3161 pluraliter
1603 3110 1624 3138 ι
1649 3090 1863 3145 οωΙοει
1889 3090 2054 3159 dixit,

401 3177 543 3250 quia
571 3176 769 3250 plures
791 3176 966 3233 cmlos
997 3176 1294 3250 intelligit,
1314 3178 1449 3233 licet
1479 3178 1649 3234 nobis
1673 3196 1787 3233 non
1816 3178 1892 3235 sit
1911 3180 2060 3234 difﬁ-

401 3266 596 3325 nitum
627 3270 770 3337 quot
797 3266 943 3335 sint;
964 3271 1021 3322 et
1053 3266 1183 3323 illos
1213 3266 1389 3323 caelos
1422 3284 1537 3322 non
1561 3267 1696 3323 fecit
1718 3268 1790 3323 ad
1814 3267 2052 3340 aliquod

400 3352 720 3425 exemplar,
753 3354 855 3409 sed
888 3375 916 3403 κ
963 3354 1261 3410 intellectu
1298 3378 1325 3404 »
1371 3359 1545 3427 prout
1592 3356 1652 3409 in
1702 3338 2056 3415 mente‘sua
2085 3338 2128 3405 α

403 3440 717 3515 disposuit,
753 3441 855 3497 sed
887 3457 992 3513 per
1020 3459 1190 3498 suam
1222 3443 1593 3515 sapientiam,
1628 3445 1687 3497 in
1738 3461 1854 3516 quo
1886 3446 2059 3502 intel-

402 3528 645 3602 ligimus
678 3527 811 3585 illos
843 3529 1021 3586 ccelos
1052 3536 1255 3586 ornate
1282 3535 1339 3586 et
1368 3531 1544 3602 polite
1562 3548 1691 3588 esse
1723 3533 1928 3589 factos.

470 3617 665 3675 Etiam
697 3618 1060 3674 conﬁtemini
1092 3619 1175 3675 illi
1204 3644 1231 3669 ‹‹
1265 3619 1367 3691 qui
1400 3620 1654 3676 ﬁrmavit
1680 3626 1959 3691 terram,»
1982 3624 2056 3680 ad

399 3706 680 3776 litteram,
697 3729 725 3757 «
758 3724 955 3780 super,
977 3730 1003 3756 »
1031 3709 1088 3763 id
1122 3714 1227 3765 est.
1258 3710 1430 3780 juxta
1465 3731 1493 3759 ‹‹
1524 3726 1709 3781 aquas
1730 3733 1759 3760 »
1783 3711 1922 3782 quia
1945 3712 2055 3767 cir-

398 3812 794 3867 cumcumque
825 3796 956 3851 ﬁuit
985 3796 1270 3853 Oceanus.
1303 3797 1404 3853 Vel
1438 3815 1541 3870 per
1580 3802 1794 3854 terram
1841 3800 2055 3874 accipi-

399 3901 534 3942 mus
564 3883 905 3955 Ecclesiam,
939 3902 1119 3957 quam
1154 3887 1402 3943 ﬁrmavit
1440 3893 1590 3943 Deus
1640 3904 1819 3960 super
1846 3906 2052 3961 aquas,

397 3974 457 4031 id
488 3974 1027 4043 est,inundationes
1060 3976 1241 4048 hujus
1275 3976 1607 4033 saeculi:vel
1633 3995 1817 4050 aquas
1839 3980 2057 4052 baptis-

398 4064 502 4135 mi,
536 4067 603 4120 ut
632 4063 889 4119 Ecclesia
919 4069 1155 4137 superet
1188 4066 1332 4121 istas
1360 4065 1799 4137 inundationes,
1834 4073 1890 4124 et
1912 4086 2058 4124 nun-

400 4169 580 4227 quam
611 4153 977 4227 dimergatur
1006 4156 1079 4210 ab
1112 4154 1263 4224 istis,
1289 4156 1443 4210 sicut
1473 4160 1627 4211 terra
1656 4157 1830 4214 realis
1880 4176 2053 4232 supe-

399 4247 493 4300 rat
522 4258 727 4314 aquas,
761 4259 888 4314 quae
920 4260 1225 4315 nunquam
1256 4244 1605 4317 dimergitur
1629 4247 1701 4302 ab
1731 4246 1869 4301 illis.

472 4330 563 4389 Illi
592 4331 978 4399 conﬁtemini,
1012 4356 1039 4382 «
1066 4333 1168 4404 qui
1200 4333 1337 4388 fecit
1365 4334 1682 4392 luminaria
1726 4353 1941 4409 magna
1974 4354 1986 4394 :
2024 4360 2052 4387 ››

398 4425 456 4478 et
484 4435 591 4493 per
618 4419 728 4477 hoc
758 4436 1079 4491 possumus
1127 4420 1459 4494 signiﬁcare
1505 4429 1741 4481 sanctos
1788 4426 2052 4498 angelos,

397 4522 548 4580 quos
580 4507 799 4566 creavit
824 4509 1107 4565 Dominus
1138 4510 1197 4564 in
1228 4511 1486 4567 maxima
1517 4511 1798 4569 claritate.

468 4596 721 4671 Exponit
750 4596 851 4653 illa
883 4597 1220 4668 luminaria,
1255 4600 1458 4655 dicens
1493 4617 1505 4655 :
1545 4624 1567 4651 ι
1606 4601 1798 4657 Solem
1827 4603 1961 4659 fecit
1991 4605 2049 4660 in

2162 2028 2288 2079 tur:
2313 2027 2371 2078 et
2401 2021 2511 2077 hoc
2548 2021 2645 2076 «in
2675 2020 3061 2089 divisiones,»
3090 2019 3229 2093 quia
3259 2020 3342 2076 ibi
3376 2019 3668 2093 incipiunt
3682 2020 3816 2077 ﬁde-

2163 2112 2248 2168 les
2277 2111 2512 2167 initium
2544 2111 2772 2167 viarum
2805 2126 3071 2179 suarum,
3116 2126 3220 2182 per
3251 2126 3397 2182 quas
3444 2109 3690 2166 tendunt
3740 2109 3811 2165 ad

2166 2202 2501 2258 Dominum.
2534 2199 2637 2255 Vel
2668 2216 2772 2272 per
2802 2215 2963 2255 mare
2994 2199 3260 2254 Rubrum
3292 2200 3579 2255 mundum
3609 2198 3814 2255 intelli-

2165 2292 2383 2365 gimus,
2420 2289 2521 2362 qui
2553 2306 2712 2344 mare
2743 2287 2978 2356 dicitur,
2996 2287 3135 2360 quia
3163 2304 3395 2361 semper
3423 2289 3483 2343 in
3505 2288 3680 2344 ﬂuctu
3700 2291 3810 2355 est,

2165 2385 2222 2436 et
2251 2380 2461 2452 plenus
2492 2377 2654 2434 omni
2684 2377 3131 2434 amaricatione:
3154 2377 3371 2433 rubens
3402 2378 3635 2450 dicitur,
3648 2395 3815 2451 prop-

2164 2474 2252 2524 ter
2282 2468 2632 2541 sanguinem
2666 2469 3006 2522 sanctorum
3039 2469 3365 2539 martyrum
3400 2483 3413 2521 :
3447 2482 3572 2538 qua:
3609 2488 3629 2515 ι
3664 2464 3812 2521 divi-

2165 2558 2243 2614 sit
2294 2558 2353 2611 in
2405 2556 2805 2622 divisiones,»
2859 2555 2998 2627 quia
3046 2553 3292 2611 diversis
3335 2553 3590 2611 diversos
3629 2554 3810 2623 dedit,

2165 2647 2383 2719 quibus
2414 2663 2517 2718 per
2545 2645 2704 2701 hunc
2735 2644 3027 2700 mundum
3060 2642 3339 2699 festinent
3368 2644 3438 2699 ad
3465 2642 3808 2700 Dominum:

2166 2736 2316 2792 alius
2347 2735 2504 2791 enim
2536 2752 2639 2806 per
2660 2734 2910 2806 jejunis,
2944 2732 3094 2789 alius
3126 2750 3230 2806 per
3264 2732 3679 2805 eleemosynas,
3713 2731 3810 2788 alii

2167 2842 2272 2897 per
2300 2823 2445 2880 alias
2474 2822 2741 2879 virtutes.

2240 2938 2267 2965 ‹‹
2302 2915 2371 2969 Et
2396 2911 2595 2969 eduxit
2626 2910 2801 2968 Israel
2830 2928 2933 2984 per
2963 2910 3224 2967 medium
3273 2911 3420 2982 ejus,
3459 2931 3480 2961 ι
3518 2911 3718 2976 maris,
3750 2910 3808 2966 id

2168 3006 2275 3071 est,
2310 3019 2413 3074 per
2443 3001 2704 3057 medium
2737 3000 2917 3072 hujus
2948 3000 3175 3069 mundi,
3209 2999 3347 3071 quia
3395 2997 3572 3055 nullis
3620 2998 3811 3056 illece-

2168 3093 2291 3149 bris
2316 3092 2497 3163 hujus
2530 3090 2736 3145 mundi
2768 3089 2960 3162 potuit
2987 3089 3075 3145 vir
3104 3087 3279 3145 Israel
3312 3088 3497 3145 factus
3520 3087 3808 3160 impediri.

2166 3182 2293 3254 Vel,
2325 3198 2429 3254 per
2458 3180 2719 3236 medium
2750 3177 3050 3251 baptismi,
3084 3178 3222 3250 quia
3249 3193 3354 3249 per
3390 3177 3562 3234 ﬁdem
3612 3176 3811 3233 catho-

2167 3271 2362 3339 licam,
2400 3286 2578 3341 quam
2609 3268 2668 3323 in
2700 3268 2992 3341 baptismo
3023 3266 3266 3339 accepit,
3300 3266 3474 3323 Israel
3505 3266 3720 3323 eduxit.

2239 3384 2265 3410 u
2300 3360 2370 3413 Et
2398 3357 2655 3413 excussit
2686 3356 3109 3422 Pharaonem,»
3144 3355 3202 3410 id
3235 3359 3344 3422 est,
3378 3354 3692 3426 diabolum,
3711 3378 3739 3405 ‹‹
3756 3360 3815 3412 et

2167 3450 2444 3506 virtutem
2476 3448 2624 3518 ejus,
2662 3469 2689 3495 ››
2722 3446 2779 3501 id
2812 3449 2919 3514 est,
2954 3444 3257 3501 ministros
3289 3444 3495 3516 ipsius,
3519 3466 3547 3494 «
3572 3443 3631 3500 in
3658 3444 3811 3501 mari

2168 3539 2387 3605 Rubro,
2424 3559 2451 3585 »
2484 3536 2541 3591 id
2575 3539 2684 3602 est,
2719 3534 2779 3590 in
2833 3534 3144 3607 baptismo,
3177 3533 3237 3590 in
3286 3550 3402 3605 quo
3451 3531 3693 3606 quilibet
3741 3533 3815 3590 de

2168 3629 2458 3701 potestate
2492 3624 2707 3681 diaboli
2741 3622 2994 3696 ejicitur.

2241 3715 2504 3772 Laudato
2555 3713 2730 3769 etiam
2776 3729 2935 3781 eum,
2993 3734 3021 3767 α
3067 3711 3168 3784 qui
3225 3711 3482 3769 traduxit
3526 3711 3812 3784 populum

2166 3820 2342 3861 suum
2374 3822 2401 3856 ιι
2440 3804 2513 3859 de
2540 3803 2751 3859 virtute
2779 3801 2840 3857 in
2873 3800 3145 3858 virtutem
3174 3820 3187 3871 ;
3223 3824 3251 3851 «
3284 3817 3387 3875 per
3429 3802 3742 3870 desertum,
3780 3824 3810 3851 »

2168 3895 2225 3950 id
2258 3898 2366 3963 est,
2401 3893 2691 3949 mundum
2726 3892 2930 3962 istum,
2963 3909 3067 3965 per
3097 3909 3269 3964 quem
3300 3895 3608 3948 transeunt
3624 3892 3810 3948 sancti

2112 4007 2135 4027 ο
2166 3984 2335 4057 quasi
2368 3982 2903 4056 peregrinantes,et
2934 3984 3006 4040 ad
3032 3999 3228 4040 veram
3251 3986 3464 4040 terram
3477 3981 3809 4055 promissio-

2166 4074 2258 4129 nis
2290 4072 2655 4128 festinantes.

2238 4185 2264 4210 ‹‹
2301 4162 2409 4230 Qui
2442 4161 2735 4234 percussit
2765 4176 2929 4234 reges
2959 4177 3228 4234 magnos,
3262 4184 3289 4211 ››
3322 4161 3378 4217 id
3409 4161 3667 4229 est,vitia
3690 4177 3805 4217 ma-

2164 4268 2280 4323 gna
2310 4268 2437 4323 quae
2472 4249 2906 4306 insidiabantur
2931 4250 3036 4319 eis,
3070 4255 3126 4306 et
3153 4249 3351 4307 volant
3382 4250 3659 4323 impedire
3699 4250 3809 4306 iter

2165 4340 2326 4413 regni
2359 4337 2631 4395 caelestis.

2236 4453 2263 4479 ‹‹
2298 4430 2367 4484 Et
2397 4426 2611 4485 occidit
2644 4444 2809 4500 reges
2842 4427 3040 4497 fortes,
3077 4451 3103 4477 η
3138 4428 3194 4483 id
3229 4432 3338 4497 est,
3370 4427 3509 4484 vitia
3536 4427 3634 4484 illa
3654 4443 3804 4500 quae“,

2163 4517 2301 4575 licet
2331 4534 2448 4573 non
2481 4521 2679 4573 essent
2711 4516 2770 4571 in
2803 4516 3080 4573 omnibus
3112 4533 3345 4590 magna,
3380 4519 3572 4573 tamen
3611 4517 3668 4572 in
3699 4516 3804 4572 ali-

2163 4606 2378 4679 quibus
2409 4610 2574 4661 crant
2606 4605 2776 4661 fortia
2805 4606 2876 4661 ad
2912 4606 3262 4678 ejiciendum
3295 4610 3529 4679 propter
3564 4620 3805 4661 consue~

394 4690 742 4761 potestatem
775 4687 912 4755 diei,
933 4710 960 4736 ››
993 4705 1119 4760 qua:
1153 4693 1415 4760 potestas
1446 4690 1559 4745 dici
1580 4694 2055 4764 apparetquiail-
2086 4712 2131 4775 Β
2164 4696 2452 4751 tudinem.

391 4776 649 4831 luminat
666 4792 861 4831 aerem
893 4780 951 4832 et
982 4777 1200 4848 prcebet
1242 4778 1413 4833 nobis
1462 4777 1675 4835 lucem.
1704 4780 2049 4854 Allegorice,

394 4880 500 4937 per
527 4864 712 4921 solem
746 4864 1100 4937 sapientiam
1129 4882 1450 4937 possumus
1482 4869 1897 4942 accipere,quze
1916 4872 2049 4928 illu-

395 4952 586 5009 minat
615 4953 792 5009 corda
823 4953 1107 5023 ﬁdelium,
1141 4960 1197 5009 et
1228 4956 1367 5010 facit
1396 4956 1454 5010 in
1487 4958 1572 5012 eis
1603 4957 1797 5014 lucere
1840 4977 2049 5031 quam—

395 5041 532 5098 dam
563 5042 740 5110 diem,
777 5042 1004 5099 scilicet
1032 5044 1425 5115 cognitionem
1458 5046 1644 5117 ipsius
1696 5047 2048 5106 Divinitatis.

469 5131 627 5187 Fecit
657 5132 833 5187 etiam
859 5155 886 5182 «
919 5132 1143 5200 lunam,
1172 5155 1200 5184 ››
1236 5134 1621 5203 materialem,
1657 5136 1897 5207 scilicet,
1933 5159 1961 5191 α
1993 5143 2053 5196 et

395 5218 600 5277 stellas
633 5220 691 5275 in
725 5225 1011 5293 potestate
1044 5222 1253 5277 noctis.
1289 5244 1315 5272 »
1352 5222 1456 5277 Per
1498 5222 1700 5280 lunam
1733 5243 2051 5297 possumus

394 5306 716 5380 intelligere
739 5310 1071 5382 generalem
1104 5310 1563 5383 Ecclesiam,per
1592 5313 1792 5370 stellas
1823 5315 2051 5375 diversa

394 5395 588 5453 oﬂicia
617 5397 889 5454 Ecclesiae
925 5415 935 5453 :
973 5416 1101 5470 quae
1135 5399 1404 5454 Ecelesim
1446 5401 1746 5457 illuminat
1795 5410 2047 5478 noctem,

394 5481 592 5555 idest,
627 5487 921 5543 mundum
953 5488 1137 5543 istum
1183 5488 1424 5560 plenum
1459 5492 1756 5549 erroribus
1804 5500 1861 5549 et
1890 5496 2052 5568 igno-

395 5572 624 5644 rantiis,
658 5576 813 5632 sicut
843 5573 984 5631 luna
1017 5577 1169 5632 nocti
1203 5584 1491 5649 praeparat
1518 5579 1741 5637 lumen.

471 5679 495 5710 ι
532 5662 639 5726 Qui
671 5664 982 5735 percussit.
1020 5686 1048 5712 η
1081 5665 1219 5720 Pars
1250 5668 1529 5722 secunda.
1566 5669 1700 5725 Ideo
1722 5673 1897 5728 etiam
1917 5692 2052 5731 con-

399 5742 647 5819 ﬁtemini
676 5750 787 5821 illi,
804 5774 827 5804 ι
855 5751 953 5825 qui
972 5755 1264 5823 percussit
1280 5755 1611 5832 Egyptum,
1633 5782 1659 5808 »
1686 5760 1743 5815 id
1767 5768 2050 5833 est,mun-

2233 4786 2349 4840 Hos
2380 4785 2555 4840 fortes
2579 4801 2744 4857 reges
2774 4808 2801 4834 «
2837 4785 2986 4841 Seon
3019 4801 3213 4857 regem
3256 4784 3739 4841 Amorrhzeorum.
3778 4806 3804 4833 ι)

2232 4898 2259 4924 ‹‹
2294 4875 2364 4929 Et
2393 4874 2479 4946 0g
2504 4891 2699 4946 regem
2732 4874 2942 4942 Basan,
2980 4897 3007 4923 ››
3040 4879 3104 4930 ut
3135 4891 3317 4947 supra
3341 4874 3665 4947 expositum
3694 4878 3803 4929 est.

2233 4965 2373 5020 Pars
2406 4964 2596 5019 tertia.
2630 4988 2657 5013 ‹‹
2692 4964 2761 5018 Et
2790 4964 2951 5020 dedit
2990 4969 3205 5021 terram
3259 4982 3458 5021 eorum
3512 4965 3807 5020 haeredita-

2161 5058 2302 5109 tem.
2341 5076 2367 5101 η

2232 5144 2301 5198 Et
2334 5148 2549 5197 terram
2581 5159 2782 5198 eorum
2815 5143 2980 5215 prius
3007 5142 3267 5200 deditam
3298 5143 3452 5200 vitiis
3502 5143 3679 5216 hujus
3705 5160 3802 5199 sm-

2163 5232 2303 5300 culi,
2335 5232 2429 5287 cui
2462 5232 2624 5287 dedit
2655 5232 3030 5287 excolendam
3053 5232 3081 5288 ?
3114 5232 3236 5290 Illis
3267 5233 3411 5306 ipsis
3439 5251 3452 5301 ;
3486 5238 3541 5288 et
3588 5234 3693 5287 hoc
3720 5236 3805 5287 est

2161 5322 2315 5394 quod
2349 5321 2551 5376 subdit
2585 5338 2596 5376 :
2638 5345 2657 5371 σι
2696 5322 3093 5378 ὴίῡποεὶίωιθῐη
3128 5323 3301 5379 Israel
3334 5339 3497 5380 servo
3529 5339 3655 5389 suo,
3688 5344 3712 5369 ιι
3744 5325 3805 5377 ut

2160 5411 2272 5484 ipsi
2305 5411 2439 5466 facti
2475 5410 2671 5479 Israel,
2696 5411 2823 5482 jam
2857 5411 3137 5482 abjiciant
3176 5413 3246 5467 de
3277 5430 3337 5468 se
3368 5412 3590 5484 spinas,
3621 5416 3679 5467 et
3708 5410 3802 5466 bo-

2161 5517 2303 5555 num
2338 5516 2538 5554 semen
2570 5499 2854 5555 nutriant.
2890 5499 2989 5557 Vel
3024 5505 3237 5557 terram
3285 5501 3600 5568 caelestem,
3634 5516 3803 5572 quam

2160 5590 2548 5661 possederunt
2597 5589 2913 5657 daemones,
2966 5589 3127 5646 dedit
3176 5588 3397 5647 Israel:
3447 5606 3563 5646 non
3612 5589 3806 5646 Judaeo

2159 5678 2421 5747 cuilibet,
2454 5678 2555 5735 sed
2590 5695 2753 5734 servo
2789 5695 2916 5734 suo.

2232 5766 2568 5841 Intelligens
2594 5766 2974 5841 prophetasse
3007 5785 3190 5826 unum
3217 5770 3287 5825 de
3308 5767 3424 5827 illis
3441 5769 3541 5842 qui
3559 5769 3811 5844 posside
