3944 6404
435 353 539 407 190

1545 345 1900 402 ANGELOMI
1942 341 2397 399 LUXOVIENSIS
2436 342 2751 401 MONACHI

3747 312 3847 398 266

505 470 820 538 Quomodo
850 485 1050 526 servus
1079 468 1331 524 Abrahae
1383 468 1444 525 in
1472 468 1754 541 petitione
1793 466 1948 537 signi
1977 482 2077 523 au-
2106 468 2155 525 Δ
2187 465 2359 537 juxta
2408 467 2634 523 fontem
2690 465 3121 537 (subintellige:
3174 444 3581 537 baptismatis)
3610 465 3850 522 inventa

433 560 763 631 gurationis
784 560 922 615 vitio
943 557 1281 631 culpandus
1301 550 1428 613 'non
1454 562 1541 613 est
1555 558 1584 612 ?
1607 556 1783 612 Aliud
1810 560 1901 611 est
1919 554 2079 610 enim

431 651 651 706 mirum
681 648 906 721 aliquid
933 652 1152 721 petere,
1183 647 1350 720 quod
1371 648 1571 720 ipsum
1592 646 1951 702 miraculum
1974 645 2079 715 [Z.,

429 740 561 813 ipso
590 736 900 798 miraculo]
922 736 1216 806 signiﬁcat
1237 754 1251 805 ;
1270 735 1434 793 aliud
1462 739 1550 792 est
1578 735 1755 792 etiam
1779 735 2081 791 humanos

430 842 659 885 errores
687 825 1096 898 superstitiosa
1116 825 1376 881 vanitate
1405 825 1467 881 in
1497 824 1802 897 auspiciis,
1825 838 2081 894 augura-

429 915 689 972 tionibus
716 906 771 970 et
799 913 1267 970 divinationibus
1285 913 1625 981 observare,
1642 930 1780 986 quae
1797 911 2082 984 quaedam

427 1008 603 1077 pacta
656 1006 796 1059 sunt
849 1002 1161 1059 diabolicae
1214 1002 1650 1071 familiaritatis,
1682 1006 1739 1058 et
1791 1016 1913 1057 non
1955 1000 2083 1055 sine

427 1091 637 1163 grandi
668 1095 915 1164 peccato
944 1090 1099 1147 ﬁunt
1126 1090 1376 1164 quando
1396 1091 1569 1147 ﬁunt.
1605 1090 1753 1147 Illud
1778 1080 1956 1159 igitur
1987 1105 2083 1143 su-

424 1181 625 1254 perius
662 1180 960 1253 petitionis
991 1195 1181 1249 genus
1211 1179 1625 1253 comprobatio
1648 1187 1702 1234 et
1718 1177 2083 1249 computatio

423 1268 567 1325 ﬁdei
596 1274 685 1325 est
712 1268 794 1325 ad
824 1272 1033 1338 Deum,
1065 1268 1182 1324 hoc
1228 1269 1525 1341 posterius
1560 1268 1923 1324 inﬁdelitatis
1948 1281 2085 1321 con-

421 1358 655 1430 junctio
680 1357 760 1414 ad
788 1356 1122 1412 diabolum.

500 1445 674 1513 Quod
702 1445 1115 1519 proﬁciscente
1146 1446 1412 1503 Rebecca
1442 1455 1499 1502 ιε
1531 1447 1721 1502 Soror
1749 1450 1956 1500 nostra
2004 1459 2081 1508 es,

425 1550 660 1594 crescas
689 1537 753 1591 in
783 1536 977 1591 millia
1009 1537 1290 1603 millium,
1323 1541 1380 1593 et
1425 1535 1775 1591 hereditate
1823 1534 2084 1589 obtineat

427 1640 621 1681 semen
652 1631 820 1681 tuum
848 1631 1057 1695 portas
1083 1626 1461 1680 inimicorum
1486 1640 1751 1692 suorum,
1775 1639 1923 1678 num
1953 1636 2086 1694 pro-

426 1713 624 1786 pheta:
654 1713 912 1780 fuerunt,
942 1712 1086 1785 quia
1122 1713 1235 1769 hoc
1267 1713 1563 1781 dixerunt,
1602 1711 1770 1785 quod
1794 1710 1856 1766 in
1887 1710 2085 1765 futuro

2193 556 2281 610 est
2308 556 2387 611 ab
2417 557 2785 629 apostolis,et
2812 558 3084 626 deposuit
3114 554 3399 626 hydriam
3428 570 3613 624 super
3642 556 3845 611 ulnam

2189 645 2607 715 suam,elatam
2639 646 2859 701 scilicet
2876 644 3245 706 facundiam,
3270 648 3327 699 et
3354 644 3667 700 inclinavit
3687 661 3749 700 se
3775 644 3847 699 ad

2189 733 2589 791 humilitatem
2614 753 2628 803 ;
2657 734 3036 807 suscepitque
3066 732 3208 789 ﬁdei
3253 738 3614 790 ornamenta
3639 752 3654 801 ;
3683 750 3847 790 acce-

2190 822 2277 894 pit
2304 823 2575 880 videlicet
2602 823 2841 879 inaures
2871 838 3110 885 aureas,
3142 821 3587 894 Scripturarum
3607 838 3847 896 quoque

2191 926 2424 980 sensus,
2460 917 2517 969 et
2574 912 2804 969 clarum
2861 911 3170 984 eloquium
3228 911 3480 981 argenti.
3525 911 3738 967 Secuta
3768 917 3849 966 est

2191 1016 2453 1071 servum,
2499 1002 2560 1057 id
2590 1006 2679 1057 est
2732 1005 2971 1057 sanctos
3022 1000 3464 1074 praedicatores.
3514 1002 3661 1056 Ecce
3700 1000 3849 1071 stylo

2192 1095 2462 1145 currente
2520 1089 2991 1163 praelibavimus.
3050 1088 3162 1144 Sed
3218 1087 3456 1162 plenius
3481 1087 3662 1144 beato
3693 1103 3851 1161 papa

2193 1179 2473 1248 Gregorio
2508 1184 2862 1253 cxponente,
2895 1184 2960 1234 ut
2983 1177 3320 1248 legentibus
3351 1178 3674 1244 elucescat,
3705 1177 3851 1233 inse-

2190 1283 2318 1323 rere
2346 1269 2458 1324 nisi
2483 1286 2713 1324 sumus.

2262 1356 2355 1411 Ait
2392 1357 2554 1413 enim
2581 1358 2919 1415 Abraham:
2949 1359 3113 1413 Pone
3149 1370 3397 1413 manum
3428 1362 3594 1412 tuam
3630 1356 3743 1412 sub
3767 1356 3850 1425 fe-

2192 1462 2355 1503 more
2374 1462 2521 1519 meo,
2553 1451 2610 1503 et
2637 1448 2885 1521 reliqua.
2904 1446 3058 1513 Quid
3078 1450 3166 1503 est
3193 1445 3359 1519 quod
3382 1444 3692 1502 Abraham
3708 1461 3851 1518 pue-

2192 1550 2328 1590 rum
2354 1535 2525 1606 jubet
2554 1536 2666 1592 sub
2692 1537 2917 1592 femore
2944 1552 3053 1592 suo
3084 1550 3337 1592 manum
3375 1550 3624 1607 ponere,
3665 1538 3725 1590 et
3753 1549 3853 1607 per

2194 1624 2325 1679 coeli
2357 1624 2678 1679 Dominum
2730 1626 2954 1696 jurare,
3004 1625 3120 1681 nisi
3150 1623 3317 1698 quod
3362 1623 3522 1679 illius
3567 1638 3714 1679 caro
3752 1637 3854 1695 per

2192 1711 2340 1767 illud
2389 1713 2732 1769 membrum
2786 1714 3155 1769 descensura
3183 1716 3329 1781 erat,
3361 1712 3467 1784 qui
3513 1716 3573 1768 et
3600 1710 3854 1767 Abrahae

427 1801 653 1858 factum
674 1801 908 1857 fuerat?
936 1802 1065 1857 Non
1085 1802 1391 1874 prophetas
1416 1800 1677 1863 fuerunt,
1694 1798 2085 1865 aut,vanitate
2118 1821 2157 1875 Β
2193 1802 2347 1856 ﬁlius
2368 1808 2607 1859 essetex
2630 1803 3021 1869 humanitate,
3042 1808 3097 1858 et
3116 1803 3405 1858 Dominus
3425 1817 3499 1857 ex
3518 1800 3855 1857 divinitate?

426 1894 554 1947 tam
577 1905 801 1961 magna
838 1894 1231 1963 optaverunt;
1256 1890 1362 1946 sed
1394 1904 1497 1946 eos
1529 1889 1769 1961 [SuppL
1800 1885 2084 1942 benedic-

429 1980 531 2051 tio]
560 1995 748 2052 quam
798 1978 1153 2052 promiserat
1204 1980 1359 2035 Deus
1414 1978 1695 2046 Abrahae,
1727 1976 1913 2032 latere
1962 1989 2085 2031 non

424 2069 637 2141 potuit.

496 2156 716 2213 Deinde
746 2158 1015 2229 sequitur
1042 2155 1299 2231 qualiter
1340 2156 1517 2212 Isaac
1568 2168 1837 2226 egressus
1874 2152 2087 2223 fuerat

423 2246 504 2303 ad
556 2246 968 2303 meditandum
1020 2249 1084 2303 in
1141 2261 1380 2317 agrum.
1415 2246 1558 2311 Quae
1589 2247 1678 2299 est
1719 2241 2081 2298 exercitatio.

423 2335 608 2407 Isaac,
643 2350 767 2408 qua
805 2351 866 2391 se
888 2350 1162 2391 exercere
1191 2334 1407 2390 dicitur
1429 2334 1492 2389 in
1522 2346 1740 2405 campo
1770 2330 1851 2388 ad
1881 2346 2086 2403 vespe-

421 2440 554 2481 ram
577 2425 604 2480 ?
633 2424 938 2494 Signiﬁcat
966 2429 1167 2481 autem
1196 2424 1310 2479 ista
1357 2421 1696 2478 exercitatio
1750 2419 2085 2476 orationem

422 2514 760 2570 secundum
786 2513 934 2569 illud
973 2513 1143 2586 quod
1181 2511 1472 2569 Dominus
1517 2510 1730 2567 orabat
1768 2511 1833 2565 in
1862 2515 2081 2566 monte.

423 2602 613 2658 Etiam
634 2603 803 2659 Isaac
841 2602 904 2657 in
934 2606 1079 2675 typo
1109 2600 1347 2657 Domini
1367 2599 1494 2656 fuit.

496 2692 639 2756 Quae
670 2695 758 2746 est
778 2689 880 2746 illa
911 2694 1066 2746 terra
1094 2687 1313 2752 Austri,
1340 2687 1443 2743 ubi
1472 2686 1790 2743 habitabat
1817 2687 1985 2742 Isaac
2004 2700 2066 2741 re

422 2783 687 2835 vertente
741 2794 913 2835 servo
960 2778 1149 2851 patris
1202 2777 1295 2833 sui
1346 2792 1489 2833 cum
1542 2774 1861 2832 Rebecca?
1907 2778 2082 2830 Terra

423 2868 626 2924 Austri
670 2870 888 2925 Gerara
940 2866 1255 2938 signiﬁcat,
1302 2866 1463 2922 unde
1487 2880 1524 2922 a
1558 2869 1728 2938 patre
1761 2864 1839 2919 ad
1868 2863 2081 2919 immo-

420 2957 677 3014 landum
706 2958 896 3014 fuerat
917 2957 1236 3014 adductus.

496 3048 651 3114 Quid
702 3052 789 3104 est
818 3048 1160 3104 theristrum
1201 3062 1325 3119 quo
1375 3062 1436 3102 se
1482 3044 1719 3119 operuit
1762 3044 2079 3099 Rebecca?

2197 1890 2286 1947 Sic
2308 1890 2509 1963 itaque
2540 1891 2754 1947 dicitur
2784 1908 2999 1964 puero:
3034 1895 3190 1947 Pone
3215 1906 3471 1947 manum
3494 1890 3610 1947 sub
3632 1890 3855 1946 femore

2193 1996 2350 2047 meo,
2383 1986 2441 2037 et
2481 1981 2621 2053 jura
2666 1996 2774 2053 per
2802 1983 2991 2037 Deum
3021 1980 3194 2046 coeli;
3225 1996 3295 2037 ac
3326 1979 3375 2035 si
3404 1984 3609 2052 aperte
3640 1979 3859 2035 dicere-

2192 2074 2320 2126 tur:
2353 2072 2560 2139 Tange
2616 2070 2808 2126 ﬁlium
2840 2087 3065 2137 meum,
3108 2074 3166 2127 et
3216 2070 3356 2142 jura
3402 2085 3511 2142 per
3532 2068 3856 2125 Dominum

2194 2176 2419 2215 meum.
2469 2160 2633 2216 Unde
2685 2176 2798 2216 nec
2855 2176 3039 2232 super
3079 2159 3295 2228 femur,
3329 2158 3436 2214 sed
3474 2158 3589 2214 sub
3633 2159 3857 2215 femore

2195 2265 2445 2305 manum
2499 2264 2722 2321 ponere
2747 2248 3012 2320 jubetur,
3042 2250 3188 2321 quia
3215 2264 3291 2305 ex
3333 2248 3436 2304 illo
3489 2248 3722 2305 femore
3768 2248 3856 2303 ille

2195 2338 2593 2393 descensurus
2641 2342 2767 2394 erat
2822 2338 2925 2411 qui
2982 2338 3167 2394 homo
3222 2336 3493 2410 quidem,
3527 2336 3642 2392 sed
3682 2352 3857 2409 super

2196 2443 2408 2484 omnes
2436 2426 2713 2483 homines
2735 2426 2980 2482 veniret.
3010 2426 3174 2482 Unde
3222 2426 3478 2495 dignum
3502 2441 3631 2481 non
3662 2425 3775 2482 fuit
3798 2430 3856 2480 ut

2196 2531 2447 2570 manum
2495 2530 2677 2587 super
2722 2514 2917 2570 femur
2964 2518 3233 2587 poneret,
3289 2516 3437 2586 quia
3488 2513 3661 2569 nulla
3720 2528 3853 2569 caro

2194 2622 2375 2678 super
2398 2604 2564 2659 illam
2586 2620 2831 2660 carnem
2852 2608 2940 2660 est
2966 2619 3155 2677 quam
3177 2603 3241 2660 in
3264 2602 3688 2676 redemptione
3716 2619 3851 2659 nos-

2192 2698 2282 2750 tra
2312 2693 2423 2748 sibi
2447 2694 2630 2749 Patris
2658 2693 3004 2762 Unigenitus
3034 2692 3240 2750 univit.

2262 2782 2413 2847 Quid
2443 2786 2531 2838 est
2556 2782 2720 2855 quod
2755 2787 2924 2838 Isaac
2956 2781 3171 2838 dilecto
3186 2781 3310 2838 ﬁlio
3332 2797 3486 2838 uxor
3506 2781 3582 2837 de
3608 2781 3849 2837 ﬁliabus

2190 2871 2669 2927 Chananaeorum
2701 2870 2841 2926 duci
2882 2871 3253 2943 prohibetur,
3284 2870 3400 2926 nisi
3452 2870 3625 2942 quod
3671 2871 3755 2927 illi
3783 2870 3851 2926 de

2187 2976 2309 3032 quo
2338 2960 2624 3031 scriptum
2652 2964 2765 3013 cst:
2795 2960 2912 3015 Hic
2944 2964 3025 3014 est
3055 2959 3249 3014 Filius
3270 2974 3433 3015 meus
3477 2959 3766 3027 dilectus,
3794 2960 3850 3014 in

2182 3065 2302 3121 quo
2334 3049 2486 3105 mihi
2512 3049 2851 3118 complacui
2880 3048 3220 3117 (Matth.m,
3256 3050 3341 3117 l7)
3364 3048 3545 3102 nuler
3577 3048 3848 3121 reprobae

422 3138 791 3194 Theristrum
823 3142 1026 3193 autem
1058 3135 1226 3210 pallii
1252 3135 1468 3193 dicitur
1488 3152 1679 3206 genus
1709 3135 1887 3191 etiam
1914 3148 2076 3188 nunc
2113 3174 2154 3231 Ο
2188 3138 2403 3193 animus
2432 3137 2925 3208 conjunguntur?
2959 3140 3035 3193 De
3065 3138 3425 3207 cognatione
3458 3141 3667 3194 autem
3713 3155 3850 3194 uxo-

416 3227 653 3283 Arabici
703 3226 1204 3299 vestimenti,quo
1235 3225 1513 3281 mulieres
1558 3224 1881 3298 provinciae
1919 3222 2076 3278 illius
2118 3222 2153 3231 “”
2184 3243 2311 3282 rem
2344 3226 2465 3281 tilio
2514 3226 2810 3281 deducere
2843 3242 3055 3281 servus
3100 3226 3466 3299 praecipitur,
3522 3228 3677 3299 quia
3725 3227 3848 3283 sola

421 3316 713 3373 velantur.

487 3406 892 3480 Spiritualiter,
925 3422 1032 3479 per
1059 3404 1367 3462 Abraham
1391 3405 1548 3460 Deus
1576 3406 1746 3476 pater
1772 3403 2074 3472 signiﬁca-

415 3500 510 3552 tur
535 3515 548 3566 ;
570 3513 697 3553 non
725 3500 791 3552 ut
821 3498 976 3552 Deus
1008 3498 1300 3564 senescat,
1334 3493 1442 3549 sed
1469 3494 1602 3566 ipsa
1653 3494 1969 3566 prophetia
1999 3492 2075 3548 de

415 3586 646 3644 Christo
672 3590 729 3642 et
748 3585 1008 3641 Ecclesia
1045 3582 1227 3656 quasi
1248 3584 1379 3654 jam
1405 3599 1512 3655 per
1541 3586 1741 3638 aetates
1774 3586 2069 3638 senuerat.

415 3678 521 3732 Per
568 3678 734 3733 Isaac
791 3690 935 3731 vero
994 3673 1283 3729 Dominus
1333 3672 1619 3741 Christus,
1670 3687 1777 3743 per
1834 3687 2073 3726 servum

415 3769 615 3821 autem
649 3780 846 3820 sermo
875 3762 1260 3835 propheticus
1294 3760 1390 3815 vel
1420 3759 1807 3832 apostolicus.
1842 3761 1921 3815 De
1951 3776 2073 3831 quo

414 3854 595 3910 etiam
624 3854 839 3909 dicitur
866 3870 879 3907 :
916 3853 1031 3919 Qui
1048 3854 1312 3920 praeerat
1341 3848 1612 3905 omnibus
1641 3849 1807 3904 bonis
1834 3850 2077 3905 Domini

415 3944 521 3997 tui.
552 3942 702 4007 Quia
734 3940 1010 4013 apostoli,
1042 3939 1149 4012 qui
1185 3937 1477 4011 praesules
1505 3937 1745 3993 fuerunt
1774 3938 1939 3993 omni
1972 3941 2072 3993 Ec-

415 4030 608 4085 clesiae
628 4030 747 4098 Dei,
782 4028 1068 4085 omnibus
1118 4026 1439 4083 virtutibus
1492 4028 1841 4083 exstiterunt
1880 4026 2068 4084 ditati.

412 4121 520 4173 Per
540 4117 801 4174 camelos
831 4122 1032 4173 autem
1054 4115 1468 4186 signiﬁcantur
1485 4115 1548 4172 hi
1576 4116 1680 4189 qui
1714 4133 1783 4171 ex
1819 4116 2070 4173 circum-

414 4205 637 4261 cisione
664 4204 1043 4261 crediderunt
1070 4208 1128 4260 et
1150 4203 1426 4260 doctores
1458 4208 1514 4261 et
1564 4204 1869 4277 adjutores
1898 4221 2073 4278 apos-

415 4292 673 4348 tolorum
700 4292 957 4348 fuerunt.
984 4291 1094 4358 Qui
1115 4291 1269 4349 bene
1289 4291 1497 4349 decem
1526 4292 1808 4349 dicuntur
1826 4297 2073 4366 propter

414 4381 777 4452 Deealogum
792 4381 961 4452 legis,
976 4398 1331 4457 quanquam
1356 4382 1779 4455 praedicatores
1807 4383 1974 4439 electi
1998 4398 2071 4439 ex

413 4469 691 4541 gentibus
713 4470 892 4527 velint
914 4469 1165 4543 quidam
1208 4470 1473 4541 intelligi.
1505 4471 1637 4528 Sive
1668 4486 1776 4543 per
1803 4470 2068 4527 camelos

411 4564 613 4616 motus
654 4560 849 4616 carnis
890 4560 1319 4632 intelliguntur,
1362 4564 1428 4617 ut
1462 4560 1681 4617 Paulus
1729 4560 1846 4616 ait:
1890 4560 2067 4616 Video

408 4650 596 4707 aliam
638 4651 819 4721 legem
844 4651 908 4706 in
950 4651 1229 4708 membris
1276 4651 1420 4707 meis
1465 4653 1906 4721 repugnantem
1947 4650 2061 4720 legi

406 4739 617 4795 mentis
661 4754 824 4811 meae,
857 4741 967 4794 etc.
1011 4740 1204 4806 (Rom.
1233 4753 1333 4801 v11,
1365 4736 1477 4808 23).
1511 4738 1627 4792 Seu
1656 4735 1837 4791 etiam
1869 4735 2068 4792 senior

407 4842 609 4883 servus
638 4827 965 4898 imaginem
1021 4826 1238 4883 habuit
1271 4825 1439 4895 legis,
1485 4840 1594 4897 per
1620 4838 1812 4897 quam
1843 4838 2068 4895 sponsa

407 4915 619 4971 Christi
636 4916 896 4973 Ecclesia
913 4914 1427 4988 despondebatur,
1440 4928 1629 4985 quam
1649 4911 1783 4984 ipsa
1800 4912 2068 4969 Rebecca

407 5004 803 5072 signiﬁcabat.
839 5006 919 5060 De
949 5021 1074 5077 qua
1098 5007 1151 5060 ei
1183 5004 1437 5059 dicitur:
1468 5003 1606 5059 Non
1643 5003 1895 5072 accipies
1934 5017 2064 5059 eam

407 5091 480 5146 de
523 5091 767 5158 ﬁliabus
797 5093 1314 5148 Chananworum.
1348 5089 1677 5147 Chananaei
1699 5090 1859 5146 enim
1888 5090 2067 5147 inter-

406 5183 717 5253 pretantur
744 5182 1060 5236 commotio
1105 5196 1332 5247 eorum,
1369 5178 1554 5235 corda
1580 5177 1853 5236 videlicet
1886 5180 2066 5237 insta-

405 5268 639 5325 bilium.
655 5269 820 5325 Unde
838 5268 1190 5325 Psalmista:
1216 5270 1355 5326 Non
1381 5268 1483 5325 des
1521 5269 1587 5324 in
1612 5272 2062 5327 commotionem

403 5359 581 5427 pedes
611 5374 766 5414 meos
795 5358 986 5429 (Psal.
1016 5371 1136 5425 cxx,
1169 5358 1243 5430 3).
1277 5358 1357 5412 De
1386 5372 1511 5430 qua
1539 5357 1719 5415 etiam
1752 5358 2063 5431 subjungi—

406 5448 538 5501 tur:
572 5446 681 5501 Sin
709 5453 906 5502 autem
941 5446 1205 5502 noluerit
1230 5446 1397 5518 sequi
1416 5452 1491 5515 te,
1514 5462 1635 5504 non
1662 5448 1950 5505 teneberis
1965 5450 2063 5518 ju-

408 5539 699 5589 ramento.
728 5535 850 5589 Hoc
876 5538 967 5589 est
994 5534 1161 5607 quod
1192 5535 1479 5592 Dominus
1505 5536 1616 5593 ait:
1648 5536 1714 5593 Si
1734 5553 1833 5593 vos
1858 5552 2060 5607 perse-

408 5623 534 5678 cuti
552 5623 784 5691 fuerint
806 5624 870 5677 in
892 5637 1015 5679 una
1037 5625 1295 5697 civitate,
1304 5626 1504 5696 fugite
1518 5626 1582 5681 in
1609 5628 1796 5683 aliam
1813 5626 2057 5697 (Matth.

406 5728 460 5783 Χ,
495 5712 754 5782 23).Ωιιω
783 5711 996 5768 mulier
1025 5729 1279 5785 vespere,
1313 5716 1428 5772 hoc
1455 5720 1542 5771 est
1569 5716 1631 5771 in
1664 5721 1832 5771 sexta
1861 5718 2057 5781 aetate,

478 5810 503 5836 ι
527 5801 699 5859 Deest
724 5800 821 5859 hic
850 5800 1078 5877 aliquid
1102 5804 1167 5862 in
1189 5806 1445 5877 utroque
1473 5802 1699 5862 codice.

2185 3321 2395 3371 sancta
2424 3315 2749 3371 electorum
2768 3315 3040 3371 Ecclesiae
3062 3316 3369 3384 unigenito
3393 3315 3538 3371 Filio
3563 3316 3850 3390 copulan-

2183 3404 2263 3460 da
2284 3409 2428 3467 erat,
2448 3421 2631 3477 quam
2664 3405 2792 3477 ipse
2817 3404 3163 3474 Unigenitus
3201 3421 3275 3460 ex
3318 3403 3848 3476 praedestinatione

2178 3494 2307 3564 jam
2334 3500 2388 3549 et
2416 3494 2793 3567 prrescicntia
2820 3499 3169 3550 extraneam
3194 3509 3318 3549 non
3360 3493 3629 3550 habebit.

2258 3584 2399 3648 Quis
2428 3598 2570 3638 vero
2601 3586 2689 3637 est
2717 3598 2869 3654 puer
2897 3581 3003 3654 qui
3025 3582 3104 3637 ad
3134 3582 3560 3639 deducendam
3592 3598 3845 3640 uxorem

2183 3672 2449 3737 mittitur,
2476 3670 2590 3725 nisi
2631 3672 3062 3743 prophetarum
3095 3671 3246 3727 ordo
3300 3676 3481 3744 atque
3541 3671 3847 3745 apostolo-

2181 3777 2337 3828 rum,
2371 3759 2764 3832 omniumque
2782 3759 3390 3833 doctorum,quidum
3410 3759 3671 3816 verbum
3703 3777 3846 3835 pree-

2181 3848 2497 3905 dicationis
2524 3848 2702 3903 bonis
2723 3848 3027 3904 mentibus
3049 3848 3297 3913 iaciunt,
3325 3848 3405 3905 ad
3435 3865 3846 3923 unamquam-

2180 3954 2298 4011 que
2328 3936 2598 3994 animam
2632 3936 2937 4006 unigenito
2968 3936 3112 3993 Filio
3142 3937 3637 4009 conjungendam
3670 3937 3845 4012 quasi

2180 4028 2520 4101 provisores
2566 4027 2759 4083 ﬁunt?
2819 4027 2931 4093 Qui
2999 4041 3259 4099 pergens
3319 4043 3514 4084 secum
3553 4028 3630 4085 de
3683 4028 3843 4086 bonis

2180 4115 2451 4171 omnibus
2506 4116 2735 4172 domini
2788 4117 2885 4171 sui
2943 4114 3186 4185 detulit;
3237 4114 3385 4189 quia
3433 4115 3497 4172 in
3554 4115 3653 4172 his
3713 4132 3842 4190 quae

2180 4203 2254 4259 de
2287 4204 2540 4259 Domino
2583 4203 2935 4277 loquuntur,
2974 4206 3036 4261 in
3064 4204 3399 4279 semetipsis
3426 4204 3728 4262 virtutum
3755 4204 3841 4261 di-

2178 4291 2354 4348 vitias
2398 4292 2741 4359 ostendunt,
2782 4295 2850 4349 ut
2899 4296 3067 4349 tanto
3123 4291 3296 4348 citius
3333 4292 3414 4349 ad
3457 4293 3841 4366 sequendum

2182 4384 2369 4437 Deum
2426 4382 2794 4454 pertrahant,
2823 4386 3053 4454 quanto
3084 4381 3460 4439 auditoribus
3488 4382 3615 4439 suis
3644 4383 3711 4440 in
3760 4396 3841 4439 se«

2183 4470 2450 4542 metipsis
2496 4474 2837 4526 monstrant
2886 4487 3023 4543 quae
3080 4473 3349 4528 narrant.
3400 4471 3597 4544 Atque
3647 4471 3840 4529 isdem

2182 4574 2333 4630 puer
2347 4559 2523 4629 juxta
2549 4558 2775 4615 fontem
2799 4560 2973 4627 stetit,
3005 4564 3185 4633 atque
3224 4576 3299 4616 ex
3325 4559 3579 4633 praefixa
3600 4565 3840 4618 senten-

2182 4646 2263 4702 tia
2286 4662 2423 4719 quaa
2450 4646 2650 4719 puella
2680 4647 2957 4717 eligenda
2987 4653 3160 4716 esset,
3186 4648 3532 4722 proposuit;
3555 4649 3669 4721 qui
3696 4665 3839 4723 prae-

2178 4736 2473 4792 dicatores
2504 4738 2693 4793 sancti
2741 4738 2897 4794 sacri
2925 4737 3128 4811 eloqui
3157 4737 3383 4795 ﬂuenta
3426 4739 3836 4805 considerant,

2177 4831 2356 4899 atque
2387 4843 2458 4882 ex
2486 4826 2634 4899 ipsis
2681 4827 2968 4897 colligunt
3006 4843 3142 4901 quae
3169 4828 3265 4885 vel
3293 4828 3519 4901 quibus
3548 4830 3838 4902 praedica-

2175 4916 2348 4971 tionis
2370 4932 2493 4971 suaa
2522 4916 2707 4972 verba
2734 4917 3132 4989 committant,
3155 4921 3212 4974 et
3240 4934 3313 4974 ex
3341 4918 3569 4991 quibus
3601 4917 3837 4977 audito-

2171 5004 2337 5060 ribus
2367 5004 2654 5061 ﬁduciam
2686 5006 3052 5063 certitudinis
3071 5013 3410 5064 assumant.
3444 5009 3667 5065 Potum
3697 5022 3836 5064 vero

2170 5093 2357 5165 petiit,
2383 5094 2529 5166 quia
2548 5094 2905 5166 praedicator
2919 5096 3118 5152 omnis
3139 5097 3412 5153 animam
3433 5097 3526 5153 sui
3544 5096 3837 5155 auditoris

2172 5181 2309 5237 sitit.
2341 5182 2457 5238 Sed
2477 5182 2742 5239 Rebecca
2765 5189 2973 5257 potum
3000 5184 3273 5256 praebuit,
3304 5185 3450 5258 quia
3479 5192 3698 5244 sancta
3726 5187 3836 5242 ele-

2172 5276 2403 5327 ctorum
2436 5271 2695 5328 Ecclesia
2719 5273 3189 5344 praedicatorum
3250 5291 3499 5331 suorum
3529 5276 3833 5333 desiderio

2171 5375 2244 5416 ex
2270 5360 2501 5415 virtutis
2526 5378 2650 5417 sum
2679 5362 2799 5418 ﬁde
2851 5362 3151 5419 satisfecit.
3200 5364 3352 5429 Quia
3403 5364 3565 5421 enim
3620 5368 3832 5433 Deum,

2169 5465 2353 5522 quem
2381 5450 2913 5521 audivit,confessa
2939 5452 3435 5525 est,prtedicatori
3456 5470 3569 5510 suo
3601 5470 3833 5528 aquam

2168 5538 2501 5593 refectionis
2530 5538 2744 5595 obtulit
2770 5540 3020 5613 ejusque
3046 5542 3320 5598 animum
3349 5542 3747 5614 refrigeravit.

2242 5630 2308 5682 Et
2331 5627 2667 5683 notandum
2695 5629 2863 5701 quod
2887 5630 3171 5701 hydriam
3200 5631 3278 5686 ab
3298 5630 3554 5688 humero
3575 5632 3640 5689 in
3656 5633 3833 5689 ulnas

2168 5716 2389 5787 posuit,
2431 5716 2575 5789 quia
2600 5716 2701 5771 illa
2732 5722 2823 5773 est
2850 5718 3072 5790 placita
3096 5719 3397 5775 confessio
3428 5737 3567 5793 quee
3600 5737 3640 5779 a
3669 5722 3831 5779 bono

2158 5818 2351 5875 .opere
2389 5804 2783 5877 procedit.Vcl
2804 5812 2961 5864 certe
2977 5823 3203 5881 aquam
3219 5807 3653 5882 praebuit,quia
3678 5811 3742 5868 in
3762 5824 3831 5866 eo
