3942 6372
355 444 478 507 659

770 447 1183 509 HAYMONIS
1228 444 1770 506 HALBEBSTAT.
1802 439 2050 502 EPISC.
2080 440 2252 501 OPP.
2285 441 2492 502 PARS
2524 442 2573 502 Ι.
2608 474 2685 487 -
2717 444 3126 504 COMMENT.
3161 443 3357 504 BlBL.

3664 441 3800 502 660

426 580 547 654 Ipsi
579 582 935 637 monuerunt
984 583 1049 635 ut
1096 582 1494 648 cantaremus,
1522 578 1621 634 sed
1675 575 1814 649 quia
1844 572 2014 647 quasi
2046 572 2098 641 Α
2126 573 2623 642 Christi.Quando
2646 578 2803 632 enim
2828 595 3016 650 prava:
3047 575 3452 649 suggestiones
3482 580 3541 632 et
3563 575 3645 631 illi
3670 594 3798 633 mo-

356 669 531 728 alieni
562 673 748 738 erant,
764 673 821 725 et
848 686 1045 737 canes,
1069 673 1126 725 et
1158 668 1338 741 porci,
1362 667 1521 722 nullo
1546 667 1719 721 modo
1741 664 2015 719 cantaba-

357 777 494 816 mus
525 759 609 815 eis
636 778 649 828 ;
683 763 740 814 et
765 759 875 814 hoc
897 762 986 815 est
1019 776 1031 814 :
1069 782 1097 807 «
1132 758 1436 824 Quomodo
1482 755 1856 811 cantabimus
1889 770 2021 808 can-

355 848 541 904 ticum
571 846 828 914 Domini,
866 870 894 896 »
925 847 1288 902 seminautes
1320 846 1561 901 verbum
1594 844 1879 910 divinum,
1907 866 1932 891 ‹‹
1960 843 2019 896 in

356 940 516 993 terra
561 935 789 992 aliena?
822 958 849 986 »
882 938 1126 992 Terram
1184 935 1437 991 alienam
1492 938 1677 1001 vocat,
1713 933 1770 988 in
1823 949 1940 1004 qua
1972 931 2022 985 si

357 1025 602 1081 verbum
634 1024 735 1080 Dei
770 1024 1118 1093 seminatur,
1152 1042 1269 1079 non
1318 1024 1652 1091 fructiﬁcat,
1683 1023 1783 1078 sed
1834 1020 2021 1094 spinis

361 1113 637 1186 nequitiae
670 1116 1010 1170 suffocatur.

433 1202 556 1259 Illis
576 1202 677 1276 qui
700 1207 843 1259 sunt
864 1203 1038 1259 alieni
1065 1220 1181 1258 non
1204 1202 1597 1269 cantabimus,
1613 1202 1736 1267 sed,
1752 1220 1784 1257 ο
1812 1201 2019 1257 Hieru-

360 1291 547 1349 salem
577 1292 851 1358 ccelestis,
884 1309 1189 1365 nunquam
1220 1292 1303 1347 tui
1339 1290 1502 1347 obliti
1548 1308 1787 1358 sumus;
1809 1294 1866 1345 et
1913 1291 2021 1346 hoc

359 1385 452 1437 est
482 1398 496 1437 :
531 1405 559 1432 ‹‹
596 1381 657 1439 Si
710 1381 928 1437 oblitus
987 1382 1150 1437 fuero
1202 1382 1310 1447 tui,
1365 1380 1751 1447 Hierusalem,
1786 1382 2025 1436 dextera

359 1486 552 1538 mea,»
584 1471 643 1526 id
673 1475 764 1526 est
795 1472 950 1527 bona
969 1471 1229 1543 operatio
1256 1487 1406 1537 mea,
1431 1494 1457 1519 ‹‹
1485 1471 1658 1525 detur
1686 1469 2019 1537 oblivioni,»

358 1577 394 1615 a
423 1560 561 1627 Deo,
597 1559 656 1614 id
690 1563 801 1628 est,
827 1559 1054 1615 nullam
1089 1560 1160 1615 de
1192 1559 1471 1614 omnibus
1519 1559 1839 1614 benefactis
1876 1559 2023 1613 meis

361 1648 903 1705 remunerationem
938 1647 1245 1720 accipiam.

429 1736 557 1793 Non
592 1741 823 1794 tantum
854 1737 1007 1806 dico,
1045 1759 1074 1788 «
1108 1737 1157 1793 si
1188 1737 1408 1794 oblitus
1439 1739 1621 1806 fuero,
1651 1761 1677 1787 »
1710 1738 1831 1793 haec
1876 1738 2026 1792 mihi

359 1824 521 1882 mala
548 1826 837 1895 eveniant,
855 1827 956 1883 sed
991 1849 1018 1876 «
1045 1826 1093 1882 si
1126 1844 1241 1883 non
1270 1828 1594 1883 meminero
1626 1828 1734 1895 tui,
1766 1850 1791 1876 ››
1824 1827 1881 1881 id
1912 1832 2024 1895 est,

2127 667 2225 719 tus
2256 663 2441 720 illiciti
2476 666 2824 738 subrepunt,
2860 671 3001 721 tunc
3022 667 3306 722 debemus
3329 667 3399 721 ad
3438 665 3796 722 memoriam

2129 753 2406 809 reducere
2436 771 2612 826 quam
2644 755 2894 811 viriliter
2922 755 3191 811 Christus
3223 755 3282 810 in
3332 772 3440 810 sua
3485 754 3605 810 vita
3645 754 3793 826 egit,

2130 846 2187 896 et
2234 859 2341 896 nos
2390 843 2439 897 ei
2473 844 2859 912 contormare,
2896 848 2961 899 ut
3010 861 3078 899 ex
3126 848 3249 899 toto
3297 842 3597 900 valeamus
3652 843 3797 899 illos

2130 930 2503 1005 exstinguere
2535 933 2595 987 in
2628 933 2822 989 nobis.

2558 1076 2630 1131 ΙΝ
2673 1076 3021 1132 PSALMUM
3061 1077 3366 1133 CXXXVII.

2490 1174 2745 1229 TITULUS
2778 1191 2791 1229 :
2825 1175 3077 1231 Psalmus
3104 1176 3213 1247 ipsi
3240 1175 3429 1230 David.

2204 1312 2231 1337 ‹‹
2267 1289 2616 1345 Confitebor.
2655 1312 2681 1340 »
2717 1288 3005 1362 Propheta
3036 1290 3135 1363 qui
3167 1290 3262 1346 hic
3294 1290 3573 1364 loquitur,
3605 1294 3800 1346 mate-

2134 1378 2279 1432 riam
2300 1378 2703 1434 liberationem
2719 1379 3136 1447 habet,factam
3156 1397 3260 1452 per
3275 1380 3587 1435 adventum
3603 1379 3803 1451 ipsius

2133 1466 2368 1521 Christi.
2402 1467 2549 1522 Nota
2578 1467 2717 1539 quia
2749 1467 3014 1539 psalmus
3044 1468 3156 1523 iste
3187 1468 3347 1523 mira:
3368 1468 3707 1525 sanctitatis
3740 1469 3800 1523 in

2132 1555 2321 1610 Veteri
2357 1556 2735 1611 Testamento
2766 1557 2947 1612 fuisse
2980 1556 3214 1629 legitur.
3242 1558 3481 1630 Legitur
3525 1557 3688 1613 enim
3739 1557 3797 1611 in

2135 1644 2619 1717 Paralipomenon
2651 1646 2806 1719 quod
2838 1650 3142 1701 cantantes
3163 1646 3321 1701 hunc
3340 1645 3648 1718 psalmum
3687 1645 3797 1700 mi-

2135 1733 2453 1790 sericordia
2472 1734 2771 1807 Dei,quasi
2797 1734 2930 1789 miri
2947 1734 3143 1790 odoris
3169 1735 3389 1805 fumus,
3404 1734 3808 1790 circumfulsit

2136 1823 2197 1878 in
2252 1822 2635 1879 tabernaculo
2680 1841 2845 1879 :non
2903 1828 3102 1879 autem
3165 1822 3413 1878 minoris
3471 1822 3807 1878 sanctitatis

359 1917 411 1973 si
456 1933 574 1971 non
627 1933 860 1987 semper
888 1916 1148 1973 habuero
1199 1922 1254 1973 te
1304 1917 1363 1971 in
1415 1918 1683 1989 praesenti
1720 1916 2023 1985 memoria,
2061 1948 2109 2013 B
2139 1910 2382 1967 minime
2416 1929 2545 1967 esse
2575 1913 2855 1980 creditur,
2890 1912 3046 1984 quod
3081 1912 3129 1966 si
3173 1927 3320 1984 pure
3362 1915 3658 1980 cantatur,
3690 1911 3807 1966 mi-

360 2029 391 2057 ‹‹
427 2004 726 2062 adhaereat
782 2003 987 2078 lingua
1041 2022 1175 2061 mea
1222 2005 1495 2062 faucibus
1545 2005 1713 2074 meis,
1747 2027 1774 2055 ››
1809 2005 1868 2060 id
1921 2010 2029 2073 est,

368 2098 574 2152 mutus
605 2093 766 2150 fiam.

435 2184 508 2239 Et
535 2182 713 2238 etiam
738 2206 766 2233 «
793 2183 843 2239 si
874 2200 991 2238 non
1025 2201 1383 2255 proposuero
1419 2209 1440 2237 κ
1480 2190 1556 2250 te,
1593 2206 1621 2234 ‹‹
1644 2184 2029 2251 Hierusalem,

371 2270 435 2326 in
468 2270 755 2342 principio
786 2269 999 2325 laetitiae
1030 2288 1192 2338 more,
1224 2294 1251 2320 »
1280 2272 1338 2327 id
1387 2277 1496 2340 est,
1531 2273 1578 2327 si
1639 2290 1754 2327 non
1803 2273 1918 2327 eris
1969 2278 2033 2328 tu

373 2358 732 2431 principium
765 2362 823 2414 et
850 2376 1032 2415 causa
1060 2359 1240 2415 totius
1272 2359 1506 2429 lzetitize,
1541 2361 1839 2415 adhmreat
1867 2362 2032 2416 simi-

371 2447 509 2503 liter
537 2446 739 2519 lingua
768 2463 900 2501 mea
931 2447 1198 2503 faucibus
1231 2448 1400 2504 meis.

445 2559 475 2587 «
509 2536 734 2591 Memor
763 2540 910 2591 esto.
946 2558 973 2587 ››
1009 2537 1149 2593 Pars
1200 2539 1478 2593 secunda.
1535 2539 1683 2604 Quia
1729 2556 1835 2610 ego
1887 2540 2032 2595 facio

375 2624 738 2681 Hierusalem
762 2625 1120 2698 principium
1143 2626 1355 2681 laetitia:
1380 2626 1751 2693 mea,ideo,o
1766 2628 2030 2697 Domine,

372 2731 602 2772 memor
622 2718 746 2771 esto
784 2716 1263 2787 persequentium
1298 2734 1424 2785 nos,
1441 2717 1515 2772 ad
1546 2716 1938 2789 judicandum
1973 2717 2032 2772 in

371 2804 492 2873 eis;
527 2806 584 2859 et
627 2803 738 2860 hoc
767 2807 858 2860 est
890 2820 904 2859 :
942 2826 971 2854 «
1004 2804 1228 2860 Memor
1274 2810 1420 2873 esto,
1454 2805 1721 2875 Domine,
1774 2805 2033 2862 filiorum

370 2893 621 2961 Edom,»
656 2893 717 2948 id
747 2897 837 2949 est
867 2895 1392 2961 terrenorum,sive
1423 2896 1906 2967 sanguineorum,
1934 2895 2034 2968 qui

371 2987 640 3039 nostrum
662 2982 976 3038 effundunt
1006 2982 1451 3057 sanguinem,et
1473 3002 1576 3040 nos
1600 2986 1670 3040 ad
1705 2987 2031 3058 appetitum

370 3071 731 3127 terrenitatis
762 3071 973 3127 ducere
992 3071 1216 3127 volunt.
1239 3075 1403 3129 Tunc
1436 3074 1586 3141 dico,
1607 3097 1633 3123 ‹‹
1658 3091 1885 3130 memor
1909 3079 2031 3130 esto

333 3159 629 3216 .ﬁliorum
686 3160 745 3215 in
807 3160 902 3216 die
958 3160 1348 3231 Hierusalem,
1400 3186 1427 3213 ››
1491 3162 1549 3217 id
1624 3167 1732 3230 est,
1794 3166 2030 3235 quando

370 3248 679 3321 apparebit
726 3247 964 3305 claritas
1033 3249 1322 3319 fidelium,
1374 3250 1601 3306 sciliset
1658 3251 1719 3304 in
1780 3251 1874 3306 die
1931 3252 2030 3323 ju-

369 3335 528 3392 dicii.

441 3447 469 3473 ‹‹
494 3423 624 3492 Qui,
660 3446 687 3473 »
722 3423 947 3479 scilicet
977 3425 1080 3480 ﬁlii
1112 3427 1297 3481 Edom
1333 3449 1361 3477 «
1393 3428 1599 3483 dicunt
1624 3451 1650 3477 υ
1672 3446 1786 3484 non
1811 3430 2024 3499 verbis,

368 3513 472 3568 sed
522 3512 714 3582 factis,
746 3536 773 3561 ‹‹
809 3512 1138 3582 Exinanite,
1172 3514 1486 3583 exinanito,
1527 3538 1553 3565 »
1584 3517 1644 3571 id
1694 3523 1802 3585 est,
1837 3522 2025 3574 totum

366 3605 642 3657 evacuate
672 3602 960 3674 quidquid
986 3603 1231 3673 justitize
1260 3604 1317 3659 in
1351 3605 1435 3661 eis
1456 3610 1547 3661 est
1580 3621 1593 3660 :
1631 3630 1658 3657 ‹‹
1681 3608 1972 3664 exinanito
1998 3633 2025 3659 ››

367 3689 498 3745 dico
529 3693 722 3745 totum
753 3689 918 3758 illud,
958 3709 1196 3764 «usque
1227 3694 1297 3748 ad
1333 3695 1781 3751 fundamentum
1810 3720 1836 3745 »
1868 3700 2023 3769 quod

364 3783 457 3836 est
487 3803 515 3830 ‹‹
549 3779 608 3834 in
641 3795 729 3847 ea,
764 3779 986 3835 scilicet
1015 3780 1161 3836 illud
1213 3783 1365 3853 quod
1401 3783 1460 3837 in
1493 3783 1577 3839 eis
1617 3791 1877 3857 apparet,
1902 3804 2027 3842 eva-

364 3871 554 3923 cuate.
607 3867 1080 3924 Fundamentum
1127 3869 1300 3926 istius
1342 3870 1705 3929 Hierusalem
1757 3875 2024 3932 Christus

362 3959 473 4025 est,
530 3956 618 4012 vel
677 3956 845 4026 fides,
907 3975 1023 4031 quo
1080 3965 1437 4027 remanente,
1491 3961 1694 4017 civitas
1753 3962 1867 4018 ista
1923 3965 2021 4019 de-

361 4045 511 4102 strui
542 4064 657 4103 non
703 4051 895 4119 potest
928 4064 940 4103 :
976 4052 1032 4103 et
1061 4048 1119 4103 in
1165 4049 1275 4105 hoc
1325 4050 1491 4105 stulti
1544 4056 1846 4123 apparent,
1882 4054 2023 4125 quia

281 4130 295 4145 ⁶
360 4138 701 4191 remanente
751 4136 1155 4206 fundamento,
1189 4142 1397 4194 castora
1445 4138 1648 4194 statim
1700 4142 2018 4197 reaaditiea-

360 4223 604 4279 buntur.

428 4336 457 4362 «
493 4311 720 4393 Filia.)
756 4313 1084 4369 Priscamur
1115 4318 1179 4370 ut
1204 4315 1466 4372 vindices
1498 4316 1559 4372 in
1590 4318 1727 4373 ﬁliis
1748 4320 1931 4374 Edom
1964 4325 2021 4375 et

357 4418 465 4457 nos
497 4400 610 4474 ipsi
642 4401 1014 4458 vindicamus
1061 4403 1120 4459 in
1170 4410 1362 4477 parte;
1387 4410 1446 4461 et
1494 4406 1603 4462 hoc
1634 4411 1723 4462 est
1748 4425 1760 4463 :
1787 4426 1818 4463 ο
1845 4432 1870 4459 ‹‹
1898 4408 2019 4465 ﬁlia

356 4490 730 4563 Babylonis,»
761 4491 818 4546 id
850 4495 960 4560 est,
976 4510 1109 4549 caro
1141 4499 1343 4550 nostra
1374 4499 1511 4551 nata
1550 4495 1609 4550 in
1649 4498 2012 4566 confusione,

353 4582 411 4634 et
440 4596 675 4651 semper
705 4596 952 4636 moneus
1005 4582 1432 4652 confusionem,
1466 4590 1525 4639 et
1552 4584 1680 4640 ideo
1712 4610 1737 4635 ‹‹
1776 4586 2011 4655 misera,

2144 2002 2463 2058 sericordia
2494 2001 2595 2056 Dei
2628 2001 2829 2056 statim
2874 2000 3043 2057 adest
3075 1998 3474 2056 cantantibus.
3508 2000 3571 2056 In
3612 2000 3810 2073 prima

2143 2095 2309 2163 parte
2342 2108 2402 2145 se
2433 2090 2672 2146 laudare
2704 2092 2912 2158 Deum,
2943 2094 3001 2146 et
3030 2106 3091 2145 se
3123 2091 3268 2146 bene
3299 2089 3525 2161 operari
3558 2089 3807 2162 promit-

2142 2180 2231 2241 tit,
2249 2180 2479 2251 positus
2512 2180 2664 2235 inter
2692 2180 3001 2252 angustias
3029 2178 3212 2250 hujus
3241 2178 3392 2233 vitae.
3427 2178 3490 2233 In
3522 2179 3805 2245 secunda,

2144 2285 2272 2339 qua:
2305 2268 2516 2340 incipit
2549 2285 2561 2323 :
2594 2292 2620 2318 ‹‹
2656 2268 3063 2324 Conﬁteantur
3094 2267 3503 2336 tibi,Domine,
3541 2289 3569 2317 ››
3604 2272 3807 2323 monet

2141 2354 2288 2411 alios
2319 2355 2557 2412 laudare
2582 2362 2816 2429 propter
2845 2357 3023 2413 aliam
3055 2374 3296 2413 causam
3345 2361 3578 2429 propter
3624 2373 3801 2429 quam

2143 2448 2201 2500 et
2231 2444 2355 2516 ipse
2385 2444 2606 2513 laudat,
2641 2445 2866 2501 scilicet
2896 2446 2956 2500 in
3008 2445 3474 2503 consideratione
3514 2444 3803 2502 liberatio-

2143 2533 2266 2603 nis;
2300 2539 2357 2589 et
2386 2533 2444 2588 in
2478 2534 2587 2589 hae
2632 2539 2797 2606 parte
2844 2538 3003 2607 patet
3048 2534 3317 2591 intentio.
3342 2534 3597 2590 Intendit
3642 2533 3796 2589 enim

2143 2640 2250 2677 nos
2283 2639 2519 2677 monere
2550 2624 2621 2678 ad
2653 2624 3089 2692 exsultandum,
3122 2629 3178 2680 et
3206 2622 3565 2679 laudandum
3588 2622 3793 2687 Deum,

2143 2729 2248 2784 pro
2282 2712 2622 2769 liberatione
2672 2715 2826 2769 facta
2874 2730 2979 2785 per
3025 2713 3344 2781 Christum,
3379 2712 3531 2769 sicut
3577 2711 3638 2767 in
3681 2711 3794 2768 alio

2142 2819 2251 2857 nos
2283 2802 2515 2858 monuit
2546 2804 2619 2859 de
2650 2802 2985 2875 captivitate
3016 2801 3468 2875 Babyloniorum
3499 2800 3712 2857 dolere.

2213 2893 2291 2946 Ac
2343 2891 2391 2947 si
2441 2892 2521 2947 ita
2570 2892 2787 2948 diceret
2819 2908 2832 2946 :
2865 2891 3003 2958 Vos,
3036 2892 3266 2959 fratres,
3297 2890 3651 2946 confitemini
3683 2889 3791 2945 Do-

2143 2980 2302 3035 mino
2354 2981 2617 3053 exemplo
2670 2982 2806 3047 mei,
2841 2983 2997 3054 quod
3048 2998 3163 3037 non
3215 2985 3356 3037 sunt
3397 2979 3523 3047 tibi,
3557 2996 3589 3035 o
3624 3001 3651 3029 ‹‹
3680 2979 3788 3035 Do-

2143 3069 2300 3126 mine
2338 3094 2363 3119 ››
2396 3070 2667 3144 ingratus
2696 3072 2767 3126 de
2794 3069 3096 3126 beneﬁciis
3125 3070 3265 3137 tuis,
3298 3086 3528 3142 semper
3556 3091 3585 3118 «
3609 3069 3791 3123 eonﬁ-

2140 3161 2307 3216 tebor
2355 3160 2461 3215 tibi
2496 3182 2523 3210 »
2558 3159 2616 3215 in
2671 3160 3039 3215 confessione
3087 3159 3280 3215 laudis
3315 3182 3336 3209 α
3373 3159 3431 3213 in
3459 3162 3578 3214 toto
3624 3158 3793 3212 corde

2142 3268 2291 3317 meo,
2329 3273 2357 3300 »
2388 3249 2537 3317 ideo,
2572 3273 2600 3300 «
2636 3250 2916 3322 quoniam
2966 3249 3183 3305 audisti
3230 3249 3407 3304 verba
3451 3247 3568 3303 oris
3598 3247 3733 3317 mei,
3766 3270 3791 3296 »

2063 3319 2106 3386 (ἶ
2140 3339 2278 3411 quia
2300 3339 2516 3395 misisti
2553 3339 2767 3395 Filium
2800 3336 3116 3405 inearnari,
3151 3342 3216 3394 ut
3257 3355 3365 3393 nos
3410 3336 3702 3392 eximeres
3722 3336 3792 3391 de

2139 3434 2426 3501 potestate
2457 3428 2696 3495 diaboli,
2729 3429 2801 3484 de
2832 3446 2950 3500 qua
2980 3428 3053 3484 ad
3083 3432 3140 3484 te
3171 3426 3495 3483 clamamus
3534 3425 3785 3481 assidue.

2208 3520 2279 3573 Et
2313 3536 2429 3574 non
2472 3522 2703 3573 tantum
2737 3518 3081 3586 conﬁtebor,
3115 3516 3217 3572 sed
3264 3515 3442 3571 etiam
3480 3538 3499 3563 α
3535 3513 3785 3587 psallam

2136 3607 2264 3674 tibi,
2304 3630 2329 3655 ››
2363 3607 2419 3661 id
2452 3611 2559 3673 est,
2597 3607 2742 3662 bene
2774 3607 3060 3677 operabor
3111 3606 3183 3661 ad
3234 3602 3465 3660 laudem
3509 3607 3697 3671 tuam;
3729 3608 3786 3657 et

2136 3695 2246 3750 hoc
2282 3719 2309 3745 ‹‹
2341 3696 2398 3749 in
2433 3701 2749 3768 conspectu
2783 3694 3149 3768 angelorum,
3186 3717 3214 3743 »
3262 3693 3319 3748 id
3369 3696 3458 3749 est
3503 3692 3562 3747 in
3611 3693 3780 3748 bene-

2136 3784 2349 3856 placito
2379 3802 2605 3839 eorum.
2636 3786 2768 3840 Jam
2799 3785 2958 3840 enim
2990 3782 3202 3857 angeli,
3236 3785 3649 3855 cognoscentes
3678 3798 3781 3836 nos

2134 3891 2264 3930 esse
2322 3873 2587 3930 concives
2646 3891 2806 3942 suos,
2840 3875 3098 3947 gaudent
3146 3874 3218 3928 de
3254 3870 3528 3945 operibus
3565 3871 3779 3926 nostris

2134 3962 2325 4030 bonis,
2360 3968 2418 4017 et
2448 3964 2728 4035 adjuvant
2758 3981 2886 4018 nos.
2917 3986 2945 4013 «
2978 3964 3049 4018 Et
3093 3962 3346 4017 adorabo
3394 3961 3466 4015 ad
3497 3958 3777 4032 templum

2133 4057 2403 4107 sanctum
2437 4057 2631 4118 tuum,
2666 4075 2693 4102 ››
2728 4052 2785 4107 id
2813 4057 2903 4107 est
2934 4053 3006 4107 ad
3046 4050 3235 4124 ipsam
3265 4047 3477 4105 Christi
3510 4048 3775 4103 humani-

2130 4144 2333 4209 tatem,
2367 4141 2423 4196 id
2457 4146 2548 4197 est
2594 4141 2783 4214 ipsam
2831 4140 3027 4197 debita
3074 4144 3133 4195 et
3181 4138 3519 4195 omnimoda
3555 4153 3779 4193 venera-

2129 4229 2288 4286 tione
2318 4231 2656 4297 venerabor,
2691 4234 2746 4285 et
2777 4229 3141 4285 divinitatem
3194 4226 3521 4300 specialiter
3563 4225 3621 4281 in
3652 4226 3775 4299 ipso

2129 4320 2494 4375 habitantem
2526 4320 2812 4387 adorabo;
2849 4343 2874 4368 ‹‹
2911 4323 2968 4374 et
2992 4340 3018 4368 ››
3052 4317 3230 4374 etiam
3265 4339 3293 4368 «
3324 4316 3641 4372 conﬁtebor
3670 4332 3775 4371 no-

2128 4409 2273 4464 mini
2306 4413 2428 4478 tuo,
2464 4432 2491 4459 »
2525 4410 2585 4465 id
2615 4414 2704 4464 est
2732 4408 2985 4464 laudabo
3017 4413 3095 4463 te.

2198 4522 2225 4547 ‹‹
2262 4499 2450 4570 Super
2476 4497 2881 4553 misericordia
2922 4501 3025 4553 tua
3064 4501 3122 4552 et
3158 4496 3396 4552 veritate
3426 4498 3545 4560 tua,
3584 4516 3612 4541 ››
3642 4494 3774 4566 quia

2126 4587 2588 4660 redemptionem
2625 4605 2728 4659 per
2758 4585 3200 4642 misericordam
3244 4584 3407 4651 facis,
3442 4587 3499 4638 et
3522 4582 3767 4655 promis-

352 4668 563 4724 beatus
595 4692 622 4720 »
658 4673 746 4724 est
772 4668 870 4725 ille
901 4694 927 4719 ‹‹
965 4670 1061 4742 qui
1098 4671 1382 4727 retribuat
1412 4672 1512 4729 tibi
1568 4675 2009 4731 retributionem
2046 4694 2093 4756 D
2124 4677 2498 4748 siones,quas
2521 4694 2622 4748 per
2644 4676 2956 4748 perphetas
2978 4670 3643 4747 promiseras,adimples
3674 4688 3769 4742 per

351 4774 531 4829 quam
565 4759 887 4814 retribuisti
924 4761 1113 4827 nobis,
1150 4784 1177 4809 ››
1211 4762 1267 4815 id
1301 4767 1411 4829 est,
1432 4763 1531 4834 qui
1564 4781 1667 4835 pro
1699 4765 2014 4823 afﬂictione

350 4846 409 4901 in
442 4847 719 4918 peccatis,
755 4849 826 4903 ad
861 4865 989 4920 qua)
1032 4854 1095 4904 tu
1146 4868 1379 4922 semper
1428 4870 1635 4907 mones
1676 4854 2011 4911 interiorem

348 4934 671 5007 hominem,
706 4937 907 4992 reddet
938 4936 1041 4993 tibi
1075 4939 1475 5008 aftlictioncm,
1503 4942 1851 5013 jejunando,
1876 4946 2014 5019 vigi-

348 5023 544 5093 lando,
563 5029 621 5080 et
644 5026 870 5081 cmteris
892 5027 1084 5082 modis
1115 5028 1450 5085 afflictionis
1474 5036 1550 5097 te,
1576 5050 1808 5089 carnem
1836 5036 2013 5107 Baby-

346 5112 499 5168 lonis
522 5113 727 5182 tiliam,
763 5117 1135 5171 maccrando.

416 5204 488 5257 Et
516 5203 692 5259 etiam
721 5225 749 5252 ‹‹
773 5203 980 5259 beatus
1007 5228 1032 5253 ››
1057 5210 1146 5261 est
1180 5208 1275 5263 ille
1301 5208 1447 5280 «qui
1483 5210 1756 5281 parvulos
1790 5216 1944 5279 tuos,
1980 5238 2006 5262 ››

343 5290 400 5346 id
435 5296 544 5359 est,
562 5293 940 5365 suggestione
976 5300 1373 5366 peccatorum,
1396 5316 1544 5369 quos
1578 5303 1637 5353 tu
1676 5300 1729 5353 in
1770 5300 2010 5357 homine

341 5395 743 5453 generas,quae
767 5380 1051 5437 dicuntur
1071 5384 1295 5454 parvuli
1321 5387 1462 5440 dum
1488 5387 1826 5460 insurgunt,
1847 5394 1904 5444 et
1933 5392 2001 5445 ad

341 5472 541 5522 actum
576 5486 689 5525 non
735 5470 1160 5542 perducuntur,
1198 5497 1225 5524 ‹‹
1259 5475 1494 5544 tenebit,
1533 5500 1561 5525 ››
1585 5494 1655 5531 ne
1688 5479 2005 5548 procedant

339 5569 527 5625 usque
557 5558 628 5611 ad
664 5561 884 5626 actum,
909 5580 936 5607 ‹‹
970 5563 1028 5613 et
1053 5583 1080 5608 ››
1112 5563 1289 5617 etiam
1316 5588 1341 5612 ‹‹
1364 5563 1620 5632 allidet,»
1646 5565 1699 5619 id
1725 5570 2003 5633 est,com-

340 5641 552 5709 primet
573 5650 628 5699 et
659 5644 1010 5715 confringet,
1036 5671 1062 5697 ‹‹
1089 5650 1159 5705 ad
1195 5668 1483 5722 pmnam,»
1512 5653 1563 5705 id
1601 5655 1789 5721 est,ad
1814 5655 2003 5711 Chris-

340 5728 721 5792 tum,scilicet
741 5747 847 5799 per
874 5738 1218 5793 memoriam
1239 5744 1295 5793 et
1317 5741 1789 5797 conformitatem
1815 5744 1999 5814 ipsius

2124 4767 2319 4838 ipsum
2371 4765 2690 4832 Christum,
2721 4764 2807 4819 vel
2843 4766 2913 4819 de
2955 4761 3356 4818 misericordia
3404 4777 3579 4832 quam
3634 4759 3765 4814 facis

2123 4855 2383 4911 humano
2416 4855 2610 4927 generi
2647 4855 2703 4909 in
2739 4852 3007 4925 praisenti
3031 4851 3149 4906 vita
3174 4868 3185 4905 :
3212 4875 3237 4900 ‹‹
3263 4853 3321 4905 et
3345 4872 3372 4899 ››
3397 4850 3465 4905 de
3490 4848 3766 4903 «veritate

2122 4950 2227 5000 tua
2270 4968 2296 4992 ››
2347 4943 2717 5015 complenda,
2742 4943 2978 5015 quando
3011 4940 3211 4996 fideles
3260 4944 3414 5005 tuos,
3448 4938 3761 4993 secundum

2121 5034 2273 5104 quod
2312 5032 2653 5104 promisisti,
2689 5025 3529 5097 remunerabis,misericordia
3558 5029 3614 5079 et
3633 5026 3766 5080 veri-

2118 5127 2235 5178 tate
2268 5123 2396 5176 dico
2422 5123 2548 5176 ideo
2567 5120 2846 5187 exhibita,
2865 5145 2891 5168 ‹‹
2909 5136 3083 5191 quam
3106 5117 3383 5190 magnific
3398 5115 3519 5181 isti,
3533 5138 3558 5161 ››
3582 5113 3637 5168 id
3662 5118 3763 5182 est,

2118 5229 2400 5283 magnum
2420 5210 2604 5266 fecisti
2621 5234 2645 5259 ‹‹
2667 5214 2936 5265 sanctum
2960 5211 3128 5263 tuum
3150 5230 3177 5256 ››
3200 5202 3643 5278 singularem,id
3661 5208 3763 5269 est,

2118 5301 2415 5357 Christum
2451 5324 2476 5349 ‹‹
2501 5318 2679 5370 super
2699 5314 2873 5353 omne.
2896 5314 3166 5366 nomen,»
3201 5295 3258 5350 id
3291 5296 3584 5364 est,super
3604 5307 3766 5347 omne

2117 5388 2512 5458 nominabile;
2548 5389 2703 5443 unde
2754 5387 2969 5442 Paulus
3003 5402 3016 5440 :
3054 5408 3081 5436 ‹‹
3109 5383 3353 5440 Donavit
3403 5381 3485 5436 illi
3538 5396 3763 5445 nomen,

2116 5480 2272 5552 quod
2302 5483 2391 5533 est
2424 5496 2602 5550 super
2632 5493 2804 5531 omne
2835 5491 3048 5530 nomen
3081 5474 3312 5544 (Philip.
3346 5471 3407 5542 ι).
3439 5492 3466 5520 ››

2188 5569 2346 5623 Licet
2377 5572 2572 5622 autem
2601 5568 2806 5637 justus
2836 5565 2946 5619 iste
2974 5564 3031 5617 in
3059 5563 3310 5618 adventu
3333 5557 3548 5614 Christi
3570 5557 3767 5613 libera-

2082 5650 2333 5712 'tionem
2367 5655 2710 5727 accepisset,
2747 5659 2944 5709 tamen
2996 5652 3135 5724 quia
3168 5649 3322 5705 mala
3350 5647 3658 5702 imminere
3686 5646 3762 5700 vi-

2112 5747 2229 5813 det,
2264 5746 2550 5801 auxilium
2584 5748 2785 5798 contra
2818 5743 2925 5797 hoc
2958 5743 3319 5813 deprecatur.
3344 5735 3716 5792 Continuatio
3743 5753 3755 5788 :
