3942 6364
207 438 346 502 661
1418 438 1922 504 EXPLANA'I‘IO
1966 438 2046 501 IN
2090 442 2473 510 PSALMOS.
3537 448 3657 516 662

207 572 379 640 Quia
408 570 493 629 ita
523 589 774 647 magnus
805 591 890 643 es,
914 572 1066 641 ideo,
1086 592 1118 631 o
1142 574 1401 643 Domine,
1426 598 1455 625 ‹‹
1478 574 1686 632 exaudi
1709 593 1803 631 me
1826 574 1885 630 in
1914 572 1972 641 Α
2001 593 2108 632 nos
2141 577 2199 633 in
2232 579 2493 648 ﬁnem,id
2518 584 2705 651 est,ad
2731 583 2921 657 ipsius
2941 583 3157 641 Christi
3179 584 3653 646 confirmitatem.

205 660 278 717 in
315 678 675 735 quacunque
705 662 821 730 die,
858 685 886 713 ››
916 662 974 718 id
1006 668 1113 732 est,
1148 664 1207 719 in
1240 682 1591 737 quocunque
1628 669 1891 737 tempore
2002 666 3072 740 InhocpsalmoChristusestmateria
3093 676 3419 732 secundum
3441 681 3659 735 utram-

205 773 239 801 ‹‹
280 751 632 807 invocavero
679 756 816 806 te.»
849 752 995 808 Cum
1036 754 1195 821 dicit,
1232 777 1259 803 ‹‹
1312 758 1431 809 tota
1480 754 1592 819 die,
1625 776 1652 804 »
1698 758 1887 809 totum

203 843 465 912 tempus
482 839 634 911 justi
666 839 953 908 nominat,
980 840 1119 913 quia
1132 843 1336 913 justus
1361 859 1591 915 semper
1621 842 1889 898 ambulat

195 929 271 1008 in
308 946 452 984 vera
480 928 812 1001 cognitione
834 933 891 985 et
921 928 1350 987 illuminatione
1376 948 1388 986 :
1415 933 1565 999 dico,
1589 933 1887 999 exaudi,et

201 1034 474 1075 securus
501 1034 658 1084 sum,
689 1017 971 1090 quoniam
1004 1023 1069 1075 tu
1102 1042 1129 1070 ‹‹
1165 1019 1612 1092 multiplicabis,
1642 1044 1667 1069 ››
1692 1020 1746 1076 id
1772 1026 1882 1087 est,

198 1105 614 1178 multiplicem
664 1105 833 1161 dabis
865 1130 893 1157 «
925 1107 1202 1163 virtutem
1234 1107 1294 1162 in
1328 1110 1529 1165 anima
1559 1126 1690 1164 mea
1725 1133 1750 1159 ››
1785 1128 1886 1182 per

198 1212 399 1269 quam
435 1199 637 1251 contra
667 1194 1004 1269 ingruentia
1035 1196 1191 1252 mala
1221 1197 1443 1269 possim
1479 1200 1771 1254 resistere.

278 1307 311 1333 ‹‹
351 1284 776 1340 Conﬁteantur.
814 1307 841 1333 »
874 1284 1013 1339 Pars
1045 1287 1323 1341 secunda.
1361 1285 1460 1341 llic
1492 1286 1879 1342 intentionem

196 1389 390 1429 suam
421 1372 628 1444 aperit.
652 1373 722 1428 Et
743 1372 883 1444 quia
902 1374 1224 1430 confitebor
1245 1374 1372 1443 tibi,
1392 1375 1520 1431 ideo
1544 1393 1673 1430 meo
1695 1394 1882 1432 exem-

194 1461 333 1534 plo,
359 1478 395 1517 ο
421 1484 442 1510 «ι
470 1461 1150 1530 Domine,conﬁteantur
1180 1462 1286 1517 tibi
1316 1481 1521 1519 omnes
1552 1482 1717 1537 reges
1765 1469 1877 1520 ter-

194 1568 304 1618 rm,
336 1573 369 1601 »
394 1550 454 1605 id
487 1553 596 1619 est,
631 1567 837 1607 omnes
867 1549 953 1606 illi
984 1550 1226 1607 laudent
1254 1556 1310 1606 te
1343 1552 1442 1623 qui
1474 1554 1877 1609 terrenitatem

191 1656 386 1696 suam
421 1640 567 1695 bene
598 1642 828 1713 regunt.
863 1641 933 1695 Et
962 1640 1076 1695 nisi
1109 1641 1361 1696 confessi
1395 1641 1877 1709 fuerint,inexcu-

191 1727 437 1803 sabiles
460 1731 651 1795 erunt,
678 1751 706 1777 «
731 1727 870 1800 quia
893 1750 918 1777 »
943 1728 1055 1801 ipsi
1081 1752 1107 1779 «
1140 1728 1454 1785 audierunt
1484 1730 1684 1786 omnia
1703 1731 1879 1787 verba

188 1817 321 1876 oris
357 1816 475 1885 tui,
511 1838 539 1866 ››
570 1833 697 1889 quae
729 1832 828 1873 ore
858 1819 959 1873 tuo
992 1835 1097 1890 per
1127 1817 1339 1873 Filium
1370 1822 1540 1874 tuum
1580 1820 1875 1885 observari

2000 773 2112 828 que
2141 761 2410 814 naturam
2437 776 2449 814 :
2476 777 2663 831 pauca
2692 762 2931 832 quidem
2964 768 3214 835 tangens
3237 765 3308 820 de
3326 765 3656 837 divinitate,

1998 845 2097 899 sed
2132 845 2303 917 plura
2332 847 2571 919 quidem
2613 867 2936 922 exsequens
2988 852 3058 907 de
3106 870 3215 908 sua
3261 853 3653 912 humanitate.

1996 933 2264 989 Ostendit
2293 937 2449 992 cnim
2481 955 2543 993 sc
2582 938 2833 994 humilia
2878 939 3236 996 sustinuisse
3283 942 3355 998 ad
3405 943 3650 999 modum

1995 1022 2247 1079 aliorum
2277 1024 2607 1095 hominum,
2635 1030 2698 1081 ut
2718 1026 3053 1084 humilitate
3086 1046 3282 1086 veram
3313 1032 3654 1104 comprobet

1995 1130 2163 1167 suam
2197 1112 2627 1170 humanitatem
2653 1133 2666 1169 :
2693 1117 2951 1172 ostendit
2981 1122 3039 1173 et
3068 1104 3562 1187 altissima,veluti
3588 1121 3650 1177 in

1994 1202 2438 1269 resurrectione,
2480 1207 2537 1257 et
2586 1220 2722 1258 cum
2773 1222 2875 1275 per
2924 1206 3120 1276 ipsum
3168 1207 3419 1263 tenebrae
3468 1208 3649 1281 hujus

1993 1288 2199 1342 mundi
2230 1288 2573 1345 illuminata:
2607 1297 2768 1358 sunt,
2796 1295 2853 1346 et
2882 1292 2998 1347 alia
3030 1310 3265 1366 magna,
3297 1300 3365 1351 ut
3392 1313 3496 1369 per
3523 1297 3648 1354 hzec

1991 1378 2399 1449 comprobaret
2429 1396 2490 1432 se
2526 1397 2638 1433 non
2672 1378 2865 1434 solum
2900 1380 3236 1450 hominem;
3266 1382 3418 1439 sicut
3447 1388 3504 1440 et
3524 1385 3604 1441 ibi
3630 1403 3644 1441 :

1991 1488 2017 1515 ‹‹
2057 1466 2267 1521 Beatus
2299 1467 2399 1539 qui
2436 1466 2710 1540 intelligit
2740 1485 2919 1540 super
2960 1485 3210 1540 egenum
3242 1474 3299 1525 et
3330 1489 3646 1545 pauperem

1989 1556 2161 1622 (Psal.
2194 1555 2308 1627 xc.)
2334 1578 2359 1603 ››
2394 1556 2511 1611 Hoc
2542 1559 2737 1610 autem
2760 1556 2945 1612 voluit
2970 1558 3260 1630 Propheta
3281 1561 3351 1615 de
3372 1559 3499 1633 ipso
3521 1579 3649 1634 pro-

1989 1642 2261 1699 nuntiare
2284 1648 2486 1700 contra
2498 1647 3096 1716 sectasquorumdam
3110 1646 3647 1724 hzereticorum,qui

1986 1748 2119 1787 eum
2146 1737 2503 1805 negaverunt
2520 1751 2723 1788 verum
2746 1734 3045 1790 hominem
3071 1754 3201 1792 esse
3225 1754 3239 1792 :
3267 1736 3643 1796 altitudinem

1983 1838 2139 1887 vero,
2172 1825 2376 1877 contra
2400 1822 2657 1892 Judaaos,
2691 1823 2793 1894 qui
2826 1840 2961 1878 eum
3009 1823 3202 1879 solum
3255 1825 3553 1883 hominem
3585 1834 3645 1885 et

186 1905 566 1981 praecepisti,
600 1904 739 1978 quia
762 1928 790 1955 «
816 1905 874 1960 in
920 1922 1155 1962 omnem
1204 1910 1421 1973 terram
1471 1907 1646 1964 exivit
1692 1926 1874 1964 sonus
1906 1938 1955 2002 Β
1987 1926 2099 1963 non
2128 1908 2314 1965 Deum
2345 1910 2610 1965 arbitrati
2643 1915 2803 1966 sunt.
2830 1912 2893 1967 In
2917 1911 3110 1984 prima
3142 1916 3308 1984 parte
3338 1915 3645 1987 praemissa

188 2010 440 2064 eorum,
474 1999 585 2052 etc.
616 1994 983 2067 (Psal.xvm.)
1017 2017 1045 2045 ››

269 2085 349 2141 Et
380 2082 482 2141 isti
516 2100 682 2156 reges
712 2083 887 2156 positi
921 2106 949 2133 «
982 2084 1041 2139 in
1073 2083 1183 2139 viis
1233 2084 1487 2152 Domini,
1522 2108 1547 2133 ››
1580 2084 1637 2140 id
1670 2090 1778 2153 est,
1817 2087 1874 2142 in

182 2170 519 2247 praeceptis
540 2171 690 2242 ejus,
719 2194 746 2221 «
773 2174 1065 2240 cantent,»
1087 2171 1146 2225 id
1166 2176 1276 2239 est,
1301 2171 1651 2228 annunticnt
1673 2173 1874 2229 laudes

189 2260 447 2319 Domini
481 2258 642 2329 aliis;
670 2259 798 2317 ideo
829 2264 1068 2316 cantent
1092 2282 1119 2311 «
1143 2278 1323 2333 quam
1345 2279 1560 2335 magna
1581 2267 1669 2318 est
1689 2262 1876 2335 gloria

190 2348 502 2418 Domini,»
530 2365 658 2421 qua:
689 2353 747 2405 et
774 2349 998 2406 Judmis
1026 2353 1083 2405 et
1110 2349 1386 2422 gentibus
1418 2355 1505 2406 est
1538 2352 1869 2423 praeposita.

266 2440 343 2496 Et
373 2454 511 2495 vere
540 2454 755 2511 magna
785 2442 874 2494 est
894 2437 1101 2511 gloria,
1122 2460 1150 2490 «
1173 2438 1453 2511 quoniam
1476 2440 1762 2496 Dominus
1784 2459 1874 2497 ex-

194 2528 410 2585 celsus
440 2548 468 2577 ››
489 2530 581 2582 est
604 2543 784 2599 super
804 2526 1131 2598 quamlibet
1162 2532 1490 2584 creaturam
1517 2545 1529 2583 :
1559 2549 1587 2578 ‹‹
1606 2532 1662 2584 ct
1684 2550 1711 2579 »
1737 2528 1873 2585 licet

190 2617 283 2674 ita
317 2614 596 2673 excelsus
626 2614 724 2684 sit,
754 2619 952 2671 tamen
984 2614 1185 2671 fideles
1217 2634 1355 2672 suos
1399 2634 1516 2673 non
1565 2617 1866 2689 despiciet,

187 2707 300 2763 sed
327 2703 532 2779 potius
556 2727 584 2754 «
610 2702 848 2776 respicit
877 2702 1145 2771 humilia,
1172 2727 1200 2754 ››
1224 2704 1282 2760 id
1306 2705 1677 2771 est,humiles
1699 2705 1867 2761 oculo

190 2792 628 2851 misericordias
658 2792 1010 2848 conferendo
1042 2792 1276 2859 auxilia,
1302 2798 1357 2849 et
1376 2792 1740 2849 incrementa
1758 2794 1869 2849 vir-

189 2881 625 2949 tutum,etc.Et
644 2897 779 2936 cum
803 2884 1003 2952 posset
1024 2880 1217 2936 dicere
1247 2882 1537 2953 superbus
1562 2900 1575 2937 :
1602 2884 1865 2948 Quando-

188 2971 449 3044 quidem
480 2968 731 3024 humilia
759 2971 993 3023 tantum
1024 2968 1283 3040 respicit,
1315 2986 1451 3041 ergo
1481 2986 1683 3025 secure
1730 2988 1864 3042 pos-

193 3077 339 3118 sum
374 3072 637 3130 peccare,
670 3056 810 3128 quia
842 3073 935 3112 me
965 3074 1081 3112 non
1107 3057 1346 3125 videbit,
1379 3062 1437 3114 et
1467 3058 1576 3113 hoc
1609 3063 1866 3114 removet

187 3150 322 3206 sic:
356 3143 619 3201 Humilia
660 3144 899 3217 respicit
930 3168 957 3194 «
992 3149 1049 3201 et
1077 3144 1196 3200 alta
1221 3168 1249 3194 »
1281 3146 1482 3213 etiam,
1517 3146 1577 3201 id
1623 3150 1729 3215 est,
1765 3165 1862 3202 su-

188 3236 418 3311 perbos
454 3256 481 3284 «
517 3233 835 3305 cognoscit,
872 3256 900 3282 ››
932 3234 1034 3289 sed
1076 3233 1186 3290 hoc
1216 3256 1243 3283 «
1279 3233 1530 3307 alonge,
1564 3257 1592 3286 »
1624 3234 1762 3307 quia
1808 3240 1865 3291 et

189 3325 292 3381 hic
326 3323 421 3380 eis
449 3320 698 3395 gratiam
733 3320 1048 3390 subtrahit,
1083 3327 1139 3378 et
1170 3322 1229 3377 in
1247 3323 1473 3395 judicio
1507 3324 1801 3396 separabit
1829 3342 1863 3381 a

194 3414 351 3483 suis,
390 3412 632 3468 dicens:
663 3435 684 3461 ιι
711 3412 1003 3467 Discedite
1035 3429 1070 3468 a
1099 3429 1215 3481 me,
1246 3412 1563 3481 maledicti,
1600 3435 1627 3463 »
1661 3418 1773 3469 etc.

265 3504 342 3559 Et
372 3502 537 3575 quod
568 3500 666 3556 ille
685 3500 936 3557 humilia
959 3501 1216 3573 respicit,
1242 3501 1300 3556 in
1324 3519 1417 3557 me
1439 3506 1700 3575 apparet,
1726 3503 1863 3576 quia

195 3612 225 3643 ‹‹
259 3590 312 3647 si
347 3589 729 3646 ambulavero
760 3588 818 3644 in
852 3590 1046 3646 medio
1076 3590 1497 3662 tribulationis,
1528 3614 1555 3641 ››
1580 3592 1859 3663 tu,Deus,

198 3700 227 3730 ‹‹
257 3677 591 3734 viviﬁcabis
620 3693 735 3746 me,
755 3700 783 3727 η
817 3678 874 3733 id
902 3682 1011 3746 est,
1039 3678 1168 3734 laeto
1198 3678 1394 3735 animo
1426 3679 1604 3736 facies
1636 3697 1730 3736 me
1758 3680 1861 3735 tri-

193 3766 542 3823 bulationes
571 3766 704 3823 illas
734 3766 992 3838 recipere
1024 3790 1052 3817 ‹‹
1084 3771 1141 3823 et
1174 3790 1201 3817 »
1234 3768 1411 3823 etiam
1444 3791 1471 3818 ‹‹
1506 3786 1685 3841 super
1712 3769 1861 3825 iram

194 3854 585 3912 inimicorum
626 3859 950 3923 tuorum,»
982 3855 1040 3912 id
1074 3860 1182 3928 est,
1216 3874 1393 3929 super
1440 3856 1710 3913 inimicos
1761 3859 1860 3930 qui

194 3943 346 4000 mihi
395 3960 468 4000 ex
514 3941 622 4012 ira,
674 3960 790 3999 non
840 3961 909 4000 ex
958 3944 1164 4000 merito
1212 3962 1361 4013 meo,
1414 3945 1571 4001 mala
1617 3946 1859 4013 faciunt,

197 4055 225 4082 «
256 4031 578 4089 extendisti
628 4048 873 4088 manum
924 4036 1111 4101 tuam,
1149 4054 1170 4082 ιο
1206 4033 1264 4088 id
1313 4037 1425 4098 est,
1464 4034 1861 4104 operationem

194 4123 389 4190 tuam,
407 4120 550 4194 quia
561 4121 632 4177 de
654 4121 1012 4192 quibusdam
1033 4120 1364 4187 vindicasti,
1379 4121 1665 4193 quosdam
1685 4121 1861 4177 etiam

197 4209 543 4267 convertisti
569 4226 582 4264 :
607 4233 634 4260 ‹‹
658 4214 717 4266 et
738 4210 974 4266 dextera
989 4213 1109 4280 tua,
1128 4232 1156 4258 ››
1178 4209 1235 4264 id
1261 4213 1368 4278 est,
1386 4209 1716 4282 propitiatio
1738 4213 1858 4278 tua,

203 4318 227 4350 ι
263 4298 499 4355 salvum
531 4315 625 4355 me
658 4298 811 4368 fecit,
846 4320 875 4349 »
910 4298 968 4354 id
1001 4303 1108 4367 est,
1141 4296 1391 4355 illaesum
1425 4314 1517 4354 me
1549 4298 1863 4355 custodivit

200 4404 235 4443 a
265 4387 686 4444 conformitate
716 4403 942 4443 eorum.

272 4499 302 4526 «
336 4476 630 4532 Dominus
650 4498 678 4525 »
688 4477 816 4548 jam
833 4476 1091 4532 extendit
1111 4493 1355 4532 manum
1377 4494 1553 4550 super
1567 4475 1858 4546 inimicos,

199 4568 260 4621 et
289 4565 485 4621 adhuc
513 4588 541 4617 ‹‹
571 4564 858 4621 retribuet
887 4582 991 4637 pro
1025 4582 1119 4622 me
1152 4587 1181 4614 ››
1211 4565 1529 4621 vindictam
1561 4565 1819 4622 inimicis
1844 4582 1857 4621 :

1985 2003 2073 2054 cst
2086 2016 2337 2065 summa,
2354 2017 2529 2071 quam
2548 2004 2750 2072 postea
2766 2017 2869 2072 per
2887 2000 3099 2072 psalmi
3120 2006 3439 2060 tractatum
3451 2008 3657 2061 osten-'

1986 2086 2091 2155 dit,
2126 2087 2347 2143 scilicet
2377 2087 2682 2143 scientiam
2714 2089 2813 2144 Dei
2839 2090 2909 2143 de
2934 2107 2996 2145 se
3017 2089 3250 2146 Christo
3270 2090 3556 2161 habitam,
3582 2096 3643 2151 et

1984 2192 2088 2248 per
2114 2176 2308 2247 ipsum
2338 2176 2635 2232 Christum
2668 2177 2998 2233 mirabilem
3023 2178 3330 2235 factam.In
3354 2182 3633 2251 secunda,

1984 2282 2113 2335 qua:
2146 2263 2385 2337 incipit:
2422 2288 2450 2315 ‹‹
2473 2268 2596 2332 Quo
2618 2265 2713 2321 ibe
2737 2284 2772 2320 a
2793 2265 3001 2338 spiritu
3026 2267 3163 2322 tuo?
3188 2290 3214 2318 »
3240 2268 3498 2325 ostendit
3516 2272 3642 2327 tan-

1981 2357 2103 2408 tam
2134 2353 2234 2409 Dei
2270 2354 2613 2426 potentiam,
2633 2371 2809 2426 quam
2835 2355 3035 2410 nullus
3058 2356 3247 2428 possit
3267 2357 3522 2430 effugere
3546 2373 3559 2413 :
3583 2363 3642 2415 et

1981 2446 2219 2513 propter
2244 2459 2421 2513 quam
2454 2442 2705 2497 tenebra:
2738 2442 2946 2497 mundi
2972 2461 3087 2497 non
3114 2448 3433 2515 potuerunt
3453 2445 3646 2501 occul-

1978 2530 2111 2598 tari,
2138 2531 2256 2586 imo
2285 2532 2409 2604 ipse
2442 2550 2546 2604 per
2574 2548 2704 2587 eam
2736 2528 2941 2586 mundi
2969 2533 3241 2589 tenebras
3259 2531 3635 2591 illuminavit.

1981 2617 2043 2673 In
2074 2619 2265 2685 tertia,
2299 2637 2426 2691 quae
2458 2620 2663 2691 incipit
2688 2638 2701 2675 :
2724 2643 2751 2669 «
2778 2621 3109 2676 Conﬁtebor
3136 2621 3263 2693 tibi,
3292 2644 3321 2671 »
3352 2621 3492 2695 quia
3520 2626 3638 2679 ter-

1977 2705 2225 2761 ribiliter
2256 2708 2670 2779 magnificatus
2700 2726 2783 2773 es,
2816 2709 3075 2764 ostendit
3106 2726 3169 2765 sc
3188 2708 3428 2766 laudare
3448 2710 3636 2767 Deum

1976 2812 2080 2866 pro
2114 2795 2415 2851 beneﬁciis
2446 2813 2573 2867 qua:
2602 2794 2711 2851 sibi
2746 2797 2989 2851 confert.
3026 2797 3088 2851 In
3122 2802 3352 2869 quarta,
3386 2815 3514 2871 quae
3545 2799 3637 2855 in-

1974 2882 2118 2954 cipit
2141 2899 2155 2937 :
2182 2906 2209 2931 «
2236 2882 2377 2937 Mihi
2408 2886 2605 2947 autem
2632 2882 2806 2938 nimis
2827 2883 3196 2939 honorificati
3221 2889 3417 2952 sunt,»
3439 2890 3636 2943 osten-

1974 2970 2060 3025 dit
2088 2955 2199 3042 per‘
2221 2988 2283 3026 se
2313 2972 2497 3027 bonos
2528 2970 2892 3043 exaltandos,
2919 2971 3107 3027 malos
3129 2972 3544 3044 deprimendos
3570 2993 3638 3032 ac

1973 3058 2341 3115 damnandos
2367 3076 2378 3115 :
2404 3061 2569 3131 ponit
2590 3060 2649 3114 in
2674 3061 2787 3115 ﬁne
2820 3062 3141 3133 quamdam
3164 3061 3627 3135 conclusionem,

1972 3164 2107 3202 cum
2132 3147 2276 3203 dicit
2300 3165 2312 3203 :
2339 3172 2365 3197 ‹‹
2392 3149 2579 3204 Proba
2596 3166 2709 3219 me,
2725 3149 2880 3205 Deus
2904 3166 2917 3204 :
2943 3172 2969 3198 ››
2989 3154 3212 3206 tantam
3235 3150 3630 3221 altitudinem,

1972 3235 2187 3292 Christi
2220 3237 2584 3306 describens,
2614 3237 2869 3293 intendit
2900 3240 3253 3310 persuadere
3283 3256 3419 3296 eum
3450 3241 3634 3299 hono-

1971 3324 2236 3393 rabilem,
2270 3329 2336 3381 ut
2366 3326 2416 3382 ei
2447 3326 2709 3382 debitum
2742 3326 3123 3383 exhibeamus
3148 3328 3451 3385 honorem.

2040 3413 2161 3468 Vox
2194 3414 2324 3470 Filii
2351 3415 2424 3469 ad
2455 3416 2704 3482 Patrem,
2732 3439 2758 3464 ‹‹
2784 3416 3030 3472 Domine
3052 3438 3079 3466 »
3114 3416 3302 3486 Pater,
3336 3422 3399 3474 tu
3432 3441 3460 3469 ‹‹
3491 3436 3626 3491 pro-

1972 3503 2123 3559 basti
2139 3520 2251 3569 me,
2262 3526 2288 3551 »
2305 3521 2419 3558 non
2434 3505 2589 3576 quod
2603 3504 2718 3559 Deo
2732 3504 2885 3559 Patri
2910 3504 3131 3578 aliquid
3154 3504 3365 3563 fuisset
3380 3507 3627 3564 dubium

1972 3591 2030 3646 in
2062 3592 2409 3661 Christo,vel
2439 3593 2499 3648 in
2531 3592 2732 3665 aliqua
2761 3594 2878 3649 alia
2907 3611 2989 3666 re,
3019 3596 3118 3650 sed
3145 3618 3174 3645 ‹‹
3198 3595 3462 3667 probasti
3496 3620 3524 3647 »
3546 3596 3630 3654 di-

1971 3680 2071 3748 cit,
2106 3681 2165 3735 id
2215 3685 2322 3745 est,
2364 3682 2679 3753 probatum
2738 3682 2872 3739 aliis
2931 3684 3241 3739 ostendisti
3289 3701 3395 3756 per
3442 3685 3630 3742 multa

1971 3770 2415 3841 experimenta:
2458 3772 2614 3826 velut
2670 3788 2804 3826 cum
2855 3775 3116 3827 tentatus
3158 3773 3269 3829 fuit
3315 3791 3350 3829 a
3397 3774 3629 3830 diabolo

1972 3858 2288 3929 (Matth.1v,)
2319 3864 2377 3914 et
2424 3860 2473 3913 ei
2524 3859 2682 3914 nullo
2733 3860 2906 3914 modo
2958 3859 3273 3927 consensit,
3306 3863 3364 3915 et
3391 3854 3629 3933 propria

1972 3951 2158 4003 morte
2208 3964 2270 4003 se
2316 3964 2581 4003 veracem
2632 3964 2761 4002 esse
2810 3948 3199 4002 confirmavit.
3235 3970 3262 3997 «
3296 3948 3563 4005 Probasti
3594 3972 3624 4000 »

1971 4036 2123 4101 dico,
2153 4059 2173 4084 α
2201 4040 2257 4091 et
2286 4034 2607 4108 cognovisti
2640 4052 2788 4100 me,»
2814 4035 2873 4089 id
2896 4039 3005 4105 est,
3030 4035 3333 4107 cognitum
3364 4040 3423 4092 et
3451 4036 3625 4110 placi-

1971 4128 2099 4179 tum
2133 4124 2235 4178 tibi
2258 4140 2352 4178 me
2375 4122 2635 4178 habuisti
2660 4139 2673 4176 :
2702 4145 2729 4172 ‹‹
2754 4127 2873 4189 tu,»
2902 4123 3168 4189 Domine,
3195 4145 3223 4174 «
3244 4124 3625 4197 cognovisti,»

1970 4211 2029 4267 id
2060 4216 2168 4279 est,
2202 4212 2563 4284 approbasti,
2598 4234 2625 4262 «
2660 4212 3009 4283 sessionem,
3048 4234 3076 4262 »
3107 4213 3163 4268 id
3211 4217 3318 4279 est,
3364 4212 3626 4286 requiem

1971 4324 1999 4352 α
2033 4317 2247 4369 meam,
2274 4322 2302 4351 ››
2327 4299 2552 4356 scilicet
2579 4306 2828 4356 mortem
2860 4318 3074 4370 meam,
3098 4301 3159 4356 in
3181 4318 3299 4373 qua
3320 4301 3575 4374 requievi
3593 4321 3629 4360 a

1969 4389 2234 4446 tumultu
2267 4390 2447 4462 hujus
2478 4389 2674 4445 saeculi
2701 4406 2714 4445 :
2741 4413 2768 4441 «
2794 4395 2902 4445 et»
2934 4390 3256 4464 cognovisti
3278 4414 3307 4441 «
3333 4407 3626 4449 resurrec-

1970 4479 2189 4535 tionem
2223 4496 2414 4535 meam
2447 4500 2475 4530 ››
2509 4479 2650 4551 quia
2679 4483 2737 4534 et
2767 4495 2896 4534 eam
2930 4479 3137 4549 fecisti,
3172 4482 3228 4535 et
3257 4478 3363 4535 tibi
3393 4484 3625 4553 gratam

1970 4568 2254 4624 habuisti.
2288 4568 2352 4624 In
2381 4568 2491 4624 hoc
2520 4583 2691 4623 versu
2721 4568 2825 4623 ubi
2852 4567 2994 4623 dicit
3025 4585 3090 4624 se
3118 4568 3448 4641 probatam,
3471 4568 3628 4626 sicut

200 4655 258 4707 ct
288 4653 641 4725 ipsejustus
672 4657 871 4709 motus
902 4653 1116 4726 pietate
1147 4671 1324 4727 super
1353 4655 1654 4727 proximus
1698 4673 1859 4723 suos,
1889 4669 1939 4737 D
1971 4657 2068 4713 alii
2100 4657 2369 4714 homines
2398 4658 2744 4729 probantur,
2767 4655 2909 4711 dicit
2931 4674 2992 4712 se
3024 4656 3240 4712 habere
3269 4657 3621 4728 sessionem,

200 4742 378 4796 vertit
406 4759 471 4799 se
502 4743 576 4798 ad
605 4742 803 4814 ipsum
835 4742 1056 4811 Deum,-
1076 4744 1367 4814 precando
1398 4743 1482 4799 eis
1530 4744 1859 4800 misericor-

200 4827 363 4885 diam
398 4830 525 4897 Dei,
560 4829 644 4887 sic
675 4831 917 4887 dicens:
942 4831 986 4887 Ο
1011 4854 1038 4882 ‹‹
1064 4830 1330 4902 Domine,
1346 4831 1747 4889 misericordia
1766 4836 1868 4889 tua

202 4914 263 4970 in
286 4918 597 4990 saeculum,
616 4942 644 4969 »
667 4919 807 4992 quia
829 4919 936 4975 toti
964 4918 1176 4976 saeculo
1200 4919 1518 4976 exbibuisti
1542 4922 1865 4978 misericor-

205 5004 365 5061 diam
393 5023 406 5061 :
434 5011 494 5063 et
516 5007 665 5073 ideo,
685 5009 998 5080 oDomine,
1018 5025 1238 5080 «opera
1254 5026 1539 5065 manuum
1557 5014 1817 5084 tuarum,
1832 5035 1860 5063 ››

205 5092 265 5148 id
296 5099 407 5162 est,
441 5095 603 5169 ipsos
634 5097 926 5168 homines,
961 5097 1063 5170 qui
1093 5099 1371 5154 dicuntur
1415 5100 1666 5173 speciale
1714 5120 1864 5174 opus

204 5184 399 5255 tuum,
432 5208 461 5235 ‹‹
498 5204 568 5242 ne
619 5187 932 5260 despicias,
970 5211 997 5238 ››
1029 5186 1088 5243 id
1120 5192 1230 5254 est,
1264 5206 1380 5244 non
1430 5190 1747 5246 subtrahas
1777 5192 1863 5247 eis

203 5267 301 5325 hic
324 5273 603 5344 gratiam,
624 5279 863 5349 propter
883 5276 1039 5349 quod
1071 5277 1491 5334 damnarentur
1512 5278 1569 5334 in
1591 5279 1706 5335 alia
1726 5280 1862 5336 vita.

614 5417 688 5473 IN
728 5417 1078 5474 PSALMUM
1126 5417 1461 5474 CXXXVIII.

486 5513 744 5571 Trruws
777 5531 791 5570 :
824 5517 889 5570 In
920 5516 1086 5586 ﬁnem
1119 5516 1365 5588 psalmus
1395 5517 1586 5572 David.

281 5646 309 5673 ‹‹
343 5624 612 5699 Domine,
646 5630 909 5702 probasti
941 5648 1054 5686 me.
1090 5655 1111 5684 ι
1155 5631 1421 5687 Psalmus
1454 5632 1564 5688 istc
1596 5634 1865 5691 convenit

206 5727 340 5770 vero
372 5714 575 5791 David,
598 5718 701 5791 qui
732 5719 826 5776 hic
857 5719 1413 5792 loquitur.Psalmus
1441 5722 1571 5778 dico
1604 5722 1864 5796 dirigens

1971 4748 2030 4802 id
2061 4750 2168 4816 est,
2203 4751 2490 4803 mortem:
2524 4747 2597 4801 de
2630 4763 2691 4801 se
2725 4745 2973 4801 humilia
3001 4745 3629 4819 loquendo,signiﬂcat

1973 4836 2143 4894 nobis
2164 4854 2358 4892 veram
2381 4853 2549 4891 suam
2571 4836 3003 4891 humanitatem
3025 4851 3038 4890 :
3060 4852 3195 4890 cum
3212 4851 3346 4890 vero
3360 4835 3628 4893 nominat

1974 4944 2142 4983 suam
2177 4925 2684 4993 resurrectionem,
2710 4924 2830 4980 alta
2859 4925 2930 4979 de
2960 4941 3021 4979 se
3052 4924 3228 4979 dicit:
3253 4927 3311 4980 et
3330 4924 3416 4980 sic
3435 4925 3495 4981 in
3516 4925 3627 4982 hoc

1973 5033 2142 5071 versu
2176 5014 2424 5070 breviter
2454 5012 2720 5085 tangitur
2749 5030 2985 5068 summa
3014 5011 3196 5068 totius
3226 5011 3626 5085 psalmi.Nota

1972 5103 2113 5177 quia
2140 5103 2236 5159 hic
2259 5102 2445 5158 utitur
2467 5101 2759 5158 artificiali
2783 5102 2987 5157 ordine
3013 5118 3026 5156 :
3055 5101 3218 5173 prius
3242 5101 3398 5157 enim
3422 5102 3632 5175 incipit

1971 5212 2005 5249 a
2035 5192 2477 5267 gloriﬁcatione,
2502 5191 2712 5247 deinde
2735 5208 2769 5246 a
2791 5189 3214 5246 resurrectione
3235 5194 3294 5247 et
3313 5190 3623 5263 passione:

1975 5284 2049 5340 ad
2076 5283 2350 5338 ultimum
2383 5282 2456 5337 ab
2488 5285 2674 5347 utero,
2704 5279 2763 5335 id
2797 5283 2907 5345 est,
2942 5280 3013 5335 ab
3046 5278 3467 5336 incarnatione.

2047 5372 2308 5428 Probasti
2338 5370 2487 5439 dico,
2523 5393 2550 5420 ‹‹
2585 5367 2926 5442 cognovisti,
2954 5390 2982 5416 »
3015 5367 3191 5424 etiam
3224 5391 3254 5419 «
3287 5368 3625 5426 intellexisti

1974 5461 2356 5534 cogitationes
2382 5476 2544 5515 meas
2565 5459 2634 5513 de
2658 5457 2887 5529 longe,»
2909 5457 2966 5512 id
2990 5456 3291 5523 est,multo
3308 5462 3626 5531 antequam
3658 5454 3661 5457 ’

1973 5548 2461 5623 cogitarem,quia
2489 5547 2562 5603 ab
2593 5551 2809 5601 aeterno
2838 5545 3017 5601 etiam
3042 5568 3069 5595 ‹‹
3094 5545 3483 5620 investigasti,
3508 5569 3538 5598 »
3567 5547 3629 5604 id

1972 5638 2262 5711 est,p1ane
2293 5635 2617 5709 cognovisti
2636 5658 2663 5684 ‹‹
2689 5634 2931 5690 semitas
2964 5651 3183 5703 meas,»
3206 5636 3265 5691 id
3286 5636 3630 5703 est,occulta

1973 5745 2149 5802 opera
2194 5744 2345 5795 mea,
2379 5730 2436 5782 et
2482 5723 2710 5781 occulta
2755 5722 3094 5794 voluntatis,
3129 5748 3155 5775 «
3191 5730 3250 5782 et
3296 5724 3628 5784 funiculum
