3942 6410
357 457 494 520 663

816 459 1230 520 HAYMONIS
1262 459 1802 520 HALBERSTAT.
1837 457 2082 519 EPISC.
2115 457 2290 518 OPP.
2327 460 2527 520 PARS
2561 459 2608 519 Ι.
2644 493 2720 501 -—
2749 458 3155 522 COMMENT.
3190 457 3390 519 BlBL.

3677 456 3800 516 664

371 609 600 661 meum,
638 613 664 640 ››
713 590 774 646 id
819 595 928 656 est,
955 589 1275 661 judicium,
1315 589 1558 658 scilicet,
1589 589 2024 661 discretionem,
2057 589 2110 656 Α
2139 609 2234 660 es;
2268 591 2317 647 si
2339 592 2692 648 descendere
2716 593 2787 648 ad
2811 593 2869 648 in
2899 592 3187 658 fernum,»
3205 606 3319 661 quo
3343 605 3472 645 vere
3493 589 3800 646 descendit

375 699 555 756 quam
585 697 690 752 ego
722 680 901 736 habui
931 678 1086 734 inter
1105 680 1324 735 bonum
1347 685 1405 736 et
1427 680 1647 736 malum
1677 697 1690 736 :
1715 686 1777 736 tu
1799 680 2031 736 investi-

375 771 549 846 gasti,
584 769 641 824 id
667 772 776 836 est,
809 769 1062 841 perfecte
1093 769 1438 840 cognovisti,
1473 769 1626 824 sicut
1656 770 1908 841 perfecte
1940 769 2028 824 in-

373 859 660 932 vestigata
687 857 857 930 plene
882 863 1338 932 cognoscuntur.
1353 859 1480 914 Alia
1503 859 1809 914 translatio
1832 859 2026 926 habet,

372 973 402 1000 «
431 947 816 1004 directionem
850 963 1062 1002 meam.
1100 969 1128 996 ››
1161 947 1268 1002 Per
1297 947 1626 1003 funiculum
1676 966 1808 1003 vero
1838 947 2030 1002 direc—

371 1038 592 1094 tionem
623 1040 681 1092 et
701 1040 922 1092 rectum
937 1036 1236 1108 judicium
1260 1036 1520 1109 accipere
1545 1037 2032 1110 possumus,quia

371 1127 432 1182 in
483 1124 746 1182 funiculo
801 1124 1147 1196 earpentarii
1204 1130 1262 1180 et
1309 1125 1404 1180 alii
1466 1127 1715 1199 operarii
1767 1127 2032 1200 dirigunt

371 1231 550 1289 opera
579 1232 706 1272 sua.

441 1323 513 1378 Et
543 1339 658 1378 non
682 1325 912 1378 tantum
940 1323 1394 1395 cognovisti,sed
1419 1349 1444 1373 ‹‹
1470 1325 1648 1380 etiam
1681 1342 1888 1380 omnes
1908 1324 2031 1379 vias

369 1428 556 1482 meas,
589 1433 617 1462 η
652 1412 709 1468 id
741 1417 850 1479 est,
884 1412 1084 1467 omnia
1112 1413 1427 1468 manifesta
1458 1431 1632 1486 opera
1664 1431 1812 1479 mea,
1839 1439 1866 1462 ‹‹
1895 1433 2033 1486 pra:-

367 1501 570 1557 vidisti
618 1524 646 1551 ››
697 1500 884 1556 multo
935 1506 1252 1574 antequam
1305 1505 1558 1560 ﬁerent:
1594 1503 1722 1560 ideo
1770 1505 1852 1559 sic
1903 1505 2032 1559 dico

345 1613 399 1652 ,‹‹
431 1589 794 1657 intellexisti,
819 1589 1158 1663 praevidisti,
1189 1615 1215 1639 ››
1239 1595 1297 1646 et
1318 1591 1555 1659 similia,
1582 1617 1609 1641 «
1635 1593 1776 1664 quia
1805 1611 1920 1648 non
1943 1597 2032 1648 est

369 1695 566 1736 sermo
600 1701 628 1728 »
659 1679 788 1738 sine
818 1695 899 1734 re.
935 1679 1096 1734 Unde
1137 1678 1252 1735 alia
1298 1680 1443 1736 dicit
1489 1681 1814 1748 translatio,
1851 1707 1877 1731 ‹‹
1915 1699 2030 1737 non

369 1767 567 1836 dolus,
599 1768 660 1824 in
693 1768 897 1842 lingua
917 1785 1083 1824 mea:
1120 1793 1148 1818 »
1181 1787 1317 1826 eum
1348 1771 1491 1826 dicit
1523 1789 1584 1826 se
1607 1771 1664 1826 in
1688 1771 1890 1844 lingua
1917 1789 2030 1826 non

370 1875 670 1931 peccasse,
705 1859 767 1914 in
811 1875 927 1930 qua
975 1859 1213 1932 gravius
1261 1863 1351 1914 est
1397 1865 1575 1930 stare,
1610 1860 1803 1916 innuit
1834 1878 1894 1917 se
1926 1879 2034 1916 nec

2141 683 2339 738 anima
2369 683 2632 738 humana
2660 700 2795 738 cum
2829 681 3151 746 divinitate,
3185 704 3214 730 α
3249 680 3408 735 ades.
3448 701 3476 728 »

2213 816 2239 840 ‹‹
2277 791 2333 847 Si
2369 808 2592 863 pennas
2624 808 2808 857 meas,
2845 813 2871 838 ››
2905 789 2962 844 id
2993 792 3100 855 est,
3135 805 3312 861 opera
3341 787 3550 842 divinae
3596 793 3798 860 potes-

2141 880 2299 946 tatis,
2333 899 2458 953 quze
2493 898 2598 951 ego
2629 879 2850 947 dimisi,
2884 897 2954 936 ex
2984 895 3100 952 quo
3132 877 3258 950 ipse
3291 877 3373 932 fui
3406 877 3465 932 in
3507 881 3801 950 potestate

2139 970 2500 1038 Judzeorum,
2534 970 2675 1042 quia
2706 987 2809 1024 nec
2843 968 2948 1023 feci
2975 966 3280 1033 miracula,
3315 983 3420 1022 nec
3450 965 3625 1021 etiam
3657 984 3802 1039 pras-

2142 1058 2349 1125 dicavi,
2383 1082 2410 1107 ‹‹
2447 1076 2754 1131 sumpsero
2802 1056 3084 1128 diluculo,
3120 1079 3146 1104 ››
3174 1055 3231 1112 id
3259 1060 3369 1122 est,
3403 1055 3462 1110 in
3503 1072 3801 1110 resurrec-

2143 1147 2300 1203 tione
2350 1148 2501 1202 facta
2553 1147 2831 1216 diluculo,
2872 1167 2894 1196 ι
2923 1152 2980 1202 et
3027 1145 3363 1201 habitavero
3411 1145 3470 1199 in
3520 1146 3799 1200 extremis

2142 1238 2345 1307 maris,
2383 1259 2404 1286 ι
2439 1237 2496 1293 id
2529 1242 2638 1306 est,
2675 1237 2732 1291 in
2765 1236 3131 1293 extremitate
3163 1233 3384 1306 saeculi,
3408 1234 3509 1289 sed
3527 1234 3652 1306 jam
3677 1252 3795 1290 non

2139 1326 2339 1382 vivens
2368 1326 2486 1382 vita
2517 1325 3050 1382 mortali.Christus
3071 1325 3228 1380 enim
3261 1339 3572 1396 resurgens
3593 1340 3626 1378 a
3647 1341 3802 1378 mor-

2140 1416 2280 1482 tuis,
2307 1418 2433 1487 jam
2469 1433 2584 1470 non
2617 1415 2865 1470 moritur
2894 1416 3093 1482 (Nam,
3123 1416 3230 1483 v1.)
3249 1414 3412 1480 Quod
3445 1416 3638 1468 autem
3670 1412 3800 1484 ipse

2141 1509 2300 1561 extra
2333 1505 2536 1560 mundi
2569 1504 2746 1560 vitam
2770 1504 3004 1570 viveret,
3019 1501 3372 1576 signiﬁcavit
3391 1519 3524 1558 cum
3551 1503 3716 1559 stetit
3735 1502 3799 1557 in

2141 1594 2356 1663 littore,
2391 1593 2698 1666 discipulis
2731 1593 3144 1665 navigantibus
3175 1591 3234 1646 in
3268 1591 3416 1646 mari
3447 1591 3802 1660 (Matth.xlv,)

2142 1684 2298 1756 quod
2332 1683 2704 1756 signiﬁcabat
2735 1683 2793 1737 in
2825 1682 2929 1748 eis,
2954 1682 3109 1754 quod
3142 1680 3334 1736 adhuc
3355 1680 3473 1736 vita
3494 1679 3805 1737 mundivi-

2142 1777 2360 1840 vei-ent,
2394 1774 2722 1844 Antequam
2753 1771 3023 1828 Christus
3062 1773 3412 1842 resurgeret,
3447 1785 3581 1827 eum
3613 1769 3802 1825 disci-

2143 1859 2266 1932 puli
2295 1861 2664 1933 havigarent,
2689 1859 2815 1932 ipse
2847 1859 3097 1931 pedibus
3126 1858 3378 1930 desuper
3407 1874 3567 1913 mare
3596 1859 3802 1914 ambu-

370 1947 434 2004 in
465 1947 598 2004 aliis
629 1946 948 2004 cecidisse:
973 1953 1032 2004 et
1063 1965 1166 2020 per
1195 1949 1302 2004 hoc
1327 1966 1387 2004 se
1412 1953 1522 2004 Deo
1546 1966 1648 2021 per
1667 1950 1866 2006 omnia
1887 1951 2033 2006 bene
2064 1967 2112 2032 Β
2145 1949 2306 2022 lavit,
2341 1950 2684 2021 signiﬁcans
2715 1948 2774 2004 in
2807 1948 3001 2022 seipse
3031 1947 3184 2020 quod
3226 1947 3424 2014 adhuc
3471 1947 3530 2002 in
3577 1949 3802 2004 mundo

371 2035 690 2111 placuisse.
724 2037 899 2103 Quasi
933 2036 1213 2092 dixisset:
1239 2038 1391 2092 Dum
1426 2038 1786 2111 investigasti
1821 2039 2035 2111 cogita-

367 2125 562 2182 tiones
611 2126 746 2182 Ada:
801 2125 974 2198 primi
1026 2127 1308 2197 parentis,
1343 2127 1927 2199 semitas,judicium
1977 2135 2034 2184 et

369 2215 520 2282 vias,
551 2231 618 2270 ac
651 2213 907 2270 ﬁliorum
937 2215 1088 2286 eius,
1123 2215 1262 2287 quia
1289 2216 1493 2271 dolosa
1533 2218 1878 2288 cognovisti,
1913 2218 2031 2273 dis-

371 2303 708 2376 plicuerunt
728 2303 866 2361 tibi:
896 2321 988 2359 me
1009 2308 1208 2360 autem
1242 2321 1345 2376 per
1375 2305 1573 2359 omnia
1604 2308 2030 2377 cognoscendo,

373 2389 522 2450 nihil
553 2390 615 2447 in
647 2407 741 2446 me
790 2390 1063 2447 invenisti
1112 2391 1171 2446 in
1223 2409 1339 2465 quo
1387 2393 1781 2450 offenderetur
1827 2395 2036 2452 oculus

375 2485 542 2540 tuus.

454 2610 483 2640 ‹‹
514 2588 679 2655 Ecce,
716 2609 744 2636 »
775 2587 916 2660 quid
949 2605 1286 2644 enumerem
1316 2606 1420 2661 per
1451 2588 1730 2662 singula?
1763 2616 1788 2641 α
1823 2594 2036 2659 tu,Do-

379 2676 560 2747 mine,
593 2675 916 2751 cognovisti
949 2675 1149 2733 omnia
1179 2677 1516 2748 novissima,
1538 2702 1562 2726 υ
1584 2680 1916 2746 scilicet,do
1934 2683 2040 2738 hu-

381 2765 630 2826 militate
659 2782 810 2832 mea,
833 2788 863 2816 ‹‹
885 2769 942 2822 et
964 2787 992 2815 η
1014 2766 1212 2822 omnia
1235 2789 1262 2816 «
1288 2768 1532 2842 antiqua
1557 2791 1582 2817 ››
1610 2771 1941 2838 mea,veluti
1965 2773 2038 2828 de

381 2853 688 2914 divinitate
718 2871 868 2922 mea,
903 2871 1082 2927 quam
1117 2858 1310 2910 tecum
1342 2855 1524 2912 habes
1563 2859 2037 2917 consubstantia-

378 2938 496 3002 lem
529 2943 633 3002 tibi
663 2945 736 3001 ab
766 2948 980 3000 aeterno
1014 2960 1027 2999 :
1063 2968 1089 2994 ‹‹
1125 2948 1188 3000 tu
1220 2946 1482 3001 formasti
1516 2963 1630 3012 me,
1659 2969 1684 2996 ››
1711 2951 2035 3006 secundum

377 3033 808 3098 humanitatem
831 3052 845 3102 ;
869 3038 925 3090 et
945 3057 970 3086 «
991 3051 1168 3106 super
1186 3052 1300 3102 me,
1319 3057 1346 3085 »
1369 3037 1687 3092 formatum
1711 3038 2032 3108 hominem,

379 3145 414 3188 μ
444 3123 695 3196 posuisti
728 3140 973 3180 manum
1005 3126 1191 3193 tuam,
1223 3147 1251 3174 ››
1271 3123 1328 3180 id
1357 3129 1466 3194 est,
1491 3126 1734 3182 verbum
1760 3132 1952 3196 tuum,
1977 3130 2034 3188 id

377 3217 488 3281 est,
517 3212 735 3270 Filium
766 3217 961 3286 tuum,
995 3231 1111 3286 quo
1143 3214 1423 3286 operaris,
1459 3215 1704 3272 induisti
1754 3235 1893 3273 mea)
1925 3219 2035 3275 hu-

379 3302 675 3362 manitati.

443 3409 606 3477 Dico,
636 3411 700 3464 tu
727 3425 821 3465 me
853 3409 1142 3478 formasti,
1163 3413 1221 3466 et
1253 3427 1359 3484 ego
1389 3411 1699 3469 scientiam
1735 3418 1898 3470 tuam
1921 3416 2030 3471 feci

361 3496 704 3559 mirabilem
734 3514 747 3552 :
781 3502 840 3553 et
884 3497 994 3554 hoc
1043 3503 1134 3554 est
1165 3515 1177 3555 ε
1213 3523 1240 3549 ‹‹
1277 3499 1524 3557 scicntia
1557 3505 1679 3570 tua,
1713 3503 1768 3558 id
1801 3508 1910 3573 est,
1941 3505 2033 3560 lex

372 3591 480 3651 tua
499 3584 722 3642 scilicet
744 3586 1079 3660 evangelica
1099 3587 1384 3660 doctrina,
1403 3589 1459 3644 in
1483 3608 1601 3663 qua
1623 3593 2034 3650 manifestatur

373 3674 647 3732 voluntas
681 3679 802 3742 tua,
835 3699 863 3725 «
897 3680 987 3731 est
1019 3677 1170 3732 facta
1205 3700 1232 3726 ››
1265 3677 1607 3735 hominibus
1635 3705 1654 3730 α
1688 3699 1754 3736 ex
1778 3701 1890 3748 me,
1920 3706 1946 3730 n
1973 3683 2030 3739 id

374 3769 486 3833 est,
500 3781 570 3820 ex
592 3781 723 3821 mea
753 3765 1163 3838 praedicatione
1184 3771 1240 3822 et
1261 3769 1618 3841 operatione,
1635 3795 1661 3821 ‹‹
1688 3772 1978 3828 mirabilis
2004 3796 2030 3822 ››

371 3853 515 3928 quia
544 3853 602 3910 in
634 3871 703 3911 ea
733 3861 1058 3928 cgnoscunt
1077 3856 1483 3914 remissionem
1509 3865 1880 3930 peccatorum
1905 3863 2026 3918 ﬁeri

357 3961 477 4018 .per
501 3944 730 4011 Jesum,
762 3949 819 4000 et
847 3945 1026 4002 vitam
1057 3950 1336 4003 aaternam
1360 3947 1541 4018 justis
1571 3949 1794 4017 dari,et
1825 3968 2028 4024 perpe-

359 4038 506 4100 tuas
539 4051 741 4107 pmnas
769 4033 1004 4106 impiis;
1039 4040 1095 4091 et
1123 4035 1254 4092 ideo
1296 4034 1456 4091 illam
1492 4037 1799 4094 scientiam
1833 4040 2027 4096 admi-

370 4127 582 4181 rantur
613 4140 626 4178 :
661 4127 720 4180 et
750 4141 867 4179 non
897 4128 1131 4180 tantum
1166 4127 1318 4181 facta
1345 4130 1435 4183 est
1465 4144 1568 4198 per
1598 4145 1690 4184 me
1713 4129 2026 4202 mirabilis,

359 4213 472 4274 .sed
505 4212 681 4268 etiam
715 4230 818 4286 per
847 4229 940 4269 me
972 4237 1000 4262 ‹‹
1033 4214 1360 4270 confortata
1389 4219 1479 4271 est
1504 4239 1524 4264 -
1551 4221 1609 4271 et
1641 4234 1755 4272 non
1785 4219 2027 4290 titubat,

357 4303 468 4366 .sed
500 4300 584 4358 ita
613 4301 864 4358 ﬁrmiter
894 4306 984 4357 est
1013 4302 1127 4359 sita
1178 4302 1234 4358 in
1283 4304 1561 4360 cordibus
1595 4305 1926 4372 hominum,
1963 4313 2029 4364 ut

365 4407 473 4447 nec
507 4389 766 4464 periculo
799 4391 1006 4451 mortis
1037 4391 1268 4463 possint
1315 4393 1388 4448 ab
1440 4411 1508 4449 ea
1557 4393 1836 4450 dimoveri
1872 4413 1884 4450 :
1920 4415 2026 4469 ego

367 4481 452 4538 sie
501 4479 832 4536 mirabilem
889 4479 1018 4546 feci,
1071 4480 1157 4536 sic
1208 4483 1552 4554 confortavi,
1585 4508 1612 4533 «
1646 4489 1704 4539 et
1752 4507 1778 4533 υ
1831 4489 2025 4542 tamen

365 4592 395 4620 ιι
432 4587 546 4626 non
581 4573 782 4642 potero
812 4591 840 4620 »ι
875 4571 1202 4625 secundum
1245 4570 1700 4639 humanitatem,
1732 4574 1803 4629 ad
1837 4592 1965 4630 eam
1999 4600 2026 4626 ››

366 4656 675 4714 scientiam
705 4658 1023 4729 adaaquari,
1056 4657 1113 4713 id
1145 4662 1253 4729 est,
1288 4659 1398 4730 ipsi
1439 4658 1576 4726 Deo,
1609 4659 1665 4714 in
1716 4677 1833 4732 quo
1877 4663 2024 4720 nihil

365 4749 458 4803 est
485 4744 646 4801 aliud
679 4745 927 4801 scientia
957 4763 1136 4817 quam
1169 4746 1300 4818 ipsa
1332 4746 1681 4803 Divinitatis.

436 4853 560 4919 Quo
591 4852 732 4908 ibo?
758 4853 898 4908 Pars
928 4854 1206 4908 secunda.
1242 4855 1392 4909 Bene
1419 4854 1548 4909 (lico
1581 4873 1696 4910 non
1729 4861 1927 4928 potero
1948 4860 2020 4913 ad

363 4956 494 4996 eam
526 4941 844 5012 aquuari,
878 4941 1020 5013 quia
1051 4945 1213 4996 tanta
1243 4947 1334 4997 est
1377 4948 1636 5013 potestas
1685 4944 1742 4998 in
1793 4947 2018 5016 eadem,

360 5029 518 5100 quod
553 5027 754 5085 nullus
784 5033 978 5101 potest
1010 5030 1262 5103 effugere
1294 5049 1446 5086 eam.
1483 5033 1597 5088 lloc
1629 5033 1808 5088 dicit:
1834 5058 1860 5083 ‹‹
1897 5038 2019 5100 Quo

351 5115 479 5187 ibo,
513 5141 542 5168 ι)
573 5135 680 5189 ego
710 5122 971 5178 remotus
1009 5138 1030 5166 ε
1060 5136 1094 5173 a
1123 5119 1342 5190 Spiritu
1373 5124 1494 5185 tuo,
1529 5145 1556 5170 ‹‹
1593 5121 1649 5175 id
1677 5127 1789 5188 est,
1823 5139 1856 5178 a
1888 5124 2017 5195 Spi-

354 5205 476 5263 ritu
525 5207 772 5263 sancto?
801 5231 828 5257 ‹‹
865 5211 923 5260 et
971 5225 1085 5278 quo
1131 5209 1354 5280 fugiam
1393 5233 1418 5256 ››
1451 5215 1711 5266 remotus
1744 5236 1770 5261 ‹‹
1809 5231 1843 5266 a
1873 5214 2017 5269 facie

357 5295 478 5363 tua,
499 5319 525 5348 ››
541 5295 602 5350 id
621 5299 712 5350 est
734 5312 768 5350 a
791 5297 1060 5369 praesenti
1093 5303 1151 5353 et
1182 5298 1494 5353 manifesta
1523 5301 1856 5372 cognitione
1879 5304 2018 5359 tua?

351 5380 460 5438 Per
491 5384 700 5440 faciem
752 5401 1066 5456 personam
1123 5386 1310 5441 Patris
1359 5385 1454 5441 hic
1503 5387 1799 5460 intelligit,
1835 5408 2012 5462 quam

351 5467 481 5529 ideo
513 5473 724 5530 faciem
763 5473 1051 5542 nominat,
1084 5476 1224 5546 quia
1271 5474 1470 5530 omnia
1519 5478 1827 5549 pra'sontia
1876 5486 2016 5535 sunt

349 5558 400 5612 ei
429 5562 600 5634 quasi
637 5561 692 5616 in
723 5562 868 5617 facie
901 5561 1034 5616 sita.

423 5667 726 5737 Nusquam
763 5684 1077 5739 possumus
1115 5669 1320 5724 faciem
1343 5670 1768 5745 ctl‘ngere,quia
1798 5699 1823 5723 α
1849 5674 1894 5730 si
1919 5694 2010 5728 as.

351 5754 600 5806 cendere
632 5752 691 5804 in
717 5755 950 5820 emtum,
985 5781 1012 5806 ι)
1048 5759 1198 5814 sicut
1239 5772 1370 5810 vere
1419 5762 1699 5829 ascendit,
1738 5787 1764 5812 υ
1793 5768 1853 5817 tu
1891 5762 2008 5817 illic

2142 2041 2466 2113 procelloso
2498 2040 2734 2096 viveret.

2215 2149 2275 2204 Si
2308 2149 2391 2204 ita
2421 2163 2728 2219 sumpsero
2760 2162 3005 2218 pennas,
3040 2145 3200 2212 ades,
3234 2148 3290 2200 et
3317 2161 3448 2200 vere
3479 2145 3617 2200 ades
3653 2168 3674 2195 ι
3710 2149 3800 2203 et-

2143 2238 2300 2295 enim
2335 2236 2474 2291 illuc
2509 2259 2536 2284 »
2564 2234 2786 2292 scilicet
2817 2238 2882 2290 ut
2911 2233 3170 2290 habitem
3201 2232 3262 2289 in
3295 2235 3570 2290 extremis
3593 2235 3798 2300 maris,

2145 2328 2200 2382 id
2235 2330 2343 2392 est,
2370 2330 2435 2381 ut
2457 2325 2570 2381 sim
2601 2329 2764 2381 extra
2793 2323 2974 2378 vitam
3009 2321 3335 2388 mortalem,
3355 2345 3383 2372 ‹‹
3404 2339 3618 2378 manus
3638 2327 3801 2392 tua,»

2146 2417 2202 2472 id
2237 2419 2345 2482 est,
2379 2413 2640 2487 operatio
2673 2417 2795 2481 tua,
2825 2435 2853 2462 «
2883 2413 3132 2468 deducet
3155 2427 3269 2479 me,
3289 2432 3311 2462 ι
3337 2414 3394 2466 et
3413 2411 3592 2468 etiam
3615 2411 3675 2467 in
3697 2411 3803 2467 im-

2147 2505 2502 2562 mortalitate
2534 2520 2626 2558 me
2658 2518 3024 2575 perseverare
3056 2500 3257 2568 faciet;
3291 2504 3350 2557 et
3377 2499 3488 2556 hoc
3521 2505 3611 2557 est
3642 2519 3657 2558 :
3693 2526 3718 2552 ι
3748 2505 3805 2560 et

2147 2596 2384 2651 dextera
2413 2599 2537 2657 tua.
2576 2616 2596 2642 ι
2635 2593 2694 2647 id
2725 2596 2836 2659 est,
2870 2591 3052 2648 Filius
3095 2595 3252 2656 tuus,
3285 2589 3512 2646 scilicet
3538 2589 3803 2648 Verbum

2148 2689 2318 2740 tuum
2350 2682 2496 2738 mihi
2529 2682 2761 2738 unitum
2793 2704 2821 2731 «
2853 2680 3075 2737 tenebit
3104 2696 3215 2736 me.
3254 2701 3283 2732 η

2217 2793 2336 2864 Ego
2366 2791 2497 2848 dico
2535 2811 2562 2844 α
2591 2789 2828 2846 dextera
2861 2787 3102 2857 tenebit,
3128 2810 3150 2841 ι
3184 2791 3293 2844 «et
3317 2809 3338 2837 ι
3373 2786 3552 2844 etiam
3581 2805 3602 2836 ι
3623 2787 3792 2856 dixi»

2145 2882 2204 2938 id
2254 2885 2364 2952 est,
2415 2878 2752 2947 deliberavi,
2791 2901 2812 2928 ι
2851 2875 3094 2934 forsitan
3159 2877 3432 2943 tenebris,
3477 2899 3506 2926 »
3558 2877 3800 2945 Ironiee,

2145 2971 2316 3044 quasi
2349 2971 2568 3026 diceret
2592 2986 2605 3023 :
2627 2969 2772 3024 Cum
2803 2971 2967 3023 tanta
2999 2965 3078 3022 sit
3107 2965 3156 3022 ei
3191 2970 3470 3039 potestas,
3489 2969 3548 3022 et
3567 2968 3802 3024 dextera

2147 3079 2255 3118 sua
2286 3061 2368 3116 ita
2399 3077 2490 3116 me
2524 3062 2734 3125 teneat,
2770 3055 3026 3114 stultitia
3054 3059 3144 3112 est
3174 3055 3223 3112 si
3253 3055 3388 3128 quis
3429 3060 3599 3128 putat
3644 3056 3798 3128 quod

2148 3151 2421 3218 tenebrae,
2455 3150 2511 3205 id
2545 3153 2654 3219 est,
2677 3146 2970 3204 tenebrosi
3003 3145 3176 3202 istius
3197 3145 3328 3201 vita:
3351 3169 3377 3196 ‹‹
3405 3163 3498 3202 me
3525 3167 3553 3196 η
3575 3145 3803 3202 valeant

2147 3239 2526 3296 conculcare:
2557 3237 2806 3294 tenebrae
2839 3254 2954 3292 non
2985 3253 3123 3292 eum
3145 3259 3171 3285 ‹‹
3196 3235 3671 3292 conculcabunt»
3694 3236 3798 3292 sed

2058 3341 2106 3408 ρ
2149 3326 2343 3398 potius
2379 3349 2399 3375 ι
2441 3343 2571 3392 nox,
2607 3347 2634 3375 ››
2671 3323 2726 3380 id
2761 3328 2869 3392 est,
2899 3323 3166 3380 homines
3197 3322 3352 3396 pleni
3386 3323 3715 3397 ignorantia
3741 3328 3803 3380 et

2143 3414 2398 3487 peccatis
2427 3416 2485 3470 in
2537 3414 2647 3469 hac
2694 3411 2832 3482 vita,
2864 3412 2953 3468 vel
3001 3413 3180 3468 etiam
3232 3412 3450 3469 mortui
3499 3413 3704 3468 retenti
3737 3412 3798 3472 in

2143 3511 2329 3560 morte
2367 3503 2601 3569 inferni,
2635 3502 2771 3558 facti
2805 3523 2833 3551 «
2866 3500 3222 3558 illuminatio
3275 3518 3428 3568 mea,
3456 3524 3484 3552 υ
3515 3501 3572 3558 id
3603 3503 3712 3568 est,
3735 3500 3805 3556 il-

2141 3591 2416 3649 luminati
2448 3609 2482 3647 a
2513 3608 2626 3656 me,
2660 3595 2834 3646 erunt
2867 3614 2892 3640 ‹‹
2928 3589 2988 3645 in
3022 3589 3248 3646 deliciis
3280 3589 3484 3656 meis,»
3517 3591 3576 3646 id
3606 3594 3713 3656 est,
3737 3589 3798 3648 in

2141 3681 2434 3753 paradiso.
2471 3679 2784 3735 Paradisus
2817 3696 3072 3751 namque
3097 3679 3316 3735 delicia
3344 3677 3796 3750 interpretatur:

2142 3769 2272 3825 illos
2303 3769 2459 3824 enim
2493 3786 2641 3840 quos
2667 3767 2887 3822 invenit
2918 3767 3073 3838 apud
3105 3766 3342 3836 inferos,
3367 3767 3612 3824 duxitin
3639 3785 3798 3839 para-

2139 3859 2358 3914 disum.
2397 3857 2459 3912 Ili
2492 3861 2688 3912 autem
2723 3854 2825 3927 qui
2855 3854 3222 3927 vivunt,jam
3246 3871 3349 3928 spe
3373 3859 3513 3911 sunt
3545 3855 3604 3912 in
3633 3874 3795 3930 para-

2138 3948 2289 4013 diso,
2322 3945 2456 4002 licet
2487 3945 2747 4001 nondum
2783 3961 2860 4000 rc.

2211 4056 2344 4110 ldeo
2375 4054 2488 4110 erit
2517 4054 2669 4108 facta
2700 4051 3052 4106 illuminatio
3083 4051 3296 4117 noctis,
3329 4051 3470 4124 quia
3494 4056 3580 4121 tu,
3615 4052 3788 4121 Deus,

2137 4143 2504 4200 illuminabis
2534 4142 2805 4198 tenebras
2835 4145 2894 4196 et
2926 4144 3193 4208 noctem;
3227 4145 3285 4195 et
3313 4140 3423 4196 hoc
3451 4146 3541 4196 est
3564 4156 3578 4196 :
3601 4165 3629 4190 ‹‹
3654 4141 3790 4214 quia

2138 4235 2410 4300 tenebrae,
2449 4255 2470 4280 ι
2505 4231 2564 4286 id
2606 4234 2713 4298 est,
2745 4230 2825 4284 illi
2880 4230 2978 4302 qui
3031 4234 3171 4285 sunt
3218 4229 3510 4286 tenebrosi
3559 4236 3790 4302 propter

2138 4321 2552 4394 ignorantiam,
2593 4340 2616 4369 σ
2651 4338 2764 4374 non
2815 4318 3295 4375 obscurabuntur
3338 4335 3373 4374 a
3403 4322 3478 4386 te,
3517 4341 3538 4367 ι
3573 4317 3630 4374 id
3677 4322 3785 4389 est,

2138 4429 2254 4467 non
2286 4411 2591 4482 permittes
2621 4427 2720 4464 eos
2748 4407 3072 4476 obscurari,
3109 4407 3206 4463 sed
3249 4406 3446 4480 potius
3492 4405 3784 4462 illumina-

2137 4502 2376 4556 buntur.
2413 4524 2439 4548 «ι
2477 4501 2546 4554 Et
2579 4521 2606 4548 υ
2637 4498 2817 4553 etiam
2849 4521 2876 4547 ‹‹
2911 4515 3045 4560 nox,
3078 4497 3137 4552 id
3169 4501 3278 4565 est,
3310 4497 3541 4552 obscuri
3573 4499 3632 4551 et
3656 4512 3782 4568 pes-

2135 4589 2392 4645 sumdati
2415 4587 2472 4642 in
2496 4587 2770 4660 peccatis,
2801 4610 2820 4634 -
2848 4584 3279 4642 illuminabitur
3304 4608 3324 4636 ι
3351 4601 3387 4640 a
3406 4589 3483 4652 te,
3507 4588 3564 4641 et
3579 4583 3782 4640 deinde

2057 4716 2104 4780 Β
2134 4678 2246 4734 erit
2279 4701 2298 4728 ιν
2337 4678 2492 4733 sicut
2517 4676 2664 4744 dies,
2699 4701 2721 4729 ι
2757 4675 2815 4731 id
2851 4679 2960 4744 est,
2997 4674 3150 4731 sicut
3179 4673 3393 4746 aliquis
3423 4673 3781 4746 sapiens,qui

2135 4784 2440 4840 nunquam
2459 4765 2520 4820 in
2536 4769 2701 4822 tanta
2717 4765 3112 4837 profunditate
3128 4767 3500 4836 peccatorum
3523 4777 3780 4834 perman-

2133 4855 2293 4912 serit.
2330 4855 2467 4911 Dico
2500 4879 2526 4904 ‹‹
2562 4871 2675 4909 nox
2706 4852 3156 4921 illuminabitur,
3185 4875 3212 4902 ιι
3236 4855 3293 4908 et
3312 4875 3338 4900 ‹‹
3363 4850 3515 4908 sicut
3534 4851 3778 4906 tenebrae

2131 4947 2282 5016 ejus‘
2319 4945 2398 5000 ita
2430 4950 2486 5000 et
2519 4944 2716 4999 lumen
2748 4943 2897 5014 ejus,
2936 4967 2956 4994 ι
2994 4942 3135 5013 quia
3165 4946 3385 5014 quanta
3432 4947 3781 5012 cognoscent

2130 5034 2312 5108 aliqui
2345 5037 2582 5106 peccata
2626 5050 2755 5103 sua,
2790 5036 3017 5086 tantum
3069 5029 3355 5102 recipient
3400 5027 3776 5084 illuminatio-

2129 5142 2286 5180 nem.
2322 5124 2481 5179 Umle
2513 5121 2877 5194 Augustinus
2911 5138 2924 5175 :
2957 5123 3258 5188 Quatenus
3288 5119 3464 5175 homo
3493 5117 3776 5190 agnoscit,

2127 5219 2370 5269 eatenus
2401 5211 2512 5266 sibi
2549 5211 2702 5266 Deus
2734 5210 3004 5282 ignoscit.

2194 5321 2264 5376 Et
2293 5320 2414 5374 huic
2446 5317 2644 5373 omnia
2673 5336 2739 5374 ex
2771 5317 2880 5374 hoc
2911 5316 3270 5390 proveniunt,
3295 5341 3316 5365 α
3345 5315 3484 5388 quia
3507 5319 3565 5370 tu
3591 5333 3776 5386 possc-

2124 5409 2262 5466 disti
2295 5428 2460 5464 renes
2493 5425 2674 5474 meos,
2711 5431 2736 5456 n
2771 5407 2828 5461 id
2859 5412 2966 5474 est,
2991 5406 3392 5462 fortitudinem
3423 5408 3481 5462 et
3511 5403 3770 5458 directio-

2125 5518 2257 5554 nem
2291 5516 2504 5568 meam,
2531 5497 2755 5552 scilicet
2785 5514 2878 5552 me
2911 5484 3092 5553 fecisti
3128 5496 3338 5552 fortem
3369 5499 3425 5551 et
3454 5493 3770 5549 immunem

2125 5608 2159 5644 a
2191 5593 2463 5661 peccato;
2496 5592 2554 5641 et
2582 5587 2896 5654 directum,
2930 5604 3043 5640 non
3099 5602 3348 5658 pronum
3399 5583 3469 5640 ad
3524 5581 3724 5636 illicita
3755 5598 3766 5636 :

2125 5697 2236 5731 non
2275 5681 2499 5731 tantum
2531 5676 2660 5729 dico
2693 5699 2718 5723 ‹‹
2757 5675 3090 5746 possedisti,
3123 5698 3147 5721 ››
3182 5675 3280 5729 scd
3315 5675 3490 5728 etiam
3523 5695 3550 5720 ‹‹
3586 5688 3772 5726 susce-

2123 5767 2260 5838 pisti
2294 5783 2385 5819 me
2404 5765 2473 5819 dc
2492 5769 2655 5818 utero
2679 5763 2884 5818 matris
2906 5782 3106 5830 meae,»
3122 5764 3246 5818 sine
3269 5763 3563 5834 voluptate
3584 5758 3768 5816 carnis
