3942 6388
132 490 261 551 665

1330 491 1833 553 EXPLANATIU
1878 490 1956 551 IN
2003 492 2379 556 PSALMOS.

3440 503 3559 567 666

135 641 234 681 me
269 621 497 696 concipi
527 622 785 691 voluisti,
821 626 1023 695 postea
1054 623 1176 679 sine
1211 628 1445 695 peccato
1492 640 1795 678 censerva-
1827 623 1877 690 Α
1913 626 2224 697 prmvidisti
2261 644 2273 681 :
2308 631 2365 682 et
2396 628 2548 683 sicut
2598 629 2933 701 praevidisti,
2970 631 3053 686 sic
3086 630 3380 703 implebis,
3424 635 3564 708 quia

138 713 239 769 sti.

209 826 239 853 ‹‹
273 802 610 858 Cenﬁtebor
659 803 788 859 tibi.
842 826 867 849 υ
922 803 1060 857 Pars
1106 803 1299 857 tertia.
1352 804 1418 857 Et
1467 803 1604 873 quia
1637 821 1804 857 renes

136 910 306 948 meos
331 893 415 947 ita
443 891 784 964 possedisti,
821 909 922 964 per
973 908 1066 946 me
1116 893 1386 946 tenebras
1434 892 1803 960 illuminasti,

135 985 196 1037 et
226 986 442 1037 cratera
492 979 706 1048 fecisti,
742 979 891 1051 ideo
943 1004 969 1029 ‹‹
1023 981 1347 1035 conﬁtebor
1381 981 1504 1047 tibi,
1545 1004 1570 1027 ››
1607 981 1662 1035 id
1694 987 1802 1048 est,

136 1071 398 1126 laudabo
430 1075 486 1126 te
520 1087 534 1126 :
569 1074 627 1125 et
658 1070 888 1137 merito,
923 1094 949 1119 ‹‹
987 1070 1127 1141 quia
1175 1069 1590 1141 magnificatus
1636 1088 1719 1136 es,
1780 1094 1805 1117 ι»

138 1160 195 1216 id
241 1164 361 1228 est,
397 1176 653 1231 magnus
703 1176 970 1231 appares,
1023 1163 1081 1213 et
1129 1158 1238 1213 hee
1286 1182 1313 1207 ‹‹
1364 1158 1723 1229 terribiliter,
1780 1182 1807 1207 υ

135 1253 433 1322 quantum
465 1248 515 1303 si
552 1247 868 1319 malos,qui
895 1248 953 1300 in
980 1247 1237 1302 futuram
1263 1247 1701 1302 damnationem
1729 1252 1811 1303 at-

137 1336 838 1408 tenduntsibiinjudicie
855 1353 865 1391 :
885 1336 1015 1391 ideo
1031 1337 1812 1409 magniﬁcatusquiauopera

136 1432 243 1483 tua
269 1450 299 1475 ι»
322 1428 394 1482 de
428 1425 802 1498 reparatione
832 1425 1076 1479 humani
1110 1426 1425 1496 generis,et
1456 1431 1661 1481 cmtera
1684 1445 1809 1498 qua:

138 1516 317 1583 facis,
350 1519 493 1571 sunt
524 1539 553 1563 ‹‹
587 1513 902 1579 mirabilia,
938 1517 994 1569 et
1026 1514 1225 1569 anima
1263 1532 1392 1569 mea
1441 1522 1751 1587 cognoscet
1788 1541 1812 1563 »ι

120 1604 241 1661 'illa
273 1621 454 1677 opera
483 1628 509 1653 ι(
547 1602 748 1670 nimis,
790 1625 815 1650 »
858 1601 913 1656 id
962 1607 1070 1669 est,
1122 1603 1310 1658 valde.
1370 1605 1470 1659 llic
1521 1606 1815 1661 invehitur

136 1699 347 1750 contra
374 1693 511 1749 illos
544 1692 644 1764 qui
678 1696 887 1764 putant
917 1692 1218 1747 Christum
1254 1693 1445 1748 solum
1471 1711 1687 1766 corpus
1711 1694 1815 1753 hu-

124 1800 409 1851 rmanum,
444 1798 552 1837 nec
584 1780 845 1837 animam
878 1781 1200 1837 humanam
1234 1783 1554 1853 accepisse.

206 1874 338 1929 Non
368 1875 607 1928 tantum
638 1873 778 1925 sunt
806 1873 942 1924 nota
973 1868 1118 1925 mihi
1152 1886 1329 1942 opera
1352 1877 1475 1939 tua,
1501 1874 1600 1928 sed
1632 1874 1811 1929 etiam

1914 734 2116 771 omnes
2146 716 2404 789 illiquos
2435 718 2745 789 przevidisti
2796 721 2867 774 ad
2918 719 3078 775 illam
3126 722 3564 794 perfectionem,

1914 806 2245 861 scribentur
2276 807 2331 861 in
2368 807 2511 861 libre
2546 813 2664 876 tuo,
2699 808 2755 862 id
2783 808 2955 878 est,in
2991 810 3274 865 memoria
3303 816 3406 867 tua
3438 814 3563 869 :vel

1917 895 1973 949 in
2008 913 2099 949 me
2132 895 2278 967 ipse,
2312 896 2411 967 qui
2438 914 2568 951 sum
2604 897 2769 963 liber,
2794 899 2865 952 ad
2893 897 3062 967 cujus
3092 900 3563 957 cenfermitatem

1918 985 2258 1039 scribuntur
2287 985 2407 1049 alii,
2440 989 2493 1039 et
2527 1003 2696 1039 nemo
2730 986 2786 1039 in
2820 986 2931 1053 eis;
2968 1004 3101 1042 nam
3137 1004 3308 1043 nemo
3356 990 3500 1045 dicit
3549 1007 3561 1047 :

1918 1074 2035 1145 Ego
2068 1092 2197 1127 sum
2236 1072 2533 1139 Paulinus,
2558 1073 2644 1128 vel
2678 1074 2965 1143 Petrinus,
3017 1076 3116 1129 sed
3171 1076 3566 1134 Christianus.

1993 1185 2018 1209 ‹‹
2056 1161 2192 1223 Mihi
2224 1167 2439 1216 autem.
2470 1186 2493 1208 υ
2529 1163 2665 1216 Pars
2691 1167 2917 1235 quarta.
2944 1163 3032 1218 Illi
3070 1181 3218 1237 quos
3250 1167 3563 1237 praevidisti

1919 1251 2272 1315 scribentur,
2304 1249 2387 1303 illi
2418 1254 2612 1304 autem
2644 1250 2743 1322 qui
2768 1252 2895 1321 jam
2926 1257 3065 1307 sunt
3094 1276 3119 1301 ς(
3173 1254 3343 1308 amici
3394 1255 3503 1322 tui,
3540 1278 3566 1304 η

1920 1357 1953 1395 o
1985 1364 2011 1389 ‹‹
2048 1341 2221 1405 Deus,
2252 1363 2277 1386 »ι
2309 1339 2465 1393 velut
2496 1340 2892 1411 apestolijam
2917 1364 2943 1388 «ι
2969 1346 3111 1395 sunt
3135 1340 3499 1397 honeriﬁcati
3540 1367 3567 1392 ››

1921 1433 1978 1483 et
2008 1430 2115 1483 hoc
2153 1453 2177 1475 ι»
2211 1428 2421 1483 nimis»
2454 1428 2508 1482 id
2541 1432 2652 1494 est,
2685 1429 2850 1482 valde
2882 1446 2894 1483 :
2930 1434 2985 1483 et
3007 1430 3115 1483 hoc
3138 1454 3163 1477 ‹‹
3193 1430 3435 1485 mihinid
3459 1436 3568 1500 est,

1922 1519 1992 1572 ad
2028 1518 2309 1572 honorem
2344 1516 2709 1588 meum,quia
2733 1534 2835 1588 per
2863 1534 2955 1572 me
2984 1522 3074 1572 est
3105 1518 3291 1573 honor
3310 1520 3573 1591 etuprin-

1922 1608 2153 1678 cipatns
2185 1624 2421 1661 eorum»
2453 1606 2509 1659 id
2540 1610 2651 1676 est,
2678 1610 2955 1677 potestas,
2989 1624 3167 1679 quam
3201 1625 3379 1680 super
3408 1624 3573 1679 reges

1921 1702 2086 1751 terra:
2119 1696 2356 1763 habent,
2392 1718 2419 1744 ‹‹
2455 1700 2543 1750 est
2574 1695 2753 1749 nimis
2789 1717 2815 1743 ι»
2848 1696 2904 1750 id
2931 1700 3039 1766 est,
3070 1695 3257 1763 valde,
3281 1720 3309 1746 ‹‹
3344 1698 3572 1773 confor-

1921 1790 2099 1854 tatus,
2139 1808 2165 1833 ››
2193 1784 2333 1857 quia
2362 1785 2554 1840 adhuc
2586 1789 2827 1856 apparet
2857 1784 2915 1838 in
2946 1784 3354 1840 succssoribus
3395 1784 3573 1854 Petri,

1923 1879 1980 1931 et
2008 1875 2256 1931 alierum
2288 1872 2707 1946 apostolorum.

140 1960 564 2028 inferioribus;
600 1964 658 2014 et
689 1958 799 2014 hoc
829 1962 920 2014 est
953 1976 966 2014 :
1004 1982 1031 2009 ‹‹
1064 1976 1130 2014 es
1164 1976 1384 2026 meum,
1424 1984 1449 2008 »ι
1482 1961 1537 2015 id
1569 1967 1677 2030 est,
1712 1964 1885 2060 Ec-‘B
1995 1965 2134 2020 Dico
2168 1988 2193 2013 ‹‹
2232 1962 2595 2036 principatus
2625 1965 2715 2017 est
2745 1962 3125 2031 confortatus,
3162 1983 3188 2011 »
3220 1965 3278 2018 et
3326 1962 3411 2017 illi
3455 1980 3571 2018 non

139 2051 344 2119 clesio,
380 2074 408 2100 ‹‹
444 2049 601 2122 quod
647 2069 675 2097 ››
721 2063 807 2114 os,
856 2051 921 2102 tu
951 2070 979 2096 ‹‹
1017 2048 1203 2102 fecisti
1242 2071 1269 2097 »
1302 2051 1651 2122 quandoque
1684 2076 1709 2101 ‹‹
1748 2052 1806 2106 in

140 2140 402 2206 occulte,
434 2160 463 2189 »
496 2137 555 2192 id
588 2140 696 2204 est,
746 2140 1006 2208 tempore
1066 2138 1506 2209 prophetarum,
1556 2139 1657 2210 qui
1706 2157 1809 2211 per

141 2229 302 2286 solas
337 2229 559 2299 ﬁguras
590 2241 803 2297 corpus
824 2224 1038 2279 Christi
1070 2242 1196 2280 esse
1216 2226 1568 2297 judicabant
1616 2228 1807 2283 Eccle-

144 2318 299 2375 siam
338 2334 350 2373 :
386 2334 453 2372 os
486 2314 627 2370 illud
662 2330 856 2369 meum
891 2338 917 2362 ‹‹
950 2331 1065 2369 non
1098 2319 1187 2369 est
1219 2314 1575 2371 occultatum
1608 2335 1642 2372 a
1670 2322 1746 2385 te,
1778 2340 1805 2368 ι)

146 2408 288 2482 quia
316 2424 434 2463 non
466 2403 798 2473 eccultasti,
832 2403 950 2459 imo
982 2404 1342 2459 manifestati
1375 2407 1529 2477 quod
1572 2412 1695 2461 erat
1740 2409 1811 2463 de

147 2498 389 2554 ossibus
421 2492 698 2551 meis.Vel
725 2517 751 2542 ‹‹
782 2492 840 2547 in
874 2492 1223 2560 ecculto,»id
1258 2499 1370 2561 est,
1403 2494 1459 2549 in
1492 2496 1809 2567 baptismo,

148 2592 204 2644 et
231 2583 527 2643 Dominici
547 2581 809 2655 corporis
841 2582 1363 2650 censecratione,et
1394 2584 1451 2637 in
1485 2584 1599 2639 alia
1626 2603 1814 2643 sacra-

149 2674 371 2732 mentis
399 2672 673 2729 Ecclesizs
707 2688 720 2727 :
747 2694 774 2721 «
807 2676 863 2726 et
894 2670 1231 2726 substantia
1262 2688 1393 2727 mea
1427 2694 1454 2721 υ
1477 2690 1590 2729 non
1614 2680 1703 2730 est
1724 2692 1814 2731 ec-

151 2764 377 2821 cultata
404 2761 492 2819 ita
522 2785 551 2813 ‹‹
581 2760 642 2816 in
672 2759 1049 2816 inferioribus
1080 2765 1266 2827 terrm,
1304 2784 1331 2809 ››
1363 2760 1422 2816 id
1452 2762 1633 2830 est,in
1666 2780 1810 2835 gen-

138 2854 317 2910 'tibus
348 2868 477 2925 quea
510 2854 652 2908 sunt
681 2849 985 2906 inferiores
1015 2849 1255 2918 Judaeis,
1279 2850 1419 2922 quia
1447 2852 1573 2907 sine
1605 2851 1731 2925 lege
1754 2858 1813 2909 et

154 2944 284 2999 sine
298 2940 459 2997 cultu
476 2940 576 2996 Dei
596 2938 761 3012 prius
778 2938 1345 3011 erant.Cegnescunt
1362 2940 1519 2995 enim
1542 2942 1815 2997 substan-

154 3033 303 3089 tiam
335 3030 551 3087 Christi
575 3033 864 3102 gentes,et
893 3046 1029 3085 eum
1062 3047 1263 3083 verum
1296 3030 1480 3085 Deum
1504 3048 1631 3086 esse
1653 3036 1709 3087 et
1729 3050 1816 3087 ve-

158 3138 290 3176 rum
324 3119 629 3175 hominem
662 3118 930 3172 credunt.
965 3117 1129 3183 Quod
1169 3118 1427 3173 Ecclesia
1474 3136 1539 3174 es
1585 3121 1818 3177 dicatur

157 3208 380 3266 Christi
408 3207 587 3263 habet
606 3207 855 3280 ﬁguram
873 3206 932 3261 in
950 3206 1240 3262 creatione
1258 3207 1521 3265 mulieris
1537 3226 1605 3264 ex
1628 3211 1816 3282 primo

144 3298 399 3355 homine
428 3296 583 3365 (Gen.
618 3297 702 3368 ιι).
737 3296 901 3351 Sicut
931 3295 1087 3351 enim
1138 3313 1204 3351 es
1253 3301 1342 3351 est
1390 3303 1697 3370 sumptum
1745 3300 1816 3356 de

1916 2054 2087 2126 pauci
2136 2057 2295 2117 sunt,
2346 2052 2445 2106 sed
2497 2067 2602 2123 ego
2637 2073 2664 2100 ‹‹
2696 2051 3081 2107 dinumerabe
3132 2068 3251 2119 eos,
3302 2056 3359 2107 et
3406 2074 3434 2100 ››
3484 2051 3571 2106 illi

1918 2167 1945 2192 «
1982 2140 2535 2214 multiplicabuntur
2569 2162 2594 2188 ι)
2628 2156 2873 2194 numero
2906 2145 2964 2195 et
2992 2139 3310 2196 virtutibus
3343 2157 3570 2213 «super

1919 2250 2178 2298 arenam,
2207 2254 2233 2279 ››
2266 2229 2489 2285 scilicet
2519 2234 2583 2283 ut
2614 2228 2799 2284 multo
2833 2229 3128 2301 digniores
3159 2229 3250 2286 sin
3285 2247 3462 2302 quam
3493 2229 3572 2285 sit

1917 2320 2177 2387 arcna,id
2210 2319 2676 2386 est,infructuesi
2709 2318 2977 2373 homines
3006 2335 3019 2373 :
3045 2323 3102 2373 et
3138 2318 3263 2373 haec
3287 2316 3573 2390 multipli-

1920 2412 2071 2467 catio
2102 2427 2170 2465 ex
2199 2410 2310 2464 hoc
2343 2408 2660 2481 proveniet,
2714 2406 2855 2479 quia
2902 2423 3007 2479 ego
3040 2429 3067 2457 ‹‹
3102 2407 3420 2472 exsurrexi,
3454 2410 3512 2462 ct
3540 2426 3569 2458 η

1921 2504 2113 2555 tamen
2150 2523 2177 2548 ‹‹
2213 2498 2407 2553 adhuc
2439 2515 2571 2551 sum
2617 2500 2837 2563 tecum,
2873 2519 2900 2544 »
2931 2495 3197 2551 occultus
3230 2495 3383 2552 sicut
3413 2495 3577 2568 prius

1922 2588 2173 2661 fui,quia
2203 2588 2465 2643 nondum
2497 2590 2586 2640 est
2615 2586 2933 2641 manifesta
2954 2584 3232 2640 omnibus
3264 2602 3395 2640 mea
3422 2588 3578 2657 pote-

1921 2682 2067 2745 stas,
2091 2695 2217 2749 qure
2249 2676 2485 2731 tandem
2519 2674 2577 2729 in
2601 2674 2829 2746 judicio
2863 2672 3141 2729 omnibus
3172 2673 3409 2746 cognita
3437 2673 3572 2729 erit.

1921 2767 2068 2822 Nota
2098 2764 2547 2837 promissionem
2582 2764 2796 2817 factam
2830 2761 3277 2829 Abrahambanc,
3311 2760 3573 2818 scilicet:

1923 2853 2323 2927 Mulliplicabe
2356 2868 2553 2907 semen
2586 2854 2753 2906 tuum
2785 2866 2965 2923 super
3004 2848 3204 2905 stellas
3256 2847 3407 2916 cmli,
3460 2853 3571 2904 etc.

1923 2945 2075 3017 (Cm.
2108 2959 2220 2997 χχιι
2254 2946 2310 2996 et
2339 2940 2510 3011 xxvu).
2548 2938 2652 2993 Per
2683 2937 2885 2993 stellas
2913 2937 3335 2991 fructiﬁcantes
3367 2935 3575 2991 intelli-

1922 3033 2117 3106 gimus
2139 3030 2237 3103 qui
2260 3029 2395 3083 licet
2415 3044 2657 3082 numero
2680 3025 2984 3097 pauciores
3008 3023 3351 3096 sint,plures
3376 3029 3571 3080 tamen

1924 3126 2063 3178 sunt
2095 3120 2153 3175 in
2184 3119 2399 3174 virtute
2429 3120 2485 3171 et
2517 3113 2815 3171 beneﬁciis
2847 3113 2947 3170 Dei
2982 3129 2999 3171 :
3030 3130 3134 3186 per
3163 3129 3401 3168 arenam
3433 3130 3569 3169 vero

1925 3211 2155 3267 steriles
2187 3207 2530 3280 accipimus.

1996 3299 2181 3356 Amici
2214 3297 2297 3353 tui
2330 3300 2469 3351 sunt
2498 3292 2890 3364 honeriﬁcati,
2926 3297 3061 3356 etc.,
3093 3291 3219 3359 sed,
3251 3308 3283 3347 e
3317 3315 3343 3341 ‹‹
3398 3292 3571 3360 Deus,

144 3388 279 3443 ivire
310 3387 384 3443 ad
415 3385 730 3441 creandam
765 3383 1156 3455 mulierem,ct
1180 3384 1344 3439 locus
1366 3385 1516 3441 ossis
1538 3403 1711 3443 carne
1734 3405 1816 3444 re-
1845 3364 1888 3430 Ο
1926 3391 1973 3447 si
2006 3388 2311 3455 occideris,
2345 3410 2371 3435 ‹‹
2405 3374 2602 3451 ἰᾶρεί,
2636 3383 3007 3438 damnaveris
3028 3406 3054 3432 «
3079 3384 3431 3454 peccatores,
3464 3380 3576 3437 uita

157 3476 353 3550 pletus
382 3478 493 3543 est,
525 3474 610 3530 sic
640 3473 910 3529 Christus
940 3472 1208 3528 Ecclesiae
1239 3491 1360 3529 sua}
1410 3492 1475 3530 os
1524 3493 1721 3545 suum,
1755 3478 1813 3532 id

156 3564 459 3633 est,robur
486 3567 544 3618 et
573 3561 939 3618 divinitatem
972 3579 1142 3618 suam
1165 3563 1433 3628 contulit,
1450 3564 1589 3636 quia
1609 3583 1815 3623 omnes

142 3654 362 3710 'ﬁdeles
394 3670 537 3709 suos
567 3651 753 3708 sancti
786 3652 1042 3723 Spiritus
1073 3651 1387 3724 participes
1417 3653 1813 3726 ell‘ecit,parti-

155 3758 292 3815 ceps
323 3741 569 3796 ell’ectus
601 3757 720 3794 sua:
752 3738 911 3794 illius
942 3738 1350 3795 humanitatis.
1384 3740 1547 3796 Unde
1575 3743 1814 3814 Aposto-

152 3830 267 3899 lus,
303 3847 444 3886 cum
476 3830 549 3885 de
577 3830 701 3884 viro
730 3832 789 3884 et
811 3828 1053 3884 muliere
1083 3828 1525 3899 disputaret,ait
1560 3834 1815 3888 :«Saera—

152 3924 426 3975 mentum
458 3916 699 3990 quidem
732 3934 1016 3989 magnum
1047 3921 1137 3972 est
1172 3933 1182 3972 :
1217 3933 1323 3989 ego
1353 3922 1551 3974 autem
1592 3920 1720 3975 dico
1751 3921 1811 3976 in

151 4007 385 4065 Christo
417 4011 475 4062 et
503 4005 763 4061 Ecclesia
792 4006 1005 4079 (Ephes.
1026 4009 1104 4074 v).
1144 4028 1170 4053 ››

223 4093 574 4152 Substantia
594 4109 725 4149 mea
747 4111 863 4149 non
892 4097 982 4148 est
1004 4093 1294 4149 occultata
1326 4095 1383 4149 in
1415 4095 1809 4167 inferioribus,

151 4186 256 4241 sed
290 4207 321 4234 α
354 4183 767 4254 imperfectum
797 4198 1018 4247 meum,
1050 4204 1077 4231 ››
1110 4181 1169 4236 id
1217 4188 1329 4251 est,
1361 4184 1809 4256 completionem

151 4272 419 4346 corporis
450 4271 732 4343 mei,qua:
765 4272 964 4327 futura
992 4275 1083 4326 est
1110 4271 1167 4325 in
1199 4271 1315 4327 alia
1342 4273 1479 4339 vita,
1515 4290 1641 4344 qua:
1675 4291 1814 4329 non-

144 4363 299 4418 dum
327 4365 419 4418 est
448 4360 707 4433 perfecta
735 4384 761 4410 ‹‹
794 4360 1067 4415 viderunt
1095 4359 1246 4414 oculi
1281 4360 1387 4430 tui,
1428 4383 1455 4409 »
1489 4361 1543 4416 id
1576 4367 1683 4430 est,
1717 4380 1809 4418 so-

142 4451 247 4505 lus
279 4449 605 4525 cognovisti
635 4471 662 4497 ‹‹
698 4453 755 4504 et
785 4464 990 4504 omnes
1024 4468 1051 4496 ν»
1084 4446 1168 4501 illi
1203 4447 1303 4519 qui
1336 4448 1395 4502 in
1426 4452 1642 4503 aeterna
1668 4450 1807 4519 vita,

138 4539 293 4595 licet
320 4539 496 4595 modo
527 4536 743 4605 desint,
795 4536 1176 4609 complebunt
1224 4553 1439 4608 corpus
1485 4540 1675 4606 tuum,
1722 4539 1807 4594 vel

144 4645 378 4694 meum,
411 4626 655 4693 scilicet,
691 4649 719 4675 ‹‹
755 4626 814 4680 in
843 4625 995 4681 libro
1026 4629 1127 4679 tuo
1159 4625 1511 4694 scribentur,
1548 4649 1576 4675 »
1609 4627 1665 4681 id
1698 4631 1806 4696 est,

1923 3480 2123 3535 dicens
2152 3477 2237 3533 eis
2269 3493 2283 3531 :
2319 3499 2344 3525 ‹‹
2379 3474 2499 3529 Viri
2528 3472 2908 3545 sanguinem,
2942 3470 3230 3527 declinato
3252 3488 3286 3525 a
3314 3487 3575 3543 me,»per

1923 3565 2492 3632 dissimilitudinem,
2523 3564 2594 3617 ad
2639 3579 2817 3634 quem
2865 3559 3113 3633 potestis
3145 3577 3247 3633 per
3279 3560 3465 3615 solam
3498 3557 3576 3614 si-

1923 3656 2319 3713 militudinem
2347 3650 2746 3709 accedere.Vel
2769 3650 3038 3705 ita:Vcre
3060 3665 3191 3705 sum
3215 3648 3579 3721 tecum,quia

1921 3751 1978 3803 et
2010 3746 2141 3801 illos
2181 3744 2406 3799 viviﬁce
2460 3756 2609 3814 quos
2649 3745 2716 3795 tu
2763 3737 3045 3805 viviﬁcas,
3091 3742 3148 3792 et
3197 3736 3329 3792 illos
3377 3737 3577 3793 occido

1923 3854 2073 3909 quos
2106 3838 2168 3888 tu
2202 3831 2451 3899 occidis;
2487 3835 2544 3885 et
2574 3830 2683 3884 hoc
2714 3831 2823 3895 est,
2850 3850 2877 3877 ‹‹
2902 3826 2952 3883 si
2982 3824 3264 3881 occideris
3298 3841 3311 3880 :
3345 3829 3447 3879 net
3476 3841 3578 3896 per

1922 3925 2033 3980 hoc
2065 3926 2229 3977 notat
2257 3937 2392 3975 eum
2424 3916 2705 3990 aequalem
2740 3914 2915 3971 Patri.

1994 4013 2127 4067 Ideo
2159 4008 2463 4073 discedite,
2510 4029 2537 4055 «
2586 4004 2725 4077 quia
2767 4002 2963 4058 dicitis
3011 4001 3070 4056 in
3121 4000 3491 4074 cogitatione,
3546 4022 3573 4049 »

1920 4103 2031 4158 hoc
2063 4098 2285 4155 scilicet
2316 4112 2329 4151 :
2365 4120 2393 4146 «
2438 4093 2743 4166 Accipiant
2793 4114 2820 4140 ››
2872 4088 3186 4146 Christiani
3218 4088 3324 4159 illi,
3358 4089 3416 4143 id
3462 4091 3571 4156 est,

1920 4191 2255 4247 removeant
2285 4204 2317 4241 a
2348 4183 2516 4240 nobis
2550 4205 2578 4233 ‹‹
2609 4182 2871 4237 civitates
2893 4197 3091 4247 suas,»
3118 4178 3176 4233 id
3200 4181 3309 4249 est,
3334 4194 3576 4233 conven-

1918 4280 2105 4335 tiones
2136 4294 2296 4345 suas,
2328 4272 2662 4329 habitantes
2694 4295 2720 4320 ‹‹
2758 4270 2815 4324 ἱη
2843 4268 3121 4334 vanitate,
3158 4291 3186 4316 ι)
3214 4266 3273 4322 id
3304 4269 3414 4334 est,
3450 4265 3574 4320 ina-

1920 4369 2091 4433 niter,
2127 4364 2265 4438 quia
2297 4363 2484 4417 nubes
2517 4364 2576 4415 et
2603 4358 2805 4415 inania
2835 4357 3057 4413 colunt.
3088 4364 3097 4369 “

1991 4456 2051 4512 Si
2084 4459 2147 4509 tu
2177 4454 2261 4509 ita
2289 4450 2591 4517 occideris,
2635 4452 2692 4503 et
2739 4464 2845 4521 ego
2876 4445 3171 4511 occidam;
3205 4449 3264 4500 et
3294 4444 3403 4499 hoc
3434 4446 3524 4499 est
3556 4460 3569 4497 :

1920 4570 1947 4597 ‹‹
1983 4546 2185 4601 Nonne
2215 4541 2314 4614 qui
2349 4540 2597 4595 oderunt
2626 4537 2980 4604 te,Domine,
3010 4534 3289 4589 oderam?
3324 4555 3352 4581 »
3382 4532 3439 4587 id
3463 4536 3572 4598 est,

1919 4633 2170 4709 gratiam
2203 4627 2624 4686 subtrahebam
2660 4642 2674 4680 :
2708 4625 2946 4680 oderam
2980 4622 3205 4694 utique,
3234 4643 3263 4671 «
3296 4625 3355 4676 et
3395 4620 3573 4709 etiam

144 4718 212 4773 in
244 4720 462 4772 aeterna
491 4714 777 4770 memoria
806 4717 909 4769 tua
936 4712 1326 4769 indelebiliter
1353 4716 1803 4785 permanebunt,
1838 4735 1883 4799 υ
1915 4708 1944 4777 (ξ
1979 4740 2155 4795 super
2186 4718 2455 4775 inimicos
2489 4720 2622 4770 tuos
2656 4715 2979 4781 tabescam,
3013 4734 3039 4760 »
3084 4711 3142 4765 id
3193 4712 3305 4778 est,
3340 4708 3571 4764 deﬁcie-

146 4810 207 4862 et
235 4804 492 4878 aequales
523 4803 1178 4871 erunt,«t‘ermabuntur
1206 4802 1331 4857 dies
1367 4826 1393 4850 ››
1424 4802 1707 4873 lucentes,
1745 4806 1801 4860 id

146 4893 663 4966 est,cognitienem
681 4891 940 4947 divinam
962 4890 1471 4958 habentes.Vel,ut
1492 4892 1605 4947 alia
1625 4898 1810 4950 trans-

148 4981 292 5038 latio
323 4982 519 5049 babet,
554 5003 583 5029 ‹‹
619 4980 1033 5036 formabuntur
1063 4978 1166 5045 dii,
1202 5002 1230 5027 ››
1261 4979 1349 5034 vel
1380 4980 1496 5051 dei,
1528 4980 1750 5037 scilicet
1776 5001 1810 5039 a

146 5070 613 5141 divinitate,qua3
646 5069 920 5125 formabit
950 5086 1050 5125 eos
1080 5069 1152 5124 de
1182 5069 1442 5126 tenebris
1472 5070 1531 5125 in
1573 5071 1761 5127 lucem
1790 5091 1802 5141 ;

143 5159 233 5215 vel
268 5159 706 5226 formabuntur,
759 5180 787 5209 «
836 5162 895 5213 et
942 5174 1114 5214 nemo
1148 5179 1174 5205 ι)
1209 5158 1558 5213 formabitur
1587 5182 1615 5209 ‹‹
1644 5161 1729 5215 eis
1776 5184 1805 5210 ››

147 5249 288 5321 quia
318 5247 465 5303 nulli
491 5251 765 5319 poterunt
783 5247 1046 5302 conferre
1053 5246 1350 5318 justitiam
1373 5248 1548 5314 ;unde
1568 5254 1807 5321 Aposto-

145 5338 238 5395 lus
272 5356 287 5395 :
321 5337 431 5406 Qui
461 5338 618 5392 enim
648 5337 875 5409 plantat
902 5340 1003 5392 aut
1032 5336 1131 5407 qui
1169 5335 1317 5407 rigat
1350 5335 1491 5390 nihil
1542 5343 1653 5403 est,
1703 5341 1804 5395 sed

143 5429 300 5484 Deus
327 5426 433 5500 qui
461 5426 893 5481 incrementum
926 5427 1027 5481 dat
1046 5426 1095 5493 (1
1119 5426 1324 5496 Cor.v).
1357 5425 1459 5480 Vel
1492 5444 1806 5498 pessumus

141 5518 411 5573 accidere
440 5515 872 5587 imperfectum,
923 5515 1079 5587 quod
1130 5512 1321 5568 adhuc
1370 5514 1533 5569 deest
1579 5519 1803 5588 cerperi

139 5606 383 5671 Christi,
420 5603 535 5659 nisi
571 5603 672 5676 qui
702 5605 775 5659 de
805 5602 1063 5659 Ecclesia
1094 5601 1288 5656 fuerit.
1321 5601 1421 5657 Vel
1454 5604 1502 5657 si
1534 5588 1799 5664 dicatur:

140 5695 560 5768 imperfectum
591 5692 876 5760 n1eum,id
910 5695 999 5747 est
1024 5691 1155 5746 illes
1186 5690 1284 5762 qui
1316 5690 1373 5744 in
1406 5692 1515 5747 hac
1547 5695 1663 5751 vita
1684 5713 1805 5752 eor-

138 5800 248 5855 pus
278 5798 488 5840 meum
520 5780 843 5853 perﬁcient,
878 5804 905 5831 ‹‹
939 5781 1209 5835 viderunt
1240 5779 1391 5835 eculi
1425 5782 1571 5850 tui,»
1607 5784 1661 5839 id
1690 5791 1797 5859 est,

1912 4816 2050 4870 bam
2082 4810 2280 4866 dolore
2312 4824 2414 4880 pro
2448 4801 2891 4874 inimicis,qued
2923 4805 3057 4856 tuos
3079 4802 3135 4855 et
3156 4802 3327 4853 tuum
3356 4812 3571 4853 nomen

1920 4899 2373 4975 impugnabant.
3550 4954 3553 4957 η

1992 5014 2020 5042 ‹‹
2056 4989 2313 5045 Perfecto
2346 4985 2479 5041 odio
2511 4985 2748 5039 oderam
2782 4980 2937 5037 illos.
2972 5001 2999 5029 »
3035 4978 3291 5035 Perfecte
3320 4976 3572 5049 odit,qui

1917 5081 2073 5155 quod
2102 5076 2323 5133 malum
2374 5078 2463 5130 est
2491 5073 2634 5141 odit,
2668 5076 2726 5129 et
2755 5071 2910 5143 quod
2941 5072 3032 5126 est
3062 5087 3131 5124 ex
3177 5068 3316 5136 Dee,
3345 5064 3573 5155 scilicet

1914 5152 2469 5235 creaturam,diligit
2501 5180 2513 5217 :
2548 5166 2607 5216 et
2633 5161 2773 5232 quia
2795 5161 2879 5215 sic
2903 5155 3323 5223 ederam,sicut
3342 5152 3570 5209 inimici

1914 5258 2023 5328 tui,
2056 5258 2137 5312 ita
2166 5255 2345 5311 etiam
2378 5275 2404 5301 «
2440 5249 2662 5306 inimici
2698 5249 2829 5303 facti
2863 5251 3004 5303 sunt
3035 5244 3315 5301 mihinme
3343 5242 3567 5298 haben-

1913 5351 2002 5402 tes
2032 5343 2293 5402 edio.Vel
2327 5341 2374 5398 si
2408 5340 2485 5395 sit
2516 5339 2572 5393 in
2606 5338 2820 5407 littera,
2845 5360 2871 5387 ‹‹
2906 5335 3200 5408 accipiant
3231 5334 3289 5388 in
3310 5330 3569 5387 vanitate

1914 5435 2199 5500 civitates,
2232 5453 2261 5484 ››
2294 5431 2377 5485 sic
2402 5429 2669 5484 dicamus
2701 5443 2714 5480 :
2751 5426 2809 5482 Si
2844 5423 3146 5490 occideris,
3173 5423 3566 5493 Deus,pecca-

1912 5528 2069 5580 tores
2100 5523 2159 5577 in
2192 5518 2467 5592 peccatis,
2500 5521 2558 5571 et
2588 5519 2887 5572 convertes
2916 5514 2987 5569 ad
3012 5510 3330 5584 justitiam,
3362 5509 3445 5564 ita
3477 5507 3568 5564 di-

1912 5629 2052 5668 cens
2083 5605 2394 5666 obstinatis
2429 5605 2484 5658 in
2518 5603 2689 5659 malis
2721 5603 2860 5657 :Viri
2895 5596 3570 5673 sanguinum,dcclinate

1914 5719 1947 5757 a
1978 5719 2089 5759 me.
2125 5721 2152 5748 ››
2185 5695 2323 5769 quia
2354 5694 2552 5750 dicitis
2587 5695 2641 5747 in
2679 5690 3118 5766 cegitatiene,id
3149 5692 3260 5760 est,
3295 5704 3567 5743 murmu-

1913 5790 2056 5847 ratis
2088 5791 2289 5844 contra
2314 5800 2406 5839 me
2432 5800 2443 5837 :
2466 5782 2514 5839 si
2546 5781 2629 5839 sic
2661 5779 2964 5849 occideris,
2990 5778 3073 5836 illi
3095 5777 3270 5835 occisi
3314 5777 3397 5835 sic
3422 5776 3567 5836 θοοὶ,
