3942 6382
128 465 265 526 669

1338 460 1837 525 ΕΧΡΙΑΝΑΤΙΟ
1881 460 1959 522 ΙΝ
2011 462 2154 524 PSA
2166 464 2394 529 LMOS.

3454 470 3573 536 670

132 604 428 658 extranea
456 598 744 671 periculla
769 617 781 655 :
803 629 831 658 ‹‹
861 600 1059 655 Virtus
1085 630 1106 655 ,ι
1140 599 1271 654 dico
1295 630 1319 654 οι
1351 598 1562 654 salutis
1594 612 1755 661 mem,
1782 616 1808 643 »
1839 592 1897 663 Α
1927 599 1981 649 et
2011 601 2149 651 sunt
2171 599 2414 655 materia
2440 601 2549 673 ipsi
2574 602 2743 674 justi,
2772 602 2831 658 in
2864 603 3140 675 periculis
3161 604 3483 664 clamantes
3503 610 3575 664 ad

132 687 199 745 id
224 692 339 758 est,
367 705 495 761 quin
520 705 615 744 me
632 688 773 751 fecit
798 689 1023 744 salvum
1049 707 1081 744 a
1104 687 1491 760 suprapositis
1515 684 1809 758 periculis,

135 779 291 851 quia
351 782 417 833 tu
460 801 488 827 «
533 778 926 844 obrumbasti,
970 802 995 825 ››
1028 778 1086 831 id
1144 783 1251 843 est,
1302 775 1813 831 obumbrationem

136 872 340 934 tuam,
375 883 448 921 ne
480 865 742 938 aliquem
775 870 982 922 aestum
1015 867 1277 932 sentiret,
1313 863 1558 937 posuisti
1586 886 1613 912 ‹‹
1638 880 1816 934 super

138 959 332 1029 caput
387 970 612 1022 meum,
642 978 668 1002 ››
700 954 758 1010 id
820 961 928 1020 est,
963 954 1284 1021 Christum,
1317 958 1375 1008 et
1422 954 1530 1007 hoc
1553 976 1578 1001 ‹‹
1615 951 1673 1005 in
1720 952 1813 1005 die

136 1043 311 1112 belli,
334 1066 362 1094 υ
397 1044 510 1099 hoc
540 1046 652 1113 est,
683 1042 743 1098 in
775 1043 869 1098 die
911 1043 1225 1115 passionis,
1260 1042 1318 1096 in
1362 1059 1476 1113 quo
1520 1041 1644 1113 ipse
1676 1057 1811 1094 cum

137 1133 386 1189 diabolo
444 1132 732 1205 pugnavit
765 1148 778 1187 :
813 1149 929 1204 quo
960 1132 1204 1198 devicto,
1236 1148 1423 1203 genus
1481 1130 1811 1184 humanum

138 1220 446 1277 liberavit.

215 1311 295 1365 Et
326 1309 469 1381 quia
499 1309 787 1364 beneficia
827 1309 954 1381 jam
1005 1308 1149 1363 mihi
1203 1308 1562 1381 praerogasti,
1600 1307 1751 1369 ideo,
1783 1323 1815 1359 ο

143 1421 173 1446 ‹‹
210 1396 488 1466 Domine,
514 1413 587 1451 ne
617 1398 821 1453 tradas
851 1414 943 1452 me
975 1398 1282 1470 peccatori,
1305 1422 1330 1443 ››
1355 1398 1409 1451 id
1443 1401 1531 1450 est
1560 1395 1812 1462 diabolo,

142 1505 179 1543 α
201 1485 504 1542 desiderio
527 1502 681 1553 meo,
706 1486 759 1540 id
787 1490 874 1540 est
895 1487 1047 1558 quod
1076 1504 1187 1540 non
1211 1491 1441 1540 tantum
1464 1485 1819 1539 accendatur

143 1574 541 1648 suggestione
592 1574 808 1629 diaboli
862 1576 1045 1630 fomes
1098 1575 1339 1647 peccati,
1373 1574 1471 1647 qui
1519 1574 1711 1628 adhuc
1758 1573 1814 1626 in

144 1681 333 1721 carne
394 1668 597 1719 nostra
650 1668 760 1730 est,
792 1669 857 1718 ut
888 1682 991 1735 per
1019 1665 1127 1720 hoc
1158 1665 1462 1719 trodamur
1519 1664 1577 1718 in
1636 1661 1818 1717 domi-

151 1753 326 1809 nium
357 1752 578 1808 diaboli
613 1769 627 1807 :
661 1753 791 1808 ideo
820 1771 968 1825 opus
999 1757 1087 1809 est
1118 1753 1338 1825 precari
1378 1775 1405 1803 ‹‹
1438 1769 1508 1807 ne
1540 1753 1758 1817 tradas,
1789 1774 1815 1799 ››

148 1843 300 1915 quia
325 1864 355 1891 ‹‹
377 1846 586 1897 contra
606 1857 700 1897 me
722 1842 1152 1915 cogitaverunt;
1181 1865 1206 1889 υ
1228 1841 1443 1897 diaboli
1476 1846 1531 1897 et
1562 1839 1817 1895 ministri

145 1932 317 2003 ejus;
354 1930 457 1986 sed
502 1934 590 2001 tu,
624 1931 889 1999 Domine,
916 1956 943 1981 ‹‹
968 1948 1039 1986 ne
1070 1930 1444 2002 derelinquas
1477 1947 1590 2000 me,
1618 1953 1644 1977 ››
1678 1930 1814 1984 suh-
1847 1963 1894 2027 Β

141 2019 443 2076 trahendo
481 2018 758 2091 gratiam,
783 2042 809 2070 «
847 2036 917 2075 ne
976 2021 1122 2075 forte
1180 2019 1510 2075 exaltentur
1533 2042 1559 2066 ››
1583 2023 1639 2073 et
1688 2018 1814 2090 glo-

153 2110 414 2176 rientur,
449 2108 497 2163 si
535 2125 629 2163 me
658 2112 971 2181 potuerunt
1004 2109 1115 2165 sibi
1146 2110 1530 2165 conformare.

215 2222 243 2248 ‹‹
270 2201 482 2270 Caput.
511 2220 539 2247 »ι
564 2197 705 2254 Pars
751 2198 940 2254 tertia.
976 2198 1375 2271 Diapsalmus.
1409 2199 1524 2253 Nec
1568 2198 1814 2269 dignum

144 2292 236 2343 est
259 2286 423 2359 quod
458 2285 570 2358 ipsi
599 2286 949 2353 exallentur,
969 2288 1108 2361 quia
1134 2293 1191 2343 et
1211 2313 1235 2337 ‹‹
1266 2293 1443 2360 caput
1471 2305 1733 2358 eorum,»
1759 2288 1815 2343 id

142 2382 235 2431 est
256 2373 594 2440 diabolus,“
620 2379 711 2430 est
730 2374 1069 2441 circuitus,»
1092 2376 1192 2448 qui
1221 2394 1522 2449 nunquam
1551 2382 1701 2431 recte
1734 2377 1816 2431 in-

140 2464 318 2530 cedit,
345 2463 450 2519 sed
476 2480 711 2535 semper
731 2463 1150 2520 circumeundo
1172 2483 1184 2520 :
1206 2468 1263 2520 et
1284 2488 1311 2514 ‹‹
1336 2465 1502 2520 labor
1523 2465 1813 2520 laborium

143 2550 541 2626 ipsorum,»id
563 2556 654 2607 est
676 2553 1147 2623 mendacium,ad
1166 2554 1317 2625 quod
1340 2555 1813 2625 componendum

94 2634 103 2640 ”
142 2648 233 2699 est
253 2641 650 2697 laborandum
676 2659 688 2697 :
710 2643 809 2713 qui
836 2643 992 2697 enim
1016 2659 1217 2698 verum
1238 2643 1397 2707 dicit,
1414 2661 1527 2698 non
1550 2644 1812 2711 laborat;

145 2732 367 2787 veritas
403 2746 507 2803 per
553 2729 809 2803 seipsam
843 2747 905 2786 se
930 2732 1187 2786 ostendit
1228 2731 1564 2788 credibilem
1600 2751 1613 2788 :
1648 2733 1816 2788 labor

144 2821 274 2893 ipse
305 2817 531 2891 operiet
559 2834 681 2887 eos,
715 2817 773 2874 id
804 2824 893 2874 est
932 2818 1181 2876 involvet
1223 2824 1280 2875 et
1316 2819 1659 2894 illaqueabit
1689 2839 1809 2878 eos.

141 2908 271 2976 Vel,
309 2925 383 2963 ne
414 2908 616 2964 tradas
645 2924 739 2962 me
770 2908 1079 2980 peccatori,
1105 2914 1439 2982 separatum
1472 2928 1507 2965 a
1535 2912 1687 2966 bono
1720 2912 1814 2967 de-

144 2997 365 3054 siderio
398 2986 684 3070 meo,quo
713 2997 1000 3053 desiderio
1031 2999 1102 3053 ad
1137 3003 1193 3054 te
1226 2997 1523 3071 pervenire
1552 3000 1699 3054 volo.

210 3088 286 3142 Et
315 3085 459 3158 quia
500 3085 650 3141 tales
694 3090 853 3157 sunt,
890 3087 1017 3142 ideo
1047 3110 1067 3136 α
1096 3089 1306 3143 cadent
1335 3105 1513 3161 super
1541 3106 1660 3153 eos,
1691 3111 1717 3137 »
1749 3087 1808 3143 id

144 3180 236 3232 est
259 3178 565 3231 conterent
585 3174 747 3247 ipsos
774 3198 795 3223 ι
822 3175 1125 3241 carbones,
1152 3199 1178 3223 »
1200 3175 1261 3231 id
1287 3180 1376 3232 est
1401 3177 1637 3232 ardores
1670 3177 1809 3232 mali

138 3264 786 3337 concupiscentiarum,
844 3268 902 3319 et
957 3266 1196 3320 tandem
1241 3288 1267 3315 ‹‹
1312 3265 1551 3337 dcjicics
1595 3283 1696 3323 eos
1745 3267 1804 3321 in

1924 684 2258 741 Dominum.
2288 688 2347 743 In
2382 690 2569 761 prima
2602 696 2763 763 parte
2784 692 3002 748 clamat
3031 695 3103 749 ad
3138 694 3478 764 Dominum,
3504 714 3575 753 ne

1925 774 2075 829 male.
2093 776 2336 845 cogitet:
2356 778 2441 833 vel
2465 780 2585 835 etsi
2611 780 2761 835 male
2778 782 3175 854 cogitet,quod
3194 784 3575 855 cogitationes

1924 880 2042 917 sua)
2077 882 2188 919 non
2221 873 2607 940 prorumpunt
2639 870 2696 924 in
2723 871 2899 925 verba
2930 887 2942 925 :
2979 870 3065 925 vel
3116 870 3164 927 si
3215 872 3365 929 male
3396 874 3573 930 etiam

1922 951 2215 1024 loquatur,
2241 972 2310 1009 ne
2333 974 2498 1011 suam
2525 958 2798 1012 defendat
2820 959 3218 1027 malitiam,ad
3240 963 3394 1033 quod
3421 963 3577 1019 videt

1924 1059 1984 1097 se
2015 1060 2263 1115 pronum
2299 1063 2410 1099 non
2448 1051 2675 1102 tantum
2702 1065 2769 1102 ex
2790 1053 3001 1105 natura
3031 1050 3245 1118 carnis,
3270 1052 3368 1106 sed
3393 1050 3571 1106 etiam

1923 1148 1991 1186 ex
2023 1132 2309 1187 malorum
2344 1136 2658 1201 consortio,
2683 1137 2782 1207 qui
2816 1137 2936 1191 hzec
2960 1139 3159 1193 omnia
3187 1128 3445 1194 faciunt:
3470 1140 3573 1211 qui

1923 1225 1980 1274 et
2014 1220 2163 1274 male
2194 1224 2539 1291 cogitantes,
2567 1225 2721 1278 mala
2742 1225 3082 1297 loquuntur,
3106 1232 3163 1282 et
3195 1245 3363 1283 suam
3384 1229 3575 1283 defen-

1923 1309 2073 1363 dunt
2122 1311 2430 1366 malitiam.
2466 1313 2527 1367 In
2578 1314 2835 1368 secunda
2893 1320 3075 1386 parte,
3135 1333 3261 1387 quae
3321 1316 3570 1389 incipit:

1925 1398 2259 1469 «Corripiet
2299 1418 2390 1455 me
2429 1401 2652 1471 justus,
2683 1425 2707 1450 ››
2740 1402 2996 1457 ostendit
3027 1420 3087 1456 se
3120 1404 3315 1474 potius
3365 1402 3577 1474 eligere

1925 1488 2314 1542 correctiones
2336 1489 2637 1559 justorum
2662 1507 2838 1561 quam
2865 1490 3081 1559 oleum,
3108 1491 3167 1544 id
3189 1496 3276 1546 est
3299 1491 3581 1546 adulatio-

1927 1592 2060 1630 nem
2105 1579 2465 1648 peccatoris:
2492 1580 2807 1635 ostendens
2838 1579 3016 1634 etiam
3066 1578 3219 1652 quod
3254 1597 3389 1635 cum
3440 1580 3577 1634 mali

1926 1682 2039 1719 non
2088 1671 2337 1736 possunt
2390 1684 2495 1737 per
2541 1667 2741 1723 dolum
2794 1669 3092 1739 proficere,
3127 1669 3353 1724 faciunt
3400 1669 3578 1724 etiam

1926 1754 2268 1809 manifestas
2292 1756 2725 1826 persecutiones
2754 1774 2766 1810 :
2792 1760 2849 1811 et
2869 1761 3071 1811 contra
3093 1758 3200 1812 hoc
3220 1758 3386 1828 ponit
3407 1774 3576 1812 suam

1924 1843 2411 1913 deprecationem.
2441 1844 2689 1899 Intentio
2732 1849 2840 1909 est,
2871 1849 2937 1900 ut
2975 1844 3034 1899 in
3074 1844 3452 1901 tribulatione
3482 1863 3575 1901 so-

1926 1930 2045 1985 lum
2080 1932 2340 1986 divinum
2376 1932 2659 1987 auxilium
2689 1932 2979 2005 eligamus
3010 1934 3323 2006 refugium.

2000 2020 2176 2087 Quasi
2206 2020 2287 2075 ita
2316 2020 2568 2076 diceret:
2595 2026 2711 2077 Vos
2742 2021 2915 2094 positi
2959 2022 3017 2077 in
3057 2022 3454 2093 tribulatione,
3478 2040 3576 2079 so-

1929 2108 2051 2163 lum
2084 2109 2347 2164 divinum
2371 2110 2534 2164 vobis
2566 2111 2783 2166 sumite
2812 2110 3119 2178 auxilium,
3141 2110 3407 2183 exemplo
3439 2112 3575 2179 mei,

1928 2198 2066 2270 quia
2121 2216 2227 2269 ego
2283 2199 2342 2253 in
2400 2198 2800 2267 tribulatione,
2834 2218 2867 2254 ο
2899 2222 2927 2249 ‹‹
2959 2199 3226 2267 Domine,
3273 2223 3294 2249 ι
3349 2217 3581 2272 semper

1928 2311 1954 2335 ‹‹
1990 2287 2235 2342 clamavi
2268 2288 2339 2341 ad
2373 2292 2457 2355 te;
2488 2311 2513 2335 ››
2536 2292 2592 2343 et
2620 2287 2750 2343 ideo
2778 2311 2797 2336 σι
2828 2288 3035 2343 exaudi
3068 2305 3159 2344 me
3194 2312 3221 2336 n
3252 2288 3497 2343 clamavi
3523 2293 3583 2344 et

1926 2376 2213 2439 clamabo,
2246 2382 2464 2432 etcum
2510 2377 2835 2433 clamavero
2884 2378 2957 2433 ad
3009 2382 3086 2449 te,
3114 2377 3409 2433 «intende
3457 2378 3579 2433 voci

1927 2484 2088 2521 mem.
2121 2490 2146 2514 ι)
2171 2466 2426 2521 Dicendo
2458 2465 2704 2521 clamavi
2735 2471 2792 2522 et
2821 2466 3109 2538 clamabo,
3142 2471 3307 2522 notat
3337 2466 3584 2522 assidui-

1925 2559 2103 2611 tatem
2131 2556 2438 2610 orationis.

1998 2644 2135 2699 Dico
2164 2668 2190 2691 α
2226 2644 2481 2721 intende,
2508 2666 2535 2693 »ι
2567 2648 2625 2699 et
2657 2662 2758 2715 per
2788 2643 2949 2699 illam
2981 2644 3365 2699 intentionem
3390 2666 3417 2693 ‹‹
3446 2643 3583 2699 diri-

1922 2737 2097 2805 gatur
2130 2731 2313 2787 oratio
2345 2750 2476 2786 mea
2526 2732 2585 2786 in
2644 2736 2960 2802 conspectu
3022 2737 3141 2799 tuo,
3166 2732 3321 2787 sicut
3376 2732 3580 2788 incen-

1922 2837 2077 2883 sum,
2107 2844 2132 2867 ››
2155 2821 2310 2891 quod
2365 2820 2619 2891 positum
2669 2837 2846 2890 super
2876 2820 3092 2892 ignem,
3117 2818 3311 2874 reddit
3355 2820 3578 2874 bonum

1920 2909 2180 2973 odorem,
2208 2909 2285 2962 ita
2306 2908 2491 2963 oratio
2516 2925 2646 2963 mea
2667 2907 2907 2962 incensa
2928 2906 3063 2979 igne
3084 2906 3576 2979 compunctionis,

1920 2996 2149 3069 placeat
2169 2996 2297 3062 tibi,
2322 3001 2380 3051 et
2402 2995 2479 3050 sit
2497 3020 2522 3045 ‹‹
2550 2995 2907 3051 sacrificium
2931 2995 3391 3067 vespertinum,»
3410 2995 3464 3049 id
3489 3001 3582 3051 est

1921 3084 1979 3139 in
2015 3086 2127 3139 fine
2174 3085 2303 3138 vita:
2358 3101 2498 3138 mea:
2534 3100 2546 3138 :
2584 3100 2690 3138 nec
2738 3083 3148 3154 qualecunque
3196 3083 3574 3151 sacriﬁcium,

1920 3173 2019 3227 sed
2050 3196 2069 3221 α
2100 3171 2342 3227 elevatio
2365 3187 2705 3241 manuum,-
2733 3168 2792 3224 id
2824 3174 2916 3225 est
2940 3169 3183 3226 directio
3207 3192 3235 3220 «
3258 3186 3525 3226 mearum
3548 3194 3575 3221 ››

1917 3262 2204 3317 bonarum
2235 3259 2663 3332 operationum.

141 3355 345 3427 ignem
377 3374 403 3401 ι»
429 3358 748 3420 εθῑενιιιιως
782 3358 839 3408 et
869 3353 927 3408 hi
970 3352 1114 3408 tales
1153 3354 1327 3426 positi
1352 3379 1377 3403 ‹‹
1406 3355 1465 3410 in
1497 3356 1752 3412 miseriis

1988 3350 2126 3406 Dico
2150 3368 2174 3392 «ι
2207 3347 2513 3415 clamavi,»
2544 3354 2601 3404 ct
2639 3352 2726 3414 tu,
2754 3375 2777 3398 ‹‹
2812 3348 3077 3417 Domine,
3103 3367 3127 3392 ν’
3162 3348 3427 3422 placatus
3475 3368 3578 3423 per

137 3442 320 3499 veluti
354 3441 413 3497 in
442 3441 577 3515 igne
599 3442 962 3514 prazcedente
988 3442 1191 3497 faciem
1218 3443 1462 3515 judicis,
1483 3467 1510 3495 α
1532 3462 1649 3500 non
1673 3447 1808 3501 sub~

140 3532 407 3588 sistent»
430 3530 572 3603 quia
601 3530 968 3586 involventur
994 3530 1095 3587 illo
1116 3531 1271 3603 igne,
1295 3536 1353 3587 et
1373 3532 1728 3590 inducentur
1746 3534 1806 3590 in

139 3621 419 3677 tenebras
449 3623 697 3675 internas
739 3636 753 3674 :
796 3619 947 3693 justi
993 3637 1126 3676 vero
1182 3620 1467 3692 increpati
1501 3639 1604 3694 per
1638 3622 1805 3679 illum

136 3710 338 3783 ignem
371 3709 733 3765 transibunt.

207 3800 356 3855 Item
375 3798 542 3870 ponit
553 3815 795 3854 causam
810 3799 1208 3855 damnationis
1220 3816 1421 3854 eorum
1437 3801 1801 3856 commixtim

142 3892 198 3943 et
216 3887 695 3956 damnationem;
717 3887 885 3959 quasi
902 3887 1145 3943 diceret:
1163 3889 1297 3943 Ideo
1322 3906 1433 3943 non
1455 3889 1801 3960 subsistent,

140 3977 279 4050 quia
302 3975 561 4048 linguosi
586 3980 746 4041 sunt,
772 3981 829 4031 et
852 3998 879 4025 ‹‹
905 3975 991 4031 vir
1012 3976 1378 4049 linguosus,»
1406 3978 1461 4032 id
1485 3978 1694 4049 estqui
1722 3979 1804 4033 in-

140 4065 515 4123 considerate
532 4064 943 4137 loquitur,non
967 4066 1275 4120 attendens
1292 4065 1432 4137 quid
1456 4065 1661 4131 dicat,-
1684 4084 1800 4121 non

129 4153 430 4227 dirigetur
459 4175 481 4202 ι
513 4152 587 4207 ad
618 4153 771 4207 bona
802 4169 1006 4225 opera;
1041 4154 1198 4207 unde
1224 4152 1500 4207 Salomon
1536 4152 1593 4206 in
1627 4152 1800 4207 Para-

127 4241 321 4299 bolis:
347 4264 375 4291 ‹‹
402 4245 469 4296 In
509 4240 886 4313 multiloquio
918 4258 1034 4296 non
1068 4241 1253 4297 deerit
1280 4245 1583 4313 peccatum
1610 4242 1796 4309 (Prov.

132 4333 226 4400 1);
252 4352 282 4380 ››
305 4353 333 4379 ‹‹
369 4330 429 4384 in
462 4333 679 4400 terra,»
711 4329 769 4384 id
803 4334 894 4385 est
924 4329 984 4385 in
1016 4330 1125 4385 hac
1154 4330 1292 4397 vita,
1317 4330 1524 4385 saltem
1551 4352 1577 4380 ‹‹
1606 4329 1797 4385 virum

129 4419 429 4492 injustum
464 4417 625 4474 mala
653 4417 887 4491 capient
915 4418 974 4473 in
1007 4418 1305 4484 interitu,»
1329 4418 1387 4473 id
1419 4424 1508 4475 est
1533 4417 1592 4474 in
1626 4419 1759 4474 line.

198 4508 357 4564 Bene
382 4506 514 4562 dico
531 4507 689 4579 quod
712 4506 868 4563 mala
889 4507 1123 4580 capient
1142 4508 1549 4580 eos,quoniam
1567 4525 1672 4580 ego
1694 4524 1799 4581 per

131 4596 428 4669 Spiritum
460 4600 733 4651 sanctum
758 4620 785 4646 ‹‹
814 4596 1055 4669 cognovi
1082 4619 1109 4645 ››
1137 4598 1292 4669 quod
1316 4597 1602 4651 Dominus
1629 4598 1799 4653 faciet

1919 3439 2071 3494 hanc
2110 3438 2490 3495 elevationem
2542 3455 2851 3504 manuum,
2877 3457 2901 3481 «
2937 3455 3083 3510 pone
3130 3439 3459 3494 custodiam
3488 3440 3575 3495 ori

1918 3545 2069 3595 meo,
2094 3551 2118 3574 »
2154 3528 2210 3584 id
2244 3533 2335 3584 est
2376 3527 2539 3583 cordi
2581 3545 2730 3595 meo,
2756 3544 2829 3583 ne
2860 3527 3012 3583 male
3042 3529 3315 3601 cogitem.
3339 3529 3416 3584 Os
3446 3529 3576 3585 ideo

1917 3635 2017 3674 cor
2036 3617 2417 3690 dicitur,quia
2443 3617 2596 3672 sicut
2615 3634 2681 3672 os
2708 3617 2833 3672 hiat
2856 3618 2928 3672 ad
2962 3616 3356 3686 refectionem,
3376 3617 3460 3673 ita
3481 3635 3580 3675 cor

1916 3707 2106 3763 inhiat
2135 3712 2191 3763 et
2221 3707 2517 3762 desiderat
2549 3706 2705 3761 refici
2747 3705 2944 3761 divina
2972 3705 3190 3778 gratia;
3217 3726 3241 3751 ει
3272 3710 3329 3762 et
3359 3707 3577 3763 ostium

1915 3795 2447 3865 circumstantiae,»
2486 3796 2642 3866 quod
2693 3793 3060 3859 circumstet,
3104 3794 3261 3865 quod
3308 3794 3579 3850 obstruat

1911 3883 2069 3939 labia
2101 3902 2172 3938 ne
2205 3884 2426 3938 malum
2460 3882 2805 3954 loquantur,
2841 3897 2991 3953 pone
3020 3908 3045 3933 α
3077 3880 3448 3949 labiismeis.
3476 3900 3501 3925 η

1983 3974 2052 4027 Et
2081 3972 2312 4027 etiamsi
2348 3974 2743 4042 prorumpunt
2785 3970 2963 4023 verba
2992 3967 3200 4023 illicita
3229 3967 3570 4041 aliquando,

1911 4084 1937 4109 ‹‹
1962 4078 2076 4115 non
2099 4058 2357 4114 declines
2374 4076 2474 4114 cor
2493 4073 2690 4112 meum
2714 4056 2772 4110 in
2791 4056 2967 4111 verba
2987 4055 3225 4110 malitia:
3241 4073 3292 4124 ;»
3311 4061 3370 4112 et
3390 4073 3569 4128 quam

1911 4147 2197 4204 malitiam
2224 4146 2533 4219 intelligat,
2570 4144 2945 4212 determinat,
2980 4142 3204 4199 scilicet
3232 4172 3257 4197 α
3289 4145 3360 4200 ad
3391 4162 3571 4201 excu-

1910 4237 2166 4294 sationes
2192 4267 2216 4291 η
2244 4234 2541 4291 faciendas
2565 4249 2589 4274 τι
2621 4234 2679 4288 in
2713 4232 2968 4306 peccatis
2993 4252 3016 4275 »
3041 4236 3107 4289 ut
3130 4237 3369 4306 peccata
3395 4251 3568 4291 excu-

1910 4345 2033 4384 sem
2059 4344 2073 4381 :
2097 4331 2153 4382 et
2184 4326 2325 4399 quia
2343 4341 2495 4397 sazpe
2517 4322 2677 4379 videt
2707 4322 3065 4395 multiplices
3096 4322 3220 4378 dari
3252 4322 3571 4379 excusatio-

1908 4434 2034 4488 nes,
2057 4416 2241 4481 addit,
2269 4434 2297 4465 ‹‹
2316 4414 2387 4469 ad
2417 4412 2785 4467 excusandas
2807 4426 2833 4457 η
2856 4411 3282 4467 excusationes.
3303 4411 3366 4466 In
3386 4410 3565 4467 veteri

1908 4505 2033 4578 lege
2064 4505 2283 4560 fiebant
2314 4500 2607 4557 matutina
2657 4504 2716 4556 et
2760 4500 3095 4571 vespertina
3123 4499 3430 4568 sacrificia,
3463 4499 3567 4555 sed

1905 4593 2217 4666 vesperina
2249 4592 2600 4647 dicebantur
2639 4588 2830 4661 magis
2878 4589 2996 4643 Deo
3046 4587 3294 4660 placere,
3322 4587 3567 4660 mystice

123 4684 453 4758 judicium,
478 4685 535 4739 id
568 4689 658 4741 est
687 4687 1217 4741 renumerationem
1242 4687 1408 4757 justo
1432 4685 1658 4757 judicio
1690 4704 1796 4742 suo
1826 4697 1871 4760 D
1907 4689 2101 4740 tamen
2137 4701 2149 4738 :
2186 4699 2320 4737 nam
2353 4698 2455 4751 per
2484 4678 2843 4734 matutinum
2876 4677 3252 4751 significatur
3289 4682 3559 4732 nostrum

130 4798 159 4825 ‹‹
184 4773 444 4847 inepis,»
464 4775 608 4842 veri,
636 4798 662 4825 ‹‹
690 4779 750 4830 et
770 4798 797 4825 ››
823 4774 992 4831 faciet
1013 4799 1038 4824 ‹‹
1064 4774 1383 4830 vindictam
1408 4792 1792 4847 pauperum,»

137 4864 237 4935 qui
272 4863 584 4919 damnabit
605 4880 703 4919 eos
734 4863 834 4937 qui
856 4881 996 4920 suos
1022 4881 1307 4937 pauperes
1338 4868 1791 4936 persequuntur.

202 4951 343 5007 Mali
375 4952 433 5006 in
458 4951 569 5007 hac
594 4952 714 5008 vita
736 4956 1172 5025 persequuntur
1193 4970 1498 5025 pauperes,
1522 4977 1548 5002 ‹‹
1574 4971 1798 5009 verum-

134 5045 337 5096 tamen
366 5063 393 5088 »
417 5058 521 5112 per
541 5040 765 5097 medias
793 5058 995 5097 eorum
1018 5040 1432 5097 tribulationes
1455 5041 1645 5113 «justi
1665 5060 1799 5097 con-

133 5130 469 5185 ﬁtebuntur
499 5130 725 5184 nomini
756 5134 879 5195 tuo,
908 5153 934 5179 ››
959 5130 1017 5185 id
1048 5133 1137 5185 est
1173 5128 1503 5185 laudabunt
1532 5135 1608 5197 te,
1635 5155 1659 5180 ‹‹
1688 5137 1744 5186 et
1770 5156 1795 5181 η

131 5217 262 5273 ideo
285 5216 403 5290 ipsi
430 5240 458 5269 «
478 5216 623 5274 recti
644 5218 999 5274 habitabunt
1017 5241 1043 5268 η
1059 5217 1448 5273 zeternalitcru
1469 5235 1603 5273 cum
1628 5219 1795 5275 vultu

131 5309 254 5372 tuo,
282 5329 312 5355 ››
339 5307 400 5362 id
434 5310 527 5363 est
565 5306 624 5361 in
667 5308 979 5379 prmsentia
1016 5311 1138 5376 tua,
1169 5307 1432 5362 videntes
1464 5311 1518 5361 te
1550 5308 1693 5364 facie
1724 5309 1795 5364 ad

133 5395 367 5464 faciem,
396 5400 455 5451 et
485 5401 905 5469 cognoscentes
936 5397 1091 5451 sicut
1118 5401 1176 5452 et
1205 5394 1421 5468 cogniti
1454 5401 1615 5452 sunt.

641 5485 715 5540 IN
757 5485 1107 5541 PSALMUM
1148 5485 1303 5541 CXL.

569 5574 845 5630 Trruws.
887 5576 1140 5631 Psalmus
1175 5575 1369 5630 David.

207 5686 233 5714 ‹‹
259 5661 535 5729 Domine,
558 5661 872 5718 clamavi.»
899 5664 962 5719 In
996 5664 1105 5719 hoc
1135 5681 1369 5736 quoque
1411 5664 1638 5736 psalmo
1667 5683 1798 5737 pro-

138 5751 317 5825 pheta
348 5750 442 5807 vel
476 5749 630 5806 alius
653 5752 858 5823 justus
878 5753 950 5808 de
983 5770 1045 5807 se
1075 5756 1130 5807 et
1151 5752 1284 5807 aliis
1305 5754 1488 5824 justis
1520 5752 1800 5826 loquitur,

1903 4773 2283 4841 sacrificium,
2308 4771 2530 4825 factum
2564 4768 2622 4823 in
2657 4769 2909 4823 adventu
2940 4764 3190 4822 Christi:
3216 4784 3320 4838 per
3350 4766 3558 4821 immo-

1908 4862 2183 4919 lationem
2217 4859 2353 4932 agni
2376 4860 2447 4914 ad
2479 4874 2802 4929 vesperam,
2828 4856 3198 4929 significatur
3217 4854 3432 4910 Christi
3453 4853 3563 4910 im-

1908 4950 2146 5007 molatio
2178 4948 2238 5003 in
2264 4950 2377 5003 [ine
2401 4952 2753 5019 temporum.
2778 4946 2994 5001 Eodem
3026 4945 3199 5000 modo
3221 4944 3342 4999 haec
3364 4944 3565 4999 dicun-

1908 5044 2007 5095 tur
2038 5037 2329 5093 matutina
2360 5035 2671 5102 sacrificia,
2694 5034 2753 5088 id
2786 5038 2876 5089 est
2902 5034 3053 5088 bona
3074 5050 3251 5104 opera
3274 5032 3333 5087 in
3359 5033 3565 5103 juven-

1906 5133 2029 5185 tute
2062 5129 2213 5182 facta
2236 5144 2250 5182 :
2274 5125 2611 5198 vespertina
2639 5140 2795 5191 vero,
2830 5123 2983 5177 bona
3013 5138 3188 5194 opera
3214 5121 3275 5176 in
3308 5122 3442 5176 fine.

1978 5217 2142 5284 Quod
2165 5216 2212 5271 si
2247 5216 2356 5270 hoc
2378 5215 2586 5279 fecero,
2608 5230 2705 5268 cro
2730 5239 2753 5262 ‹‹
2778 5228 2912 5267 cum
2942 5209 3283 5265 hominibus
3316 5225 3561 5281 operan-

1907 5304 2524 5377 tibus.iniquitatcm,»
2548 5302 2607 5356 id
2629 5305 2716 5357 est
2748 5318 2905 5357 unus
2927 5300 2998 5354 de
3018 5298 3137 5354 illis
3159 5298 3257 5370 qui
3282 5301 3564 5353 excusant

1907 5400 2145 5471 peccata
2164 5411 2274 5449 sua
2292 5410 2341 5447 :«
2363 5393 2475 5448 Sed
2495 5390 2878 5446 combinabor
2898 5416 2921 5439 η
2940 5388 3107 5459 ponit
3124 5386 3524 5442 Hierouzemus
3544 5403 3556 5441 :

1907 5486 2009 5542 sed
2040 5502 2156 5539 non
2185 5480 2633 5538 communicabo
2655 5495 2789 5534 cum
2821 5476 3162 5533 hominibus
3183 5475 3562 5547 operantibus

1907 5573 2279 5646 iniquitatem
2301 5588 2314 5625 :
2334 5573 2391 5625 et
2412 5586 2527 5624 non
2550 5571 2783 5623 tantum
2801 5582 2937 5621 cum
2960 5563 3314 5632 minoribus,
3332 5581 3360 5612 α
3381 5563 3483 5619 sed
3504 5567 3562 5619 et

1909 5681 2023 5719 non
2055 5659 2504 5718 communicabo
2534 5673 2669 5712 cum
2699 5654 2899 5711 electis
2928 5670 3193 5721 eorum,»
3218 5653 3275 5707 id
3306 5656 3396 5707 est
3425 5668 3559 5707 cum

1910 5749 2336 5827 potentioribus
2367 5750 2424 5804 et
2468 5745 2725 5819 praelatis
2754 5745 2812 5799 in
2846 5741 3089 5811 malitia,
3124 5746 3189 5797 ut
3226 5759 3329 5815 per
3358 5757 3559 5798 eorum
