3942 6384
366 453 481 519 6⁸11

784 447 1192 513 HAYMONIS
1229 443 1765 511 HALBERSTAT.
1800 439 2045 504 EPISC.
2081 441 2253 503 OPP.
2289 444 2514 507 PARS.
2551 445 2598 507 I.
2634 481 2701 491 ο-
2741 446 3149 510 COMMENT.
3176 444 3375 507 BIBL.

3681 441 3799 506 672

366 588 729 650 consortium
760 599 1029 642 excusem
1071 585 1310 655 peccata
1342 596 1494 648 mea,
1529 577 1683 635 sicut
1711 580 1769 633 et
1798 576 1907 649 ipsi
1945 576 2024 632 la-
2052 574 2111 649 Α
2142 578 2485 651 speluncam
2508 579 2854 655 figuramus,
2880 580 3021 653 quia
3040 578 3207 653 quasi
3240 576 3485 651 indigna
3514 576 3796 634 habitatio

368 679 556 737 ciunt.

443 791 469 819 ‹‹
493 764 777 837 Corripiet
797 779 942 818 me.»
964 761 1104 817 Pars
1127 759 1406 816 secunda.
1426 759 1552 813 Non
1577 756 2027 813 communicabo

370 872 505 914 cum
530 853 665 920 illis,
693 852 793 908 sed
826 849 1021 922 potius
1044 878 1066 902 ‹‹
1099 848 1375 920 corripiet
1407 865 1498 902 me
1521 848 1747 917 justus,
1771 850 1829 900 et
1851 844 2031 899 incre-

370 943 532 1019 pabit
552 957 666 998 me.
691 964 719 994 ι)
743 937 1062 1010 Corripere,
1087 940 1377 1009 quantum
1405 936 1475 990 ad
1509 935 1617 990 hoc
1641 935 1797 1005 quod
1829 933 2031 987 leviter

368 1032 612 1090 desistet
641 1047 654 1085 ε
688 1028 1009 1100 increpare,
1042 1030 1332 1099 quantum
1373 1026 1445 1079 ad
1486 1024 1594 1079 hoc
1634 1024 1788 1095 quod
1824 1020 2029 1076 multis

368 1117 930 1180 comminationibus
962 1133 1111 1188 opus
1143 1119 1233 1170 est
1266 1133 1277 1169 :
1314 1114 1478 1169 Unde
1510 1111 1823 1184 Apostolus
1850 1129 1895 1165 ;‹‹
1924 1112 2027 1165 Ar-

356 1228 482 1285 gue
510 1211 857 1282 opportune,
894 1206 1228 1277 importune
1260 1203 1306 1275 (1
1338 1205 1474 1258 Tim.
1499 1206 1598 1268 1v).
1626 1232 1648 1253 ι)
1671 1202 1741 1255 Et
1773 1201 1985 1254 iterum
2012 1217 2025 1254 :

370 1324 398 1351 ((
422 1302 634 1371 Argue,
668 1297 927 1366 increpa,
951 1295 1211 1349 obsecra.
1234 1316 1257 1338 »
1281 1292 1522 1362 Increpa
1549 1290 1676 1344 dico
1702 1316 1728 1344 α
1764 1289 1822 1344 in
1857 1287 2029 1343 inise-

370 1385 644 1452 ricordia,
672 1412 696 1435 υ
721 1384 818 1455 pia
846 1380 1171 1445 affectione,
1210 1384 1276 1434 ut
1308 1382 1602 1433 removeat
1633 1396 1667 1432 a
1699 1377 1851 1432 malo
1898 1392 2028 1447 pro-

358 1474 561 1550 posito
586 1491 599 1529 :
622 1474 827 1545 justus
850 1470 1187 1541 corripiet,«
1208 1468 1399 1523 oleum
1424 1470 1620 1522 autem
1649 1465 2030 1538 peccatoris,»

371 1565 429 1621 id
453 1566 542 1619 est
562 1560 822 1617 adulatio
838 1558 925 1614 vel
949 1556 1411 1628 blanditiae,quze
1436 1554 1697 1610 mulcent
1720 1558 1776 1609 et
1799 1555 2034 1625 ungunt

373 1654 528 1710 sicut
556 1650 773 1713 oleum,
800 1669 824 1694 ιι
850 1665 964 1702 non
1000 1645 1329 1718 impinguet
1358 1648 1535 1717 caput
1559 1660 1779 1709 meum,
1806 1672 1829 1693 »
1853 1642 1909 1697 id
1942 1646 2033 1697 est

362 1760 489 1798 Anon
520 1739 697 1796 faciet
726 1736 984 1808 aliquam
1017 1734 1330 1790 elationem
1363 1733 1422 1787 in
1458 1736 1651 1788 mente
1683 1750 1832 1787 mea.

444 1831 578 1886 Ideo
608 1844 757 1900 opus
790 1830 880 1881 est
900 1826 1105 1896 justus
1135 1821 1433 1895 corripiat,
1464 1826 1521 1877 et
1550 1821 1745 1876 oleum
1781 1838 1895 1876 non
1929 1821 2034 1874 im-

2139 667 2475 726 Divinitatis
2506 675 2650 738 erat,
2683 673 2747 725 ut
2777 671 2850 726 ab
2884 668 3131 726 historia
3162 687 3269 724 nos
3302 671 3614 739 removeat,
3639 665 3799 739 ponit

2138 758 2617 815 intellectum.Ac
2641 759 2688 815 si
2712 759 2959 815 diceret:
2983 756 3253 813 Psalmus
3280 757 3390 813 iste
3411 755 3624 812 dicitur
3648 778 3673 803 «
3705 755 3793 811 in-

2138 847 2425 916 tellectus,
2454 877 2476 900 ‹‹
2500 848 2557 903 id
2581 853 2688 916 est,
2714 848 3012 920 quondam
3041 849 3333 902 secretum
3355 844 3662 901 continens
3684 844 3793 900 sci-

2140 936 2277 992 licet
2306 955 2421 992 non
2453 939 2524 992 de
2556 937 2805 993 historia
2836 954 3037 1009 agens,
3072 937 3172 991 sed
3218 937 3289 991 de
3319 933 3669 1007 signiﬁcato.
3693 933 3798 1000 Qui

2139 1025 2408 1098 psalmus
2448 1025 2626 1082 David
2676 1031 2767 1082 est
2814 1026 3022 1089 oratio,
3056 1025 3114 1079 id
3165 1028 3275 1089 est,
3310 1024 3498 1096 ipsius
3525 1023 3739 1079 Christi
3780 1038 3791 1077 :

2138 1115 2323 1170 oratio
2355 1116 2484 1170 dico
2526 1115 2746 1181 habita,
2767 1132 2901 1170 cum
2934 1113 3058 1186 ipse
3085 1113 3354 1169 Christus
3382 1116 3538 1168 esset
3568 1111 3627 1167 in
3662 1128 3790 1182 spe-

2140 1203 2334 1270 lunca,
2370 1204 2424 1258 id
2461 1208 2569 1273 est,
2602 1204 2661 1258 in
2695 1220 2870 1259 carne
2909 1201 3162 1257 mortali.
3196 1201 3299 1257 llic
3349 1200 3615 1273 psalmus
3662 1199 3791 1255 ideo

2140 1292 2357 1347 dicitur
2388 1323 2411 1345 ‹‹
2445 1292 2651 1357 oratio,
2678 1320 2701 1341 ι»
2725 1292 2867 1364 quia
2911 1290 3199 1363 quidquid
3248 1290 3528 1357 continet,
3551 1288 3640 1345 vel
3671 1305 3797 1343 ora-

2140 1382 2223 1435 tio
2250 1385 2357 1446 est,
2382 1381 2469 1435 vel
2514 1398 2695 1437 causa
2733 1379 3015 1435 orationis
3062 1379 3382 1445 inducitur,
3408 1381 3465 1434 et
3510 1394 3612 1449 per
3640 1376 3797 1433 hunc

2141 1470 2436 1541 psalmum
2460 1471 2529 1532 ad
2551 1471 2839 1525 orandum
2866 1466 3524 1523 inl‘ormamunMateria
3539 1466 3800 1522 estChri-

2141 1562 2291 1624 stus,
2324 1576 2499 1614 orans
2546 1559 2600 1613 in
2653 1563 2914 1630 tempore
2955 1556 3293 1629 fragilitatis
3326 1574 3466 1611 sum.
3498 1556 3561 1610 In
3610 1556 3801 1627 prima

2142 1653 2307 1720 parte
2349 1647 2515 1720 ponit
2544 1647 2890 1713 orationem,
2922 1650 2980 1700 et
3025 1644 3168 1699 illud
3221 1647 3423 1700 contra
3453 1645 3610 1715 quod
3656 1646 3806 1709 erat,

2142 1736 2366 1793 scilicet
2394 1736 2559 1792 dolos
2589 1736 2950 1791 Judreorum.
2988 1735 3048 1790 In
3084 1734 3366 1800 secunda,
3388 1751 3517 1805 quae
3550 1732 3763 1804 incipit
3790 1749 3804 1787 :

2143 1850 2171 1877 «
2205 1826 2462 1882 Clamavi
2493 1826 2563 1881 ad
2609 1829 2688 1891 te,
2723 1824 2988 1890 Domine,
3015 1848 3039 1872 ιο
3075 1823 3240 1895 ponit
3285 1822 3426 1877 item
3477 1820 3807 1878 orationem

370 1921 637 1995 pinguat,
668 1914 809 1989 quia
839 1914 1032 2012 adhuc
1080 1912 1267 2012 δειξςο
1298 1911 1369 1965 de
1402 1914 1637 2010 ρῦίξοίιῐο
1687 1908 1941 2012 aliquid;
1973 1912 2031 1963 8t
2063 1947 2110 2012 Β
2134 1932 2318 1971 suam
2350 1915 2423 1970 ad
2456 1918 2711 1980 Patrem,
2735 1918 2793 1968 et
2824 1912 2969 1984 petit
2999 1916 3065 1967 ut
3106 1910 3306 1968 anima
3334 1928 3443 1966 sua
3473 1910 3546 1966 ab
3576 1908 3806 1965 inferno

371 2008 483 2064 hoc
512 2011 603 2063 est
633 2023 646 2061 :
674 2028 698 2054 α
731 2002 1009 2076 quoniam
1040 2006 1099 2057 et
1129 2001 1323 2057 adhuc
1354 1999 1539 2055 oratio
1582 2016 1711 2054 mea
1750 1997 1809 2053 in
1852 1998 2031 2053 bene-
2054 1996 2110 2049 -"
2141 2004 2443 2076 eripiatur,
2468 2003 2527 2058 in
2552 2019 2668 2075 quo
2692 2002 2905 2074 pendet
2926 1999 3120 2056 omnis
3142 1998 3496 2072 exspectatio
3518 1996 3804 2054 fidelium.

358 2095 603 2171 ,placitis
652 2110 855 2150 eorum
889 2113 914 2139 ιι
946 2095 1341 2164 peccatorum,
1376 2087 1516 2160 quia
1556 2087 1750 2142 adhuc
1799 2087 2033 2160 placent

374 2185 542 2252 mihi,
567 2200 696 2256 quae
727 2181 905 2237 etiam
938 2179 1082 2252 ipsis
1127 2178 1377 2252 placent,
1415 2176 1568 2232 sicut
1598 2177 1720 2232 haec
1750 2180 1983 2232 terrena
2015 2194 2028 2232 :

364 2274 504 2331 ideo
527 2273 658 2327 dico
682 2294 705 2318 «ι
732 2269 925 2326 oleum
948 2272 1321 2340 peccatorum
1345 2284 1461 2322 non
1483 2265 1871 2338 impinguet,»
1895 2264 2035 2337 quia

362 2384 406 2414 ια
431 2361 666 2434 judices
720 2374 926 2414 eorum
968 2360 1430 2428 :i-peecatorum,
1460 2354 1520 2408 id
1578 2358 1688 2420 est,
1732 2354 2034 2426 sapientes

356 2474 405 2503 ,α
431 2449 626 2524 juncti
683 2451 881 2521 petrae,
907 2477 931 2502 η
956 2446 1013 2500 id
1044 2450 1156 2515 est,
1179 2444 1431 2510 Christo,
1471 2448 1531 2499 et
1581 2443 1805 2499 fundati
1857 2459 2035 2515 super

375 2557 534 2604 eum,
567 2554 684 2593 non
716 2540 781 2592 ut
810 2538 1030 2591 rectam
1059 2535 1237 2589 fidem
1285 2533 1543 2588 habeant
1569 2549 1582 2586 :
1614 2532 1715 2587 sed
1746 2532 2032 2603 quodam-

358 2630 552 2686 -modo
580 2626 787 2683 dicunt
817 2625 1038 2680 bonum
1068 2623 1140 2679 de
1170 2622 1319 2694 ipso,
1355 2638 1469 2677 non
1505 2625 1570 2677 ut
1593 2621 1845 2693 diligant
1872 2637 2030 2686 eum,

360 2719 479 2776 sed
500 2721 566 2773 ut
585 2714 732 2771 alios
753 2713 1066 2785 decipiant,
1092 2711 1247 2767 sicut
1276 2710 1553 2766 haeretici.
1576 2710 1703 2765 Alia
1724 2709 2033 2765 translatio

375 2807 573 2875 habet,
600 2832 624 2857 «ι
657 2804 830 2874 juxta
877 2805 1126 2874 petram,
1158 2804 1217 2856 et
1246 2799 1305 2855 hi
1340 2798 1487 2855 tales
1527 2798 1785 2871 absorpti
1819 2802 1978 2867 sunt,
2006 2821 2033 2848 ››

375 2895 434 2953 id
464 2899 576 2966 est,
608 2891 783 2967 positi
814 2890 873 2946 in
902 2889 1062 2945 vitiis
1092 2888 1593 2962 profundissimis.

448 2984 655 3041 Oleum
685 2998 889 3038 eorum
922 2996 1035 3035 non
1074 2978 1405 3051 impinguet
1453 2981 1629 3049 caput
1680 2994 1899 3048 meum,
1933 2977 2034 3033 sed

377 3075 489 3148 ipsi
522 3072 718 3146 potius
752 3088 778 3114 ιι
800 3069 1041 3126 audient
1069 3068 1249 3124 verba
1287 3084 1436 3135 mea,
1460 3084 1488 3115 ιο
1520 3067 1578 3122 id
1609 3071 1719 3138 est,
1752 3064 2037 3139 prazdiea~

358 3164 596 3221 (tionem
627 3177 822 3218 meam
855 3177 868 3216 :
902 3176 1031 3231 qua:
1062 3161 1203 3214 sunt
1231 3156 1545 3225 audienda,
1572 3180 1595 3203 ‹‹
1630 3156 1907 3228 quoniam
1941 3171 2038 3227 po-

374 3255 679 3322 tuerunt,»
702 3249 761 3305 id
784 3251 892 3315 est,
906 3264 1043 3303 vera
1071 3250 1241 3313 sunt;
1266 3246 1369 3301 sed
1400 3245 1669 3316 quamvis
1698 3244 2033 3310 audierunt,

2144 2093 2396 2149 Intentio
2415 2096 2524 2159 est,
2542 2110 2650 2149 nos
2666 2090 2931 2163 exemplo
2952 2090 3039 2145 sui
3068 2089 3385 2145 informare
3401 2089 3474 2145 ad
3491 2087 3803 2143 orandum.

2215 2182 2390 2249 Quasi
2423 2182 2644 2237 diceret
2678 2180 2949 2235 Christus
2969 2179 3070 2251 qui
3101 2179 3197 2234 hic
3230 2178 3525 2250 loquitur:
3552 2178 3805 2242 Fratres,

2144 2272 2296 2327 inter
2324 2271 2480 2326 mala
2510 2270 2691 2342 hujus
2718 2267 2847 2323 vita:
2879 2266 3077 2340 positi,
3101 2267 3280 2322 nolite
3311 2282 3540 2323 cessare
3571 2266 3642 2322 ab
3674 2281 3806 2321 ora-

2142 2359 2320 2429 tione,
2335 2358 2600 2431 exemplo
2618 2356 2733 2413 mei
2754 2356 3051 2423 instructi,
3068 2356 3166 2429 qui
3187 2355 3414 2428 positus
3437 2356 3495 2411 in
3521 2354 3811 2427 spelunca

2143 2448 2369 2521 fragilis
2399 2447 2614 2518 carnis,
2637 2470 2660 2493 «
2684 2445 2931 2501 clamavi
2963 2447 3034 2502 ad
3059 2477 3083 2500 υ
3112 2446 3339 2501 Patrem
3366 2467 3389 2490 «
3414 2444 3755 2511 Dominum,
3779 2465 3808 2493 »

2143 2541 2202 2594 et
2245 2538 2356 2593 hoc
2386 2567 2409 2591 «
2442 2553 2579 2592 voce
2627 2552 2779 2603 mea,
2806 2557 2834 2584 »
2866 2534 3006 2607 quia
3051 2550 3168 2590 non
3215 2532 3579 2590 dissentiunt
3625 2549 3806 2606 opera

2144 2646 2276 2684 mea
2305 2629 2379 2684 ab
2407 2627 2671 2684 oratione
2694 2644 2706 2682 :
2729 2625 2870 2698 quia
2898 2625 3056 2697 quod
3078 2642 3215 2680 voce
3246 2628 3432 2697 rogat,
3456 2625 3805 2696 comprobat

2142 2736 2317 2792 opere
2346 2718 2595 2789 dignum
2625 2732 2755 2772 esse
2785 2719 2852 2770 ut
2881 2714 2991 2771 sibi
3026 2715 3148 2769 fiat.
3179 2712 3315 2769 Dico
3337 2735 3361 2759 «
3395 2712 3662 2781 clamavi,
3687 2733 3712 2757 ιν
3745 2716 3805 2768 et

2145 2825 2261 2863 non
2286 2807 2355 2862 ad
2379 2806 2606 2874 horam,
2631 2805 2731 2860 sed
2753 2804 2825 2859 ad
2851 2803 3168 2859 Dominum
3192 2823 3216 2847 «
3241 2802 3588 2874 deprecatus
3609 2818 3799 2869 sum,»

2144 2897 2203 2952 id
2235 2900 2348 2963 est,
2380 2894 2618 2951 assidue
2648 2910 2769 2960 oro,
2800 2896 2860 2947 et
2888 2892 2999 2948 hoc
3031 2909 3055 2935 (ι
3084 2908 3224 2947 voce
3255 2906 3407 2946 mea.
3433 2910 3457 2935 »

2218 2986 2356 3042 Dico
2393 3008 2413 3034 ι
2449 2982 2754 3049 clamavi,»
2775 2985 2832 3038 et
2853 2981 3047 3038 adhuc
3070 3004 3097 3031 «
3124 2982 3421 3051 effunde,»
3442 2979 3499 3036 id
3530 2984 3640 3045 est,
3667 2997 3804 3035 cum

2148 3092 2364 3149 magna
2393 3074 2564 3146 copia
2594 3072 2844 3146 profero,
2869 3094 2896 3121 «
2931 3070 3256 3127 orationem
3289 3086 3481 3126 meam
3517 3091 3544 3119 »
3570 3085 3810 3124 mansn-

2148 3181 2273 3221 ram
2305 3188 2331 3213 ‹‹
2368 3163 2427 3218 in
2484 3165 2802 3234 conspectu
2851 3161 3000 3232 ejus,
3026 3181 3053 3209 »
3076 3159 3134 3215 id
3188 3162 3297 3228 est,
3331 3158 3391 3214 in
3442 3156 3809 3231 beneplacito

2128 3254 2337 3327 ipsius
2369 3274 2396 3304 ‹‹
2427 3257 2486 3309 et
2512 3273 2540 3300 »
2573 3251 2748 3307 etiam
2782 3274 2808 3299 «
2846 3247 3288 3305 tribulationem
3321 3264 3513 3304 meam
3544 3264 3810 3320 pronun-

304 3329 313 3337 λ
356 3348 575 3399 "tamen
593 3316 741 3395 nihil
764 3335 986 3410 profuit
1006 3334 1327 3407 illis,quia«
1348 3333 1504 3389 sicut
1520 3333 1848 3389 crassitudo
1872 3337 2036 3388 terra:
2067 3316 2111 3383 Ο
2146 3316 2246 3409 tio,
2275 3366 2301 3393 ,,
2334 3343 2417 3398 ita
2440 3340 2596 3413 quod
2644 3340 2721 3395 sit
2751 3362 2777 3390 α
2814 3342 2948 3394 ante
2980 3338 3175 3411 ipsum
3210 3360 3237 3387 υ
3269 3339 3476 3405 Deum,
3510 3316 3568 3392 ίά
3618 3341 3707 3392 ρει
3737 3336 3799 3391 in

375 3433 585 3501 erupta
613 3430 707 3483 est
737 3442 915 3496 super
944 3428 1216 3492 terram,»
1244 3423 1303 3477 id
1337 3426 1445 3489 est,
1477 3422 1808 3477 crassitudo
1838 3422 2037 3477 exiens

366 3521 449 3577 vde
477 3523 633 3574 terra
651 3513 978 3584 corrumpit
1000 3529 1216 3579 aerem,
1241 3515 1298 3567 et
1318 3510 1586 3565 immittit
1607 3509 1833 3565 cladem
1854 3509 2039 3565 homi-

362 3607 575 3674 tnibus,
599 3604 684 3661 sic
716 3622 741 3646 ιι
772 3600 1059 3673 dissipata
1088 3604 1228 3656 sunt
1256 3616 1392 3654 ossa
1435 3602 1684 3654 nostra»
1710 3599 1783 3653 ab
1814 3598 1953 3665 illis,
1977 3599 2035 3654 id

370 3699 488 3762 est,
511 3693 781 3750 fortiores
812 3691 885 3746 de
924 3689 1203 3754 Ecclesia,
1236 3687 1476 3753 scilicet,
1510 3691 1816 3760 martyres.
1844 3708 1866 3732 ‹‹
1900 3686 2035 3743 Dis-

374 3785 567 3857 sipata
590 3802 615 3828 ιο
648 3780 798 3848 dico,
819 3802 842 3825 «
867 3796 1038 3835 secus
1068 3778 1426 3846 infernum,»
1452 3776 1508 3831 id
1543 3782 1651 3843 est,
1686 3777 1758 3832 ad
1793 3777 2035 3832 modum

374 3890 577 3932 eorum
613 3870 713 3943 qui
748 3872 1099 3941 reputantur
1137 3865 1299 3939 digni
1334 3865 1584 3932 inferno,
1610 3866 1711 3921 sed
1737 3885 1761 3909 «ι
1794 3865 1932 3938 quia
1964 3866 2035 3921 ad

370 3966 456 4029 te,
490 3959 759 4026 Domine,
790 3958 1056 4022 Domine,
1079 3955 1232 4011 oculi
1267 3954 1427 4010 mei»
1458 3959 1598 4009 sunt
1631 3972 1643 4009 :
1679 3959 1736 4009 et
1766 3954 1905 4027 quia
1926 3975 1949 3999 «
1976 3955 2036 4009 in

370 4055 434 4113 te
484 4048 731 4123 speravi,
756 4064 782 4096 υ
821 4046 953 4102 ideo
996 4065 1020 4091 «
1055 4062 1168 4101 non
1225 4045 1457 4099 auferas
1488 4063 1512 4088 υ
1538 4061 1572 4098 a
1602 4060 1695 4099 me
1720 4062 1743 4086 «ι
1775 4044 2036 4100 animam

374 4156 625 4205 meam,»
656 4136 714 4192 id
747 4140 857 4205 est,
882 4134 1171 4208 quidquid
1204 4134 1283 4189 sit
1306 4134 1377 4188 de
1400 4150 1660 4205 corpore,
1694 4151 1765 4188 ne
1796 4134 2037 4205 permit-

371 4233 469 4287 tas
497 4224 714 4285 auferri
745 4225 820 4281 ab
851 4225 937 4280 eis
969 4222 1229 4279 animum
1263 4238 1479 4277 meam.

448 4317 561 4374 Sed
592 4314 790 4387 potius
820 4338 845 4363 (ι
878 4312 1107 4368 custodi
1141 4327 1233 4365 me
1279 4327 1314 4366 a
1352 4310 1584 4381 laqueo,
1609 4330 1632 4354 »
1656 4310 1711 4365 id
1747 4315 1861 4379 est,
1893 4313 2037 4367 adu-

373 4407 613 4467 latione,
645 4407 703 4459 et
732 4400 864 4458 aliis
894 4399 1141 4456 occultis
1172 4398 1425 4467 insidiis,
1452 4417 1477 4442 α
1500 4416 1674 4471 quem
1702 4417 1726 4441 η
1760 4399 2037 4471 laqueum

376 4496 490 4569 ipsi
517 4519 539 4543 (ι
574 4491 722 4549 mihi
753 4494 1090 4547 statuerunt
1118 4508 1141 4534 ιι
1171 4493 1235 4544 ut
1275 4504 1368 4544 me
1408 4488 1798 4560 illaquearent
1820 4506 1846 4536 ‹‹
1879 4494 1937 4544 et
1967 4492 2038 4545 ab

374 4579 829 4649 scandalis,»id
867 4583 979 4646 est,
1026 4597 1061 4635 a
1119 4576 1449 4633 manifestis
1504 4576 2037 4649 persecutionibus,

380 4696 409 4724 «
443 4670 816 4745 operantium
848 4667 1243 4740 iniquitatem.
1270 4691 1294 4716 ››

451 4763 543 4818 Me
574 4759 814 4833 quidem
857 4756 1176 4824 custodies,
1203 4773 1230 4803 α
1253 4759 1584 4828 peccatores
1617 4784 1640 4809 ι)
1673 4759 1871 4811 autem
1897 4777 1920 4801 «
1954 4773 2043 4812 ca-

379 4852 523 4908 dent
551 4849 611 4904 in
644 4846 924 4904 retiaculo
962 4846 1093 4917 ejus
1124 4869 1147 4892 »
1182 4844 1538 4917 iniquitatis,
1571 4844 1671 4915 qui
1715 4861 1817 4916 per
1868 4862 2038 4901 suam

380 4938 756 5010 iniquitatem
806 4934 1222 5007 illaqueantur,
1261 4938 1320 4989 ot
1358 4931 1562 4989 irretiti
1598 4941 1789 5001 erunt,
1815 4962 1839 4985 ‹‹
1870 4951 1977 5007 ego
2013 4959 2041 4987 ››

383 5032 580 5083 autem
614 5048 642 5077 «
684 5024 1065 5096 singulariter
1119 5040 1274 5092 sum,
1322 5045 1349 5071 ››

1401 5023 1458 5078 id
1518 5027 1628 5094 est,
1677 5022 2042 5082 incombina~

2147 3431 2511 3505 beneplacito
2544 3428 2753 3502 ipsius.

2218 3521 2356 3577 Dico
2389 3543 2417 3571 ί(
2451 3514 2687 3576 effunde
2730 3516 3076 3584 orationem,
3106 3539 3133 3566 »
3164 3520 3223 3573 et
3281 3516 3391 3572 hoc
3447 3532 3582 3573 cum
3641 3514 3812 3571 omni

2146 3608 2519 3666 humilitate:
2545 3607 2653 3662 hoc
2673 3606 2865 3662 dicit«
2890 3605 2949 3660 in
2983 3605 3366 3672 deficiendo,»
3388 3604 3446 3660 id
3478 3608 3590 3670 est,
3614 3603 3673 3659 in
3704 3604 3809 3659 de-

2148 3697 2533 3768 relinquendo
2558 3718 2585 3745 ‹‹
2620 3693 2897 3767 spiritum
2950 3710 3170 3760 meum,
3207 3716 3233 3741 »
3267 3710 3383 3748 non
3429 3694 3562 3750 dico
3607 3710 3642 3749 a
3688 3692 3809 3748 Deo

2146 3788 2373 3853 datum,
2425 3784 2543 3840 imo
2591 3783 2693 3856 qui
2727 3806 2755 3833 ‹‹
2789 3800 2859 3838 ex
2906 3799 3000 3837 me
3034 3805 3061 3831 »
3089 3785 3199 3848 est,
3232 3782 3290 3836 id
3340 3785 3448 3848 est,
3479 3799 3550 3837 ex
3600 3785 3813 3837 natura

2148 3873 2557 3941 humanitatis,
2592 3872 2691 3944 qui
2724 3885 3034 3942 nunquam
3065 3870 3260 3926 bonus
3296 3873 3406 3937 est,
3440 3870 3541 3926 sed
3577 3885 3813 3941 semper

2144 3964 2408 4036 aliquam
2441 3965 2633 4018 movet
2662 3959 2976 4016 elationem
3011 3976 3024 4015 :
3061 3960 3161 4015 sed
3205 3959 3345 4030 quia
3392 3959 3478 4015 sic
3525 3956 3810 4030 dereliqui

2147 4052 2424 4125 spiritum
2457 4049 2647 4117 illum,
2680 4048 2831 4116 ideo,
2857 4070 2883 4097 «
2912 4051 2996 4117 tu,
3024 4070 3052 4096 »
3072 4047 3338 4116 Domine,
3363 4070 3393 4097 «
3428 4045 3810 4119 cognovisti,»

2150 4143 2209 4198 id
2240 4144 2348 4207 est,
2383 4137 2720 4212 approbasti
2755 4161 2781 4187 ‹‹
2819 4136 3065 4193 semitas
3107 4151 3289 4205 meas,
3316 4158 3344 4187 ››
3377 4135 3435 4192 id
3466 4140 3574 4203 est,
3605 4151 3811 4208 opera-

2148 4232 2339 4287 tiones
2369 4245 2552 4284 meas.

2221 4318 2417 4376 Posita
2446 4316 2729 4384 oratione,
2756 4316 2923 4388 ponit
2960 4314 3107 4372 illud
3139 4318 3345 4376 contra
3375 4314 3530 4387 quod
3571 4312 3809 4381 orabat;

2149 4408 2319 4483 quasi
2352 4408 2544 4464 dicat:
2570 4407 2690 4478 Ego
2724 4405 2810 4461 sic
2850 4404 3029 4470 oravi,
3064 4409 3121 4461 et
3160 4404 3220 4459 in
3260 4407 3427 4460 tanta
3453 4401 3809 4471 humilitate,

2147 4502 2208 4553 et
2238 4521 2265 4548 ‹‹
2300 4496 2361 4551 in
2408 4495 2520 4552 hac
2566 4494 2661 4550 via
2719 4493 2779 4548 in
2834 4509 2952 4565 qua
3010 4491 3335 4560 ambulam,
3370 4491 3814 4548 abscunderunt

2151 4584 2410 4659 superbi,
2440 4608 2468 4633 »
2492 4581 2716 4639 scilicet
2757 4580 2968 4649 Judzei,
2993 4604 3022 4630 «
3070 4580 3348 4653 laqueum
3389 4579 3560 4649 mihi,
3583 4601 3611 4630 »
3633 4578 3691 4634 id
3721 4582 3813 4635 est

2070 4687 2119 4753 D
2150 4674 2441 4732 occultam
2474 4676 2751 4741 mortem,
2782 4674 2840 4727 et
2870 4686 3239 4743 quaecunque
3268 4668 3498 4725 occulta
3526 4667 3699 4724 mala.

2225 4764 2341 4837 Ipsi
2373 4761 2734 4835 quaesierunt
2761 4759 2907 4815 mihi
2931 4763 3181 4815 mortem
3204 4759 3441 4825 inferre,
3463 4762 3522 4814 et
3540 4761 3681 4814 tunc
3701 4773 3810 4828 ego

2151 4879 2179 4905 ‹‹
2206 4851 2650 4909 considerabam
2681 4850 2754 4906 ad
2785 4849 3105 4915 dexteram,
3133 4869 3160 4898 »
3185 4847 3245 4903 id
3287 4852 3396 4916 est,
3422 4847 3481 4902 in
3525 4845 3809 4918 potiorem

2152 4946 2401 5016 partem,
2436 4938 2661 4996 scilicet
2700 4936 3148 5010 discipulorum,
3175 4958 3203 4986 «
3246 4940 3305 4993 et
3340 4936 3610 4992 videbam
3651 4957 3680 4985 »
3710 4950 3810 4991 eos

2152 5057 2179 5084 ‹‹
2217 5035 2273 5087 et
2302 5047 2416 5085 non
2444 5031 2570 5084 erat
2601 5050 2622 5077 »
2659 5027 2815 5083 inter
2856 5043 2977 5092 eos,
3016 5048 3037 5074 ι
3075 5025 3173 5097 qui
3225 5027 3604 5097 cognosceret
3653 5039 3745 5078 me
3781 5045 3808 5069 ιι

385 5120 502 5184 tus,
538 5132 655 5171 non
708 5116 1060 5186 conjunctus
1092 5112 1231 5180 illis,
1267 5113 1451 5168 donec
1500 5114 1799 5168 transeam
1832 5114 1903 5169 de
1932 5113 2043 5171 hac
2152 5123 2338 5178 Deum
2370 5135 2521 5184 esse,
2554 5133 2690 5174 cum
2735 5116 2901 5188 prius
2934 5114 3178 5170 dixisset
3206 5114 3257 5170 ei
3303 5115 3507 5171 Petrus
3540 5130 3552 5169 :
3579 5135 3606 5162 ‹‹
3630 5112 3718 5168 Tu
3747 5128 3811 5168 os

384 5208 525 5260 “tu.
872 5292 944 5347 IN
988 5290 1334 5347 PSALMUM
1377 5288 1560 5344 CXLI.

458 5382 736 5436 Trwws.
769 5380 1072 5436 Intellectus
1102 5379 1275 5462 David
1294 5395 1419 5433 cum
1437 5386 1576 5434 esset
1602 5380 1661 5432 in
1691 5380 1972 5452 spelunca,

1121 5459 1316 5507 oratio.

462 5583 485 5607 ι(
503 5556 657 5609 Voce
678 5569 860 5611 mea.»
884 5559 963 5612 Ex
990 5556 1236 5613 historia
1256 5556 1438 5611 mittit
1460 5572 1565 5611 nos
1586 5556 1657 5611 ad
1681 5556 2046 5631 allegoriam,

389 5640 616 5722 scilicet
635 5640 792 5709 quod
816 5642 969 5700 sicut
985 5645 1165 5701 David
1190 5644 1421 5715 fugiens
1443 5644 1603 5712 Saul,
1627 5642 1818 5701 latens
1841 5648 1899 5703 in
1927 5668 2049 5722 spe-

2152 5210 2421 5267 Christus
2480 5205 2662 5263 Filius
2718 5203 2819 5260 Dei
2852 5202 2964 5259 vivi
3000 5202 3208 5272 (Matth.
3233 5202 3371 5275 XVI).
3404 5225 3434 5255 ››
3482 5202 3663 5257 Item:
3694 5218 3717 5248 ι
3750 5198 3809 5256 Si

2157 5296 2483 5372 oportuerit
2512 5312 2605 5350 me
2644 5292 2793 5349 mori
2842 5297 3059 5360 tecum,
3086 5308 3201 5347 non
3252 5296 3309 5348 te
3359 5290 3582 5363 negabo
3603 5288 3807 5358 (Matth.

2156 5388 2310 5460 xxvr)
2328 5406 2342 5455 ;
2362 5411 2387 5435 »
2409 5390 2468 5441 et
2487 5384 2782 5457 significat
2802 5380 2897 5437 hic
2920 5385 3154 5453 tempus
3179 5381 3327 5437 illud
3354 5398 3473 5436 suae
3496 5376 3807 5450 passionis,

2159 5477 2395 5550 quando
2424 5471 2672 5546 apostoli
2707 5471 2978 5527 abierunt
3007 5475 3181 5537 retro,
3214 5469 3414 5526 relicto
3444 5485 3511 5525 eo
3541 5466 3729 5536 (Ibid.)

2233 5566 2321 5623 Illi
2354 5581 2470 5621 non
2501 5564 2898 5635 cognoverunt
2927 5576 3042 5632 me,
3074 5560 3175 5616 sed
3215 5559 3561 5631 fugierunt«
3597 5573 3632 5612 a
3660 5572 3807 5620 me,»

2156 5673 2312 5712 vero.
2335 5679 2355 5704 α
2385 5651 2560 5709 Periit
2591 5652 2784 5722 fuga,»
2809 5649 2868 5704 id
2888 5652 2998 5720 est,
3023 5666 3138 5704 non
3162 5648 3305 5721 fugi,
3333 5646 3432 5703 sed
3466 5644 3660 5719 potius
3682 5660 3811 5717 pro-

391 5718 587 5791 lunca,
636 5727 825 5781 oravit
870 5733 914 5799 (I
946 5735 1279 5803 neg.xx1v),
1314 5749 1548 5789 carnem
1599 5734 1905 5793 mortalem
1949 5718 2027 5812 pe:

2194 5744 2294 5802 nisi
2341 5760 2434 5799 me
2467 5742 2526 5797 in
2557 5742 2803 5796 mortem
2838 5737 2961 5794 dari
3008 5755 3110 5810 pro
3142 5718 3483 5795 liberatione
3512 5731 3764 5790 aliorum
3796 5749 3809 5788 :
