3942 6362
157 452 281 514 6’73

1358 459 1600 524 EXPLA
1614 463 1850 525 ΝΛΊῚΟ
1896 463 1972 526 IN
2019 466 2399 530 I’SALMOS.

3466 480 3583 540 674

159 614 186 637 ‹‹
223 592 285 645 et
316 606 433 645 non
462 594 550 645 est
586 613 611 637 υ
646 595 786 645 tunc
821 591 1093 647 inventus
1126 594 1339 667 aliquis
1368 615 1394 648 ιι
1425 597 1522 668 qui
1559 597 1819 669 requirat
1847 601 1901 667 Α(
1932 600 2372 657 fietsibi.Ethic
2390 603 2655 674 psalmus
2671 610 2759 659 est
2780 623 2934 660 unus
2949 607 3019 662 de
3047 613 3270 680 septem
3292 611 3579 683 perniten-

158 679 424 734 am'mam
476 697 687 750 meam,
736 700 763 733 ιι
820 682 875 735 id
937 687 1045 748 est,
1098 684 1197 756 qui
1258 684 1429 739 vellet
1486 687 1816 758 psssioncm

158 784 355 823 meam
388 767 628 824 imitari.

229 881 257 905 ‹‹
292 856 547 914 Clamavi
581 859 651 913 ad
688 860 1042 927 te,Domine.
1064 884 1088 909 η
1126 862 1261 918 Pars
1289 865 1664 918 secunda.Ah
1688 864 1817 919 aliis

153 945 444 1002 auxilium
497 964 613 1003 non
665 948 867 1017 habui,
912 950 1013 1005 sed
1066 967 1425 1023 cognoscens
1474 958 1526 1007 te
1578 955 1817 1007 unicum

155 1048 359 1090 meum
395 1037 709 1109 refugium,
746 1062 773 1087 ‹‹
807 1039 1149 1094 clamaviad
1188 1046 1259 1103 te,
1296 1041 1537 1095 llmnine
1568 1066 1590 1087 η
1630 1043 1814 1110 Pater,

154 1123 318 1179 omni
351 1125 945 1197 devotione.Dixi,'l‘u
980 1145 1043 1181 es
1076 1147 1210 1201 spes
1247 1148 1395 1195 [ιιι-ιι,
1420 1156 1443 1176 η
1476 1132 1647 1185 veluti
1682 1148 1817 1185 eum

158 1213 219 1268 in
252 1231 425 1269 cruce
454 1215 637 1272 dixit:
694 1217 881 1285 Pater,
916 1217 974 1271 in
1026 1236 1238 1274 manus
1292 1224 1424 1275 tuas
1472 1222 1818 1274 commendo

158 1302 437 1375 spiritum
469 1321 667 1359 meum
690 1307 865 1374 (Lua,
889 1308 1117 1379 δριμύ.»
1162 1308 1435 1379 Magnam
1469 1310 1638 1363 nobis
1669 1326 1822 1364 com-

160 1391 395 1447 mendat
433 1392 703 1449 Christus
735 1412 903 1450 suam
928 1396 1321 1452 humilitatem
1354 1398 1452 1469 qui
1487 1416 1719 1470 semper
1747 1399 1818 1453 ad

160 1480 349 1537 Deum
382 1480 610 1538 Patrem
644 1483 945 1541 clamavit:
967 1485 1017 1541 ei
1052 1503 1226 1541 suum
1259 1488 1631 1543 commendat
1658 1486 1820 1559 spiri-

161 1573 463 1637 tum,cum
486 1571 597 1627 sibi
622 1571 861 1628 haberet
893 1575 1158 1629 eamdem
1179 1575 1405 1631 unitam
1431 1576 1818 1644 divinitatem,

158 1658 229 1713 ad
253 1676 434 1731 quam
455 1659 754 1729 clamaret,
770 1662 862 1717 cui
886 1663 1160 1735 spiritum
1178 1666 1817 1736 possetcommendare:

155 1752 215 1803 et
244 1748 306 1801 in
338 1747 449 1805 hac
478 1749 813 1806 humilitate
845 1769 951 1807 nos
984 1751 1167 1808 voluit
1197 1754 1307 1808 sibi
1342 1754 1725 1821 conformare,
1758 1758 1824 1809 ut

156 1836 307 1891 nihil
341 1837 402 1893 in
434 1838 605 1895 nobis
637 1841 1028 1906 confidamus,
1053 1843 1154 1897 sed
1188 1844 1386 1897 omnia
1416 1860 1449 1898 a
1480 1844 1596 1898 Deo
1628 1859 1825 1914 exspe-

155 1929 408 1983 ctemus.
441 1928 592 1997 Dixi,
627 1930 716 1985 Tu
746 1946 809 1985 es
839 1947 973 2001 spes
1007 1948 1155 1998 mea,
1189 1936 1247 1986 et
1275 1931 1516 2001 dixi,Tu
1547 1949 1609 1986 es
1637 1956 1659 1979 «
1689 1949 1820 2003 por-
1854 1971 1901 2036 Β

155 2014 237 2070 tio
280 2032 413 2071 mea
463 2016 520 2071 in
570 2020 728 2076 terra
767 2018 1108 2087 viventium,
1148 2044 1174 2068 ››
1224 2021 1391 2092 quasi
1437 2038 1593 2077 unus
1625 2037 1822 2092 qurere

160 2120 291 2159 esse
320 2105 394 2161 de
423 2104 542 2161 illis
573 2108 673 2180 qui
706 2109 898 2164 vivent
927 2107 986 2163 in
1016 2109 1233 2165 caelesti
1264 2114 1434 2165 terra.

234 2196 390 2265 Dixi,
420 2198 509 2252 Tu
542 2214 606 2253 es
638 2215 773 2271 spes
826 2217 980 2267 mea,
1026 2203 1085 2253 et
1133 2204 1219 2267 tu,
1255 2199 1523 2269 Domine,
1557 2200 1613 2254 in
1647 2216 1822 2271 quem

165 2302 361 2357 spero,
395 2310 423 2335 ‹‹
453 2286 690 2343 intende
719 2290 790 2344 ad
822 2290 1294 2361 deprecationem
1322 2306 1535 2358 meam,
1574 2312 1599 2335 ιι
1631 2290 1701 2345 de
1734 2306 1821 2342 re-

165 2374 427 2430 motione
456 2375 747 2431 malorum
779 2377 1013 2444 factam,
1047 2401 1073 2427 ‹‹
1111 2378 1251 2449 quia
1298 2377 1648 2433 humiliatus
1688 2394 1821 2431 sum

168 2461 368 2531 nimis,
406 2485 434 2513 »
484 2464 626 2536 quia
672 2465 958 2522 exinanivi
1006 2467 1321 2539 meipsum,
1374 2467 1621 2522 formam
1672 2466 1821 2521 servi

171 2551 469 2625 accipiens
500 2552 728 2625 (Philip.
763 2553 844 2624 ιι).

240 2641 338 2696 Sic
367 2641 607 2713 quidem
639 2641 899 2714 intende,
930 2668 956 2694 ‹‹
990 2643 1174 2699 libera
1206 2661 1297 2699 me
1346 2663 1380 2700 a
1430 2644 1826 2716 persequenti-

170 2730 282 2785 bus
314 2746 430 2801 me,
462 2753 490 2779 »
522 2735 579 2785 et
608 2747 756 2803 opus
786 2737 874 2788 est
905 2758 931 2782 ‹‹
968 2734 1107 2805 quia
1134 2734 1439 2789 confortati
1476 2740 1616 2788 sunt
1648 2751 1827 2805 super

170 2834 283 2885 me,
323 2842 350 2867 υ
398 2824 688 2892 quantum
737 2823 808 2876 ad
858 2838 1092 2894 corpus,
1125 2824 1279 2894 quod
1333 2823 1685 2894 permissum
1736 2826 1825 2876 cst

166 2906 251 2962 eis
283 2923 319 2962 a
348 2907 466 2963 Deo
497 2906 556 2963 in
590 2913 837 2965 mortem
869 2910 1029 2965 dare.

240 2996 351 3065 lta,
379 2996 532 3065 dico,
569 3021 595 3047 ‹‹
628 2996 813 3054 libera
844 3016 958 3070 me,
991 3021 1018 3049 ι)
1053 3000 1275 3056 scilicet
1307 3024 1333 3049 ‹‹
1377 3001 1523 3056 educ
1564 2999 1822 3055 animam

166 3101 360 3140 meam
393 3086 465 3140 de
494 3087 784 3155 custodia,
823 3111 850 3136 »
881 3087 939 3143 id
972 3093 1079 3155 est,
1114 3090 1185 3144 de
1211 3090 1460 3153 inferno,
1496 3088 1594 3144 ubi
1614 3089 1821 3143 anima:

165 3173 405 3230 illorum
425 3174 686 3230 fidelium
703 3194 737 3232 a
752 3176 985 3232 diabolo
1020 3178 1349 3234 retinentur
1385 3183 1455 3233 et‘
1478 3177 1822 3234 custodiun-

166 3267 285 3317 tur;
326 3286 348 3313 ι
385 3263 546 3320 Educ
580 3287 608 3314 ››
641 3265 834 3336 dico,«
870 3268 942 3321 ad
974 3268 1374 3323 confitendum
1406 3266 1630 3323 nomini
1654 3272 1819 3334 tuo,»

1928 688 2183 756 tialibus,
2212 690 2309 762 qui
2348 709 2629 748 numerus
2658 694 2879 766 aliquid
2906 696 3073 750 nobis
3097 702 3260 752 notat
3282 715 3295 753 :
3320 700 3420 754 sed
3446 701 3586 772 quia

1926 793 2057 830 cum
2075 778 2119 831 si
2133 784 2185 831 ul
2204 784 2427 851 septem
2442 782 2856 855 dies,perquos
2870 784 3203 841 universum
3221 792 3455 859 tempus
3469 789 3587 862 agi-

1929 872 2041 933 tur,
2060 868 2140 920 sic
2157 875 2380 941 septem
2397 872 2603 943 psalmi
2624 874 3050 943 pamitcntialcs
3064 876 3441 947 persingulos
3455 880 3581 934 dies

1927 956 2098 1011 nobis
2132 960 2522 1015 necessariam
2547 978 2676 1015 esse
2698 963 3097 1033 pcnnitentiam
3125 966 3462 1021 ostendunt.
3490 967 3581 1021 ln-

1928 1046 2335 1101 tentinestnns
2353 1050 2422 1103 ad
2463 1051 2863 1121 pn-nilenliam
2896 1052 3137 1108 invitare
3166 1053 3429 1126 exemplo
3464 1056 3577 1110 sui.

2000 1136 2453 1213 Quasidieemt:
2484 1138 2628 1192 llum
2661 1142 2951 1212 superbus
2985 1141 3409 1213 fui,etpeccare
3434 1144 3576 1198 mihi

1930 1222 2169 1294 placuit,
2205 1243 2317 1279 non
2355 1228 2463 1281 fuit
2488 1230 2715 1298 justum
2752 1234 2814 1283 ut
2846 1248 2938 1284 me
2970 1231 3411 1301 exaudires,sed
3444 1233 3582 1306 quia

1920 1312 2047 1382 jam
2083 1312 2250 1368 doleo
2300 1315 2369 1368 de
2402 1317 2676 1387 peccatis,
2710 1322 2767 1371 et
2814 1319 3023 1373 deinde
3074 1337 3301 1376 cessare
3349 1324 3580 1391 studeo,

1931 1400 2081 1471 ideo,
2117 1426 2143 1449 ‹‹
2182 1402 2445 1471 Domine,
2476 1405 2685 1459 exaudi
2716 1407 3036 1461 orationem
3072 1425 3262 1465 meam
3310 1415 3368 1465 et
3414 1413 3582 1467 obse-

1931 1491 2250 1547 crationem
2286 1510 2498 1561 meam,
2540 1518 2564 1541 ››
2596 1495 2652 1549 id
2686 1500 2795 1561 est,
2828 1497 3289 1554 obsecrationem
3324 1517 3427 1572 per
3453 1517 3583 1555 cru-

1930 1594 2080 1647 cem,
2108 1584 2165 1634 et
2194 1598 2297 1652 per
2328 1582 2710 1651 nativitatem,
2737 1587 2793 1638 et
2824 1584 3063 1653 similia,
3084 1603 3211 1659 qua:
3243 1588 3481 1659 quidem
3510 1590 3589 1645 fa-

1930 1668 2137 1723 cienda
2167 1675 2274 1736 est,
2312 1670 2408 1724 ubi
2447 1688 2659 1742 magna
2690 1671 3329 1732 incumbitonccessitas
3359 1693 3374 1732 :
3422 1677 3583 1734 illam

1931 1757 2418 1825 misericordiam,
2452 1761 2911 1817 obsecrationem
2944 1781 3057 1818 non
3109 1766 3301 1821 dicam
3349 1768 3582 1837 exaudi,

1934 1846 2033 1900 sed
2069 1870 2094 1895 ‹ι
2131 1848 2375 1901 auribus
2407 1849 2660 1920 percipe,
2697 1873 2723 1898 ››
2755 1851 2813 1905 id
2844 1856 2951 1920 est,
2986 1852 3297 1925 diligenter
3314 1856 3578 1911 attende:

1933 1938 1990 1987 et
2021 1933 2127 1989 hoc
2161 1960 2187 1983 ‹‹
2225 1935 2281 1989 in
2313 1937 2553 1992 veritate
2590 1943 2708 2005 tua,
2734 1962 2759 1985 υ
2792 1940 2848 1994 id
2882 1944 2991 2008 est,
3013 1944 3077 1994 ut
3107 1958 3278 1997 verus
3299 1958 3583 2015 apparens

1934 2023 1989 2077 in
2025 2024 2355 2094 promissis,
2388 2026 2527 2097 quia
2576 2028 2895 2099 promisisti
2948 2030 3360 2086 exauditurum
3413 2032 3581 2088 illum

1933 2112 2031 2183 qui
2064 2130 2126 2167 se
2157 2112 2573 2182 humiliavcrit,
2610 2116 2813 2171 dicens
2848 2134 2861 2171 :
2895 2117 3307 2174 Convertimini
3359 2121 3430 2175 ad
3463 2137 3579 2190 me,

1932 2204 1988 2254 et
2044 2217 2149 2270 ego
2201 2206 2504 2257 convertar
2551 2204 2622 2258 ad
2671 2221 2773 2259 vos
2822 2205 3003 2277 (Zach.
3052 2206 3126 2278 1);
3179 2211 3236 2262 et
3285 2208 3395 2263 hoc
3444 2212 3579 2265 est:

1934 2312 1961 2337 ‹‹
1998 2290 2214 2343 Exaudi
2251 2307 2342 2345 me
2375 2290 2433 2345 in
2468 2295 2568 2346 tua
2608 2292 2868 2363 justitia,
2906 2317 2933 2341 ››
2984 2294 3041 2349 id
3091 2298 3199 2367 est,
3252 2295 3362 2351 hoc
3407 2291 3603 2369 exigit

1933 2381 2033 2431 tua
2056 2378 2292 2447 justitia
2325 2384 2388 2433 ut
2420 2380 2710 2450 promissa
2739 2386 2841 2436 tua
2872 2382 3164 2453 compleas
3200 2401 3213 2438 :
3246 2385 3392 2440 bene
3444 2386 3586 2441 dicit

1939 2489 1959 2515 α
1998 2466 2053 2519 in
2090 2471 2189 2521 tua
2212 2468 2510 2538 justitia,»
2542 2470 2682 2541 quia
2706 2470 3287 2544 intelligitjustitiam
3321 2474 3420 2530 Dei
3440 2492 3588 2531 sem-

1936 2574 2038 2627 per
2068 2557 2125 2609 in
2160 2556 2562 2613 misericordia
2594 2576 2742 2615 esse.

2005 2645 2144 2699 Dico
2176 2670 2201 2694 ‹‹
2239 2647 2471 2713 exaudi,
2506 2651 2562 2702 et
2611 2666 2724 2702 non
2776 2649 2957 2705 intres
3008 2650 3063 2704 in
3105 2651 3400 2722 judicium
3450 2669 3584 2709 cum

1934 2750 2096 2787 servo
2138 2738 2258 2801 tuo,
2290 2754 2317 2785 η
2359 2735 2412 2789 id
2447 2740 2556 2801 est,
2592 2741 2657 2790 ut
2696 2739 3020 2792 secundum
3073 2739 3280 2795 merita
3327 2758 3419 2796 me
3469 2758 3591 2797 non

1925 2820 2181 2892 judices,
2216 2846 2241 2870 ‹‹
2280 2823 2419 2893 quia
2451 2840 2565 2877 non
2588 2824 3017 2894 justilicabitur
3049 2826 3104 2879 in
3136 2833 3451 2900 conspectu
3485 2833 3584 2885 tuo

1933 2910 2127 2964 omnis
2156 2910 2373 2977 vivens,
2410 2933 2437 2959 ››
2469 2910 2608 2982 quia
2639 2918 2906 2984 respectu
2933 2914 3017 2968 tui
3050 2914 3249 2971 nullus
3290 2916 3586 2973 invenitur

1923 2998 2151 3068 justus,
2204 3015 2389 3069 neque
2444 2999 2748 3071 propheta,
2800 3017 2988 3072 neque
3031 3002 3351 3074 apostolus,
3394 3021 3587 3078 neque

1933 3085 2179 3158 angelus
2210 3087 2407 3142 etiam.

2006 3175 2135 3229 Ideo
2166 3192 2371 3247 precor
2395 3180 2460 3231 ut
2490 3193 2605 3231 non
2638 3176 2821 3233 intres
2846 3179 2905 3233 in
2930 3179 3292 3251 judicium,«
3318 3182 3582 3253 quiaini-

1934 3264 2187 3331 micus,»
2224 3264 2278 3318 id
2312 3269 2420 3337 est,
2446 3265 2603 3320 filius
2635 3284 2823 3333 meus,
2838 3268 3058 3323 scilicet
3087 3269 3340 3325 carnalis
3359 3275 3575 3339 motus,

164 3352 222 3406 id
256 3357 366 3421 est,
401 3352 472 3409 de
502 3371 633 3412 mea
661 3356 968 3411 eductione
999 3355 1272 3413 laudetur
1298 3375 1510 3413 nomen
1544 3361 1731 3425 tuum,
1766 3361 1822 3411 et
1852 3338 1894 3405 Ο
1937 3375 1964 3402 ‹‹
1998 3356 2085 3407 est
2134 3358 2497 3424 persecutus,
2532 3377 2560 3404 ιι
2614 3372 2784 3426 prave
2805 3358 3222 3430 .suggerendo,
3257 3382 3285 3409 ‹‹
3320 3359 3580 3416 animam

164 3456 200 3495 a
232 3457 325 3496 me
353 3446 410 3497 et
441 3441 513 3498 ab
540 3441 671 3499 aliis
703 3443 964 3501 liberatis
986 3463 1088 3519 per
1121 3463 1214 3502 me
1248 3464 1259 3501 :
1290 3451 1348 3502 et
1378 3463 1615 3501 necesse
1645 3450 1733 3501 est
1758 3449 1825 3499 ut

164 3531 405 3599 educas,
440 3531 720 3603 quoniam
759 3556 786 3582 ‹‹
822 3550 916 3588 me
948 3539 1287 3606 exspectant
1305 3536 1451 3607 justi
1490 3558 1516 3583 ››
1549 3534 1819 3590 liberato-

166 3634 289 3675 rem
317 3636 520 3686 suum,
548 3644 576 3671 ι(
612 3620 795 3677 donec
827 3621 1117 3678 retribuas
1145 3623 1312 3692 mihi,
1354 3648 1378 3672 ››
1410 3624 1602 3678 dando
1634 3641 1824 3679 resur-

164 3708 484 3763 rectionem
514 3723 618 3779 pro
649 3725 780 3764 mea
806 3709 1155 3766 obedientia.
1196 3710 1324 3765 Alia
1368 3710 1674 3765 translatio
1724 3709 1823 3764 ha-

163 3796 282 3864 bet,
318 3820 346 3846 ‹‹
381 3796 530 3852 educ
560 3797 631 3852 de
664 3814 914 3854 carcere.
950 3821 979 3848 »

634 3959 705 4015 IN
749 3960 1096 4016 PSALMUM
1137 3960 1346 4016 CXLII.

196 4053 458 4110 Trrucus
493 4072 505 4110 :
543 4056 800 4131 Psalmus
828 4056 1021 4124 David,
1053 4058 1627 4131 eamrpersequcbalur
1654 4076 1782 4115 eum

689 4128 844 4197 ﬁlim
873 4144 1007 4183 suus
1036 4129 1291 4184 Absalon.

229 4266 258 4292 κ
295 4240 565 4310 Domine,
598 4243 807 4298 exaudi
859 4242 1185 4300 orationem
1217 4261 1431 4300 meam.
1472 4269 1498 4294 »
1549 4246 1815 4304 Psalmus

154 4333 268 4388 iste
299 4329 570 4389 convenit
597 4331 801 4401 David,
837 4332 893 4388 id
924 4337 1013 4389 est
1058 4333 1271 4406 cuique
1303 4352 1432 4391 vero
1469 4336 1773 4408 poenitenti
1799 4356 1813 4408 ;

155 4422 350 4477 factus
381 4420 618 4492 quando
646 4419 803 4478 ﬁlius
833 4422 982 4494 ejus,
1010 4422 1068 4477 id
1102 4428 1191 4479 est
1222 4424 1474 4481 carnalis
1505 4430 1726 4496 motus,
1756 4431 1816 4484 et

153 4509 312 4565 alius
337 4508 587 4581 quilibet
612 4507 807 4566 malus
825 4514 1010 4579 actus,
1027 4528 1175 4583 quos
1197 4512 1307 4568 sibi
1330 4513 1504 4569 homo
1522 4531 1625 4586 per
1643 4532 1813 4572 suam

151 4598 394 4670 culpam
426 4598 647 4670 genuit,
672 4600 1136 4671 persequebatur
1164 4617 1321 4669 eum,
1350 4602 1405 4657 id
1439 4608 1547 4670 est,
1585 4605 1812 4678 afflige-

1931 3458 2143 3509 mcam,
2182 3465 2207 3490 ι»
2235 3443 2291 3497 id
2325 3448 2433 3508 est,
2462 3444 2743 3499 rationem
2778 3462 2991 3515 meam,
3023 3451 3081 3502 et
3115 3469 3142 3497 «ι
3177 3447 3527 3518 humiliavit,
3550 3471 3580 3501 ιι

1931 3531 1988 3584 id
2016 3536 2124 3600 cst,
2155 3532 2464 3603 depressit,
2502 3557 2529 3584 «
2561 3535 2739 3589 vitam
2770 3552 2962 3591 meam
3003 3536 3062 3591 in
3094 3540 3269 3604 terra,
3306 3561 3333 3588 ››
3365 3538 3422 3593 id
3470 3543 3580 3609 est,

1930 3624 1997 3674 ut
2027 3620 2270 3675 terrenis
2302 3621 2430 3693 ipsa
2460 3623 2660 3678 anima
2689 3623 3010 3681 adhaereret
3041 3642 3055 3682 :
3106 3629 3163 3680 et
3192 3627 3367 3683 etiam
3403 3649 3431 3679 «
3460 3627 3583 3684 col-

1932 3708 2141 3765 locavit
2172 3726 2264 3764 me
2292 3710 2349 3764 in
2382 3711 2676 3781 obscuris,
2711 3734 2732 3763 ι
2769 3712 2827 3768 id
2858 3718 2965 3781 est,
2999 3713 3058 3768 in
3082 3715 3478 3786 profunditate
3507 3717 3585 3772 vi-

1930 3798 2170 3866 tiorum,
2210 3823 2230 3847 α
2268 3799 2421 3854 sicut
2452 3804 2714 3856 mortuos
2749 3801 2967 3869 smculi,
3002 3824 3029 3850 n
3060 3801 3115 3857 id
3148 3808 3255 3871 est,
3290 3804 3587 3874 quoslibet

1931 3886 2219 3951 infideles,
2254 3904 2401 3959 quos
2432 3889 2689 3958 peccatis
2721 3889 2976 3945 irrctitos
3026 3906 3269 3961 prorsus
3299 3890 3587 3947 saeculum

1928 3975 2190 4047 possidet
2222 3993 2235 4031 :
2270 4000 2295 4024 (ι
2332 3980 2443 4030 et»
2476 3977 2604 4031 ideo
2638 4000 2665 4025 «
2700 3976 2944 4047 spiritus
2975 3992 3142 4032 meus
3172 3978 3443 4033 anxiatus
3490 3983 3581 4036 est

1928 4080 2107 4136 super
2154 4080 2266 4131 me,
2304 4087 2331 4111 »ι
2380 4064 2437 4118 id
2490 4068 2601 4131 est,
2633 4064 2705 4118 de
2738 4081 2850 4131 me,
2886 4064 2992 4119 hoc
3030 4069 3139 4132 est,
3175 4066 3577 4137 compunctio-

1926 4170 2060 4209 nem
2092 4156 2149 4207 et
2182 4152 2439 4208 dolorem
2472 4153 2649 4207 habui
2681 4153 2751 4207 de
2800 4153 3053 4225 peccatis
3101 4154 3270 4219 meis,
3302 4159 3359 4209 et
3408 4178 3436 4205 ‹‹
3479 4172 3578 4212 cor.

1927 4259 2146 4311 meum,
2178 4264 2205 4292 ››
2240 4242 2297 4297 id
2330 4246 2441 4307 est,
2475 4240 2621 4297 ratio
2653 4259 2804 4310 mea,
2840 4264 2869 4292 ‹‹
2911 4243 3328 4298 conturbatum
3377 4249 3468 4300 est
3514 4245 3582 4301 in

1926 4350 2040 4401 me,
2077 4355 2104 4381 ››
2138 4330 2277 4404 quia
2296 4349 2364 4388 ex
2388 4347 2481 4387 me
2513 4331 2843 4389 nesciebam
2874 4333 3167 4404 quomodo
3198 4332 3268 4389 de
3300 4332 3409 4389 hac
3438 4349 3577 4406 capi

1923 4422 2150 4477 tivitate
2183 4438 2414 4494 possem
2446 4419 2619 4478 exire.

1994 4512 2063 4565 Et
2094 4511 2154 4565 in
2183 4511 2291 4566 hac
2325 4508 2657 4565 turbatione
2688 4532 2715 4559 «
2752 4526 2979 4566 memor
3006 4510 3117 4567 fuit
3144 4510 3373 4568 dierum
3421 4511 3569 4568 anti-

1922 4616 2198 4671 quorum,
2217 4619 2244 4649 ιι
2274 4598 2331 4653 id
2363 4598 2545 4667 est,in
2568 4598 2786 4670 quibus
2807 4598 2937 4653 aliis
2958 4598 3375 4669 pcenitcntibus
3395 4602 3570 4657 mise-

151 4688 256 4743 bat
285 4685 495 4741 multis
527 4687 839 4759 angustiis,
873 4692 930 4743 et
959 4689 1231 4760 ejiciebat
1260 4708 1396 4745 cum
1427 4693 1497 4747 de
1529 4710 1727 4766 regno,
1753 4695 1810 4750 id
1844 4706 1891 4771 Β
1922 4688 2233 4743 ricordiam
2266 4686 2604 4755 exhibuisti,
2641 4710 2667 4735 ‹‹
2704 4687 3019 4742 meditatus
3050 4704 3182 4742 sum
3214 4687 3272 4742 in
3294 4688 3571 4745 omnibus

150 4780 245 4832 est
274 4776 347 4831 de
378 4773 481 4830 illa
511 4774 794 4847 dignitate
826 4776 882 4831 in
918 4793 1034 4849 qua
1061 4778 1237 4834 homo
1271 4784 1503 4837 creatus
1524 4786 1631 4850 est,
1658 4783 1812 4839 sicut

149 4863 412 4919 Absalon
444 4869 787 4934 persecutus
817 4870 1045 4938 patrem
1076 4884 1252 4923 suum
1284 4867 1414 4940 fuit,
1448 4871 1601 4925 etde
1635 4889 1810 4943 regno

149 4953 344 5025 ejecit.
378 4952 623 5008 Materia
653 4958 742 5009 est
770 4953 864 5009 hic
895 4971 1067 5011 verus
1097 4956 1422 5027 paenitens:
1476 4963 1534 5014 et
1564 4960 1717 5015 sicut
1746 4960 1805 5015 in

147 5042 283 5099 aliis
315 5040 838 5115 poenitentialibus,
862 5042 945 5099 ita
964 5045 1141 5100 etiam
1165 5045 1260 5100 hic
1282 5047 1502 5101 bonum
1528 5050 1703 5104 linem
1722 5067 1810 5105 os-

145 5131 337 5187 tendit
365 5131 720 5203 paenitentis.
756 5136 820 5187 In
852 5133 1045 5206 prima
1074 5138 1237 5206 parte
1269 5136 1433 5207 ponit
1480 5138 1805 5194 orationem

146 5219 571 5289 concessivam,
606 5236 721 5276 non
753 5223 1084 5277 excusando
1115 5222 1351 5296 culpam
1386 5231 1651 5297 suam,et
1683 5244 1809 5283 nars

146 5314 239 5366 rat
267 5326 410 5365 suas
460 5308 751 5378 miserias,
800 5313 865 5365 ut
905 5310 1169 5382 judicem
1217 5312 1289 5367 ad
1340 5312 1805 5371 misericordiam

146 5402 532 5457 commoveat.
567 5400 834 5455 Ostendit
862 5400 1038 5456 etiam
1070 5418 1131 5458 se
1158 5402 1303 5457 bene
1336 5402 1409 5457 ad
1438 5403 1631 5475 ipsum
1649 5405 1809 5477 judi-

144 5504 273 5546 cem
296 5503 668 5556 conversum,
683 5493 749 5544 ut
767 5488 853 5545 sic
870 5489 1087 5561 dignus
1108 5490 1396 5557 videatur,
1420 5509 1599 5565 super
1629 5510 1805 5565 quem

132 5579 321 5651 judex
349 5576 449 5650 pia
481 5576 785 5634 affectione
816 5582 1135 5634 moveatur.
1158 5579 1221 5635 In
1254 5581 1532 5649 secunda,
1560 5597 1688 5652 quae
1724 5581 1808 5638 in-

142 5667 320 5740 cipit:
346 5689 375 5715 ‹‹
400 5663 692 5723 Velociter
729 5666 938 5723 exaudi
973 5683 1089 5734 me,
1124 5690 1152 5717 ››
1195 5672 1467 5740 precatur
1492 5667 1606 5725 cito
1637 5686 1809 5726 exau-

143 5756 277 5830 diri,
309 5758 369 5815 et
397 5754 460 5812 in
490 5753 647 5814 viam
678 5761 898 5816 rectam
929 5757 1159 5831 deduci,
1187 5761 1245 5815 et
1272 5758 1528 5817 afﬁrmat
1543 5759 1699 5834 quod
1719 5759 1803 5819 sio

1922 4777 2197 4849 operibus
2230 4777 2369 4845 tuis,
2406 4798 2432 4825 ι»
2468 4776 2525 4830 id
2557 4781 2664 4842 est,
2695 4775 2892 4831 omnia
2922 4792 3098 4847 opera
3128 4780 3230 4832 tua
3276 4777 3477 4833 reduxi
3508 4777 3575 4834 in

1920 4866 2383 4933 meditationem,
2438 4869 2500 4920 ut
2548 4882 2616 4920 ex
2664 4864 2748 4920 eis
2795 4864 2940 4919 mihi
2989 4881 3256 4937 pararem
3307 4865 3573 4938 aliquam

1919 4953 2396 5022 consolationem,
2439 4975 2460 5004 α
2494 4959 2552 5009 et
2578 4953 2635 5009 in
2669 4954 2836 5009 factis
2866 4977 2894 5004 »
2925 4971 3052 5025 qua:
3083 4953 3377 5024 dicuntur,
3401 4972 3567 5012 «ma-

1919 5061 2103 5099 nuum
2131 5049 2390 5111 tuarum,
2421 5066 2442 5093 ι
2478 5042 2796 5110 scilicet,in
2830 5043 2998 5098 factis
3029 5060 3156 5114 quae
3179 5043 3570 5099 misericordi-

1917 5138 2007 5189 ter
2035 5132 2217 5188 fecisti
2254 5132 2533 5203 antiquis,
2564 5131 2808 5187 Abrahze
2854 5138 2910 5188 et
2960 5131 3277 5189 Israelitico
3327 5132 3567 5205 populo,

1919 5228 1977 5280 et
2004 5222 2134 5278 aliis
2158 5220 2363 5294 justis,
2398 5220 2616 5275 faciens
2650 5225 2707 5275 et
2737 5221 2904 5289 mihi,
2938 5238 3071 5277 cum
3104 5237 3198 5276 me
3230 5221 3334 5277 tibi
3366 5222 3566 5278 humi-

1917 5311 2143 5380 liarem,
2176 5316 2233 5366 et
2263 5311 2320 5365 in
2354 5310 2692 5383 hujusmodi
2729 5310 2915 5379 factis,
2947 5332 2977 5359 «
3011 5310 3357 5367 meditabar.
3389 5333 3421 5360 τ)

1990 5403 2059 5456 Et
2108 5418 2221 5455 non
2273 5404 2499 5455 tantum
2553 5421 2581 5449 «
2612 5400 2959 5468 meditabar,
3001 5422 3028 5448 ››
3070 5400 3168 5455 sed
3201 5400 3379 5457 etiam
3412 5426 3439 5453 ‹‹
3473 5419 3565 5459 ex-

1917 5491 2119 5564 pandi,
2154 5512 2180 5538 ››
2213 5489 2269 5543 id
2301 5493 2407 5558 est,
2428 5488 2664 5555 elevavi,
2685 5512 2706 5539 ιι
2743 5505 2954 5545 manus
2984 5505 3165 5558 meas,
3185 5512 3212 5539 ››
3242 5489 3301 5545 id
3324 5494 3412 5547 est
3426 5508 3563 5564 ope-

1917 5580 2171 5635 rationes
2204 5594 2518 5647 meas,non
2550 5578 2621 5633 ad
2654 5578 2848 5633 visum
2879 5578 3207 5648 hominum,
3233 5578 3291 5634 id
3312 5584 3420 5649 est,
3444 5597 3562 5637 non

1915 5671 1988 5725 ad
2022 5670 2274 5724 favorem
2307 5664 2529 5739 populi,
2556 5666 2657 5721 sed
2696 5687 2724 5719 α
2752 5666 2824 5722 ad
2846 5672 2901 5723 te
2932 5689 2960 5718 »
2994 5667 3565 5752 obtinendumﬂuid

1914 5758 2086 5834 plura
2105 5758 2133 5816 ?
2163 5780 2191 5809 «
2222 5756 2434 5814 Anima
2464 5770 2595 5812 mea
2626 5756 2778 5813 sicut
2824 5760 2979 5815 terra
3009 5756 3134 5815 sine
3184 5773 3338 5837 aqua
3363 5759 3494 5834 tibi,
3529 5782 3559 5816 η
