3942 6386
377 450 496 509 675

805 446 1214 511 HAYMONIS
1246 442 1785 508 HALBERS’I‘AT.
1821 437 2063 503 EPISC.
2100 440 2272 505 OPP.
2304 443 2502 505 PARS
2534 442 2582 506 Ι.
2612 479 2689 488 —
2718 444 3123 507 COMMENT.
3158 445 3355 507 BlBL.

3658 444 3786 504 .676

377 582 518 657 quia
546 581 701 638 sicut
728 587 881 637 terra
910 579 1035 636 sine
1058 595 1211 651 aqua
1239 578 1383 646 hiat,
1399 582 1455 633 et
1475 576 1770 633 desiderat
1786 575 2024 632 infusio-
2053 577 2109 645 Α
2138 594 2318 649 quam
2350 579 2487 634 fecit
2507 577 2775 634 Christus
2796 579 2869 634 de
2889 578 3145 646 diabolo,
3164 596 3267 652 per
3287 594 3467 651 quam
3483 576 3784 634 victoriam

377 690 510 729 nem
545 688 732 743 aquae,
748 670 828 724 ita
849 668 1048 724 anima
1078 666 1436 722 infusionem
1468 665 2020 738 apiritualsgratim:

376 767 433 817 et
464 777 566 835 per
584 759 694 813 hoc
725 755 982 814 ostendit
1010 773 1072 812 se
1101 755 1344 828 dignum
1372 754 1466 810 cui
1492 759 1693 828 parcat
1712 754 1914 825 judcx.

447 874 473 899 ‹‹
504 847 854 902 Velociter.»
891 847 1030 901 Pars
1060 845 1502 911 secunda.Quia
1522 844 1606 899 ita
1636 843 2026 899 sitivitanima

373 955 523 1005 mea,
556 941 614 991 et
646 936 784 1007 quia
813 934 896 989 sic
946 934 1216 1006 expandi,
1250 933 1405 999 ideo,
1437 950 1469 988 o
1501 958 1525 981 ‹‹
1565 932 1829 999 Domine,
1864 933 2022 988 velo-

371 1027 515 1083 citer
542 1024 749 1080 exaudi
785 1040 878 1079 me
911 1040 923 1078 :
963 1047 989 1072 »
1022 1027 1080 1078 et
1108 1023 1287 1079 debes
1339 1023 1546 1090 facere,
1582 1022 1722 1095 quia
1752 1046 1779 1071 «
1814 1022 2026 1077 defecit

370 1114 615 1188 spiritus
646 1130 835 1181 meus,
855 1136 882 1160 ››
904 1111 1127 1167 scilicet
1154 1110 1252 1166 ille
1282 1111 1525 1184 spiritus
1559 1111 1658 1184 qui
1688 1127 1757 1166 ex
1785 1111 2023 1166 homine

368 1208 481 1272 est,
511 1202 737 1259 scilicet
766 1200 1013 1274 spiritus
1041 1200 1350 1273 superbizs.

440 1295 511 1350 Et
540 1292 682 1366 quia
719 1290 928 1347 defecit
974 1289 1218 1362 spiritus
1263 1290 1767 1362 prmsumptionis,
1801 1289 2025 1346 scilicet

366 1384 510 1457 quia
541 1398 635 1437 me
666 1379 915 1435 humilio
948 1378 1219 1446 tibi,ideo
1241 1401 1266 1428 ‹‹
1284 1395 1356 1434 ne
1386 1382 1612 1436 avertas
1635 1379 1840 1435 faciem
1858 1382 2021 1435 tuam

367 1492 403 1530 a
435 1490 551 1539 me,
587 1493 614 1521 ››
651 1471 709 1525 id
741 1474 851 1537 est,
886 1468 1279 1541 cognitionem
1329 1471 1491 1523 tuam
1543 1473 1720 1540 atque
1769 1486 2021 1541 praesen-

364 1562 512 1619 tiam
547 1579 561 1630 ;
596 1563 654 1616 et
704 1559 754 1615 si
785 1558 1061 1614 averteris
1109 1558 1339 1626 faciem,
1374 1557 1537 1613 nulla
1583 1557 1865 1613 distantia
1913 1557 2023 1613 erit

366 1653 525 1708 inter
552 1666 647 1706 me
676 1647 986 1717 humilem,
1018 1671 1044 1697 ‹‹
1079 1651 1137 1703 et
1168 1670 1195 1697 ››
1240 1646 1386 1702 alios
1417 1647 1704 1719 superbos
1738 1663 1750 1703 :
1784 1648 1886 1703 sed
1920 1664 2021 1719 po-

365 1742 488 1798 tius
509 1764 536 1791 «
571 1756 668 1795 ero
701 1737 915 1794 similis
949 1760 976 1785 ››
1006 1736 1124 1793 illis
1156 1736 1426 1808 superbis
1465 1760 1491 1786 «
1527 1736 2021 1792 descendentibus

364 1832 426 1886 in
458 1829 676 1897 lacum,
713 1850 741 1876 ››
772 1825 828 1882 id
851 1830 959 1894 est,
994 1826 1054 1880 in
1083 1826 1439 1898 profundum
1472 1824 1705 1881 inferni.

435 1919 563 1976 Non
592 1920 841 1984 avertas,
866 1915 1018 1983 dico,
1049 1916 1163 2016 sed.
1181 1916 1376 1987 potius
1401 1939 1437 2016 ,α
1467 1916 1558 1970 lac
1591 1915 1735 2015 mihi
1757 1916 2019 1971 auditam
2050 1950 2100 2016 Β

365 2007 835 2065 misericordiam
866 2009 1051 2072 tuam,
1085 2026 1112 2057 ι»
1149 2004 1205 2060 id
1239 2009 1329 2060 est
1359 2004 1452 2077 pie
1483 2003 1745 2060 auditam
1778 2008 2017 2060 senten-

362 2098 507 2154 tiam
574 2100 740 2151 tuam
799 2095 871 2150 de
929 2092 1273 2149 remissione
1330 2098 1729 2165 peccatorum,
1788 2098 1845 2149 et
1909 2092 2018 2149 hoc

368 2211 391 2237 ι
430 2202 624 2252 mane,
658 2208 685 2233 »
717 2184 774 2238 id
808 2187 919 2251 est,
952 2183 1011 2236 in
1042 2181 1330 2254 principio
1374 2199 1517 2237 mem
1567 2182 2018 2237 illuminationis

363 2279 423 2330 et
451 2269 1226 2344 compunctioniszaudiunt
1256 2271 1499 2341 quidam
1531 2270 2015 2338 misericordiam,

364 2363 521 2417 sicut
546 2360 725 2415 David
781 2376 884 2430 per
930 2358 1161 2413 Nathan
1213 2359 1558 2431 prophetam
1609 2360 1680 2413 de
1730 2358 2017 2413 adulterio

363 2451 694 2506 condonato
725 2450 806 2517 (II
836 2448 960 2518 Reg.
989 2450 1089 2514 xn)
1123 2463 1136 2500 :
1172 2446 1267 2501 alii
1302 2464 1404 2519 per
1442 2446 1740 2518 angelum,
1769 2447 1866 2501 alii
1918 2464 2021 2520 per

364 2539 678 2611 puritatem
713 2554 831 2592 sua:
864 2534 1257 2603 conscientize,
1278 2552 1339 2590 se
1370 2553 1612 2590 suorum
1645 2541 2015 2608 peccatorum

363 2628 579 2683 habere
610 2625 1018 2681 remissionem
1050 2624 1385 2697 intelligunt
1418 2641 1431 2678 :
1467 2623 1594 2680 ideo
1635 2624 1895 2680 auditam
1929 2627 2018 2680 fac

366 2715 854 2781 misericordiam,
896 2736 922 2767 ιι
953 2714 1092 2787 quia
1124 2714 1179 2767 in
1212 2719 1268 2769 te
1297 2713 1545 2785 speravi.
1577 2734 1603 2764 ι)

434 2806 503 2860 Et
534 2821 636 2876 per
663 2805 925 2859 auditam
958 2803 1421 2859 misericordiam
1461 2824 1488 2856 α
1519 2807 1717 2858 notam
1750 2803 1839 2857 fac
1872 2804 2017 2859 mihi

360 2893 516 2950 viam
551 2892 609 2948 in
645 2910 760 2965 qua
788 2892 1109 2961 ambulem,
1143 2891 1282 2964 quia
1313 2892 1385 2947 ad
1418 2897 1472 2948 te
1526 2891 1705 2947 levavi
1755 2893 2016 2947 animam

367 2999 580 3038 meam.
618 3003 646 3031 ))

431 3072 502 3127 Et
532 3089 668 3127 cum
700 3071 759 3127 in
790 3071 885 3127 via
915 3070 1314 3136 ambulavero,
1348 3070 1395 3125 si
1430 3069 1613 3143 aliqui
1664 3071 1889 3126 inimici
1924 3088 2016 3127 ve-

362 3161 575 3227 nerint,
608 3160 708 3233 qui
740 3178 834 3216 me
862 3160 1043 3217 velint
1071 3160 1373 3233 impedire,
1407 3165 1496 3230 tu,
1531 3181 1557 3213 α
1578 3160 1841 3227 Domine,
1860 3161 2017 3233 eripe

364 3267 456 3304 me
489 3250 559 3304 de
591 3249 846 3305 inimicis
879 3249 1048 3316 meis,
1084 3272 1111 3299 ››
1162 3250 1301 3322 quia
1349 3267 1455 3322 ego
1512 3270 1540 3303 υ
1568 3250 1801 3322 confugi
1834 3270 1860 3301 η
1900 3265 2016 3304 non

2137 670 2343 722 sancta
2373 667 2629 723 Ecclesia
2674 669 2744 723 de
2794 672 3084 739 potestate
3132 668 3357 723 inimici
3405 666 3696 739 eripitur:
3730 669 3786 721 et

2135 754 2287 811 hanc
2321 755 2533 812 Christi
2565 757 2867 813 victoriam
2895 756 3171 828 intelligit
3203 756 3523 829 significari
3556 754 3733 811 David
3754 772 3789 809 a

2134 862 2244 899 sua
2271 846 2530 913 victoria,
2564 862 2743 917 quam
2781 845 2906 918 ipse
2954 846 3162 901 habuit
3209 846 3280 900 de
3330 844 3510 901 Golia.
3548 843 3788 900 Materia

2133 939 2222 988 est
2249 935 2376 1006 ipsa
2405 935 2619 991 Christi
2651 935 2911 1005 victoria,
2932 953 3036 1007 per
3064 953 3244 1008 quam
3276 935 3429 991 facta
3448 938 3538 990 est
3570 933 3699 1006 ipsa
3718 932 3785 987 li-

2133 1022 2355 1079 beratio
2385 1029 2605 1079 nostra.
2640 1025 2703 1079 In
2735 1024 2925 1095 prima
2953 1029 3114 1096 parte
3158 1023 3377 1096 gratias
3426 1022 3546 1095 agit
3578 1023 3647 1077 de
3679 1037 3789 1077 sua

2133 1111 2392 1168 victoria.
2427 1130 2603 1185 quam
2634 1118 2832 1168 tamen
2868 1113 3095 1169 inducit
3111 1112 3302 1185 gratia
3333 1112 3672 1185 signiﬁcata:
3701 1111 3784 1166 vi-

2132 1206 2328 1257 ctoria:
2359 1202 2597 1272 Christi,
2630 1206 2688 1258 et
2713 1202 2858 1275 petit
2908 1207 2974 1257 ut
3014 1203 3354 1257 incarnetur
3381 1205 3439 1257 et
3466 1202 3659 1257 veniat
3689 1200 3786 1259 ille

2132 1291 2233 1363 qui
2254 1291 2520 1347 devineet
2550 1291 2775 1347 Goliam
2793 1297 2849 1348 ct
2878 1309 2994 1348 non
3012 1292 3083 1347 de
3099 1294 3386 1364 potestate
3405 1290 3593 1365 ipsius
3610 1290 3785 1346 Goliae

2132 1379 2435 1436 liheret.In
2471 1382 2751 1448 secunda,
2776 1399 2903 1453 quae
2936 1380 3184 1453 incipit:
3219 1404 3245 1431 «
3281 1381 3457 1447 Deus,
3489 1380 3782 1436 canticum

2132 1486 2348 1525 novum
2379 1470 2625 1525 cantabo
2657 1469 2785 1535 tibi,
2804 1469 2987 1524 ndicit
3004 1468 3291 1542 PrOpheta
3315 1473 3437 1525 tam
3458 1468 3517 1524 in
3536 1485 3785 1541 persona

2131 1559 2431 1632 sui,quam
2450 1559 2508 1614 in
2526 1575 2778 1631 persona
2793 1558 3059 1614 omnium
3076 1559 3643 1631 liberatorum,quod
3658 1557 3783 1629 ipse

2130 1648 2390 1705 cantabit
2410 1648 2658 1705 Domino
2679 1652 2737 1703 et
2760 1647 2819 1703 in
2841 1649 2997 1704 Novo
3018 1652 3075 1704 et
3096 1648 3155 1703 in
3175 1648 3368 1704 Veteri
3386 1649 3781 1714 Testamento,

2128 1756 2231 1811 pro
2266 1738 2608 1795 liberatione
2639 1754 2818 1810 quam
2849 1738 2983 1794 fecit
3003 1738 3054 1793 ei
3087 1737 3374 1793 Dominus
3400 1741 3457 1792 et
3475 1736 3601 1793 suis
3622 1734 3780 1791 simi-

2130 1830 2286 1885 libus
2316 1830 2387 1885 de
2417 1827 2648 1884 diabolo
2677 1831 2735 1883 et
2756 1827 2929 1883 malis
2955 1827 3327 1893 hominibus,-
3340 1831 3397 1883 et
3418 1825 3667 1882 multam
3689 1825 3782 1880 de-

2129 1918 2335 1975 scribit
2381 1934 2583 1973 eorum
2628 1915 2936 1981 malitiam,
2972 1916 3229 1973 Intendit
3275 1932 3384 1972 nos
3431 1915 3675 1972 invitare
3719 1917 3785 1969 ut

2130 2006 2377 2062 Domino
2406 2006 2629 2080 gratias
2658 2006 2982 2061 referamus
3011 2005 3084 2061 de
3110 2004 3357 2061 victoria
3386 2008 3599 2060 nostrae
3638 2002 3784 2057 libe-

2127 2095 2392 2164 rationis,
2428 2095 2581 2151 sicut
2608 2095 2730 2167 ipse
2762 2094 3047 2167 propheta
3075 2093 3297 2167 gratias
3329 2094 3477 2167 agit,
3503 2096 3562 2149 et
3588 2093 3657 2148 de
3679 2108 3791 2147 sua

2128 2185 2365 2256 propria
2408 2183 2651 2239 victoria
2698 2184 2770 2239 de
2822 2182 3007 2250 Golia,
3043 2188 3100 2238 et
3148 2183 3401 2239 maxime
3445 2184 3517 2238 de
3544 2180 3792 2238 victoria

2128 2273 2484 2344 Christi,per
2512 2288 2690 2343 quam
2725 2271 3010 2344 propheta
3040 2272 3302 2344 seipsum
3335 2289 3471 2327 cum
3503 2270 3789 2341 aliisjus-

2128 2361 2206 2415 tis
2238 2361 2472 2415 liberari
2505 2360 2799 2432 intelligit.
2834 2360 3001 2415 Hunc
3032 2359 3329 2431 psalmum
3363 2360 3642 2415 ultimum
3692 2375 3795 2432 po-

2129 2449 2216 2504 nit
2244 2450 2315 2504 de
2338 2448 2614 2505 omnibus
2644 2448 2761 2504 illis
2786 2447 2846 2503 in
2878 2448 3094 2521 quibus
3126 2465 3230 2520 per
3258 2448 3537 2503 historias
3563 2448 3793 2519 aliquid

2128 2537 2518 2610 significabat,
2550 2535 2638 2592 vel
2671 2536 2758 2592 uti
2788 2537 2859 2591 ad
2893 2536 3237 2609 patientiam
3284 2535 3370 2592 vel
3424 2537 3497 2591 ad
3546 2540 3790 2591 caeteras

2127 2626 2352 2682 similes
2382 2625 2625 2682 virtutes
2658 2626 3031 2681 admonebat.
3062 2625 3263 2681 Crateri
3318 2642 3421 2681 vos
3469 2629 3787 2696 sequentes

2128 2719 2350 2787 septem
2384 2713 2590 2769 laudes
2623 2713 2804 2769 David
2832 2713 3129 2781 dicuntur,
3162 2712 3292 2792 ideo
3324 2712 3467 2785 quia
3496 2712 3589 2767 hic
3620 2712 3788 2784 ponit

2125 2802 2431 2859 victoriam
2472 2807 2683 2868 nostra;
2734 2802 3145 2858 liberationis:
3197 2819 3301 2875 per
3348 2802 3457 2857 hoc
3506 2801 3781 2869 innuens,

2127 2892 2285 2965 quod
2315 2892 2365 2947 si
2412 2891 2546 2964 quis
2592 2896 2801 2947 caetera
2848 2892 2908 2947 in
2957 2891 3089 2948 aliis
3138 2891 3385 2964 psalmis
3436 2891 3786 2964 praemonita

2128 2981 2274 3037 bene
2305 2980 2669 3049 custodierit,
2702 2980 2763 3036 in
2795 2981 2904 3037 hac
2936 2981 3177 3038 victoria
3224 2980 3465 3050 Christi,
3500 2981 3571 3037 de
3619 2979 3785 3037 Colia

2126 3069 2536 3126 liberationem
2568 3069 2845 3125 inveniet.

2196 3161 2276 3215 Ac
2324 3159 2374 3214 si
2418 3159 2565 3215 alios
2615 3158 2908 3226 invitaret,
2960 3158 3209 3217 dicens:
3255 3161 3505 3229 Fratres,
3538 3160 3587 3216 si
3619 3176 3720 3216 vos
3751 3176 3787 3215 a

2128 3247 2362 3304 diabolo
2393 3247 2624 3305 liberati
2646 3247 2812 3318 estis,
2846 3248 3023 3304 nolite
3053 3250 3219 3306 vobis
3250 3250 3564 3319 ascribere,
3589 3248 3690 3305 sed
3724 3247 3786 3303 in

365 3339 435 3394 ad
472 3337 709 3410 aliquod
741 3337 1073 3393 humanum
1107 3316 1421 3411 refugium,
1448 3340 1548 3395 sed
1580 3362 1608 3389 «
1644 3340 1716 3394 ad
1746 3316 1801 3394 te
1837 3361 1864 3387 »
1887 3338 2017 3394 ideo
2048 3316 2091 3383 (ἶ
2132 3338 2382 3394 Domino
2413 3338 2632 3411 gratias
2661 3316 2805 3410 agit,
2834 3342 2890 3394 et
2918 3339 3027 3394 hoc
3055 3338 3318 3412 exemplo
3349 3338 3484 3409 mei,
3513 3316 3612 3411 qui
3634 3336 3784 3393 nihil

365 3451 393 3477 ‹‹
427 3428 571 3482 doce
600 3443 693 3481 me
726 3427 913 3482 facere
943 3427 1303 3483 voluntatem
1335 3431 1519 3495 tuam,
1558 3450 1584 3476 »
1637 3429 1791 3500 quod
1841 3429 2018 3485 debes

365 3515 574 3583 facere,
611 3538 637 3565 ‹‹
673 3515 814 3586 quia
844 3515 1000 3571 Deus
1033 3532 1202 3572 meus
1231 3534 1293 3571 es
1324 3521 1408 3584 tu,
1448 3538 1475 3564 ››
1525 3516 1618 3572 cui
1669 3516 2018 3572 familiarem

365 3619 461 3659 me
492 3602 661 3658 facio.

437 3690 576 3747 Dico
610 3714 637 3742 «ι
671 3692 851 3765 eripe,
886 3696 1087 3748 notam
1119 3693 1207 3748 iac
1257 3694 1434 3763 viam,
1466 3717 1493 3745 »
1544 3699 1603 3750 et
1653 3694 1849 3763 facies,
1883 3695 2022 3768 quia

368 3803 397 3831 (ι
428 3781 675 3854 spiritus
706 3786 847 3837 tuus
861 3782 1051 3838 bonus
1083 3783 1331 3838 deducet
1361 3801 1473 3852 me,
1496 3806 1523 3833 ››
1551 3802 1655 3856 per
1676 3784 2022 3856 semitasju-

365 3869 559 3938 stitia},
595 3894 622 3921 «
657 3871 716 3927 in
748 3874 965 3927 terram
998 3875 1239 3940 rectam,
1278 3895 1305 3921 »
1338 3872 1396 3927 id
1438 3877 1545 3940 est,
1580 3873 1639 3928 in
1689 3877 1905 3929 terram
1936 3874 2019 3930 vi-

363 3959 649 4032 ventium,
684 3978 862 4033 quam
895 3960 1003 4015 soli
1036 3961 1176 4017 recti
1222 3961 1647 4033 possidebunt;
1681 3967 1738 4019 et
1784 3963 2020 4020 interim

366 4073 393 4099 ‹‹
420 4049 740 4106 vivificabis
773 4066 867 4105 me
898 4074 926 4100 ››
960 4051 1033 4105 ad
1063 4049 1350 4122 explenda
1382 4051 1661 4106 mandata
1690 4056 1794 4107 tua
1828 4075 1856 4103 «
1888 4070 2021 4125 pro-

367 4143 498 4211 pter
527 4155 741 4194 nomen
774 4143 964 4207 tnum,
986 4140 1252 4209 Domine,
1277 4163 1303 4189 ››
1334 4140 1474 4212 quia
1501 4140 1675 4196 Jesus
1706 4140 1938 4211 diceris,
1963 4143 2020 4198 id

366 4230 478 4296 est,
507 4226 807 4296 salutaris,
842 4228 984 4300 quia
1014 4246 1127 4284 non
1164 4245 1268 4301 pro
1300 4229 1548 4298 meritis,
1580 4231 1681 4285 sed
1708 4247 1813 4302 pro
1845 4231 2022 4287 mise-

368 4316 622 4373 ricordia
650 4324 754 4372 tua
787 4333 800 4372 :
834 4321 893 4373 et
924 4316 1033 4372 hoc
1071 4340 1096 4368 ι(
1131 4318 1189 4371 in
1223 4319 1498 4390 (equitate
1548 4322 1649 4375 tua
1683 4342 1711 4368 ››
1742 4319 1883 4392 quia
1914 4321 2023 4376 hoc

367 4404 545 4478 exigit
576 4404 822 4477 aequitas
853 4409 1007 4474 tuas,
1044 4410 1109 4461 ut
1139 4407 1392 4464 viviﬁces
1433 4413 1491 4463 et
1540 4409 1800 4465 deducas
1830 4408 2020 4481 illum,

368 4494 469 4566 qui
502 4509 564 4549 se
596 4494 703 4549 tibi
733 4493 1032 4550 humiliat.

440 4581 780 4639 Viviﬁcabis
828 4600 942 4646 me.
994 4588 1052 4639 et
1100 4606 1128 4633 ‹‹
1162 4584 1378 4640 educes
1428 4585 1686 4641 animam
1728 4604 1921 4643 meam
1954 4588 2027 4645 de

2129 3445 2233 3500 per
2261 3444 2355 3483 me
2394 3431 2598 3483 contra
2645 3426 2894 3497 Goliam,
2928 3429 3029 3485 sed
3074 3428 3274 3484 omnia
3320 3446 3423 3502 per
3467 3426 3787 3484 Dominum

2129 3516 2242 3588 egi,
2275 3520 2332 3572 et
2363 3515 2497 3572 inde
2529 3517 2608 3572 sit
2637 3539 2664 3566 «
2698 3516 3043 3573 benedictus
3074 3516 3361 3574 Dominus
3409 3516 3564 3573 Deus
3590 3532 3784 3585 meus,

2130 3604 2232 3676 qui
2263 3603 2431 3660 docet
2458 3620 2672 3660 manus
2704 3621 2887 3675 meas,
2920 3628 2948 3655 »
2983 3604 3041 3660 id
3073 3609 3185 3674 est,
3225 3605 3612 3678 operationes,
3647 3628 3675 3655 ‹‹
3711 3605 3785 3660 ad

2130 3691 2396 3765 praelium
2422 3709 2435 3748 :
2464 3715 2493 3743 »
2524 3709 2628 3766 per
2657 3710 2749 3749 me
2779 3693 2937 3749 enim
2972 3693 3288 3750 nescissem
3322 3699 3526 3750 contra
3555 3692 3785 3751 Goliam

2132 3781 2404 3855 prmliari.
2439 3806 2467 3832 ‹‹
2502 3784 2571 3838 Et
2601 3782 2816 3856 digitos
2847 3800 3031 3854 meos,
3067 3806 3094 3832 »
3127 3783 3187 3838 id
3219 3787 3328 3851 est,
3362 3782 3608 3839 consilia
3630 3798 3784 3854 mea,

2131 3873 2299 3928 docet
2318 3872 2431 3927 «ad
2466 3871 2708 3928 bellum.
2729 3872 2903 3928 «Ideo
2933 3888 3038 3944 per
3067 3871 3282 3944 digitos
3312 3870 3516 3928 volunt
3535 3871 3785 3944 intelligi

2130 3961 2396 4030 consilia,
2431 3960 2569 4034 quia
2601 3961 2754 4018 sicut
2784 3961 2951 4034 digiti
2993 3961 3065 4016 de
3097 3978 3277 4016 manu
3328 3961 3669 4035 procedunt,
3703 3960 3787 4016 ita

2131 4051 2203 4105 de
2246 4051 2419 4106 corde
2466 4049 2731 4118 consilia,
2766 4050 2937 4122 quasi
2983 4051 3241 4123 quadam
3292 4050 3519 4106 ratione
3548 4054 3782 4106 exeunt.

2135 4141 2339 4195 Docuit
2368 4140 2523 4195 enim
2558 4140 2712 4195 Deus
2744 4138 3058 4196 consilium
3076 4140 3322 4209 bonum,
3344 4139 3522 4195 veluti
3547 4139 3785 4211 quando

2132 4228 2366 4284 eminus
2386 4233 2589 4284 contra
2606 4228 2833 4284 Goliam
2851 4228 3308 4301 pugnaret,item
3332 4228 3568 4301 quando
3587 4227 3788 4283 docuit

2132 4335 2268 4374 eum
2322 4322 2385 4373 ut
2433 4317 2677 4373 fundam
2727 4334 2926 4374 secum
2980 4321 3259 4390 portaret,
3292 4322 3349 4373 et
3398 4318 3458 4374 in
3489 4316 3597 4373 hoc
3628 4317 3787 4388 quod

2133 4406 2363 4480 lapillos
2397 4406 2610 4463 electos
2642 4424 2844 4463 secum
2868 4410 3131 4481 portaret
3160 4405 3219 4462 in
3243 4424 3382 4480 pera
3409 4404 3711 4479 pastorali.

2207 4496 2375 4553 Ponit
2404 4497 2545 4553 item
2578 4495 2695 4552 alia
2724 4496 2825 4553 Dei
2871 4497 3173 4565 beneficia,
3208 4497 3279 4552 ad
3327 4494 3788 4552 cumulationem

2135 4586 2459 4660 gratiarum
2491 4586 2759 4655 actionis,
2780 4587 2947 4658 quasi
2980 4586 3061 4642 ita
3091 4585 3334 4641 diceret:
3370 4585 3504 4642 Ideo
3527 4584 3604 4641 sit
3621 4585 3791 4639 bene-

368 4669 771 4743 tribulatione,
809 4696 830 4722 ι
867 4671 925 4727 id
959 4677 1068 4740 est,
1102 4673 1172 4728 de
1205 4674 1581 4746 suggestione
1630 4681 2024 4747 peccatorum,
2057 4689 2104 4753 ι)
2136 4677 2330 4732 dictus
2362 4679 2419 4730 et
2448 4673 2740 4730 exaltatus
2773 4675 2949 4744 Deus,
2983 4675 3125 4746 quia
3176 4695 3203 4728 α
3246 4675 3415 4730 docet
3461 4689 3673 4729 manus
3706 4690 3719 4728 :
3760 4696 3788 4721 η

372 4781 399 4808 ι(
433 4762 491 4815 et
518 4758 577 4815 in
614 4760 1017 4817 misericordia
1046 4766 1147 4816 tua
1168 4761 1471 4835 disperdes
1492 4786 1517 4812 ››
1550 4780 1755 4819 omnes
1779 4788 1805 4815 «
1832 4764 2028 4821 inimi-

372 4865 472 4903 cos
505 4866 688 4917 meos,
723 4869 749 4901 η
786 4849 844 4905 id
876 4854 984 4918 est,
1019 4849 1256 4907 illicitos
1289 4855 1507 4921 motus,
1542 4853 1643 4924 qui
1685 4853 1743 4908 in
1796 4872 1888 4911 me
1940 4855 2025 4911 in-

374 4943 649 5009 surgunt.

384 5090 389 5093 _
444 5050 472 5077 ‹‹
507 5027 841 5099 Disperdes,
882 5053 902 5078 ι
939 5029 1148 5099 utjam
1182 5032 1386 5084 contra
1418 5047 1511 5085 me
1537 5047 1652 5085 non
1699 5030 2029 5105 insurgant,

375 5138 403 5165 «ι
436 5121 493 5172 et
523 5133 729 5172 omnes
761 5117 859 5188 qui
892 5118 1179 5173 tribulant
1210 5118 1467 5173 animam
1501 5136 1714 5188 meam,
1750 5125 1868 5175 tam
1903 5140 2032 5178 ma—

376 5201 463 5259 los
486 5205 781 5273 homines,
815 5223 992 5277 quam
1036 5207 1350 5276 dmmones,
1386 5232 1412 5258 ‹‹
1449 5209 1656 5280 perdes
1692 5232 1718 5257 ››
1770 5212 2028 5280 tandem,

377 5314 404 5340 «
439 5294 722 5365 quoniam
753 5310 858 5366 ego
892 5312 1095 5350 servus
1122 5299 1261 5352 tuus
1292 5313 1446 5351 sum.
1484 5319 1511 5346 ››

827 5384 899 5439 ιΝ
953 5384 1301 5441 PSALMUM
1343 5385 1581 5441 CXLIII.

539 5473 798 5527 TrrULus
833 5489 847 5527 :
877 5475 1132 5529 Psalmus
1158 5474 1329 5529 David
1358 5474 1617 5530 adversus
1647 5476 1875 5533 Goliam.

450 5582 477 5609 ‹‹
515 5559 885 5616 Benedictus.
913 5585 938 5610 ι)
973 5562 1242 5617 Psalmus
1272 5562 1382 5617 iste
1415 5564 1683 5619 convenit
1712 5566 1890 5621 David
1911 5584 2037 5639 pro-

378 5644 586 5715 pheta),
624 5646 725 5718 qui
756 5647 850 5703 hic
881 5650 1161 5722 loquitur,
1196 5650 1436 5707 habitus
1468 5654 1748 5710 adversus
1780 5656 2031 5725 Goliam,

381 5727 438 5789 id
470 5740 559 5792 est
577 5732 898 5793 diabolum.
926 5739 1211 5812 Loquitur
1230 5738 1387 5796 enim
1409 5740 1675 5815 psalmus
1706 5744 1777 5801 de
1796 5744 2037 5804 victoria

2140 4765 2280 4821 item
2313 4764 2453 4836 quia
2481 4763 2605 4835 ipse
2633 4767 2723 4820 est
2752 4763 3150 4820 misericordia
3186 4780 3348 4832 mea;
3376 4760 3515 4835 quia
3544 4760 3788 4834 longum

2139 4857 2294 4910 esset
2324 4870 2670 4909 enumerare
2691 4852 2889 4925 omnia
2911 4871 3038 4925 qua:
3058 4851 3169 4908 sibi
3201 4853 3355 4921 fecit,
3379 4850 3582 4924 paucis
3598 4850 3789 4907 verbis

2142 4943 2328 4999 multa
2362 4943 2455 4999 Dei
2490 4942 2776 4998 beneficia
2805 4941 3266 5015 comprehendit,
3282 4941 3442 4998 sic:«
3467 4939 3790 4997 misericor-

2142 5033 2238 5088 dia
2255 5050 2406 5101 mea,
2422 5052 2448 5084 υ
2476 5032 2533 5088 id
2559 5038 2649 5089 est
2671 5032 2770 5104 qui
2796 5031 2940 5087 mihi
2966 5032 3100 5088 fecit
3120 5030 3611 5087 misericordiam:
3639 5028 3790 5083 hanc

2140 5121 2265 5179 vult
2295 5121 2541 5195 intelligi
2571 5120 3058 5187 misericordiam,
3078 5120 3216 5192 quia
3243 5119 3503 5193 elegitde
3518 5117 3792 5175 omnibus

2144 5211 2426 5267 fratribus
2454 5228 2612 5276 eum,
2645 5211 2746 5283 qui
2778 5211 2950 5283 longe
2996 5210 3347 5266 videbantur
3392 5207 3707 5281 digniores,
3737 5210 3794 5262 et

2144 5300 2279 5358 fecit
2309 5318 2443 5356 eum
2477 5300 2682 5373 inungi
2716 5301 2775 5355 in
2807 5317 3004 5373 regem
3051 5304 3105 5370 (Ι
3130 5301 3256 5371 Reg.
3290 5298 3428 5371 XVI).
3462 5297 3656 5353 Prima
3694 5314 3797 5352 un-

2144 5391 2257 5447 ctio
2290 5392 2440 5447 facta
2462 5394 2551 5447 est
2581 5389 2639 5445 in
2659 5391 2833 5446 domo
2865 5390 3049 5463 patris
3080 5389 3173 5446 sui
3197 5388 3363 5444 Isaia
3388 5384 3794 5455 Samuele,sub

2144 5480 2339 5552 specie
2371 5479 2548 5535 futuri
2584 5480 2745 5553 regni
2775 5484 2905 5536 :«et
2940 5502 2966 5527 ››
3001 5479 3124 5552 ipse
3156 5478 3311 5535 Deus
3340 5481 3429 5533 est
3451 5498 3479 5527 «
3505 5474 3795 5547 refugium

2144 5585 2341 5624 meum
2378 5592 2406 5617 ››
2439 5569 2512 5623 ad
2546 5585 2718 5640 quem
2764 5567 2974 5640 refugi,
3008 5568 3308 5639 deponens
3359 5581 3524 5620 arma
3571 5562 3791 5627 omnia,

2144 5657 2363 5729 quibus
2387 5658 2610 5712 fueram
2644 5656 2889 5713 indutus
2913 5675 2927 5726 ;
2953 5674 3025 5712 ne
3056 5656 3115 5711 in
3147 5672 3465 5729 congressu
3483 5653 3799 5709 suII'ocarer

2145 5764 2179 5806 (ι
2202 5745 2386 5816 Golia,
2411 5750 2477 5803 ut
2504 5748 2664 5803 tanto
2695 5746 2952 5822 pondere
2982 5762 3283 5805 armorum
3315 5760 3577 5821 pressus,
3610 5741 3795 5801 consi-
