3944 6430
117 325 193 382 201

1439 296 1796 365 ΟΟΜΜΕΝΤ.
1836 299 1904 362 lN
1943 308 2106 368 GEN.

3394 333 3502 387 202

117 446 248 523 quod
262 440 514 507 credidit,
535 457 730 498 vacua
753 455 875 497 non
896 439 1206 496 remansit.
1231 441 1380 495 Nam
1404 450 1548 492 mox
1570 448 1716 506 prae-
1750 432 1800 484 Α
1830 430 2064 502 fenum,
2086 454 2333 513 aquam,
2365 451 2592 515 panem
2623 443 2840 502 obtulit
2866 463 2879 515 ;
2909 448 3018 504 sed
3035 465 3206 522 puer,
3227 451 3343 508 nisi
3365 468 3504 510 cau-

116 540 278 596 dicare
307 531 524 589 studuit
551 530 719 604 quod
746 531 993 598 audivit,
1019 534 1075 586 et
1099 527 1377 586 docendo
1407 524 1628 582 multos
1648 539 1721 578 ex
1831 539 1962 580 sam
1989 527 2155 599 prius
2181 531 2446 604 conjugii
2473 533 2785 604 obtineret,
2813 541 3203 611 accepturum
3258 557 3320 598 se
3372 557 3502 600 esse

117 643 166 682 se
189 622 579 700 praedicatores
603 619 867 692 protulit.
900 623 1074 692 Aqua
1113 616 1339 690 quippe
1392 615 1454 672 in
1506 611 1724 686 hydria
1831 618 2150 675 recusavit.
2187 621 2337 687 Quia
2366 628 2507 680 sunt
2546 623 2815 699 plerique
2859 627 2966 700 qui
3019 628 3298 690 doctores
3359 649 3502 690 suos

115 721 185 773 est
208 711 428 770 scientia
452 708 900 783 praedicationis
930 709 991 764 in
1017 722 1324 774 mensura,
1343 705 1489 778 quia
1518 705 1727 759 sancta

116 802 334 861 Ecclesia
349 799 542 856 studet
564 814 694 855 non
723 797 860 872 plus
891 813 1102 871 sapere
1128 811 1318 870 quam
1347 796 1582 867 oportet
1637 808 1726 848 sa-

114 908 247 968 pere,
275 889 372 948 sed
397 905 608 962 sapere
631 888 711 945 ad
745 888 1150 944 sobrietatem.
1179 889 1246 942 Et
1286 883 1503 957 hydria
1555 897 1728 954 aquae

113 983 161 1039 in
184 981 319 1038 ulnis
338 984 422 1037 est
443 978 722 1035 doctrina
750 975 1197 1051 praedicationis
1229 975 1293 1031 in
1340 987 1542 1046 opere,
1590 986 1728 1044 quae

112 1088 212 1129 non
233 1071 414 1128 solum
437 1069 571 1141 ejus
593 1068 936 1135 comitibus,
959 1066 1066 1124 sed
1085 1070 1299 1140 potum
1323 1065 1503 1122 etiam
1534 1077 1730 1119 came-

109 1163 168 1218 lis
191 1161 413 1235 prtebet,
443 1160 590 1233 quia
626 1158 883 1216 verbum
914 1159 1049 1214 vitae
1078 1172 1204 1213 non
1237 1155 1433 1212 solum
1463 1153 1730 1228 pruden-

112 1252 262 1317 tibus,
289 1251 384 1308 sed
407 1250 588 1307 etiam
615 1249 810 1305 stultis
847 1248 1156 1322 praedicat,
1183 1248 1357 1319 juxta
1406 1244 1570 1301 Pauli
1622 1259 1730 1300 vo-

111 1358 218 1398 cem
247 1340 484 1398 dicentis
515 1357 529 1395 :
558 1339 944 1410 Sapientibus
970 1345 1025 1395 et
1056 1336 1472 1408 insipientibus
1502 1335 1733 1392 debitor

111 1447 218 1487 sum
248 1431 417 1501 (Rom.
445 1447 486 1497 ι,
522 1431 634 1501 tt).
659 1428 764 1484 Vel
798 1433 956 1484 certe
994 1443 1158 1501 aqua
1211 1426 1391 1483 etiam
1442 1423 1732 1496 jumentis

109 1521 262 1577 datur
281 1519 525 1594 quando
555 1535 705 1575 cura
732 1517 932 1575 carnis
953 1516 1266 1590 quomodo
1301 1515 1372 1572 sit
1425 1514 1728 1580 habenda,

111 1610 414 1684 disponitur
447 1628 460 1676 ;
497 1613 562 1665 ut
589 1624 662 1664 ex
691 1607 1003 1680 voluptate
1030 1605 1301 1680 impendi
1325 1620 1450 1662 non
1493 1603 1729 1671 debeat,

109 1705 156 1756 et
202 1705 385 1757 tamen
437 1699 502 1755 in
561 1697 1018 1755 necessitatibus
1072 1713 1198 1753 non
1252 1700 1523 1766 negetur,
1583 1694 1736 1750 sicut

1835 719 1908 760 ex
1924 709 2374 795 temporalibus
2398 713 2708 787 stipendiis
2738 716 3046 780 continere
3089 721 3286 793 parati
3340 726 3501 795 sunt,

1837 793 1942 885 sed
1967 798 2392 869 praedicatores
2417 804 2607 860 sancti
2627 806 2931 880 percipere
2962 808 3176 868 nolunt
3204 793 3504 885 tempora-

1834 881 1916 940 lia
1947 885 2062 942 nisi
2089 889 2258 961 prius
2289 891 2602 949 obtineant
2627 898 2872 952 aeterna.
2896 897 2954 954 Si
2987 898 3152 956 enim
3200 900 3264 958 in
3313 881 3506 959 mani-

1836 972 1955 1030 bus
1983 975 2207 1035 factum
2248 995 2374 1036 non
2393 981 2724 1049 inveniunt,
2757 1001 2995 1045 sumere
3018 988 3318 1062 stipendia
3370 1007 3502 1049 cor-

1837 1064 2088 1154 poribus
2120 1073 2532 1140 contemnunt.
2562 1075 2678 1128 Nec
2705 1074 2894 1146 pedes
2911 1092 3074 1150 aqua
3099 1077 3328 1149 lavant,
3357 1081 3505 1154 quia

1837 1151 2112 1212 laborem
2143 1159 2235 1214 sui
2266 1159 2543 1216 desiderii
2587 1161 2752 1219 nulla
2812 1167 3226 1226 consolatione
3278 1151 3502 1228 levant.

1840 1246 1970 1301 Mox
1995 1263 2138 1303 vero
2171 1264 2421 1306 causam
2450 1251 2584 1322 conj
2597 1252 2714 1322 ugii
2741 1253 2978 1310 domini
3009 1258 3102 1313 sui
3157 1275 3309 1331 puer
3354 1260 3505 1317 obti-

1840 1333 1990 1424 nuit,
2024 1351 2173 1392 vasa
2203 1352 2390 1394 aurea
2419 1343 2600 1413 atque
2658 1349 2965 1416 argentea,
3006 1361 3077 1402 ac
3126 1354 3324 1405 vestes
3371 1367 3506 1424 pro—

1841 1422 1992 1494 tulit,
2025 1439 2183 1497 quas
2214 1427 2495 1485 Rebeccae
2526 1430 2692 1489 dedit
2726 1449 2739 1501 ;
2768 1433 2912 1506 quia
2956 1433 3233 1493 doctores
3283 1422 3504 1497 sancta:

1844 1512 2117 1570 Ecclesiae
2137 1516 2264 1574 suis
2294 1522 2382 1574 tot
2407 1527 2770 1579 ornamenta
2797 1524 3072 1597 praebent
3123 1533 3273 1600 quot
3329 1529 3509 1586 virtu-

1843 1607 1973 1659 tum
1999 1603 2164 1662 dona
2188 1606 2550 1665 docuerunt.
2577 1611 2720 1676 Quae
2752 1613 2971 1670 etenim
2998 1615 3164 1688 prius
3180 1617 3422 1674 inaures
3451 1622 3510 1675 et

1843 1693 2112 1751 armillas
2153 1703 2487 1771 acceperat,
2513 1699 2644 1770 jam
2675 1717 2837 1758 nunc
2887 1720 3037 1761 vasa
3089 1721 3275 1765 aurea
3324 1712 3507 1782 atque

110 1789 364 1862 scriptum
393 1794 486 1846 est
518 1807 533 1844 :
567 1789 785 1845 Carnis
819 1803 1029 1845 curam
1060 1802 1136 1844 ne
1155 1786 1420 1856 feceritis
1469 1787 1533 1842 in
1586 1785 1734 1842 desi-
1775 1788 1816 1843 Β
1845 1784 2149 1854 ἂνεδῐιῑθα,
2177 1802 2247 1843 ac
2276 1794 2474 1844 vestes
2503 1790 2720 1863 accipit
2752 1811 2765 1861 ;
2792 1793 2938 1866 quia
2981 1801 3191 1854 sancta
3221 1797 3503 1868 Ecclesia,

108 1880 264 1936 deiiis
293 1881 499 1937 vestris
520 1881 710 1952 (Rom.
729 1895 857 1943 xm,
890 1878 998 1950 14).
1032 1877 1143 1944 Qui
1173 1877 1332 1934 enim
1360 1877 1519 1934 hanc
1537 1877 1600 1933 in
1628 1877 1734 1934 de-

108 1969 310 2026 sideriis
341 1969 465 2027 ﬁeri
495 1969 790 2044 prohibet,
812 1968 1026 2042 procul
1056 1967 1246 2025 dubio
1274 1967 1336 2024 in
1382 1967 1734 2024 necessitate

106 2059 367 2123 concedit,
389 2059 565 2131 juxta
590 2058 706 2115 hoc
727 2058 895 2132 quod
943 2073 1188 2115 rursum
1235 2057 1499 2114 dicitur:
1549 2059 1733 2114 Nemo

109 2165 320 2206 carnem
349 2165 520 2207 suam
542 2149 678 2206 odio
710 2149 942 2218 habuit,
969 2148 1073 2205 sed
1098 2150 1294 2205 nutrit
1316 2153 1373 2206 et
1398 2149 1562 2219 fovet
1606 2163 1734 2205 eam

105 2238 314 2309 (Ephes.
349 2255 406 2300 ιι.
439 2243 556 2304 30).

165 2330 300 2385 Puer
325 2334 525 2386 autem
555 2328 836 2386 Rebeccae
866 2328 1109 2386 inaures
1141 2332 1199 2385 et
1227 2328 1494 2386 armillas
1553 2327 1737 2396 dedit,

103 2418 227 2490 quia
256 2417 612 2491 praedicator
632 2417 894 2491 quisque
927 2421 984 2474 et
1034 2417 1310 2474 auditum
1362 2421 1584 2474 sanctae
1638 2420 1739 2474 Ec-

109 2507 282 2563 clesia
308 2525 412 2582 per
431 2507 846 2566 obedientiam
866 2511 926 2564 et
952 2523 1173 2564 manus
1194 2523 1302 2582 per
1324 2507 1502 2564 bona;
1523 2523 1738 2582 opera-

109 2597 264 2654 tionis
305 2600 587 2656 meritum
631 2602 902 2655 exornat.
930 2598 1044 2654 Sed
1073 2597 1314 2655 inaures
1361 2597 1624 2654 duorum
1667 2598 1741 2654 si-

105 2686 310 2744 clorum
361 2693 536 2751 sunt,
595 2687 844 2744 armillae
906 2692 1108 2744 autem
1162 2687 1445 2744 siclorum
1508 2688 1738 2757 decem,

104 2775 229 2847 quia
271 2777 462 2850 prima
517 2777 708 2834 virtus
763 2775 1118 2834 obedientim
1161 2776 1222 2833 in
1273 2776 1559 2835 charitate
1605 2783 1740 2846 est;

104 2881 221 2938 quae
246 2867 519 2926 videlicet
561 2867 826 2925 charitas
856 2867 918 2924 in
969 2867 1213 2924 duobus
1260 2868 1574 2942 prmeeptis
1629 2868 1746 2925 dis-

107 2955 389 3025 tinguitur,
421 2962 486 3014 ut
513 2961 676 3013 Deus
709 2961 766 3013 et
793 2956 1108 3032 proximus
1136 2956 1438 3030 diligatur,
1484 2962 1539 3015 et
1585 2963 1748 3016 recta

104 3046 346 3116 operatio
389 3063 459 3103 ex
513 3045 795 3118 Decalogi
852 3046 1250 3120 completione
1303 3047 1628 3122 perﬁcitur,
1685 3060 1749 3110 ut

1843 1890 1983 1947 quae
2009 1881 2146 1932 ante
2177 1892 2286 1950 per
2309 1878 2516 1946 ﬁdem,
2543 1879 2951 1940 obedientiam
2981 1890 3039 1942 et
3091 1889 3507 1960 operationem

1846 1966 2132 2040 percepit,
2161 1983 2511 2025 excrescens
2536 1972 2929 2043 postmodum
2958 1975 3140 2033 etiam
3166 1977 3247 2034 ad
3271 1978 3508 2052 spirita-

1848 2053 1931 2138 lia
1950 2055 2114 2112 dona
2138 2057 2520 2126 convalescit,
2551 2064 2618 2115 ut
2647 2061 2978 2134 prophetiae
3010 2064 3226 2137 spiritu
3254 2072 3312 2124 et
3328 2067 3510 2124 virtu-

1851 2148 1980 2201 tum
2011 2145 2203 2215 gratia
2232 2146 2480 2220 repleta,
2509 2148 2811 2222 ampliatis
2834 2151 2965 2222 jam
2992 2155 3348 2212 muneribus
3384 2156 3510 2213 dis-

1850 2239 1966 2291 cat.
1990 2238 2140 2292 Puer
2165 2253 2310 2293 vero
2335 2238 2512 2294 matri
2541 2239 2670 2310 ejus
2700 2255 2772 2297 ac
2819 2240 2985 2299 fratri
3027 2243 3191 2302 dona
3242 2246 3459 2304 obtulit
3490 2263 3504 2314 ;

1852 2325 1996 2399 quia
2026 2326 2346 2399 gentilitas,
2378 2344 2450 2384 ex
2499 2345 2623 2402 quo
2655 2330 2918 2390 Ecclesia
2965 2333 3044 2391 ad
3090 2335 3277 2394 ﬁdem
3328 2340 3508 2416 venit,

1854 2421 1992 2489 post
2022 2418 2537 2476 conversationem
2568 2420 2701 2492 ejus
2727 2421 2786 2477 in
2820 2421 3010 2493 gloria
3038 2427 3355 2500 temporali
3376 2444 3514 2486 con-

1856 2505 2064 2576 valuit,
2097 2507 2248 2563 sicut
2277 2512 2332 2564 et
2353 2524 2517 2565 nunc
2541 2510 2864 2584 cernimus,
2885 2513 3030 2587 quia
3062 2516 3287 2590 ubique
3321 2517 3514 2576 Chris-

1862 2595 2417 2654 tianiaﬂlictionem
2446 2600 2727 2669 sentiunt,
2761 2606 2820 2658 et
2877 2604 3129 2674 gentiles
3179 2607 3407 2681 quique
3452 2608 3516 2664 in

1861 2689 2095 2743 terrena
2113 2687 2327 2744 virtute
2357 2687 2708 2758 gloriantur.
2739 2691 2853 2748 Sed
2883 2698 2942 2749 et
2961 2693 3173 2751 fratres
3195 2696 3325 2768 ejus
3353 2697 3518 2754 dona

1860 2776 2216 2850 percipiunt,
2247 2777 2392 2851 quia
2415 2779 2475 2834 hi
2504 2779 2609 2852 qui
2630 2779 2691 2836 in
2722 2795 2794 2837 ea
2821 2781 3004 2839 ﬁdem
3048 2785 3413 2843 verbotenus
3442 2792 3522 2845 te-

1862 2872 2026 2938 nent,
2055 2868 2163 2924 sed
2185 2873 2385 2924 tamen
2415 2869 2853 2942 professionem
2881 2889 3057 2931 suam
3086 2875 3361 2934 moribus
3389 2894 3515 2934 non

1862 2964 2180 3032 sequentes
2207 2959 2526 3016 carnaliter
2569 2961 2796 3030 vivunt,
2857 2961 3118 3034 benigne
3165 2983 3203 3022 a
3240 2966 3522 3025 ﬁdelibus

1860 3047 2146 3105 hdnorari
2162 3047 2356 3105 solent
2386 3065 2496 3122 pro
2525 3065 2597 3105 eo
2627 3052 2794 3124 quod
2826 3068 2955 3108 esse
2979 3053 3188 3110 ﬁdeles
3221 3055 3518 3114 videntur.

107 3151 224 3192 cum
246 3136 403 3194 bona
433 3138 535 3209 agi
587 3138 895 3211 coeperint,
927 3137 1091 3194 mala
1127 3138 1261 3210 jam
1317 3139 1484 3196 nulla
1540 3154 1748 3214 perpe-
1793 3148 1834 3203 C
1863 3140 2042 3194 Mater
2068 3153 2212 3208 ergo
2242 3143 2297 3194 et
2317 3138 2530 3194 fratres
2577 3138 2741 3195 dona
2770 3140 3130 3213 percipiunt,
3156 3159 3194 3199 a
3236 3149 3394 3202 sorte
3441 3150 3527 3204 tua

103 3231 326 3286 trentur.
358 3228 631 3286 Rebecca
661 3233 862 3285 autem
883 3244 1014 3285 esse
1066 3229 1126 3285 in
1180 3229 1366 3287 domo
1415 3230 1602 3304 patris
1654 3232 1746 3286 sui

103 3314 283 3374 locum
313 3320 652 3394 spatiosum
708 3319 782 3376 ad
845 3319 1218 3376 manendum
1251 3321 1570 3393 perhibuit,
1603 3321 1749 3394 quia

120 3421 151 3461 a
183 3408 356 3480 priori
401 3411 534 3481 jam
579 3409 807 3483 populo
858 3414 1089 3466 naturae
1140 3409 1336 3481 legem
1381 3416 1589 3468 sancta
1645 3415 1750 3467 Ec-

105 3495 268 3553 clesia
291 3515 353 3556 se
381 3500 571 3557 scisse
602 3500 981 3568 monstravit,
1014 3505 1072 3558 et.
1106 3500 1518 3573 prmdicatoris
1559 3502 1746 3559 verba

104 3586 155 3642 in
187 3590 384 3662 amplo
415 3591 728 3649 charitatis
751 3591 981 3662 gremio
1003 3591 1290 3665 suscepit.
1327 3592 1560 3650 Doctori
1593 3593 1755 3650 enim

107 3679 384 3751 spatiosus
414 3681 496 3740 ad
547 3682 926 3739 manendum
979 3681 1151 3740 locus
1205 3688 1295 3741 est
1347 3683 1410 3741 in
1465 3685 1755 3742 auditoris

106 3769 268 3826 corde
296 3770 556 3829 latitudo
582 3771 889 3828 bonitatis.
925 3771 1092 3829 Unde
1118 3777 1174 3830 et
1204 3773 1578 3847 quibusdam
1608 3775 1754 3832 dici-

105 3860 194 3913 tur
227 3877 239 3914 :
265 3861 468 3931 Capite
500 3877 613 3919 nos
642 3877 656 3918 :
690 3862 982 3919 neminem
1009 3863 1291 3932 lwsimus,
1323 3865 1615 3922 neminem
1632 3882 1759 3923 cor-

108 3949 403 4023 rupimus;
433 3969 562 4010 non
594 3952 1035 4023 angustiamini
1080 3953 1144 4008 in
1191 3953 1360 4010 nobis
1383 3967 1405 4020 ,°
1451 3957 1758 4027 angustia-

107 4037 240 4094 mini
257 4047 456 4099 autem
488 4043 556 4098 in
604 4041 930 4098 visceribus
966 4042 1177 4099 vestris
1202 4043 1296 4114 (II
1322 4044 1458 4101 Cor.
1489 4061 1593 4114 vn,
1649 4050 1758 4116 1‘2).

103 4129 173 4181 Ac
201 4128 247 4184 si
267 4130 352 4186 eis
378 4136 593 4206 aperte
616 4130 916 4188 diceretur
948 4147 962 4188 :
995 4130 1074 4188 ad
1106 4132 1558 4206 suscipiendam
1617 4135 1762 4192 doc-

108 4214 306 4274 trinam
340 4220 686 4294 spatiosum
712 4219 912 4277 locum
938 4219 1160 4277 mentis
1187 4220 1383 4293 facite,
1409 4223 1514 4279 sed
1547 4225 1625 4281 ad
1669 4241 1763 4281 co-

104 4303 330 4374 gitanda
351 4310 630 4368 carnalia
651 4310 892 4381 angusti
911 4315 1238 4369 remanete.
1258 4313 1431 4379 Quod
1448 4313 1764 4386 palearum

106 4409 166 4450 ac
192 4395 305 4455 feni
331 4399 674 4473 plurimum
705 4399 973 4469 haberet,
1008 4400 1314 4473 indicavit,
1362 4403 1509 4476 quia
1557 4409 1766 4462 sancta

106 4485 347 4546 Ecclesia
360 4489 560 4549 verba
590 4490 723 4546 vitae
745 4489 1020 4559 audiens,
1045 4494 1282 4548 terrena
1299 4491 1599 4565 stipendia
1617 4511 1767 4568 pra:-

104 4571 456 4636 dicatoribus
478 4577 764 4648 reddidit,
793 4595 930 4654 qua:
959 4579 1111 4636 dum
1162 4580 1387 4638 Paulus
1426 4583 1602 4656 quasi
1656 4600 1765 4658 pro

105 4663 270 4724 nihilo
295 4669 624 4744 acciperet,
657 4668 806 4726 dixit
831 4671 900 4728 Si
921 4685 1027 4728 nos
1058 4671 1222 4728 vobis
1263 4673 1575 4742 spiritalia
1595 4675 1766 4730 semi-

105 4759 387 4832 navimus,
428 4776 728 4832 magnum
765 4766 852 4818 est
900 4761 954 4818 si
994 4775 1033 4819 a
1063 4762 1226 4819 vobis
1265 4764 1549 4822 carnalia
1589 4771 1769 4823 meta-

105 4851 269 4904 mus?
297 4848 514 4922 (ICor.
544 4851 750 4922 11,“)

169 4937 363 4997 Frater
385 4946 602 4999 autem
648 4940 931 4998 Rebeccae
975 4946 1102 5000 erat
1147 4943 1370 5014 Laban,
1402 4944 1508 5019 qui
1537 4946 1766 5004 concite

111 5039 375 5097 egressus
392 5031 648 5090 inaures
669 5036 727 5090 et
746 5031 1012 5090 armillas
1025 5033 1247 5091 sororis
1263 5034 1582 5107 aspiciens,
1606 5037 1766 5093 intus

113 5129 353 5188 puerum
385 5122 657 5180 vocavit.
693 5123 846 5190 Quia
873 5127 1014 5180 sunt
1038 5123 1312 5182 carnales
1341 5125 1446 5199 qui
1487 5125 1768 5184 ﬁdelibus

111 5209 420 5282 conjuncti,
454 5212 571 5286 qui
602 5210 751 5269 dum
783 5212 1185 5286 spiritualium
1206 5213 1371 5272 dona
1391 5215 1692 5288 aspiciunt
1707 5217 1768 5274 in

112 5296 498 5360 admiratione
535 5302 845 5376 suspensi,
874 5303 983 5360 etsi
1007 5319 1132 5362 non
1193 5319 1386 5379 usque
1439 5305 1518 5362 ad
1561 5322 1768 5380 opera,

113 5386 294 5447 tamen
322 5391 385 5449 in
417 5393 704 5450 animam
737 5409 927 5467 usque
957 5393 1037 5452 ad
1085 5393 1533 5467 suscipiendam
1584 5396 1770 5453 fidem

115 5478 350 5538 verbum
365 5482 829 5556 praedicationis
849 5483 1196 5542 admittunt.
1223 5484 1376 5551 Quia
1400 5485 1560 5542 enim
1575 5485 1772 5544 bonos

1864 3242 2003 3282 men
2017 3226 2380 3283 haereditatis
2400 3227 2892 3300 alieni;quia.sive
2908 3229 3527 3300 infideles,seucarna-

1863 3315 1968 3385 les,
1991 3316 2096 3390 qui
2118 3315 2273 3374 intra
2295 3316 2435 3372 fidei
2462 3317 2903 3390 professionem
2925 3323 3221 3390 tenentur,
3247 3323 3326 3379 ad
3343 3323 3527 3380 haere-

1862 3406 2062 3463 ditatis
2078 3412 2314 3463 internae
2337 3412 2560 3463 sortem
2584 3408 3091 3476 nonveniunt,sed
3108 3415 3310 3468 tamen
3325 3429 3530 3487 super-

1862 3513 1957 3553 na:
1992 3497 2282 3568 largitatis
2310 3497 2564 3568 gloriam
2589 3498 2994 3572 temporaliter
3051 3509 3525 3575 consequuntur.

1935 3586 2205 3644 Rebecca
2224 3590 2426 3643 autem
2458 3603 2596 3643 cum
2643 3587 2858 3660 puellis
2902 3587 3029 3646 suis
3078 3589 3279 3647 virum
3324 3598 3531 3650 secuta

1865 3681 1976 3746 est,
2008 3677 2154 3751 quia
2205 3681 2420 3734 sancta
2477 3676 2738 3734 Ecclesia
2785 3677 2970 3735 habet
3025 3696 3234 3737 secum
3277 3681 3530 3740 minoris

1864 3767 2060 3825 meriti
2090 3768 2328 3823 animas
2359 3765 2598 3824 sodales
2626 3784 2788 3825 suas.
2845 3772 2996 3825 Nam
3043 3770 3155 3826 etsi
3190 3770 3252 3827 in
3284 3772 3534 3845 quibus-

1866 3858 2012 3915 dam
2041 3874 2148 3931 per
2173 3873 2496 3914 ascensum
2551 3858 2768 3914 mentis
2823 3857 2886 3914 in
2936 3859 3110 3916 thoro
3161 3861 3534 3936 contempla-

1867 3947 2046 4004 tionis
2074 3963 2200 4004 non
2230 3946 2476 4017 habitet,
2507 3962 2644 4020 quae
2677 3946 2948 4004 videlicet
2969 3948 3116 4005 tales
3149 3950 3369 4008 animae
3385 3967 3534 4024 qua-

1872 4039 1923 4093 si
1954 4037 2170 4112 puellee
2197 4037 2478 4093 Rebeccae
2511 4041 2668 4105 sunt,
2701 4037 2847 4110 quia
2873 4044 3210 4112 sequuntur
3238 4041 3530 4106 moribus,

1871 4130 1978 4185 sed
2007 4134 2212 4186 tamen
2263 4128 2342 4185 ad
2394 4127 2922 4201 contemplationis
2985 4129 3228 4188 thorum
3285 4131 3534 4190 minime

1873 4219 2226 4277 ascendunt.
2260 4221 2410 4275 Nam
2440 4223 2499 4274 et
2524 4217 2718 4274 isdem
2749 4233 2902 4292 puer
2958 4221 3264 4294 quosdam
3321 4222 3538 4280 habuit

1871 4309 1933 4366 in
1960 4307 2289 4376 comitatu;
2320 4307 2465 4381 quia
2493 4311 2552 4364 et
2577 4323 2718 4364 cum
2768 4308 2991 4366 sanctis
3042 4312 3355 4384 prophetis
3405 4312 3536 4368 fue-

1871 4401 2014 4456 runt
2039 4395 2293 4471 quidam
2313 4395 2418 4470 qui
2447 4395 2603 4453 bene
2621 4397 2909 4468 viverent,
2946 4403 3004 4455 et
3021 4399 3350 4475 prophetiae
3368 4399 3538 4476 spiri-

1875 4493 2004 4546 tum
2029 4503 2152 4544 non
2183 4485 2496 4558 haberent,
2529 4490 2587 4544 et
2613 4503 2754 4544 cum
2781 4487 2974 4545 beatis
3021 4491 3309 4563 apostolis
3354 4497 3536 4564 atque

1873 4575 2224 4635 doctoribus
2254 4576 2418 4634 fuere
2448 4575 2721 4651 plerique
2751 4577 2857 4652 qui
2900 4578 3085 4635 vitam
3143 4579 3415 4637 moribus
3455 4583 3536 4634 te-

1874 4671 2108 4734 nerent,
2139 4671 2200 4724 at
2249 4666 2693 4741 praedicationis
2747 4667 2936 4725 verba
2989 4683 3114 4725 non
3167 4670 3532 4742 promerent.

1877 4759 2146 4817 Festinus
2195 4761 2400 4814 autem
2443 4773 2595 4831 puer
2652 4756 2727 4814 ad
2789 4756 3107 4813 dominum
3163 4757 3337 4824 redit,
3389 4757 3538 4830 quia

1874 4849 2298 4924 praedicatores
2329 4846 2521 4904 sancti
2551 4863 2690 4904 cum
2744 4845 3138 4920 praedicando
3190 4845 3377 4903 vitam
3434 4863 3540 4905 au-

1875 4939 2170 4997 dientium
2199 4937 2494 5008 obtinent,
2517 4936 2598 4993 illi
2627 4953 2770 4994 mox
2799 4935 3024 5008 gratias
3052 4935 3321 4994 reddunt
3340 4936 3416 4995 de
3438 4955 3539 4996 cu-

1871 5030 1974 5103 jus
2003 5030 2120 5087 hoc
2149 5043 2400 5085 munere
2426 5030 2843 5101 perceperunt,
2871 5029 2934 5081 ut
2957 5024 3070 5082 sibi
3099 5025 3162 5082 in
3199 5041 3272 5085 ea
3321 5043 3536 5103 opera-

1876 5122 2036 5180 tione
2065 5120 2150 5178 nil
2180 5120 2464 5187 tribuant,
2499 5116 2607 5173 sed
2633 5115 2900 5173 Auctori.

1947 5212 2037 5268 Eo
2078 5215 2279 5270 autem
2317 5213 2579 5277 tempore
2606 5206 2781 5264 Isaac
2801 5207 3228 5267 deambulabat
3243 5224 3359 5280 per
3379 5212 3537 5268 viam

1881 5317 2010 5377 quae
2037 5301 2203 5357 ducit
2222 5299 2304 5357 ad
2318 5303 2591 5370 puteum,
2609 5298 2783 5368 cujus
2822 5312 3034 5355 nomen
3061 5305 3142 5356 est
3190 5301 3449 5356 Viventis
3485 5306 3540 5357 et

1892 5392 2179 5450 Videntis.
2214 5387 2357 5456 Quis
2384 5387 2476 5444 est
2503 5387 2714 5444 vivens
2735 5392 2794 5444 et
2820 5386 3050 5451 videns,
3101 5387 3218 5446 nisi
3261 5389 3542 5464 omnipo-

1881 5487 2014 5540 tens
2042 5483 2217 5548 Deus,
2251 5478 2328 5535 de
2355 5493 2482 5550 quo
2513 5476 2803 5552 scriptum
2828 5482 2917 5534 est
2948 5494 2961 5534 :
3005 5478 3145 5535 Vivo
3166 5494 3271 5551 ego
3293 5479 3359 5536 in
3380 5486 3546 5538 arter-

116 5579 254 5642 saipe
306 5571 630 5630 miraculis
674 5571 903 5644 fulgere
949 5572 1352 5643 considerant,
1379 5589 1454 5632 ea
1508 5591 1646 5649 quae
1701 5575 1775 5633 de
1883 5588 2053 5644 num,
2080 5570 2226 5627 dicit
2255 5567 2546 5624 Dominus
2569 5568 2598 5623 τ
2651 5568 2731 5623 De
2787 5582 2912 5640 quo
2966 5583 3206 5625 rursum
3255 5569 3546 5644 scriptum

117 5661 419 5720 aeternitate
451 5661 758 5731 audiunt,
792 5678 914 5721 non
946 5668 1251 5734 recusant,
1284 5664 1564 5738 quamvis
1609 5681 1779 5724 sanc-

1887 5667 1976 5721 est
2007 5681 2020 5718 :
2052 5660 2266 5718 Omnia
2292 5658 2460 5714 nuda
2490 5662 2544 5713 et
2565 5663 2782 5727 aperta
2809 5663 2952 5714 sunt
2974 5661 3163 5717 oculis
3184 5663 3312 5732 ejus
3334 5661 3544 5733 (Hebr.

121 5749 230 5806 tam
271 5751 633 5812 electorum
665 5753 992 5812 Ecclesiam
1022 5755 1296 5813 moribus
1324 5771 1404 5812 on
1449 5763 1778 5830 sequentes
1892 5771 1970 5824 iv,
2005 5753 2111 5824 i3).
2144 5753 2361 5808 Puteus
2389 5763 2532 5806 vero
2561 5747 2816 5806 viventis
2861 5751 2951 5806 est
3006 5765 3194 5808 sacrae
3232 5751 3550 5823 Scriptum

118 5834 172 5893 in
189 5844 406 5905 carnali
435 5843 722 5903 oratione
751 5850 1130 5904 remaneant.
1163 5846 1276 5915 Qui
1307 5846 1514 5906 Laban
1539 5847 1776 5922 paleas,

418 5934 691 5991 Par-nor.
731 5933 884 5992 CXV.

1893 5841 2294 5920 profunditas,
2323 5855 2512 5913 quam
2562 5836 2741 5896 nobis
2767 5836 2846 5896 ad
2883 5837 3294 5915 irrigationem
3331 5837 3552 5896 mentis

3127 5933 3161 5987 7
