3942 6360
121 424 257 488 67⁸1

1337 436 1834 502 EXPLANATIO
1879 443 1956 503 IN
2001 445 2139 547 PSA
2153 448 2381 511 LMOS.

3449 466 3571 531 678

121 558 291 615 lium
315 559 488 617 aliter
506 561 810 634 pugnandi
841 565 995 636 apud
1032 567 1212 623 Deum
1243 568 1470 628 inveni:
1505 589 1607 644 per
1626 592 1798 645 quem
1831 577 1886 643 Α
1916 578 2095 634 initus
2127 599 2373 653 magnos
2404 591 2461 641 et
2490 586 2777 661 lacrymas
2799 591 3019 665 exigue
3042 595 3147 666 pize
3171 603 3568 673 compunctio-

124 666 393 673 __---_-__
419 651 498 673 1'.-.“
526 656 717 673 --_1_-
751 653 899 673 half,
954 672 961 673 κ
998 671 1006 673 Α
1304 664 1312 673 ι
1751 665 1760 673 .
1956 666 1966 673 .
2138 670 2145 673 .

123 666 394 705 securus
419 651 499 705 fui
521 656 727 708 contra
750 653 973 709 Goliam
997 671 1008 710 :
1036 679 1063 705 «
1083 664 1391 729 susceptor
1423 678 1639 727 meus,»
1665 665 1804 735 quia

120 739 262 811 ipse
289 740 448 795 Deus
479 740 538 795 in
569 745 736 797 tanta
761 743 1046 815 dignitate
1079 764 1171 801 me
1200 750 1641 822 suscepit,quod
1664 769 1798 808 cum

119 846 329 883 essem
366 834 566 900 pastor
595 832 1043 902 quidam,homo
1072 837 1229 906 parvi
1262 840 1514 910 generis,
1542 841 1675 895 fecit
1708 860 1799 897 me

119 934 424 991 generum
457 918 673 988 Saulis,
696 926 827 976 «et»
854 924 1019 994 quasi
1054 941 1253 996 parem
1288 927 1397 998 ipsi
1433 929 1548 1000 regi
1577 946 1589 984 :
1615 947 1639 973 ο
1666 930 1802 985 libe-

118 1010 297 1062 rator
326 1024 495 1063 meus
531 1031 559 1056 η
592 1009 731 1081 quia
760 1011 833 1065 ab
866 1012 1023 1066 omni
1058 1017 1459 1084 persecutione
1490 1019 1681 1075 Saulis
1705 1038 1797 1075 me

120 1092 425 1150 liberavit.

198 1224 231 1250 «
272 1201 575 1258 Protector
605 1220 793 1274 meus,
832 1230 857 1255 ››
885 1208 985 1279 qui
1019 1226 1254 1266 omnem
1289 1211 1792 1285 impugnationem

118 1286 328 1359 ipsius
360 1289 558 1345 Saulis
589 1308 818 1349 cessare
852 1295 1006 1365 fecit,
1036 1297 1215 1352 veluti
1248 1298 1303 1353 in
1341 1307 1524 1356 morte
1575 1304 1791 1362 Saulis.

120 1400 147 1423 α
187 1377 265 1431 Et
302 1400 330 1426 ››
362 1378 472 1433 hoc
504 1379 634 1435 ideo
666 1381 820 1449 fecit,
854 1386 994 1455 quia
1025 1412 1049 1433 ‹‹
1088 1387 1145 1442 in
1178 1405 1244 1442 eo
1276 1393 1521 1461 speravi,
1564 1416 1588 1439 ››
1619 1394 1670 1447 id
1707 1400 1797 1450 est

118 1483 371 1522 omnem
422 1486 589 1541 spem
638 1488 830 1528 meam
882 1473 941 1529 in
975 1475 1101 1548 ipso
1133 1477 1429 1546 collocavi,
1458 1506 1485 1531 ‹‹
1522 1484 1618 1554 qui
1653 1485 1791 1539 sub-

116 1555 209 1610 dit
246 1556 538 1629 populum
564 1575 818 1628 meum,»
851 1561 909 1617 id
941 1568 1029 1619 est
1056 1565 1127 1621 de
1159 1584 1274 1639 quo
1304 1586 1411 1639 ego
1433 1588 1587 1626 unus
1607 1589 1788 1641 eram,

115 1644 356 1701 scilicet
388 1645 800 1717 lsraeliticum,
835 1674 858 1698 «
883 1653 993 1709 sub
1026 1671 1140 1724 me,
1174 1657 1314 1728 quia
1343 1676 1435 1714 me
1468 1678 1661 1734 regem
1694 1680 1787 1718 eo-

115 1750 258 1788 rum
292 1736 621 1792 constituit.

191 1839 471 1897 Ostendit
505 1844 662 1915 quod
694 1844 819 1919 ipso
851 1847 943 1903 his
973 1853 1267 1923 prmdictis
1302 1854 1599 1914 beneficiis
1631 1858 1786 1914 indi-

114 1943 281 1999 gnus
312 1933 523 1996 erat,et
552 1933 772 2003 pariter
800 1938 995 1994 omnis
1026 1939 1199 1996 homo
1231 1942 1787 2019 liberatione,quam
1817 1946 1865 2011 B

115 2015 294 2087 ponit
324 2017 543 2074 factam
575 2038 644 2076 ex
674 2022 918 2081 victoria
946 2026 1184 2084 Christi.
1219 2015 1787 2093 Continuatiozbcec

117 2105 328 2160 omnia
359 2106 646 2165 beneficia
677 2111 822 2167 mihi
856 2113 1064 2184 fecisti,
1099 2119 1200 2173 sed
1251 2137 1356 2193 ego
1388 2122 1481 2178 his
1511 2125 1788 2183 omnibus

118 2209 287 2250 eram
321 2195 604 2270 indignus
638 2215 652 2255 :
686 2205 764 2271 et,
795 2218 828 2257 o
861 2226 888 2252 ‹‹
924 2205 1182 2274 Domine,
1220 2210 1358 2281 quid
1402 2217 1510 2283 est,
1550 2236 1576 2261 ››
1610 2214 1665 2269 id
1696 2220 1787 2270 est

118 2297 306 2353 quam
338 2285 473 2342 vilis
502 2292 593 2343 est
622 2306 714 2344 res
748 2312 771 2336 α
806 2290 981 2349 homo
1004 2320 1027 2343 ιο
1061 2297 1153 2350 cui
1186 2302 1305 2354 tam
1339 2300 1605 2357 mirabile
1626 2306 1785 2376 quod

119 2370 339 2442 fecisti,
372 2394 396 2416 κ
425 2376 566 2447 quia
596 2377 907 2436 innotuisti
937 2382 988 2438 ei
1024 2401 1038 2439 :
1075 2409 1097 2433 ιι
1134 2386 1392 2443 innotuit
1420 2390 1575 2447 Deus
1605 2392 1788 2448 homi-

120 2460 299 2516 nibus
320 2481 428 2535 per
446 2466 744 2539 propriam
771 2473 1141 2541 praesentiam
1166 2474 1225 2530 in
1258 2478 1507 2534 adventu
1540 2481 1781 2537 Christi:

115 2551 381 2607 innotuit
404 2553 570 2625 prius
594 2558 770 2612 David
805 2558 1034 2617 interna
1065 2565 1427 2635 prmvisione,
1449 2568 1675 2640 quid,id
1699 2576 1788 2626 est

120 2655 305 2710 quam
338 2640 519 2698 chara
550 2647 608 2698 et
636 2648 893 2718 pretiosa
922 2667 1015 2706 res
1044 2657 1134 2707 est
1166 2652 1378 2710 homo:
1404 2661 1462 2711 ct
1495 2657 1602 2712 hoc
1633 2658 1783 2725 ideo,

122 2727 263 2799 quia
288 2729 600 2788 innotuisti
623 2734 673 2788 ei
696 2752 800 2807 per
827 2746 1196 2812 assumptam
1228 2742 1783 2820 humanitatem,qui

124 2833 228 2889 per
258 2834 323 2874 se
352 2819 681 2877 vilissimus
731 2829 855 2879 erat
888 2844 902 2882 :
937 2828 1068 2883 dico
1098 2830 1238 2901 quid
1272 2836 1360 2887 est
1390 2833 1588 2903 homo,
1620 2860 1647 2885 ‹‹
1682 2842 1787 2892 aut

124 2906 313 2962 Filius
332 2907 648 2980 hominis,»
675 2912 731 2966 id
766 2918 855 2969 est
884 2922 1118 2987 quanta:
1151 2920 1584 2995 dignitatis,qui
1604 2942 1708 2996 per
1723 2943 1786 2981 se

123 2994 274 3050 nihil
306 2996 545 3068 penitus
578 3015 591 3055 :
624 3004 682 3055 et
711 3001 821 3059 hoc
853 3004 982 3061 ideo
1017 3021 1030 3061 :
1072 3035 1096 3059 ,ι
1125 3009 1266 3079 quia
1296 2994 1531 3081 reputas
1561 2994 1718 3079 eum,
1756 3037 1782 3063 ››

123 3083 180 3138 id
214 3089 311 3140 est
358 3088 559 3161 magni
614 3090 785 3161 pretii
843 3092 1010 3166 facis,
1050 3096 1190 3168 quia
1243 3099 1589 3172 participem
1640 3102 1784 3158 facis

122 3177 355 3229 mtrrnaa
386 3175 943 3237 beatitudinis.Cum
979 3182 1121 3240 dicit
1149 3185 1344 3254 homo,
1378 3187 1654 3262 intelligit
1673 3192 1785 3263 pri-

120 3278 290 3318 mum
322 3269 646 3336 parentem,
680 3267 1002 3343 hominem,
1036 3274 1135 3345 qui
1170 3292 1285 3331 non
1316 3278 1533 3333 carnali
1566 3297 1778 3336 concu-

117 3350 409 3421 piscentia
437 3359 671 3412 creatus
704 3356 984 3431 fuit,quia
1007 3362 1158 3418 Deus
1178 3364 1248 3419 de
1280 3364 1420 3421 limo
1453 3372 1619 3423 terra}
1642 3386 1777 3425 eum

115 3440 391 3496 formavit
411 3441 566 3514 (Gen.
604 3445 665 3517 l).
699 3445 844 3502 Cum
880 3455 1078 3505 autem
1113 3452 1273 3523 dicit,
1312 3477 1336 3502 «ι
1370 3455 1552 3511 Filius
1581 3458 1778 3513 homi-

111 3528 224 3595 nis,
262 3552 290 3578 ››
317 3529 603 3588 vilitatem
634 3536 831 3591 omnis
864 3540 1265 3610 generationis
1307 3546 1601 3615 ostendit;
1632 3564 1699 3603 ac
1726 3548 1776 3603 si

112 3615 333 3672 diceret
364 3635 380 3674 :
416 3619 857 3696 Qualiscunque
913 3632 1069 3683 esset
1116 3628 1312 3699 homo,
1345 3631 1433 3687 vel
1466 3633 1524 3688 in
1558 3636 1775 3691 carnali

109 3706 593 3779 concupiscentia
620 3716 816 3781 natus,
848 3714 937 3769 vel
969 3733 1106 3785 non,
1138 3735 1245 3791 per
1274 3737 1335 3775 se
1364 3721 1512 3777 nihil
1544 3728 1687 3781 erat.

179 3820 317 3878 Ideo
344 3822 476 3880 dico
508 3825 652 3896 quid
680 3831 772 3883 est
803 3850 826 3875 α
860 3828 1038 3887 homo
1070 3860 1094 3886 ››
1128 3834 1269 3906 quia
1302 3865 1327 3890 α
1349 3836 1565 3895 similis
1586 3839 1775 3896 factus

108 3914 201 3965 est
230 3912 500 3978 vanitati,
524 3933 549 3957 ιο
582 3914 640 3970 id
672 3922 762 3971 est
793 3917 925 3987 levi,
956 3937 1139 3990 vanae,
1172 3928 1230 3979 et
1278 3925 1392 3981 cito
1424 3929 1773 3986 transitoria:

107 3998 189 4053 rei
225 4016 240 4054 :
275 4000 468 4056 factus
499 4000 627 4058 ideo
659 4005 823 4077 dicit,
858 4009 999 4080 quia
1053 4016 1286 4068 creatus
1341 4015 1452 4071 fuit
1493 4016 1553 4071 in
1585 4020 1770 4089 perfe-

106 4087 302 4143 ctione
330 4094 389 4144 et
419 4091 757 4163 stabilitate,
792 4098 892 4152 sed
927 4098 1052 4170 ipse
1095 4101 1321 4158 violans
1352 4087 1767 4174 obedientiam,

105 4175 245 4231 fecit
277 4177 541 4249 seipsum
571 4197 811 4252 vanum,
846 4188 1154 4244 mortalem
1186 4196 1244 4247 et
1272 4194 1771 4262 transitorium,et

104 4263 177 4318 de
208 4263 389 4321 malis
435 4267 561 4323 suis
608 4286 725 4326 non
770 4271 1003 4330 incusat
1058 4282 1378 4334 creatorem
1413 4296 1425 4335 :
1460 4281 1607 4337 bene
1637 4282 1767 4338 dico

102 4375 129 4400 «
165 4353 502 4422 vanitatis,»
534 4358 674 4429 quia
704 4360 925 4417 umbrae
957 4363 1171 4440 similis
1200 4367 1391 4424 factus
1411 4373 1538 4437 est;
1569 4375 1628 4426 et
1657 4371 1767 4428 hoc

99 4440 249 4497 dicit
283 4458 297 4497 :
332 4465 361 4492 «
390 4443 518 4500 dies
548 4447 678 4519 ejus
708 4449 863 4506 sicut
892 4453 1103 4510 umbra
1131 4460 1508 4527 praetereunt.
1544 4482 1573 4509 ››

172 4557 351 4615 Modo
381 4562 641 4619 ostendit
665 4568 961 4636 quomodo
992 4569 1169 4638 Deus,
1194 4571 1294 4644 qui
1325 4578 1449 4630 erat
1468 4579 1643 4632 tanta;
1677 4577 1763 4632 di-

1912 666 2003 722 nis
2034 670 2325 728 emittent.

1984 756 2119 811 Dico
2158 782 2178 807 α
2216 762 2520 833 descende,
2550 792 2575 815 υ
2610 774 2667 823 et
2699 770 2872 825 etiam
2907 798 2931 820 ‹‹
2959 777 3481 850 coruscationem,»
3506 782 3562 836 id

1909 850 2018 909 est,
2052 847 2207 903 dicta
2243 853 2677 926 prophetarum,
2712 864 2769 913 et
2801 859 2973 915 aliam
3008 863 3263 919 divinam
3298 868 3563 939 Scriptu-

1910 950 2190 1007 ram,qum
2214 938 2268 992 in
2298 942 2489 1013 seipsa
2509 951 2599 1001 est
2623 946 2825 1003 lucens
2848 954 2904 1003 et
2926 968 3241 1008 coruscans
3264 956 3560 1029 «fulgura»

1906 1022 1991 1077 vel
2027 1024 2271 1097 fulgora,
2308 1035 2628 1105 utrumque
2675 1036 2829 1091 enim
2874 1038 3105 1107 dicitur,
3140 1042 3194 1096 id
3229 1048 3336 1112 est,
3371 1046 3557 1101 mani-

1906 1110 2076 1177 festa,
2112 1138 2137 1162 ‹‹
2176 1120 2232 1169 et
2265 1139 2291 1163 υ
2322 1136 2423 1189 per
2452 1120 2560 1175 hoc
2592 1146 2617 1171 ‹‹
2648 1140 2769 1193 eos,
2806 1148 2831 1173 ι)
2867 1126 2923 1181 id
2974 1132 3082 1194 est,
3129 1137 3359 1188 montes
3408 1151 3551 1205 prae-

1906 1200 2095 1256 dictos
2127 1227 2153 1252 ‹‹
2191 1204 2527 1278 dissipabis,
2566 1234 2591 1257 ››
2624 1211 2679 1265 id
2724 1218 2831 1281 est,
2866 1232 2900 1269 a
2947 1233 3145 1273 massa
3192 1222 3555 1291 perditorum

1905 1292 2375 1364 separabis,quia
2405 1296 2585 1369 aliqui
2613 1318 2680 1354 ex
2710 1300 2827 1355 illis
2858 1304 3257 1364 salvabuntur.
3294 1332 3317 1355 ιι
3343 1311 3558 1367 Emitte

1905 1378 2151 1447 sagittas
2180 1385 2366 1447 tuas,»
2402 1384 2457 1439 id
2492 1392 2580 1441 est
2613 1390 2908 1460 apostolos
2939 1397 3093 1460 tuos,
3125 1396 3223 1467 qui
3257 1400 3432 1454 corda
3462 1400 3558 1456 ho-

1903 1467 2132 1522 minum
2166 1474 2521 1543 transligunt
2552 1493 2748 1532 amore.
2781 1479 3006 1548 Dei,«et
3026 1486 3556 1543 conturbabiscos»

1903 1561 2131 1611 montes
2164 1560 2233 1613 ad
2270 1560 2510 1629 bonum,
2543 1564 2683 1637 quia
2733 1570 3128 1626 movebuntur
3169 1574 3239 1628 ad
3272 1575 3555 1646 pceniten-

1900 1643 2065 1699 tiam.

1969 1732 2263 1792 Convertit
2310 1756 2371 1793 se
2420 1741 2491 1795 ad
2547 1741 2797 1798 Patrem.
2833 1746 2942 1812 Tu,
2974 1747 3218 1805 Domine
3265 1751 3394 1818 Fili,
3427 1752 3554 1809 dico

1898 1843 1926 1869 ‹‹
1960 1821 2311 1895 descende,»
2343 1832 2399 1881 et
2431 1833 2514 1896 tu,
2550 1830 2795 1887 Domine
2828 1833 2995 1889 Pater
3022 1857 3045 1879 «
3078 1838 3278 1893 emitte
3309 1856 3551 1897 manum

1897 1912 2115 1977 tuam,»
2140 1911 2196 1965 id
2229 1919 2317 1967 est
2350 1914 2561 1970 Filium
2593 1922 2894 1991 tuum,per
2917 1938 3091 1992 quem
3118 1929 3181 1979 tu
3204 1927 3404 1982 omnia
3423 1945 3554 2001 ope-

1898 1997 2067 2062 raris,
2094 2024 2116 2047 ιι
2143 2000 2212 2077 dp
2243 2000 2378 2069 alto,
2406 2026 2429 2050 ν»
2464 2003 2522 2059 id
2556 2009 2645 2060 est
2673 2007 2745 2061 de
2776 2009 3141 2066 sublimitate
3165 2013 3224 2067 in
3246 2031 3364 2086 qua
3389 1997 3554 2083 es,et

1898 2108 1925 2133 ‹‹
1960 2085 2117 2159 eripe
2152 2106 2243 2143 me
2275 2111 2303 2139 »
2337 2091 2408 2145 de
2438 2097 2722 2163 potestate
2755 2096 2995 2169 diaboli,
3029 2118 3052 2142 «ι
3075 2104 3131 2155 et
3160 2085 3344 2159 libera
3364 2121 3455 2160 me
3480 2107 3551 2161 de

1896 2175 2064 2246 aquis
2096 2178 2322 2249 multis,
2357 2199 2380 2223 ιι
2414 2180 2471 2235 id
2501 2187 2590 2236 est
2621 2184 2691 2238 de
2721 2183 3073 2243 inundantia
3102 2189 3415 2257 malorum,
3449 2212 3473 2237 «ι
3496 2198 3554 2249 et

1896 2265 1966 2319 de
1998 2282 2199 2331 manu,
2235 2284 2258 2308 ι)
2293 2268 2349 2322 id
2402 2275 2491 2324 est
2535 2271 2606 2325 de
2654 2278 2939 2343 potestate
2973 2293 3000 2323 α
3031 2276 3356 2335 alienorum
3398 2281 3551 2337 filio—

1898 2372 2026 2408 rum
2064 2372 2076 2409 :
2116 2378 2141 2403 ››
2175 2355 2349 2411 alieni
2407 2359 2688 2415 dicuntur
2734 2380 2768 2416 a
2807 2363 2975 2417 nobis
3009 2364 3112 2419 ﬁlii
3144 2367 3384 2423 diaboli.
3420 2370 3551 2427 Ideo

1897 2460 2045 2515 Opus
2064 2450 2153 2499 est
2179 2451 2241 2500 ut
2263 2446 2479 2517 eripias
2501 2449 2573 2502 ab
2597 2450 2988 2522 cis,quoniam
3022 2454 3134 2525 ipsi
3164 2460 3323 2524 sunt,
3358 2477 3386 2507 α
3407 2475 3552 2530 quo-

1898 2550 2027 2588 rum
2061 2552 2126 2589 os
2154 2535 2413 2591 locutum
2449 2542 2539 2592 est
2570 2539 2948 2611 vanitatem,»
2980 2542 3201 2598 scilicet
3229 2546 3555 2616 quamlibet

1895 2627 2099 2676 contra
2128 2624 2385 2679 divinam
2419 2627 2767 2682 sententiam
2806 2645 2819 2683 :
2855 2653 2881 2678 υ
2915 2635 2973 2684 et
3004 2631 3241 2687 dextera
3271 2651 3494 2706 eorum,
3523 2658 3550 2685 ››

1892 2710 1952 2764 id
1982 2716 2070 2765 est
2099 2714 2357 2784 operatio
2388 2731 2614 2785 eorum,
2646 2733 2771 2787 qua:
2814 2718 3021 2773 melior
3066 2720 3296 2775 videtur
3323 2723 3429 2789 eis,
3463 2729 3554 2781 est

1897 2821 1925 2848 ‹‹
1958 2800 2194 2855 dextera
2226 2801 2573 2873 iniquitatis.
2611 2825 2639 2850 ››

1966 2912 1991 2936 ‹‹
2028 2888 2201 2958 Deus,
2235 2889 2530 2944 canticum
2577 2908 2811 2945 novum.
2846 2914 2872 2940 ››
2906 2893 3046 2949 Pars
3095 2898 3373 2952 secunda.
3407 2899 3548 2955 Dico

1895 2999 1921 3025 α
1956 2975 2132 3047 eripe,
2171 2999 2197 3025 ››
2226 2982 2283 3031 et
2329 2977 2379 3031 si
2426 2978 2534 3032 hoc
2586 2980 2812 3046 feceris,
2846 3004 2874 3030 ‹‹
2905 2983 3154 3038 cantabo
3201 2984 3306 3039 tibi
3357 2986 3546 3042 canti-

1893 3081 2027 3118 cum
2058 3082 2292 3132 novum,
2332 3088 2358 3114 »
2392 3066 2449 3121 id
2486 3071 2575 3122 est
2623 3070 2983 3125 annuntiabo
3032 3088 3136 3142 per
3182 3072 3546 3145 baptismum

1894 3158 2132 3225 peccata
2162 3155 2401 3223 remitti,
2424 3172 2739 3228 veramque
2765 3175 2893 3213 esse
2924 3159 3298 3217 refectionem
3330 3180 3547 3235 corpus

1892 3245 1949 3293 et
1979 3241 2328 3313 sanguinem
2361 3242 2598 3309 Christi,
2631 3248 2689 3299 et
2719 3251 2926 3301 caetera
2972 3264 3100 3319 qua:
3148 3249 3442 3321 pertinent
3471 3254 3545 3309 ad

1809 3309 1852 3375 (ἶ
1892 3309 2117 3383 Novum
2145 3330 2588 3386 Testamentum
2615 3349 2628 3387 :
2664 3338 2721 3389 et
2750 3334 2927 3389 etiam
2961 3309 3265 3408 {psallam
3298 3338 3463 3407 tibi,»
3486 3341 3545 3398 id

1889 3423 1977 3473 est
2006 3418 2152 3473 bene
2183 3420 2466 3490 operabor
2498 3444 2526 3471 «
2560 3420 2618 3476 in
2652 3423 2951 3494 psalterio,
2984 3449 3007 3473 »
3041 3425 3100 3480 id
3152 3430 3241 3481 est
3283 3427 3343 3481 in
3375 3429 3546 3500 spiri-

1888 3507 2032 3562 tuali
2062 3510 2397 3580 Operatione
2428 3510 2498 3565 de
2529 3512 2934 3583 superioribus
2985 3521 3298 3571 resonante
3335 3533 3347 3571 :
3380 3517 3545 3574 Psal-

1887 3596 2031 3651 terio
2089 3599 2219 3653 dico
2279 3622 2307 3649 ‹‹
2343 3599 2726 3668 decachordo,
2762 3623 2790 3651 »
2853 3602 2911 3657 id
2971 3606 3061 3659 est
3116 3605 3317 3661 decem
3373 3606 3547 3663 chor-

1885 3686 1979 3741 dis
2011 3694 2341 3755 resonante,
2376 3689 2574 3745 decem
2607 3689 2832 3746 scilicet
2862 3698 3152 3765 praacepta
3180 3692 3326 3767 legis
3356 3696 3546 3752 adim-

1884 3774 2102 3846 plente.

1956 3863 2085 3919 Tibi
2116 3865 2266 3932 dico,
2296 3866 2434 3937 «qui
2457 3866 2565 3921 das
2596 3865 2847 3922 salutem
2882 3869 3141 3940 regibus,
3167 3889 3190 3912 υ
3224 3871 3281 3925 id
3314 3876 3430 3938 est,
3460 3890 3545 3929 re-

1884 3954 2228 4008 missionem
2261 3960 2657 4026 peccatorum,
2681 3956 2905 4011 scilicet
2931 3958 3225 4027 fidelibus,
3260 3959 3361 4031 qui
3392 3961 3540 4017 bene

1882 4047 2093 4114 regunt
2124 4042 2350 4114 seipsos
2383 4059 2396 4097 :
2434 4047 2495 4097 tu
2529 4043 2678 4108 dico,
2715 4068 2741 4094 ‹‹
2779 4045 2879 4116 qui
2918 4068 2945 4095 »
2977 4045 3131 4102 inter
3178 4047 3324 4103 alios
3375 4067 3539 4123 reges

1880 4153 1908 4180 ‹‹
1944 4131 2242 4186 redemisti
2280 4153 2307 4179 ››
2338 4147 2431 4186 me
2463 4154 2491 4180 ‹‹
2527 4131 2707 4186 David
2758 4150 2991 4188 servum
3042 4138 3209 4190 tuum
3242 4137 3313 4191 de
3341 4136 3537 4209 gladio

1878 4219 2207 4291 maligno,»
2242 4218 2298 4273 id
2332 4224 2422 4274 est
2450 4219 2522 4274 de
2553 4224 2841 4292 potestate
2873 4222 3114 4293 diaboli,
3136 4223 3224 4280 vel
3254 4224 3325 4280 de
3355 4226 3535 4283 haere-

1876 4310 1995 4364 tica
2026 4307 2425 4381 persuasione.
2456 4307 2559 4363 Vel
2606 4326 2709 4381 per
2756 4309 2936 4367 David
2986 4310 3185 4384 ipsum
3234 4313 3533 4370 Christum

1876 4414 2196 4471 possumus
2228 4395 2490 4469 accipere
2524 4413 2536 4452 :
2573 4397 2674 4470 qui
2722 4400 2977 4470 pretium
3026 4402 3335 4475 sanguinis
3376 4402 3469 4459 sui
3500 4420 3535 4459 a

1875 4489 2230 4545 mortalitate
2262 4491 2439 4558 atque
2471 4486 2860 4559 passibilitate
2891 4490 3231 4563 redemptus
3250 4496 3438 4548 est:et
3466 4497 3531 4548 tu

1873 4579 1973 4652 qui
2008 4578 2263 4650 pretium
2294 4575 2504 4631 dedisti
2536 4592 2640 4647 pro
2672 4576 2861 4643 nobis,
2906 4577 3111 4650 «eripe
3142 4596 3234 4634 me
3268 4602 3296 4628 ››
3328 4580 3399 4636 de
3430 4580 3530 4636 illo

96 4646 799 4725 gnitatis,innotuit,quia
820 4655 1141 4726 descendit,
1161 4665 1218 4715 et
1239 4677 1475 4718 carnem
1500 4668 1759 4722 nostram
1789 4677 1839 4743 D
1874 4646 2077 4724 eodem
2107 4665 2302 4740 gladio
2336 4646 2617 4737 maligno,
2649 4664 2706 4719 id
2739 4670 2828 4720 est
2869 4666 2941 4721 de
2972 4646 3258 4739 potestate
3287 4669 3525 4739 diaboli,

97 4736 453 4808 assumpsit.
485 4738 859 4801 Continuatio
894 4762 907 4801 :
941 4745 1125 4803 Homo
1156 4751 1398 4807 vanitati
1432 4752 1647 4810 similis
1674 4756 1759 4810 fa-

95 4828 228 4879 ctus
250 4825 474 4892 est,sed
496 4830 622 4899 tu,«
645 4829 945 4902 Domine,»
974 4837 1244 4910 verbum,
1277 4860 1304 4892 α
1335 4839 1557 4897 inclina
1586 4844 1759 4900 caelos

96 4915 252 4980 tuos,
280 4934 305 4958 υ
337 4913 396 4969 id
426 4919 516 4970 est
544 4915 794 4976 humilia
823 4922 1099 4997 coelestia,
1132 4928 1311 4984 veluti
1345 4930 1584 5004 angelos
1615 4950 1757 4988 san-

94 5006 240 5066 ctos,
270 5019 424 5074 quos
454 5008 608 5061 Deus
638 5007 991 5081 humiliavit,
1025 5031 1161 5070 cum
1193 5015 1623 5076 humanitatem
1654 5040 1757 5078 no-

94 5095 281 5146 stram
305 5091 392 5148 eis
414 5094 692 5164 praefecit,
719 5103 777 5155 et
807 5116 906 5157 eos
936 5104 1037 5174 qui
1069 5104 1236 5176 prius
1265 5112 1432 5163 erant
1462 5109 1617 5166 soliti
1648 5113 1756 5168 ad-

93 5179 248 5235 orari
266 5179 341 5236 ab
362 5180 872 5256 bominibus,fecit
903 5192 1212 5251 servitores
1232 5194 1538 5253 hominum
1568 5216 1579 5255 :
1610 5219 1633 5244 «
1666 5201 1755 5256 in-

92 5265 249 5323 clina
269 5288 295 5313 »
323 5269 478 5339 dico,
507 5301 530 5326 (ι
553 5277 611 5328 et
640 5275 981 5348 descende,»
1014 5282 1073 5337 id
1094 5288 1203 5351 est,
1224 5301 1460 5341 carnem
1492 5294 1753 5346 nostram

91 5355 195 5411 tibi
218 5357 597 5431 adjungezde
625 5380 740 5435 quo
762 5367 1046 5426 descensu
1076 5373 1388 5444 Apostolus
1406 5376 1520 5434 ait:
1554 5401 1581 5428 «
1609 5379 1753 5436 Cum

88 5443 147 5500 in
180 5446 375 5502 forma
405 5447 505 5504 Dei
540 5456 1062 5525 esset,eximanivit
1088 5443 1751 5536 semetipsum,formam

89 5534 234 5590 servi
262 5535 563 5608 accipiens
593 5540 859 5617 (Philipp.
892 5548 955 5620 ιι)
990 5565 1003 5604 :
1041 5571 1067 5598 »
1100 5534 1397 5609 Descende
1427 5554 1639 5621 dico,et
1669 5557 1752 5612 sic

89 5644 116 5671 α
146 5627 324 5696 tange
347 5631 639 5697 montes,»
663 5632 721 5687 id
753 5638 845 5690 est
874 5641 1141 5707 potentes
1168 5646 1224 5696 et
1253 5643 1537 5715 superbos
1570 5644 1751 5716 hujus

88 5710 248 5784 vitm;
275 5713 479 5790 aspira
510 5716 780 5796 interius,
816 5746 844 5777 ‹‹
867 5729 925 5782 et
955 5710 1381 5805 fumigabunt,»
1414 5732 1473 5789 id
1504 5737 1613 5804 est,
1646 5710 1750 5812 ge-

1869 4761 1971 4835 qut
2005 4756 2223 4813 dicitur
2252 4753 2654 4826 gladius,quia
2684 4754 2869 4811 malos
2891 4755 3228 4812 abonorum
3250 4758 3528 4815 societate

1867 4845 2169 4907 discernit.

1940 4962 1965 4988 ‹‹
2001 4939 2071 4992 Et
2099 4951 2237 4991 erue
2266 4950 2360 4988 me
2389 4934 2461 4988 de
2494 4950 2673 4988 manu
2708 4933 2963 4990 filiorum
2997 4934 3347 5002 alienorum,
3379 4952 3524 5007 quo-

1867 5045 1999 5084 rum
2032 5044 2098 5083 os
2123 5024 2385 5079 locutum
2436 5026 2525 5077 est
2574 5023 2916 5095 vanitatem,
2950 5028 3007 5079 et
3039 5024 3272 5080 dextera
3321 5041 3522 5080 eorum

1866 5120 2103 5174 dextera
2134 5112 2483 5184 iniquitatis.
2522 5133 2550 5160 »

1937 5227 1967 5254 «
2000 5206 2257 5270 Quorum
2291 5198 2421 5253 ﬁlii.
2459 5220 2485 5248 »
2519 5198 2621 5254 Hic
2650 5200 2930 5257 describit
2973 5201 3259 5257 malitiam
3293 5219 3517 5271 eorum,

1865 5309 2117 5366 quorum
2149 5291 2208 5344 in
2241 5289 2349 5343 hoc
2382 5310 2409 5338 ‹‹
2443 5289 2683 5343 dextera
2734 5306 2959 5358 eorum,
3007 5291 3243 5347 dextera
3298 5291 3519 5364 iniqui-

1863 5377 2214 5450 tatis,»quia
2238 5375 2405 5430 illum
2438 5373 2627 5429 solum
2654 5376 2928 5445 judicant
2948 5377 3312 5448 beatum,qui
3339 5378 3522 5433 abun-

1863 5471 1964 5525 dat
2010 5468 2103 5522 his
2153 5462 2325 5519 bonis
2374 5462 2815 5532 temporalibus.
2852 5462 3175 5519 Possumus
3205 5467 3400 5519 tamen
3433 5464 3517 5520 sic

1863 5555 2169 5629 allegorice
2198 5551 2417 5622 legere:
2444 5549 2617 5604 «Filii
2651 5567 2925 5621 quorum,
2948 5574 2975 5600 ››
3010 5552 3065 5606 id
3097 5556 3186 5608 est
3217 5552 3512 5625 discipuli,

1861 5652 2002 5705 sunt
2032 5668 2059 5695 «
2094 5643 2245 5699 sicut
2274 5637 2690 5710 plantationes,
2712 5660 2739 5687 ››
2773 5638 2911 5710 quia
2939 5640 3189 5696 firmiter
3217 5641 3516 5699 adhaerent

1860 5732 2166 5796 sententiis
2197 5728 2650 5804 magistrorum:
2672 5750 2699 5778 ‹‹
2724 5727 2960 5785 novellis
2994 5752 3024 5781 »
3055 5731 3197 5805 quia
3226 5748 3344 5788 non
3376 5732 3516 5791 reci-
