3942 6390
381 424 505 487 6'10

812 422 1217 487 HAYMONIS
1250 421 1797 485 HALBERSTA-T.
1834 414 2077 480 EPISC.
2115 414 2285 478 OPP.
2319 416 2523 479 PARS
2555 419 2602 480 Ι.
2635 454 2711 461 —
2743 415 3148 481 COMMENT.
3184 416 3383 481 BlBL.

3685 423 3801 484 680

381 559 554 633 piunt
574 558 750 614 ﬁdem
781 556 1247 630 patriarcharum
1279 558 1336 610 et
1368 554 1809 627 prophetarum,
1837 551 1941 607 sed
1971 550 2032 606 in
2061 550 2119 617 Α
2146 549 2364 605 Christi
2386 555 2475 606 est
2497 552 2762 607 materia.
2788 552 2997 609 Modus
3024 569 3037 607 :
3065 553 3127 608 In
3159 553 3352 627 prima
3380 557 3544 627 parte
3571 554 3711 610 dicit
3738 571 3803 613 se

380 647 507 704 suis
536 646 861 703 haeresibus
907 642 1165 699 novellas
1212 646 1544 715 sequuntur
1592 645 1806 708 sectas,
1836 645 1894 696 et
1923 639 2037 712 ipsi

377 735 524 791 tales
546 751 782 806 semper
803 736 1178 805 perseverant
1197 756 1226 783 «
1252 733 1311 787 in
1331 732 1641 803 juventute
1672 747 1800 797 sua,
1839 752 1865 778 ››
1898 728 2039 801 quia

377 824 449 879 ad
464 822 877 894 antiquitatem
899 820 1161 876 veritatis
1191 820 1452 894 priorum
1472 822 1705 891 patrum
1729 834 2037 891 nunquam

376 911 753 979 redeunt,sed
777 926 1010 982 semper
1042 926 1220 965 novas
1252 913 1442 966 sectas
1474 911 1826 981 sequuntur,
1859 912 1916 964 et
1946 907 2035 963 in-

372 998 617 1055 veniunt
643 998 789 1055 alias
823 1016 1024 1055 novas.

441 1111 468 1136 ‹‹
514 1086 670 1141 Filiae
701 1105 929 1155 eorum,
966 1110 993 1135 ››
1025 1087 1085 1142 id
1134 1091 1223 1143 est
1267 1086 1651 1159 cogitationes
1681 1090 1739 1141 et
1766 1087 2038 1160 prmdiea—

373 1176 563 1231 tiones
596 1194 824 1247 eorum,
858 1193 1007 1249 quas
1038 1193 1107 1231 ex
1145 1177 1361 1248 seipsis
1393 1180 1876 1248 generantzquas
1907 1175 2035 1229 ideo

369 1270 539 1321 vocat
571 1264 743 1335 ﬁlias,
777 1265 915 1338 quia
963 1271 1104 1321 sunt
1143 1265 1468 1331 instabiles,
1501 1284 1607 1321 nec
1637 1266 1855 1320 habent
1880 1264 2032 1320 radi-

370 1371 500 1410 cem
530 1354 927 1410 veritatiszhaa
960 1354 1108 1410 tales
1139 1354 1270 1409 ﬁlim
1302 1361 1444 1411 sunt
1474 1378 1502 1406 «
1536 1354 1943 1427 compositm,»
1973 1352 2032 1408 id

370 1446 482 1515 est,
504 1443 820 1499 artiﬁciose
846 1443 1093 1499 inventae
1116 1448 1173 1499 et
1194 1445 1357 1499 factae
1385 1461 1398 1500 :
1423 1448 1480 1499 et
1507 1445 1684 1500 etiam
1716 1467 1743 1494 «
1779 1443 2033 1499 circum-

369 1538 589 1589 ornataa
623 1556 652 1582 ››
683 1533 825 1606 quia
873 1533 1135 1606 undique
1185 1533 1493 1590 rhetoricis
1540 1533 1837 1589 coloribus
1895 1535 2035 1588 sunt

369 1622 683 1694 stipatae,et
712 1622 845 1678 aliis
874 1623 1126 1689 artibus,
1153 1644 1182 1673 «
1205 1626 1271 1678 ut
1296 1622 1622 1678 similitudo
1653 1622 1878 1694 templi,
1908 1644 1935 1671 »
1969 1626 2034 1677 ut

368 1712 495 1767 sint
520 1710 748 1767 similes
780 1710 1021 1783 templo,
1056 1711 1112 1767 id
1141 1716 1231 1767 est
1259 1711 1608 1767 habitationi
1641 1711 1741 1767 Dei
1770 1728 1784 1766 :
1808 1710 2033 1766 similes

368 1800 499 1856 ideo
531 1801 679 1856 bene
708 1800 871 1867 dicit,
905 1800 1046 1873 quia
1076 1801 1189 1873 ipsi
1224 1817 1341 1856 non
1373 1804 1515 1856 sunt
1538 1799 1822 1855 habitatio
1854 1799 1977 1855 Dei.

439 1912 469 1940 «
506 1889 915 1963 Promptuaria
945 1907 1171 1956 eorum,
1210 1912 1237 1939 ››

365 1978 586 2051 quibus
608 1978 721 2050 ipsi
744 1982 1026 2050 promunt
1047 1978 1236 2034 malas
1258 1997 1358 2034 sen
1369 1979 1749 2049 tentias,sunt
1765 1978 2032 2050 «plena,»

366 2068 435 2123 id-
458 2073 547 2124 est
576 2068 968 2124 redundantia
999 2068 1204 2125 multis
1237 2069 1410 2125 malis
1466 2069 1714 2138 artibus,
1750 2060 1778 2119 ἃ
1814 2073 1871 2125 et
1899 2086 2030 2125 eru-

365 2157 607 2228 ctantia,
626 2180 653 2207 ››
685 2158 829 2230 quia
855 2175 925 2213 ex
954 2159 1139 2214 nimia
1168 2157 1535 2231 plenitudine
1564 2159 1870 2230 proferunt
1897 2177 2030 2215 sen-

364 2246 586 2302 tentias
611 2264 625 2315 ;
661 2248 762 2302 sed
792 2246 904 2302 illae
931 2252 1071 2303 sunt
1102 2247 1577 2320 instabiles,quia
1606 2247 1655 2302 si
1690 2247 2033 2321 impugnan-

363 2339 467 2390 tur
488 2335 560 2390 ab
592 2334 903 2407 aliquo,illi
929 2336 1163 2408 fugiunt
1193 2360 1219 2388 (ι
1255 2354 1324 2393 ex
1354 2335 1463 2391 hoc
1494 2336 1553 2389 in
1587 2335 1753 2402 illud,
1774 2359 1799 2384 »
1832 2336 1885 2390 id
1920 2341 2029 2401 est,

365 2441 439 2479 ex
469 2423 582 2479 ista
628 2423 853 2480 ratione
905 2425 979 2480 ad
1031 2425 1231 2493 aliam,
1262 2430 1319 2479 et
1350 2425 1490 2479 item
1540 2423 1600 2477 in
1632 2423 1830 2494 aliam,
1860 2428 1917 2479 et
1945 2424 2031 2479 sic

362 2511 723 2569 instabiliter
752 2529 856 2585 per
880 2512 1101 2569 multas
1124 2513 1349 2569 faciunt
1378 2510 1723 2565 diverticula
1753 2510 2026 2567 rationes.

438 2603 509 2657 Et
529 2619 678 2673 opus
696 2606 790 2659 est
819 2607 888 2657 ut
917 2619 1011 2657 me
1042 2601 1256 2657 liberes
1276 2599 1349 2655 ab
1371 2599 1476 2664 eis,
1501 2599 1652 2667 ideo,
1672 2599 1812 2670 quia
1841 2622 1869 2649 «
1895 2618 2029 2656 oves

365 2708 632 2757 eorum,»
662 2690 720 2745 id
756 2695 867 2758 est,
891 2690 1197 2745 inferiores
1227 2692 1284 2743 et
1314 2687 1512 2742 minus
1542 2687 1857 2759 sapientes,
1892 2694 2031 2745 sunt

367 2804 395 2831 ‹‹
433 2781 650 2850 Γθίοεω,
688 2802 708 2829 ι
745 2780 885 2852 quia
914 2778 1134 2833 multos
1175 2775 1377 2831 statim
1434 2775 1654 2831 habent
1684 2776 2026 2850 discipulos,

366 2870 511 2944 quia
541 2869 741 2925 nullus
774 2869 918 2923 adeo
950 2866 1223 2921 inﬁrmus
1254 2865 1407 2920 inter
1435 2865 1663 2938 eos.qui
1688 2883 1803 2922 non
1826 2868 2027 2924 statim

367 2958 612 3015 haberet
645 2956 863 3013 multos
894 2953 1324 3026 sequaceszsed
1359 2953 1442 3010 illi
1474 2954 1621 3010 tales
1652 2957 2030 3012 suntaabun-

366 3049 575 3104 dantes
604 3047 664 3101 in
695 3043 1032 3119 egressibus
1081 3044 1228 3111 suis,
1266 3066 1293 3092 »
1325 3043 1466 3115 quia
1495 3048 1716 3116 quanto
1749 3046 1938 3119 magis
1966 3046 2026 3101 in

367 3136 692 3193 hazresibus
751 3132 875 3188 suis
934 3132 1422 3205 multiplicantur,
1457 3137 1620 3189 tanto
1670 3151 1705 3189 a
1734 3136 2027 3192 consortio

368 3230 585 3281 sanctis
640 3221 910 3278 Ecclesia:
965 3226 1341 3278 semoventur
1368 3245 1396 3273 ‹‹
1431 3222 1607 3279 boves
1644 3240 1869 3293 eorum,
1908 3247 1934 3273 ››
1966 3224 2026 3280 id

1277 1890 1335 1945 id
1378 1894 1469 1945 est
1498 1890 1676 1945 corda
1704 1906 1930 1991 eoru‘m,
1961 1890 2033 1946 de
2062 1925 2111 1991 Β

2149 637 2526 695 laudaturum
2555 641 2833 697 Deum.In
2865 642 3127 697 secunda
3154 643 3321 715 ponit
3350 660 3556 699 novem
3578 645 3801 717 modos,

2148 728 2366 801 quibus
2395 729 2595 785 laudet
2626 748 2918 803 eum,quae
2950 730 3187 803 incipit:
3223 756 3249 782 ‹‹
3287 733 3592 788 Generatio
3613 732 3805 790 lauda-

2149 817 2235 873 bit
2255 836 2432 891 opera
2452 824 2612 875 tua.»
2637 821 2700 875 In
2722 821 2913 887 tertia,
2941 837 3067 892 qua;
3093 819 3301 893 incipit
3328 837 3339 875 :
3365 844 3391 870 «
3421 821 3721 878 Miserator
3747 826 3801 879 et

2148 907 2483 963 misericors
2514 908 2860 976 Dominus,»
2879 910 3151 982 explanat
3177 911 3385 966 modos
3414 909 3801 984 illos,respon-

2148 995 2294 1050 dens
2314 994 2435 1051 illis
2457 996 2706 1070 singulis
2730 998 2922 1054 modis
2942 997 3155 1054 laudis.
3176 999 3431 1054 Intendit
3460 999 3700 1056 invitare
3729 1000 3798 1056 ad

2149 1083 2381 1139 laudem
2415 1086 2809 1158 Dei,exemplo
2842 1086 2956 1140 sui.
2991 1088 3107 1142 Hos
3140 1092 3363 1158 septem
3397 1088 3676 1160 psalmos,
3700 1090 3795 1161 qui

2148 1175 2785 1244 sequuntur,continue
2810 1176 2974 1248 ponit
3004 1177 3075 1231 de
3097 1176 3269 1231 laude
3302 1177 3684 1245 Dei,innuens
3702 1196 3798 1251 per

2146 1263 2305 1318 hunc
2338 1281 2674 1335 numerum,
2707 1265 2809 1336 qui
2859 1269 2948 1320 est
2999 1283 3105 1337 par
3147 1283 3392 1321 numero
3424 1265 3671 1333 dierum,
3700 1285 3799 1340 per

2145 1369 2294 1424 quos
2322 1356 2510 1407 totum
2541 1358 2777 1425 tempus
2817 1352 3089 1423 volvitur,
3127 1358 3192 1409 ut
3222 1353 3282 1410 in
3314 1354 3567 1429 singulis
3596 1356 3797 1413 diebus

2144 1439 2378 1496 laudem
2417 1441 2658 1497 Domino
2695 1440 2983 1498 dicamus.

2216 1530 2393 1597 Quasi
2418 1530 2499 1586 ita
2524 1530 2671 1587 alios
2694 1531 2996 1587 invitaret:
3015 1532 3274 1588 Laudate
3294 1532 3608 1589 Dominum
3620 1550 3796 1590 exem-

2144 1618 2241 1692 plo
2273 1618 2555 1692 mei,quia
2601 1638 2709 1694 ego
2740 1644 2769 1671 ‹‹
2793 1620 3057 1677 exaltabo
3087 1622 3327 1688 te,Deus
3348 1639 3516 1678 meus
3545 1640 3700 1695 rex,»
3717 1639 3799 1679 se-

2143 1709 2405 1764 cundum
2430 1710 2749 1766 essentiam
2780 1710 3144 1767 annuntiabo
3163 1709 3296 1767 aliis
3320 1710 3665 1784 dignitatem
3687 1716 3797 1767 tuas

2140 1798 2497 1867 essentim,in
2529 1800 2834 1871 quandum
2857 1804 3057 1873 potero
3086 1816 3217 1856 eam
3241 1799 3560 1869 notiﬁcare,
3576 1824 3603 1851 ‹‹
3626 1806 3683 1857 et
3700 1801 3797 1858 be-

2142 1887 2411 1943 nedicam
2462 1888 2688 1944 nomini
2738 1892 2864 1961 tuo,
2894 1911 2922 1939 ››
2956 1889 3015 1944 id
3046 1894 3138 1945 est
3167 1889 3560 1964 magniﬁcabo
3590 1906 3795 1946 nomen

2120 1972 2407 2046 'tuum,et
2437 1977 2547 2033 hoc
2578 2001 2605 2028 «
2631 1978 2692 2033 in
2724 1977 3005 2034 saeculum
3031 2000 3059 2029 »
3086 1995 3367 2051 praesens,
3392 2002 3420 2029 ι(
3446 1983 3505 2035 et
3533 1979 3597 2035 in
3614 1995 3801 2057 siccu-

2140 2066 2265 2121 lum
2300 2090 2328 2117 »
2360 2067 2802 2124 subsecutivum
2834 2068 3014 2141 hujus
3046 2092 3073 2119 «
3104 2069 3302 2125 saeculi
3325 2092 3353 2120 ››
3374 2070 3434 2125 in
3468 2087 3583 2143 quo
3613 2071 3809 2127 sancti

2141 2155 2395 2210 maxime
2434 2160 2590 2211 Deus
2632 2156 2917 2212 laudant:
2945 2162 3003 2212 et
3030 2158 3186 2213 sicut
3215 2159 3445 2214 monuit
3475 2176 3582 2215 nos
3613 2175 3794 2230 orare,

2142 2245 2338 2297 monet
2369 2245 2427 2296 et
2458 2258 2565 2296 nos
2594 2241 2854 2298 laudare.

2212 2331 2282 2385 Et
2302 2330 2411 2385 hoc
2443 2347 2559 2385 non
2592 2330 2771 2386 semel
2803 2330 2863 2385 in
2893 2332 3031 2400 vita,
3067 2334 3169 2388 sed
3203 2357 3231 2384 «
3257 2351 3363 2406 per
3389 2334 3655 2409 singulos
3676 2336 3800 2393 dies

2140 2418 2480 2473 benedicam
2513 2418 2618 2474 tibi
2644 2442 2671 2467 ››
2694 2420 3021 2475 secundum
3052 2422 3392 2489 essentiam,
3414 2446 3441 2473 ‹‹
3461 2428 3519 2478 et
3549 2424 3797 2480 laudabo

2141 2522 2354 2561 nomen
2385 2509 2555 2562 tuum
2588 2507 2648 2562 in
2682 2507 2987 2580 saeculum,
3019 2514 3077 2565 et
3106 2509 3167 2564 in
3198 2510 3478 2567 smculum
3537 2511 3734 2568 saeculi
3769 2534 3796 2562 »

2138 2594 2293 2666 quod
2318 2594 2447 2650 ideo
2470 2595 2804 2650 faciendum
2827 2598 3082 2669 est,quia
3116 2598 3239 2670 ipse
3272 2618 3295 2641 τι
3329 2599 3617 2655 Dominus
3654 2623 3680 2650 »
3711 2604 3801 2656 est

2139 2706 2166 2732 α
2203 2700 2457 2756 magnus
2492 2707 2519 2732 ››
2552 2686 2876 2740 secundum
2907 2686 3233 2757 potentiam
3266 2710 3294 2737 α
3328 2692 3387 2743 et
3417 2687 3733 2745 laudabilis
3765 2710 3795 2740 »

2138 2774 2465 2827 secundum
2497 2790 2674 2846 opera
2704 2779 2761 2828 et
2800 2774 3105 2843 beneﬁcia,
3138 2792 3267 2847 qua:
3325 2777 3466 2832 facit
3522 2777 3805 2833 ﬁdelibus

2137 2861 2264 2917 suis
2293 2877 2306 2916 :
2342 2866 2399 2917 et
2426 2861 2537 2917 hoc
2586 2860 2764 2918 nimis
2813 2862 2954 2934 quia
2993 2862 3195 2920 nullus
3224 2863 3367 2921 satis
3399 2865 3573 2939 digne
3603 2870 3801 2938 potest

2136 2949 2376 3007 laudare
2396 2951 2580 3006 Deum
2609 2968 2622 3006 :
2654 2974 2682 3002 «
2696 2956 2753 3008 et
2768 2974 2795 3002 ››
2826 2951 2981 3008 sicut
3002 2951 3194 3009 laudis
3216 2954 3346 3026 ejus
3367 2972 3483 3011 non
3514 2960 3603 3012 est
3633 2955 3787 3026 ﬁnis,

2137 3039 2219 3094 ita
2248 3062 2275 3089 ‹‹
2311 3041 2441 3110 ejus
2473 3040 2903 3113 magnitudinis
2934 3058 3048 3096 non
3081 3046 3172 3097 est
3200 3043 3337 3097 ﬁnis
3366 3066 3394 3093 »
3426 3044 3567 3116 quia
3595 3044 3791 3101 nullus

2136 3127 2501 3183 sufﬁcienter
2524 3129 2844 3201 potentiam
2868 3130 2998 3202 ejus
3027 3131 3334 3187 enuntiare
3366 3136 3575 3205 potest.

2209 3239 2237 3266 ‹‹
2273 3217 2637 3275 Generatio.»
2672 3219 2811 3275 Pars
2842 3220 3122 3275 secunda.
3142 3220 3545 3294 Egolaudabo,
3564 3238 3667 3279 nec
3686 3238 3792 3294 ego

367 3318 458 3370 est
481 3311 746 3388 fortiores
766 3313 824 3363 et
844 3309 1111 3383 magistri
1135 3310 1406 3378 aliorum,
1430 3315 1571 3366 sunt
1605 3334 1625 3360 ι
1661 3328 1873 3368 crassa:
1906 3335 1934 3361 ››
1967 3312 2025 3367 id
2056 3293 2099 3361 (ἶ
2138 3306 2323 3375 soluti,
2356 3307 2456 3362 sed
2489 3330 2519 3358 ι(
2550 3308 2847 3380 generatio
2880 3330 2909 3359 »
2940 3309 3300 3379 Judmorum,
3336 3334 3364 3360 «
3379 3315 3437 3366 et
3461 3311 3805 3384 generatioir

367 3407 479 3473 est,
510 3397 938 3470 temporalibus
968 3397 1279 3455 desideriis
1310 3399 1711 3472 impinguatze.

441 3513 469 3540 ‹‹
494 3487 817 3556 Maecrizc,»
852 3487 1077 3544 scilicet
1106 3487 1361 3559 alicujus
1391 3488 1650 3558 artis,vel
1682 3490 2037 3548 munitionis

368 3592 573 3633 eorum
605 3599 632 3627 «
668 3593 791 3631 non
833 3581 923 3632 est
971 3577 1143 3633 ruina
1176 3598 1203 3626 ››
1236 3581 1524 3649 quantum
1576 3578 1648 3632 ad
1690 3579 2026 3652 opinionem

368 3682 593 3734 eorum,
628 3666 727 3738 qui
762 3683 880 3722 non
911 3666 1229 3734 aestimant,
1265 3669 1329 3721 ut
1359 3665 1553 3737 aliquo
1597 3668 1771 3723 modo
1824 3685 2027 3725 eorum

370 3755 664 3810 rationum
695 3754 886 3810 valeat
907 3754 1159 3810 ﬁrmitas
1189 3754 1547 3827 impugnari,
1574 3779 1600 3806 ‹‹
1627 3773 1817 3828 neque
1837 3762 2026 3814 trans-

371 3844 489 3900 itus
524 3867 551 3894 »
587 3844 799 3899 iterum
852 3848 1141 3916 quantum
1191 3844 1263 3899 ad
1314 3860 1414 3899 eos
1445 3867 1472 3893 ‹‹
1509 3861 1697 3916 neque
1745 3845 1967 3902 clamor
2000 3870 2027 3897 n

366 3933 525 3990 verbi
548 3933 651 3989 Dei
673 3936 765 3989 est
792 3932 902 3988 «in
927 3932 1157 4005 plateis,
1195 3954 1222 3981 ››
1256 3932 1314 3987 id
1345 3936 1435 3988 est
1464 3931 1524 3987 in
1555 3932 1690 3989 latis
1722 3935 2029 3993 desideriis

370 4046 397 4074 ί(
431 4039 659 4079 eorum.
697 4045 724 4071 θ)

439 4111 588 4178 Quia
604 4110 761 4168 enim
783 4128 887 4184 per
914 4110 1099 4167 latum
1127 4111 1308 4183 hujus
1330 4111 1527 4167 saeculi
1552 4113 1908 4170 desiderium
1937 4116 2030 4172 de-

368 4202 581 4270 ﬂuunt,
617 4218 733 4256 non
767 4205 1002 4257 resonat
1034 4201 1186 4256 inter
1208 4216 1308 4256 eos
1339 4201 1583 4257 verbum
1605 4202 1890 4272 divinum,
1925 4205 2028 4261 sed

368 4289 566 4362 potius
597 4312 624 4339 ‹‹
659 4288 935 4343 dixerunt
965 4288 1203 4344 beatum
1234 4287 1521 4361 populum
1553 4289 1646 4344 cui
1678 4289 1801 4346 hazc
1833 4296 2026 4348 sunt»

367 4395 496 4453 quae
528 4377 810 4451 praedicta
855 4381 1016 4446 sunt,
1070 4376 1296 4434 scilicet
1326 4393 1455 4449 qua:
1494 4377 1715 4435 habent
1746 4379 1894 4436 tales
1923 4381 2028 4437 ﬁlii

366 4470 713 4536 omnes,etc.
742 4466 859 4540 Ipsi
882 4466 1223 4539 hujusmodi
1244 4465 1526 4539 populum
1549 4466 2026 4542 dieuntbeatum,

368 4557 470 4613 sed
502 4573 607 4629 ego
639 4555 737 4628 qui
771 4573 968 4612 veram
1004 4560 1171 4611 teneo
1203 4555 1580 4628 sententiam,
1612 4557 1741 4614 dico
1789 4576 1856 4615 ex
1900 4577 2032 4618 mea

2137 3395 2401 3466 gentium
2433 3419 2461 3447 «
2478 3395 2807 3453 laudabunt
2827 3413 3003 3469 opera
3019 3402 3175 3466 tua,»
3191 3397 3250 3454 id
3273 3403 3363 3455 est
3389 3398 3798 3473 ipsum,atten—

2137 3484 2341 3540 dentes
2360 3484 2490 3558 ipsa
2507 3502 2685 3558 opera
2715 3503 2859 3542 sua:
2893 3491 2950 3543 et
2979 3487 3121 3543 item
3155 3480 3395 3561 propter
3422 3488 3741 3563 potentiam
3778 3507 3791 3547 :

2136 3573 2248 3629 hoc
2278 3572 2420 3629 dicit
2451 3590 2465 3629 :
2499 3597 2528 3624 ‹‹
2562 3578 2621 3630 et
2650 3576 2971 3647 potentiam
3005 3580 3168 3632 tuam
3200 3578 3797 3651 pronuntiabunt,»et

2136 3661 2231 3718 hic
2258 3667 2347 3719 est
2377 3663 2530 3719 alius
2562 3664 2776 3720 modus
2807 3662 3089 3721 laudandi
3121 3665 3330 3722 Deum.
3578 3678 3585 3683 ’

2211 3753 2355 3807 Item
2389 3774 2417 3801 «
2447 3753 2950 3824 magniﬁcentiam
2976 3753 3173 3826 gloria:
3206 3755 3540 3828 loquentur,
3567 3779 3594 3806 n
3628 3757 3683 3812 id
3707 3763 3797 3814 est

2138 3839 2390 3912 glortam
2423 3841 2800 3914 magniﬁcam
2834 3859 2846 3899 ε
2880 3847 2940 3899 et
2985 3843 3183 3916 gloriae
3222 3844 3352 3902 dico
3379 3868 3408 3896 α
3441 3847 3791 3903 sanctitatis.

2139 3935 2275 3997 tuas,
2308 3951 2336 3980 ››
2369 3930 2427 3987 id
2459 3936 2550 3986 est
2577 3930 2789 3988 habitae
2831 3933 2902 3989 de
2950 3938 3054 3989 tua
3111 3934 3420 3991 sanctitate
3451 3952 3464 3990 :
3497 3940 3555 3993 et
3584 3935 3677 3991 hic
3704 3953 3796 4003 est

2138 4017 2292 4075 alius
2323 4018 2536 4076 modus
2566 4018 3033 4094 laudandi,quod
3055 4021 3292 4095 planius
3322 4024 3489 4096 ponit
3518 4024 3793 4099 Hierony-

2138 4125 2294 4178 mus,
2318 4108 2522 4165 dicens
2548 4125 2559 4165 :
2586 4132 2612 4160 «
2638 4108 2887 4182 gloriam
2906 4112 3235 4181 maiestatis
3255 4117 3368 4169 tum
3389 4118 3449 4169 et
3464 4114 3795 4170 sanctitatis

2136 4202 2250 4254 tua:
2290 4196 2626 4270 loquentur,
2658 4204 2718 4255 et
2764 4199 3060 4258 mirabilia
3111 4205 3216 4259 tua
3245 4225 3274 4252 »
3332 4203 3391 4258 id
3449 4207 3558 4272 est,
3617 4204 3795 4259 mira-

2138 4288 2272 4345 cula
2302 4306 2429 4361 quas
2462 4287 2678 4360 fecisti,
2706 4287 2887 4345 veluti
2937 4290 2996 4345 in
3045 4290 3331 4348 divisione
3378 4292 3560 4348 maris
3590 4291 3795 4364 Rubri,

2141 4402 2169 4429 α
2205 4378 2583 4445 narrabant,»
2618 4382 2677 4434 et
2704 4376 2800 4434 hic
2829 4383 2920 4435 est
2944 4379 3096 4437 alius
3124 4380 3358 4449 modus,
3390 4385 3450 4437 et
3478 4380 3593 4437 alia
3618 4397 3801 4438 causa

2138 4466 2444 4523 laudandi.

2211 4578 2239 4607 ‹‹
2266 4557 2335 4611 Et
2354 4555 2631 4613 virtutem
2654 4558 3007 4614 terribilium
3031 4564 3269 4616 tuorum
3287 4560 3502 4632 dicent,
3523 4582 3551 4609 ››
3574 4557 3800 4615 scilicet

369 4645 707 4719 parte,quia.
731 4669 757 4696 ‹‹
792 4644 1048 4719 populus
1080 4668 1108 4695 ››
1141 4644 1239 4701 ille
1263 4648 1355 4700 est
1385 4669 1411 4696 ‹‹
1428 4645 1655 4714 beatus,
1689 4649 1860 4719 cujus
1888 4674 1914 4700 ››
1946 4660 2037 4714 est,
2065 4667 2123 4732 Ι),
2144 4644 2307 4701 illam
2337 4649 2503 4701 tuam
2534 4645 2829 4715 virtutem,
2866 4646 2925 4702 in
2957 4664 3079 4719 qua
3105 4654 3177 4703 tu-
3201 4648 3479 4705 terribilis
3526 4665 3799 4721 appares,

369 4757 397 4783 ‹‹
435 4734 721 4791 Dominus
753 4757 781 4783 n
815 4733 911 4789 ille
942 4733 1040 4806 qui
1073 4737 1162 4789 est
1193 4756 1219 4784 «
1256 4733 1412 4789 Deus
1469 4735 1599 4805 ejus
1633 4757 1659 4783 ››
1694 4736 1750 4791 id
1785 4745 1894 4810 est,
1929 4746 2030 4816 qui

369 4827 691 4879 creatorem
747 4840 924 4879 suum
973 4822 1150 4894 elegit
1176 4821 1289 4876 sibi
1322 4821 1637 4877 Dominum
1669 4825 1763 4880 cui
1794 4832 2029 4891 serviat.

370 4911 516 4967 Cum
550 4912 692 4967 dicit
722 4912 792 4966 ad
825 4911 1105 4979 litteram,
1138 4928 1274 4966 oves
1313 4928 1516 4966 eorum
1550 4918 1689 4969 sunt
1721 4916 1935 4988 fetosas,
1968 4929 2034 4980 ut

372 5017 578 5057 eorum
601 5005 762 5055 notet
793 5000 1367 5068 stultitiam,subdit:
1388 5000 1758 5062 abundantes
1774 5006 1834 5062 in
1848 5027 2037 5083 egres-

372 5088 540 5144 sibus
571 5088 782 5159 suis,id
804 5093 895 5144 est
916 5106 1030 5144 non
1065 5094 1207 5145 sunt
1237 5088 1479 5145 stabiles
1510 5089 1853 5163 hujusmodi
1877 5116 2032 5171 oves,

374 5177 475 5231 sed
527 5176 640 5233 cito
693 5178 1078 5250 egrediuntur
1105 5179 1177 5233 de
1206 5177 1344 5245 vita,
1380 5178 1437 5232 id
1469 5183 1559 5233 est
1589 5197 1794 5239 omnes
1826 5185 2033 5261 hujus-

375 5264 535 5320 modi
566 5265 776 5321 divitia:
810 5266 1113 5323 instabiles
1145 5272 1303 5323 sunt.

833 5409 905 5465 IN
948 5408 1295 5465 PSALMUM
1346 5410 1581 5467 CXLIV.

725 5504 978 5564 'l‘rrnws
1011 5523 1023 5562 :
1061 5507 1323 5565 Laudatio
1355 5511 1465 5581 ipsi
1491 5511 1684 5567 David.

449 5638 477 5664 ι(
514 5614 790 5675 Exaltabo
821 5626 898 5677 te.
936 5644 964 5671 »
996 5621 1101 5677 Hie
1149 5620 1426 5678 laudatur
1468 5625 1593 5697 ipse
1619 5626 1823 5699 David,
1858 5631 1915 5687 id
1948 5638 2037 5691 est

380 5696 669 5771 Christus,
703 5721 737 5761 a
791 5709 1081 5784 Propheta
1136 5708 1238 5781 qui
1296 5709 1579 5794 loquitur,
1633 5719 1691 5771 et
1734 5696 1863 5793 ipsa
1905 5719 2035 5781 laus

2141 4734 2320 4791 veluti
2354 4734 2454 4791 illa
2484 4753 2612 4808 qua:
2645 4737 2796 4792 facta
2827 4743 2915 4793 est
2942 4737 3001 4791 in
3036 4738 3283 4811 Egypto
3312 4739 3383 4794 de
3415 4737 3715 4793 Pharaone
3743 4741 3804 4792 et

2143 4825 2269 4881 suis
2304 4841 2318 4880 :
2353 4829 2411 4880 et
2436 4824 2531 4881 hic
2562 4829 2652 4881 est
2680 4824 2834 4882 alius
2864 4828 3077 4883 modus
3110 4844 3123 4883 :
3157 4851 3186 4879 ‹‹
3220 4832 3280 4884 et
3325 4826 3800 4900 magnitudinem

2143 4918 2306 4969 tuam
2340 4936 2366 4964 »
2402 4914 2459 4969 in
2492 4916 2749 4971 essentia
2780 4939 2800 4965 α
2835 4917 3179 4973 narrabunt.
3220 4940 3245 4966 »ι

2216 5005 2285 5058 Et
2315 5004 2409 5059 hic
2440 5009 2530 5061 est
2561 5004 2711 5061 alius
2743 5007 2975 5062 modus.
3000 5030 3026 5057 ‹‹
3054 5007 3397 5064 Memoriam
3424 5005 3803 5064 abundantiae

2146 5094 2455 5151 suavitatis
2485 5099 2597 5151 tua:
2620 5097 3026 5161 eructabunt,»
3050 5096 3107 5152 id
3138 5102 3228 5153 est
3259 5114 3547 5153 memores
3575 5097 3647 5152 de
3669 5112 3803 5152 sua-

2144 5184 2391 5240 vissima
2421 5189 2478 5239 et
2508 5185 2834 5241 abundanti
2865 5185 3176 5242 dulcedine
3207 5191 3328 5254 tua,
3362 5191 3427 5243 ut
3467 5186 3802 5258 derepara—

2145 5274 2302 5343 tione
2334 5273 2579 5330 humani
2637 5275 2868 5347 generis
2910 5292 3013 5347 per
3041 5277 3313 5349 gratiam,
3345 5262 3715 5341 éructabunt,
3746 5279 3806 5331 et

2145 5363 2614 5437 pronuntiabunt
2660 5382 2790 5421 eam
2839 5365 2970 5422 aliis
3004 5383 3016 5424 :
3048 5371 3105 5422 et
3152 5366 3248 5423 hic
3289 5370 3379 5422 est
3407 5365 3559 5422 alius
3588 5365 3805 5421 modus

2147 5476 2176 5505 ‹‹
2209 5458 2266 5510 et
2283 5452 2522 5525 justitia
2552 5459 2654 5510 tua
2683 5454 3082 5523 exsultabunt,
3118 5479 3145 5507 ››
3174 5456 3234 5511 id
3266 5460 3359 5512 est
3387 5472 3522 5512 cum
3552 5452 3808 5511 exsulta-

2145 5544 2303 5599 tione
2334 5543 2794 5600 annuntiabunt.

2218 5636 2288 5690 Et
2318 5634 2413 5689 hic
2443 5640 2533 5691 est
2563 5633 2716 5691 alius
2748 5635 2982 5693 modus.
3008 5660 3035 5687 ‹‹
3064 5636 3425 5693 Miserator.»
3451 5635 3592 5691 Pars
3608 5634 3807 5690 tertia.

2147 5725 2216 5783 Et
2245 5724 2546 5800 respondit
2575 5724 2646 5781 ad
2689 5724 2799 5782 hoc
2843 5726 3000 5802 quod
3059 5726 3226 5802 prius
3275 5724 3442 5797 dixit,
3475 5749 3503 5776 ‹‹
3534 5723 3814 5785 laudabit
