3942 6360
178 414 302 472 681

182 633 525 692 laudandus
574 635 653 691 sit
699 635 875 692 Deus.
910 636 1285 692 Continuatio
1321 655 1332 693 :
1368 640 1450 693 Ad
1511 639 1840 710 proximum

182 722 317 779 ideo
349 724 564 780 debent
594 723 905 795 exsultare,
934 731 1219 791 eructare,
1242 727 1382 799 quia
1414 752 1437 773 α
1476 728 1779 793 Dominus,
1818 752 1841 773 υ»

180 812 286 884 qui
318 811 377 868 in
402 816 612 869 natura
636 831 745 869 sua
767 837 795 863 ‹‹
820 814 1154 870 misericors
1192 840 1215 863 »
1248 822 1356 883 est,
1392 817 1514 888 ipse
1552 822 1639 871 est
1664 817 1838 870 etiam

177 900 376 957 factus
406 925 436 952 ‹‹
470 902 800 971 miserator,
836 926 864 951 ι»
899 903 956 958 id
989 908 1079 959 est
1111 904 1390 959 exhibens
1421 906 1587 959 nobis
1621 906 1839 959 multas

178 989 612 1059 miserationes,
645 990 805 1047 velut
838 992 897 1047 in
930 993 1123 1064 prima
1152 993 1538 1059 creatione,et
1586 995 1838 1049 maxime

177 1079 239 1135 in
260 1079 617 1136 recreationc
641 1097 654 1136 :
680 1080 751 1136 ad
777 1080 886 1135 hoc
909 1081 1063 1153 quod
1088 1082 1251 1148 dixit,
1280 1106 1305 1130 ‹‹
1333 1083 1651 1154 potentiam
1675 1087 1836 1137 tuam

175 1168 669 1240 pronuntiabunt,
697 1192 724 1217 »
752 1186 886 1226 cum
910 1168 1129 1225 multas
1150 1175 1345 1242 posset
1366 1172 1669 1227 ostendere
1691 1171 1837 1227 alias

175 1254 281 1312 Dei
305 1257 805 1330 potentias,veluti
829 1259 986 1331 quod
1010 1263 1169 1315 tenet
1201 1264 1415 1315 terram
1434 1260 1516 1316 ita
1542 1260 1599 1315 in
1631 1277 1832 1328 vacuo,

175 1350 235 1402 et
263 1345 485 1401 similia
518 1362 531 1401 :
567 1364 745 1402 unam
797 1350 990 1403 tamen
1042 1348 1239 1420 potius
1286 1347 1481 1419 elegit,
1509 1350 1832 1405 secundum

176 1434 336 1507 quod
385 1440 725 1508 peccatores
774 1441 1072 1510 exspectat
1119 1442 1176 1493 et
1225 1439 1518 1493 condonat
1575 1442 1830 1509 peccata.

177 1522 342 1578 Unde
373 1522 517 1580 dicit
546 1547 574 1573 ‹‹
608 1523 860 1596 patiens,
899 1548 925 1573 »
959 1525 1100 1598 quia
1130 1543 1244 1581 non
1278 1526 1477 1581 statim
1511 1526 1833 1598 punit,imo

173 1614 474 1683 exspectat
492 1612 962 1681 conversionem;
1002 1636 1029 1665 ‹‹
1061 1618 1119 1669 et
1141 1604 1396 1670 multum
1430 1615 1829 1683 misericors,»

172 1699 457 1773 quoniam
487 1704 1015 1774 quantumcunque
1053 1704 1172 1759 sint
1222 1720 1438 1774 magna
1486 1709 1740 1775 peccata,
1774 1709 1833 1759 et

166 1807 352 1863 quam
387 1784 864 1860 innumerabilia,
897 1790 1022 1863 ipse
1053 1795 1251 1848 tamen
1283 1794 1576 1848 condonet
1616 1792 1697 1846 illi
1729 1792 1830 1864 qui

168 1896 232 1935 se
264 1877 565 1948 bumillat,
598 1881 656 1935 et
685 1879 757 1935 ad
788 1896 922 1936 eum
954 1881 1327 1937 convertitur.
1600 1934 1603 1939 .

238 1968 457 2024 Contra
475 1966 585 2024 hoc
616 1968 772 2040 quod
789 1969 1034 2038 dixerat,
1060 1993 1087 2020 «
1111 1971 1608 2041 magniﬁcentiam
1631 1971 1826 2043 gloria:

165 2057 543 2130 loquentur,»
559 2057 1111 2130 respondet,dicens
1133 2058 1294 2115 illam
1319 2060 1690 2131 magniﬁcam
1710 2060 1829 2135 glo-

167 2145 314 2203 riam
349 2160 590 2201 suavem
619 2161 748 2201 esse
777 2145 1218 2218 explorantibus
1247 2147 1820 2221 eam.Continuatio::

167 2232 457 2293 Dominus
482 2237 570 2290 est
595 2233 845 2306 patiens,
866 2237 926 2289 et
968 2239 1173 2292 cmtera
1203 2253 1331 2308 quae
1378 2235 1535 2291 dicta
1574 2240 1732 2303 sunt,
1766 2242 1824 2292 et

166 2325 295 2398 ipse
326 2347 355 2373 ‹‹
379 2322 669 2380 Dominus
699 2326 788 2379 est
816 2323 1070 2389 suavis,»
1095 2323 1153 2379 id
1184 2330 1291 2392 est,
1312 2324 1501 2379 dulcis
1522 2330 1580 2380 et
1600 2327 1822 2397 jucun-

169 2413 280 2469 dus
307 2434 336 2464 ‹‹
357 2410 615 2467 universi
643 2434 670 2460 »
691 2411 1070 2485 gustantibus
1089 2412 1467 2485 ipsum,sicut
1488 2417 1544 2467 et
1574 2413 1710 2469 alibi
1735 2415 1821 2468 di-

169 2502 323 2558 citur
347 2517 360 2555 :
387 2524 415 2551 ‹‹
445 2499 689 2557 Gustata
718 2504 775 2556 et
792 2501 981 2557 videte
1006 2518 1185 2573 quam
1210 2502 1405 2557 suavis
1427 2508 1516 2557 est
1538 2502 1821 2558 Dominus

167 2590 339 2664 (Psal.
371 2591 589 2659 mm),
626 2612 653 2638 »
686 2612 715 2639 ‹‹
746 2594 853 2645 et»
884 2588 944 2645 in
994 2595 1224 2645 tantum
1276 2596 1364 2645 est
1413 2593 1629 2662 suavis,
1664 2593 1818 2663 quod

167 2703 193 2729 ιι
213 2676 624 2737 miserationes
644 2679 812 2750 ejus»
838 2682 977 2734 sunt
998 2704 1023 2727 ‹‹
1042 2697 1218 2750 super
1234 2679 1431 2734 omnia
1444 2698 1616 2751 opera
1630 2683 1816 2751 ejus,»

165 2769 305 2841 quia
329 2784 448 2841 prm
479 2768 756 2824 omnibus
785 2767 1085 2824 beneficiis
1114 2769 1243 2839 ejus
1265 2773 1322 2823 et
1353 2768 1667 2823 virtutibus
1690 2787 1818 2841 ope-

162 2862 347 2926 ratur,
371 2857 473 2913 dat
502 2855 674 2913 nobis
705 2855 850 2912 alias
880 2855 1381 2923 miserationes,id
1412 2862 1521 2925 est,
1546 2876 1814 2913 remune-

162 2946 423 3002 rationes
480 2950 707 3001 aeterna:
752 2944 881 3000 vita)
916 2963 929 3000 :
966 2963 1140 3018 opera
1189 2950 1383 3001 autem
1430 2964 1557 3018 qum
1588 2965 1620 3001 a
1650 2947 1817 3002 nobis

161 3035 526 3103 babentur,a
555 3034 672 3090 Dco
702 3034 1021 3106 punientur
1053 3051 1066 3090 :
1102 3034 1373 3089 diabolus
1404 3035 1576 3089 etiam
1603 3053 1815 3091 secun-

162 3124 305 3181 dum
328 3122 723 3181 substantiam
746 3122 885 3196 quia
904 3125 1170 3178 creatura
1183 3123 1277 3177 Dei
1302 3128 1389 3178 est
1415 3128 1471 3179 et
1492 3124 1815 3196 opus,hanc

161 3211 406 3269 habebit
434 3211 892 3282 miserationem,
927 3211 1064 3284 quia
1091 3212 1148 3267 in
1179 3217 1459 3267 aeternum
1484 3215 1817 3269 substantia

1384 420 1631 481 EXPLA
1645 419 1880 480 NA'I‘IO
1923 418 2003 478 IN
2048 420 2431 483 PSALMOS.

184 562 369 618 opera
398 549 501 603 tua
535 564 547 602 :
586 570 613 595 »
645 552 704 604 et
734 546 1008 620 explanat
1052 550 1344 620 quomodo
1386 558 1622 622 prepter
1671 567 1843 621 opera
1871 550 1927 617 Α
1956 549 2169 604 Christi
2203 551 2337 620 (Act.
2370 555 2451 620 Ill)
2486 569 2498 607 :
2534 577 2559 599 ‹‹

3497 427 3613 487 682

2598 559 2657 609 ot
2692 576 2717 601 »
2750 556 2927 610 etiam
2958 560 3155 611 notam
3189 556 3406 612 faciant
3437 581 3463 606 ‹‹
3498 557 3615 627 glo-

1956 637 2101 690 riam
2136 639 2583 708 magniﬁeentim
2620 643 2779 713 regni
2817 642 2957 710 tui,»
2995 644 3049 698 id
3080 649 3371 716 est,quam
3399 645 3610 717 glorio-

1951 742 2082 779 sum
2117 731 2171 779 et
2206 744 2383 797 quam
2421 731 2800 799 magniﬁcum
2834 732 2909 786 sit
2943 750 3185 802 regnum
3222 738 3413 788 tuum.

2019 814 2102 868 Ad
2137 814 2244 869 hoc
2268 819 2616 887 respondet:
2642 826 2697 873 et
2723 821 3192 891 magnitudinem
3219 826 3383 876 tuam
3408 840 3606 877 narra-

1950 901 2496 961 bunt.Continuatio
2523 922 2535 960 :
2561 908 2711 963 Bene
2733 909 2862 962 dico
2884 910 3423 981 «magnificentiam
3440 910 3603 981 regni

1947 988 2091 1056 tui,»
2115 990 2252 1061 quia
2284 1016 2311 1041 «
2338 1010 2583 1065 regnum
2618 1001 2783 1051 tuum
2821 1020 2846 1045 »
2877 1002 2964 1053 est
2996 1022 3022 1047 «
3058 1015 3303 1069 regnum
3335 999 3600 1054 omnium

1947 1076 2315 1143 smeulorum,
2354 1103 2374 1129 ι
2413 1083 2553 1152 quia
2594 1089 2896 1153 aeternum,
2929 1090 2987 1140 et
3032 1085 3093 1141 in
3146 1085 3243 1141 illo
3293 1103 3469 1157 regno
3501 1091 3600 1141 tuo

1946 1162 2129 1219 habes
2160 1171 2442 1223 internum
2474 1169 2838 1239 dominium;
2874 1194 2901 1222 ‹‹
2934 1178 2990 1227 et
3024 1196 3050 1221 »
3079 1173 3187 1229 hoc
3220 1173 3361 1229 dicit
3394 1192 3457 1229 :u
3488 1174 3598 1230 D0-

1947 1253 2193 1310 minatio
2239 1259 2344 1312 tua
2394 1257 2451 1313 in
2515 1259 2676 1315 omni
2734 1262 3108 1333 generatione
3165 1267 3223 1319 et
3279 1262 3599 1334 generatio-

1946 1355 2039 1394 ne.
2070 1364 2097 1389 ››

2018 1430 2351 1502 Respondet
2399 1435 2473 1489 ad
2520 1435 2649 1503 hoc,
2684 1437 3059 1493 abundantia
3109 1439 3417 1494 suavitatis
3464 1444 3597 1494 tua).

1944 1519 2315 1577 Continuatio
2350 1538 2363 1577 :
2398 1522 2732 1581 Dominatio
2763 1531 2851 1582 est
2881 1528 2941 1582 in
2964 1527 3123 1583 omni
3146 1528 3603 1601 generatione,et

1943 1606 2067 1678 ipse
2103 1631 2130 1658 ‹‹
2158 1609 2445 1667 Dominus
2478 1614 2669 1669 fidelis
2701 1615 2760 1670 in
2793 1616 3070 1672 omnibus
3100 1617 3293 1673 verbis
3326 1617 3515 1684 suis,»
3544 1618 3601 1672 id

1941 1700 2049 1764 est,
2083 1714 2275 1764 verax,
2299 1700 2440 1770 quia
2489 1701 2739 1757 fideliter
2786 1704 3070 1776 adimplet
3130 1705 3417 1777 quidquid
3476 1706 3600 1776 ipse

1941 1786 2239 1856 promisit;
2279 1808 2307 1836 ι(
2340 1792 2395 1842 et
2426 1794 2665 1844 sanctus
2694 1791 2750 1845 in
2781 1793 3058 1847 omnibus
3089 1792 3365 1864 operibus
3394 1793 3539 1861 suis,
3569 1816 3595 1841 »

1860 1872 1995 1982 Bid
2050 1878 2158 1982 est,
2189 1874 2741 1975 inreprehensibilis,
2788 1879 2923 1935 licet
2976 1881 3247 1936 videatur
3303 1898 3335 1937 a
3392 1881 3592 1937 stultis

1937 1962 2204 2032 qumdam
2233 1962 2450 2035 injuste
2473 1965 2802 2038 disponere.

2009 2051 2115 2105 Per
2167 2050 2275 2106 hoc
2322 2053 2501 2108 etiam
2560 2061 2802 2127 apparet
2851 2057 3215 2113 abundantia
3264 2058 3592 2126 suavitatis,

1936 2163 1963 2189 ‹‹
2000 2138 2136 2210 quia
2166 2156 2369 2196 omnes
2400 2142 2501 2214 qui
2527 2148 2829 2211 corruunt,
2865 2168 2896 2195 »
2926 2144 2984 2201 id
3016 2150 3123 2218 est,
3156 2146 3242 2201 illi
3282 2146 3383 2219 qui
3423 2148 3598 2220 proni

1934 2233 2075 2283 sunt
2104 2229 2176 2283 ad
2226 2231 2611 2300 peccandum,
2645 2256 2671 2282 ‹‹
2708 2233 2919 2289 allevat
2947 2234 3254 2305 Dominus,
3294 2258 3321 2284 »
3353 2234 3493 2307 quia
3542 2236 3591 2292 si

1932 2317 2110 2371 velint
2129 2319 2456 2374 consentire
2487 2319 2558 2387 ei,
2577 2338 2687 2375 non
2715 2323 3043 2392 perducunt
3071 2322 3144 2377 ad
3167 2327 3365 2377 actum
3389 2324 3591 2379 volun-

1932 2410 2110 2461 tatem
2143 2408 2291 2477 ejus,
2322 2430 2347 2456 ‹‹
2384 2412 2441 2463 et
2490 2410 2721 2465 omnes'
2747 2410 2954 2479 illisos,
2994 2434 3019 2459 »
3052 2412 3108 2466 id
3158 2417 3270 2479 est,
3304 2413 3434 2470 illos
3489 2414 3592 2485 qui

1923 2497 2049 2567 jam
2074 2498 2417 2552 deciderunt
2450 2499 2508 2553 in
2541 2505 2735 2554 actum
2770 2502 3014 2572 peccati,
3044 2524 3069 2551 ‹‹
3106 2503 3296 2575 erigit,
3325 2526 3351 2552 »
3384 2505 3597 2559 condo-

1932 2587 2125 2640 nando
2156 2584 2259 2653 eis,
2293 2587 2339 2640 si
2373 2586 2553 2642 velint
2585 2590 2862 2660 ptenitere
2893 2591 3085 2645 dando
3117 2592 3357 2663 gratias.

2004 2675 2336 2745 Respondet
2385 2676 2455 2729 ad
2504 2675 2611 2729 hoc
2646 2678 2985 2747 :justitiam
3030 2683 3193 2733 tuam
3226 2679 3587 2746 exaltabunt,

1927 2767 1984 2817 et
2016 2763 2271 2817 ostendit
2302 2764 2489 2834 ipsam
2522 2764 2621 2818 Dei
2647 2767 2968 2836 justitiam.
3002 2766 3410 2824 Continuatio:
3441 2770 3589 2833 Quia

1926 2850 2137 2917 elevas,
2160 2856 2217 2905 et
2247 2851 2383 2923 quia
2404 2852 2601 2923 erigis,
2627 2854 2753 2924 jam
2791 2875 2817 2902 ‹‹
2848 2853 3002 2909 oculi
3034 2854 3298 2909 omnium
3334 2879 3361 2904 »
3392 2856 3584 2911 inten-

1927 2940 2113 2995 tiones
2136 2962 2163 2989 ‹‹
2189 2939 2247 2994 in
2280 2944 2334 2994 te
2366 2942 2899 3011 sperant,Domine,
2914 2948 2970 2997 et
3000 2946 3062 2997 tu
3096 2943 3201 2997 das
3232 2960 3426 2999 escam
3450 2944 3581 3000 illo-

1926 3046 2079 3095 rum,
2112 3051 2140 3077 »
2174 3028 2232 3083 id
2285 3033 2393 3095 est,
2446 3027 2564 3083 sive
2608 3030 2994 3102 spiritualem,
3028 3030 3146 3086 sive
3194 3032 3581 3103 corporalem,

1925 3117 2097 3172 veluti
2134 3115 2353 3173 Danieli
2388 3116 2445 3171 in
2475 3116 2605 3171 lacu
2639 3117 2872 3173 leonum
2904 3122 3071 3190 (Dan.
3093 3120 3192 3192 vn).
3217 3121 3287 3175 Et
3318 3120 3427 3177 hoc
3458 3145 3484 3171 ‹‹
3519 3122 3581 3178 in

1924 3213 2180 3277 tempore
2209 3209 2594 3278 opportuno,»
2626 3206 2763 3279 quia
2783 3208 2892 3262 etsi
2923 3225 3039 3263 non
3062 3208 3262 3264 statim
3295 3211 3580 3282 quoniam

164 3319 280 3358 non
312 3300 546 3373 peribit,
580 3300 681 3357 sed
714 3282 963 3373 propter:
997 3301 1321 3372 nequitiam
1372 3320 1539 3357 suam
1582 3305 1814 3358 {lelvrnis
1845 3282 1887 3349 C
1926 3294 2330 3368 petitur,digni
2361 3295 2581 3367 aliquid
2607 3297 2789 3365 adest,
2813 3301 3011 3353 tamen
3041 3298 3139 3354 dat
3162 3300 3395 3371 quando
3411 3301 3581 3372 judi-

161 3389 459 3464 at'lligetur
506 3388 831 3446 incendiis:
865 3393 923 3444 et
968 3389 1109 3462 quia
1156 3390 1352 3445 suavis
1402 3396 1512 3460 est,
1548 3391 1630 3447 sic
1682 3392 1818 3448 facit

162 3478 572 3539 miserationes
602 3476 801 3535 omnia
825 3494 1002 3551 opera
1032 3496 1161 3551 sua,
1186 3479 1316 3535 ideo
1364 3485 1627 3553 apparet,
1659 3482 1814 3552 quod

163 3565 609 3640 magnificentia
638 3566 767 3637 ejus
792 3564 869 3621 sit
897 3566 1100 3638 gloria.

228 3678 259 3707 α
280 3653 1129 3727 Conﬁteanturtibi,Domine.»
1147 3657 1415 3715 Ostendit
1425 3661 1814 3730 sanctitatem,

160 3760 296 3800 cum
327 3743 689 3816 quibusdam
722 3743 983 3815 injustus
1027 3744 1297 3804 videatur
1341 3746 1645 3817 Dominus,
1680 3768 1815 3806 cum

156 3832 471 3905 permittas
516 3832 703 3888 malos
746 3831 806 3887 in
857 3831 965 3889 hac
995 3833 1112 3890 vita
1142 3837 1493 3909 prosperari,
1526 3843 1583 3893 et
1620 3840 1815 3910 justos

154 3921 363 3979 multis
396 3922 983 3979 incommoditatibus
1015 3925 1377 3997 perturbari;
1413 3928 1579 3998 quasi
1620 3929 1696 3983 ita
1729 3931 1815 3985 di-

156 4015 314 4067 ceret
338 4027 352 4066 :
377 4010 525 4077 Quia
563 4010 702 4067 talia
733 4010 896 4079 facis,
933 4034 957 4060 ‹‹
982 4012 1372 4069 confiteantur
1404 4014 1529 4081 tibi,
1554 4018 1812 4086 Domine,

154 4098 359 4155 omnia
386 4115 564 4171 opera
593 4103 757 4168 tua,»
776 4098 835 4155 id
859 4104 1154 4168 est,causa
1175 4101 1295 4157 sint
1318 4119 1422 4158 cur
1441 4105 1815 4162 rationabiles

156 4192 439 4244 creaturas
467 4190 524 4244 te
554 4186 817 4258 laudent,
835 4210 862 4238 ‹‹
886 4192 943 4245 et
963 4189 1152 4245 sancti
1174 4191 1259 4245 tui
1281 4191 1627 4249 benedicant
1652 4194 1812 4264 tibi,»

156 4276 528 4332 attendentes
559 4280 821 4334 sanctam
853 4294 919 4333 ac
967 4277 1322 4335 laudabilem
1370 4280 1814 4354 dispositionem

155 4365 218 4420 in
262 4364 385 4420 tuis
432 4364 923 4438 operibus,veluti
976 4366 1024 4422 si
1070 4366 1174 4423 ﬁat
1204 4369 1510 4439 serenitas,
1544 4388 1677 4428 cum
1710 4392 1815 4431 nos

151 4452 422 4525 pluviam
452 4454 970 4526 exspectamus,vel
993 4472 1023 4511 θ
1056 4474 1353 4526 converso,
1380 4461 1688 4518 attendunt
1708 4463 1816 4519 hoc

155 4558 191 4598 a
219 4542 341 4599 Deo
369 4542 723 4599 sanctiﬁcari
753 4547 811 4600 et
842 4547 1001 4601 certa
1031 4545 1414 4618 dispositione
1446 4548 1590 4605 fieri.

1925 3389 2017 3440 cat
2047 3389 2465 3457 opportunum.

1996 3475 2065 3529 Et
2094 3474 2153 3528 in
2175 3474 2283 3529 hoc
2302 3474 2478 3530 etiam
2494 3475 2728 3546 justitia
2763 3480 2865 3532 tua
2887 3477 3213 3549 apparebit,
3238 3478 3377 3551 quia
3398 3502 3423 3529 ‹‹
3446 3494 3582 3551 ape-

1925 3562 2006 3618 ris
2039 3567 2103 3617 tu
2135 3579 2377 3619 manum
2410 3565 2669 3632 tuam,id
2704 3570 2811 3633 est,
2848 3566 3006 3639 large
3038 3568 3388 3641 dispensans
3409 3570 3579 3625 bene-

1924 3652 2058 3706 ficia
2087 3656 2209 3720 tua,
2240 3675 2267 3702 ‹‹
2304 3657 2361 3708 et
2390 3652 2600 3725 imples
2632 3671 2804 3710 omne
2852 3655 3072 3712 animal
3108 3679 3135 3705 »
3169 3658 3425 3715 serviens
3470 3659 3577 3715 tibi

1926 3741 2148 3796 ratione
2196 3746 2254 3796 et
2306 3742 2501 3798 studio
2534 3767 2559 3793 ‹‹
2597 3744 3019 3813 benedictione,
3056 3768 3079 3797 ι
3134 3745 3193 3799 id
3234 3750 3343 3813 est,
3390 3747 3578 3802 incre-

1925 3835 2121 3885 mento
2151 3828 2458 3886 virtutum.

1996 3942 2023 3969 ‹‹
2055 3919 2263 3975 Justus
2299 3942 2325 3967 »
2358 3924 2446 3975 est
2474 3921 2758 3976 Dominus
2790 3944 2817 3971 ‹‹
2850 3922 2910 3976 in
2941 3922 3217 3976 omnibus
3246 3920 3356 3977 viis
3377 3921 3525 3991 suis,
3548 3945 3580 3972 »

1923 4008 1979 4062 id
2004 4007 2185 4077 est,in
2216 4007 2491 4063 omnibus
2510 4008 3049 4081 dispensationibus
3077 4024 3091 4064 ε
3117 4030 3145 4060 ‹‹
3171 4013 3229 4064 et
3257 4013 3496 4065 sanctus
3518 4009 3579 4065 in

1923 4096 2197 4153 omnibus
2229 4097 2503 4167 Operibus
2535 4098 2679 4165 suis,
2716 4120 2743 4148 »
2777 4098 2834 4152 id
2868 4097 3050 4163 est,in
3082 4098 3361 4154 omnibus
3410 4098 3578 4155 effec-

1924 4185 2083 4240 tibus
2114 4183 2378 4255 ipsarum
2411 4183 2944 4255 dispensationum.

1996 4272 2296 4340 Quomodo
2341 4272 2495 4327 Deus
2539 4273 2745 4343 justus
2799 4274 2897 4340 sit,
2922 4275 3125 4345 justus
3176 4275 3328 4332 inter
3370 4277 3577 4345 bonos,

1925 4360 2199 4418 ostendit.
2218 4360 2590 4417 Continuatio
2625 4380 2638 4417 :
2673 4362 2961 4419 Dominus
2992 4364 3052 4420 in
3082 4364 3375 4437 praedictis
3406 4365 3578 4421 bonis

1917 4452 2121 4523 justus
2141 4453 2251 4515 est,
2286 4454 2342 4505 et
2364 4448 2425 4504 in
2456 4448 2567 4505 hoc
2599 4456 2840 4523 apparet
2870 4453 3023 4523 quod
3049 4454 3253 4524 justus
3300 4457 3412 4519 est,
3436 4454 3578 4525 quia

1924 4539 2050 4612 ipse
2084 4563 2109 4589 «
2146 4538 2434 4593 Dominus
2488 4556 2666 4610 prope
2714 4544 2803 4595 est
2845 4541 3122 4598 omnibus
3171 4541 3581 4598 invocantibus

230 4631 320 4688 Ad
344 4631 455 4689 hoc
484 4632 796 4705 respondet
832 4633 988 4705 quod
1037 4651 1217 4706 supra
1246 4634 1488 4704 dixerat,
1520 4639 1814 4697 mirabilia
1847 4651 1896 4717 Ι)
1928 4644 2085 4684 θυσι·
2119 4627 2408 4717 omnibus
2440 4627 2849 4717 ίηγοεαηιίὺιιε
2892 4646 3027 4685 cum
3059 4650 3088 4679 ”
3121 4629 3248 4687 dico
3284 4653 3305 4681 ⁸
3341 4630 3403 4686 in
3431 4631 3582 4687 Veri‘

155 4720 509 4793 narrabunt,
541 4725 598 4777 et
626 4721 881 4777 ostendit
907 4720 1010 4778 illa
1048 4722 1361 4780 mirabilia.
1394 4726 1766 4786 Continuatio
1800 4750 1813 4787 :

154 4809 298 4865 Dico
335 4830 365 4859 α
396 4808 582 4865 sancti
613 4809 959 4866 benedicent
987 4810 1115 4879 tibi,
1149 4834 1176 4863 ››
1211 4816 1268 4867 et
1300 4835 1328 4863 ‹‹
1360 4813 1606 4885 gloriam
1653 4822 1814 4892 regni

152 4898 241 4953 tui
271 4896 529 4967 dicent,»
553 4896 611 4953 id
642 4899 1047 4967 est,mundum
1072 4899 1347 4968 istum,et
1376 4904 1815 4964 ﬁrmamentum

153 4988 214 5043 in
248 5003 367 5060 quo
397 4990 461 5042 tu
490 5003 721 5059 regnas,
740 4988 1053 5044 ostendent
1083 4988 1405 5061 gloriosum
1438 4998 1495 5047 et
1544 5000 1816 5052 ornatum

155 5092 293 5131 cum
327 5074 520 5147 seipso
549 5096 578 5125 «
608 5080 665 5131 et
693 5076 1018 5148 potentiam
1050 5080 1218 5132 tuam
1247 5077 1582 5152 loquentur,
1618 5105 1645 5134 »
1680 5086 1818 5157 quia

156 5164 472 5221 ostendent
491 5167 548 5220 te
570 5165 807 5238 propria
826 5165 1085 5237 potentia
1104 5167 1227 5221 haec
1249 5169 1447 5224 omnia
1470 5172 1814 5243 gubernare.

230 5253 571 5326 Respondet
601 5252 806 5309 adhoc
841 5270 855 5308 :
890 5258 947 5309 et
976 5254 1252 5310 virtutem
1288 5251 1638 5315 terribilium
1693 5266 1819 5317 tuo-

160 5360 317 5398 rum.
351 5342 729 5399 Continuatio
764 5359 778 5399 :
812 5344 1137 5400 Potentiam
1185 5350 1346 5400 tuam
1396 5346 1730 5419 loquentur,
1766 5356 1823 5405 et

157 5431 411 5504 gloriam
437 5431 605 5503 regni
634 5432 720 5487 tui
749 5433 965 5500 dicent,
1000 5457 1027 5484 ‹‹
1063 5437 1129 5488 ut
1171 5438 1369 5489 notam
1423 5436 1640 5493 faciant
1687 5440 1822 5495 filiis

157 5520 473 5576 hominum
504 5520 827 5593 potentiam
858 5526 1045 5589 tuam,
1072 5544 1099 5570 »
1127 5521 1304 5577 veluti
1331 5523 1535 5581 Petrus
1568 5532 1625 5582 et
1653 5528 1825 5585 Joan-

158 5626 283 5680 nes,
298 5626 440 5666 cum
466 5607 745 5665 claudum
777 5615 1105 5679 sanassent,
1126 5614 1183 5667 et
1211 5628 1414 5669 omnes
1446 5615 1820 5686 mirarentur,

156 5698 435 5756 dixerunt
490 5713 608 5754 non
654 5714 783 5755 esse
833 5716 983 5773 opus
1030 5716 1228 5771 suum,
1260 5702 1361 5757 sed
1415 5705 1642 5762 Domini
1681 5705 1822 5764 Jesu

491 5824 767 5887 Paraet.
813 5824 1017 5888 CXVI.

1929 4722 2066 4773 tate.
2090 4736 2116 4769 ι)
2152 4716 2217 4771 In
2248 4717 2488 4772 veritate
2518 4716 2785 4773 invocare
2814 4723 2923 4787 est,
2948 4736 3095 4790 pura
3117 4723 3175 4775 et
3202 4720 3584 4777 immaculata

1926 4805 2268 4871 intentione,
2301 4822 2480 4860 causa
2505 4803 2715 4861 salutis
2747 4807 2954 4862 anima:
2986 4825 3127 4874 sua),
3158 4808 3230 4864 ad
3263 4808 3580 4865 Dominum

1927 4895 2199 4959 clamare,
2223 4899 2279 4949 et
2310 4912 2423 4948 non
2458 4896 2772 4968 superflue,
2808 4897 2909 4952 sed
2942 4896 3000 4953 id
3032 4901 3225 4969 petere
3257 4900 3413 4969 quod
3454 4898 3580 4955 ani-

1928 5002 2034 5039 mre
2068 4984 2316 5039 salutem
2348 4983 2534 5039 valeat
2565 4984 2847 5040 conferre.
2879 4987 2991 5041 Sed
3043 4987 3183 5058 quia
3232 4987 3447 5044 Paulus
3490 5000 3585 5046 su-

1928 5073 2151 5145 perfluo
2199 5071 2420 5143 rogavit
2467 5072 2537 5140 (II
2572 5072 2694 5127 Cor.
2729 5076 2851 5144 xu),
2885 5075 3025 5146 quia
3076 5075 3319 5131 remotio
3351 5075 3578 5131 stimuli

1928 5163 2121 5217 carnis
2172 5162 2242 5216 ad
2294 5160 2502 5216 animm
2552 5160 2803 5216 salutem
2856 5177 2969 5218 non
3018 5168 3142 5219 erat
3188 5164 3419 5236 idonea,
3452 5164 3581 5220 ideo

1932 5268 2045 5306 non
2104 5255 2193 5305 est
2250 5249 2559 5304 exauditus
2617 5267 2651 5304 a
2708 5251 2995 5308 Domino:
3032 5253 3116 5308 sic
3176 5253 3583 5309 invocantibus

1932 5357 2107 5412 prope
2139 5344 2227 5394 est
2259 5338 2563 5394 Dominus.
2596 5338 2655 5393 id
2689 5345 2795 5407 est,
2830 5357 2933 5412 pro
2974 5341 3375 5397 misericordia
3424 5357 3583 5396 com-

1932 5429 2095 5500 plens
2125 5427 2278 5499 quod
2311 5426 2421 5497 ipsi
2447 5431 2670 5498 petunt.
2696 5428 3019 5499 Ilypocrita:
3052 5436 3271 5497 autem,
3292 5430 3392 5501 qui
3420 5430 3583 5486 favo-

1932 5534 2052 5571 rem
2082 5514 2279 5588 populi
2312 5520 2599 5586 qucerunt,
2632 5516 2690 5570 in
2733 5518 2975 5573 veritate
3025 5521 3204 5574 Deum
3257 5536 3373 5574 non
3419 5518 3581 5576 invo-

1932 5611 2087 5663 cant.

2004 5699 2072 5753 Et
2101 5711 2230 5752 vere
2259 5710 2438 5768 prope
2468 5697 2577 5767 est,
2612 5693 2750 5768 quia
2781 5694 2905 5768 ipse
2937 5720 2964 5746 ‹‹
3000 5696 3172 5755 faciet
3216 5698 3582 5758 voluntatem

3187 5828 3265 5889 22
