  <div class='ocr_page' id='page_1' title='image "/cluster/home/n/w/nwhite01/storage/ocr_20150623/115-116/uc1.31175006916467/1083.png"; bbox 0 0 3942 6400; ppageno 0'>
   <div class='ocr_carea' id='block_1_1' title="bbox 384 470 503 531">
    <p class='ocr_par' dir='ltr' id='par_1_1' title="bbox 384 470 503 531">
     <span class='ocr_line' id='line_1_1' title="bbox 384 470 503 531; baseline 0.017 -2"><span class='ocrx_word' id='word_1_1' title='bbox 384 470 503 531; x_wconf 87' lang='grc'>683</span> 
     </span>
    </p>
   </div>
   <div class='ocr_carea' id='block_1_2' title="bbox 768 471 3427 537">
    <p class='ocr_par' dir='ltr' id='par_1_2' title="bbox 768 471 3427 537">
     <span class='ocr_line' id='line_1_2' title="bbox 768 471 3427 537; baseline 0.002 -6"><span class='ocrx_word' id='word_1_2' title='bbox 768 472 1174 533; x_wconf 87' lang='lat' dir='ltr'>HAYMONIS</span> <span class='ocrx_word' id='word_1_3' title='bbox 1222 473 1759 534; x_wconf 78' lang='lat' dir='ltr'>HALBERSTAT.</span> <span class='ocrx_word' id='word_1_4' title='bbox 1805 472 2048 534; x_wconf 86' lang='lat' dir='ltr'>EPISC.</span> <span class='ocrx_word' id='word_1_5' title='bbox 2096 472 2270 534; x_wconf 87' lang='lat' dir='ltr'><strong>OPP.</strong></span> <span class='ocrx_word' id='word_1_6' title='bbox 2318 472 2516 532; x_wconf 78' lang='lat' dir='ltr'>PARS</span> <span class='ocrx_word' id='word_1_7' title='bbox 2562 471 2610 532; x_wconf 89' lang='grc' dir='ltr'>Ι.</span> <span class='ocrx_word' id='word_1_8' title='bbox 2657 507 2734 515; x_wconf 96' lang='lat'><em>—</em></span> <span class='ocrx_word' id='word_1_9' title='bbox 2777 472 3183 536; x_wconf 86' lang='lat' dir='ltr'>COMMENT.</span> <span class='ocrx_word' id='word_1_10' title='bbox 3231 475 3427 537; x_wconf 91' lang='lat' dir='ltr'>BlBL.</span> 
     </span>
    </p>
   </div>
   <div class='ocr_carea' id='block_1_3' title="bbox 3681 478 3793 540">
    <p class='ocr_par' dir='ltr' id='par_1_3' title="bbox 3681 478 3793 540">
     <span class='ocr_line' id='line_1_3' title="bbox 3681 478 3793 540; baseline 0.018 -4"><span class='ocrx_word' id='word_1_11' title='bbox 3681 478 3793 540; x_wconf 78' lang='grc'>684</span> 
     </span>
    </p>
   </div>
   <div class='ocr_carea' id='block_1_4' title="bbox 383 604 3794 684">
    <p class='ocr_par' dir='ltr' id='par_1_4' title="bbox 383 604 3794 684">
     <span class='ocr_line' id='line_1_4' title="bbox 383 604 3794 684; baseline 0.002 -23"><span class='ocrx_word' id='word_1_12' title='bbox 383 604 718 661; x_wconf 83' lang='lat' dir='ltr'>timentium</span> <span class='ocrx_word' id='word_1_13' title='bbox 750 620 832 673; x_wconf 90' lang='lat' dir='ltr'>se,</span> <span class='ocrx_word' id='word_1_14' title='bbox 869 626 896 651; x_wconf 86' lang='lat'>»</span> <span class='ocrx_word' id='word_1_15' title='bbox 928 604 985 658; x_wconf 90' lang='lat' dir='ltr'>id</span> <span class='ocrx_word' id='word_1_16' title='bbox 1017 609 1124 671; x_wconf 89' lang='lat' dir='ltr'>est,</span> <span class='ocrx_word' id='word_1_17' title='bbox 1159 604 1566 676; x_wconf 88' lang='lat' dir='ltr'>complebit,ct</span> <span class='ocrx_word' id='word_1_18' title='bbox 1595 604 1644 661; x_wconf 91' lang='lat' dir='ltr'>si</span> <span class='ocrx_word' id='word_1_19' title='bbox 1672 605 1785 677; x_wconf 88' lang='lat' dir='ltr'>ipsi</span> <span class='ocrx_word' id='word_1_20' title='bbox 1806 609 2038 662; x_wconf 82' lang='lat' dir='ltr'>taceant</span> <span class='ocrx_word' id='word_1_21' title='bbox 2065 607 2121 673; x_wconf 82' lang='grc' dir='ltr'><strong>Α</strong></span> <span class='ocrx_word' id='word_1_22' title='bbox 2224 605 2363 661; x_wconf 89' lang='lat' dir='ltr'>Pars</span> <span class='ocrx_word' id='word_1_23' title='bbox 2392 605 2671 661; x_wconf 89' lang='lat' dir='ltr'>secunda.</span> <span class='ocrx_word' id='word_1_24' title='bbox 2705 605 2768 660; x_wconf 92' lang='lat' dir='ltr'>In</span> <span class='ocrx_word' id='word_1_25' title='bbox 2790 604 2929 662; x_wconf 82' lang='lat' dir='ltr'>ﬁliis</span> <span class='ocrx_word' id='word_1_26' title='bbox 2950 605 3258 664; x_wconf 87' lang='lat' dir='ltr'>hominum</span> <span class='ocrx_word' id='word_1_27' title='bbox 3289 626 3406 666; x_wconf 91' lang='lat' dir='ltr'>non</span> <span class='ocrx_word' id='word_1_28' title='bbox 3437 614 3527 667; x_wconf 91' lang='lat' dir='ltr'>est</span> <span class='ocrx_word' id='word_1_29' title='bbox 3556 627 3794 684; x_wconf 88' lang='lat' dir='ltr'>speran-</span> 
     </span>
    </p>
   </div>
   <div class='ocr_carea' id='block_1_5' title="bbox 387 691 2039 764">
    <p class='ocr_par' dir='ltr' id='par_1_5' title="bbox 387 691 2039 764">
     <span class='ocr_line' id='line_1_5' title="bbox 387 691 2039 764; baseline 0.004 -19"><span class='ocrx_word' id='word_1_30' title='bbox 387 717 413 745; x_wconf 89' lang='grc'>‹‹</span> <span class='ocrx_word' id='word_1_31' title='bbox 445 696 502 748; x_wconf 90' lang='lat' dir='ltr'>et</span> <span class='ocrx_word' id='word_1_32' title='bbox 552 691 1019 764; x_wconf 80' lang='lat' dir='ltr'>deprecationem</span> <span class='ocrx_word' id='word_1_33' title='bbox 1071 710 1272 747; x_wconf 87' lang='lat' dir='ltr'>eorum</span> <span class='ocrx_word' id='word_1_34' title='bbox 1324 694 1651 749; x_wconf 86' lang='lat' dir='ltr'>exaudiet»</span> <span class='ocrx_word' id='word_1_35' title='bbox 1706 695 1859 751; x_wconf 89' lang='lat' dir='ltr'>facta</span> <span class='ocrx_word' id='word_1_36' title='bbox 1901 714 2039 753; x_wconf 87' lang='lat' dir='ltr'>voce</span> 
     </span>
    </p>
   </div>
   <div class='ocr_carea' id='block_1_6' title="bbox 385 780 2037 838">
    <p class='ocr_par' dir='ltr' id='par_1_6' title="bbox 385 780 2037 838">
     <span class='ocr_line' id='line_1_6' title="bbox 385 780 2037 838; baseline 0.001 -1"><span class='ocrx_word' id='word_1_37' title='bbox 385 780 665 837; x_wconf 90' lang='lat' dir='ltr'>continua</span> <span class='ocrx_word' id='word_1_38' title='bbox 709 803 736 830; x_wconf 83' lang='lat'><strong>«</strong></span> <span class='ocrx_word' id='word_1_39' title='bbox 791 783 848 835; x_wconf 88' lang='lat' dir='ltr'>et</span> <span class='ocrx_word' id='word_1_40' title='bbox 897 802 923 829; x_wconf 88' lang='lat'>»</span> <span class='ocrx_word' id='word_1_41' title='bbox 960 781 1197 835; x_wconf 90' lang='lat' dir='ltr'>tandem</span> <span class='ocrx_word' id='word_1_42' title='bbox 1247 803 1269 833; x_wconf 75' lang='grc' dir='ltr'>ι</span> <span class='ocrx_word' id='word_1_43' title='bbox 1306 782 1496 837; x_wconf 84' lang='lat' dir='ltr'>salvos</span> <span class='ocrx_word' id='word_1_44' title='bbox 1556 782 1727 838; x_wconf 87' lang='lat' dir='ltr'>faciet</span> <span class='ocrx_word' id='word_1_45' title='bbox 1775 801 1873 838; x_wconf 90' lang='lat' dir='ltr'>eos</span> <span class='ocrx_word' id='word_1_46' title='bbox 1909 806 1929 834; x_wconf 72' lang='grc' dir='ltr'>ι</span> <span class='ocrx_word' id='word_1_47' title='bbox 1977 783 2037 837; x_wconf 90' lang='lat' dir='ltr'>in</span> 
     </span>
    </p>
   </div>
   <div class='ocr_carea' id='block_1_7' title="bbox 382 868 1000 926">
    <p class='ocr_par' dir='ltr' id='par_1_7' title="bbox 382 868 1000 926">
     <span class='ocr_line' id='line_1_7' title="bbox 382 868 1000 926; baseline -0.005 0"><span class='ocrx_word' id='word_1_48' title='bbox 382 876 597 926; x_wconf 59' lang='lat' dir='ltr'>aeterna</span> <span class='ocrx_word' id='word_1_49' title='bbox 626 868 1000 925; x_wconf 82' lang='lat' dir='ltr'>salutatione.</span> 
     </span>
    </p>
   </div>
   <div class='ocr_carea' id='block_1_8' title="bbox 454 959 2038 1033">
    <p class='ocr_par' dir='ltr' id='par_1_8' title="bbox 454 959 2038 1033">
     <span class='ocr_line' id='line_1_8' title="bbox 454 959 2038 1033; baseline 0.001 -18"><span class='ocrx_word' id='word_1_50' title='bbox 454 960 649 1032; x_wconf 87' lang='lat' dir='ltr'>Usque</span> <span class='ocrx_word' id='word_1_51' title='bbox 673 977 788 1015; x_wconf 92' lang='lat' dir='ltr'>non</span> <span class='ocrx_word' id='word_1_52' title='bbox 821 959 1077 1015; x_wconf 86' lang='lat' dir='ltr'>ostendit</span> <span class='ocrx_word' id='word_1_53' title='bbox 1112 962 1267 1033; x_wconf 88' lang='lat' dir='ltr'>quod</span> <span class='ocrx_word' id='word_1_54' title='bbox 1302 962 1457 1018; x_wconf 86' lang='lat' dir='ltr'>Deus</span> <span class='ocrx_word' id='word_1_55' title='bbox 1480 963 1684 1033; x_wconf 90' lang='lat' dir='ltr'>justus</span> <span class='ocrx_word' id='word_1_56' title='bbox 1715 963 1791 1017; x_wconf 87' lang='lat' dir='ltr'>sit</span> <span class='ocrx_word' id='word_1_57' title='bbox 1839 962 1897 1016; x_wconf 89' lang='lat' dir='ltr'>in</span> <span class='ocrx_word' id='word_1_58' title='bbox 1930 963 2038 1017; x_wconf 91' lang='lat' dir='ltr'>bo-</span> 
     </span>
    </p>
   </div>
   <div class='ocr_carea' id='block_1_9' title="bbox 380 1050 2038 1124">
    <p class='ocr_par' dir='ltr' id='par_1_9' title="bbox 380 1050 2038 1124">
     <span class='ocr_line' id='line_1_9' title="bbox 380 1050 2038 1124; baseline 0.001 -19"><span class='ocrx_word' id='word_1_59' title='bbox 380 1067 509 1119; x_wconf 91' lang='lat' dir='ltr'>nos,</span> <span class='ocrx_word' id='word_1_60' title='bbox 534 1066 695 1105; x_wconf 91' lang='lat' dir='ltr'>nunc</span> <span class='ocrx_word' id='word_1_61' title='bbox 723 1050 998 1122; x_wconf 86' lang='lat' dir='ltr'>deinceps</span> <span class='ocrx_word' id='word_1_62' title='bbox 1027 1051 1424 1107; x_wconf 90' lang='lat' dir='ltr'>communiter</span> <span class='ocrx_word' id='word_1_63' title='bbox 1443 1053 1738 1124; x_wconf 89' lang='lat' dir='ltr'>quomodo</span> <span class='ocrx_word' id='word_1_64' title='bbox 1762 1052 1819 1106; x_wconf 91' lang='lat' dir='ltr'>in</span> <span class='ocrx_word' id='word_1_65' title='bbox 1855 1056 2038 1106; x_wconf 71' lang='lat' dir='ltr'>bonos</span> 
     </span>
    </p>
   </div>
   <div class='ocr_carea' id='block_1_10' title="bbox 379 1138 2038 1207">
    <p class='ocr_par' dir='ltr' id='par_1_10' title="bbox 379 1138 2038 1207">
     <span class='ocr_line' id='line_1_10' title="bbox 379 1138 2038 1207; baseline -0.001 -11"><span class='ocrx_word' id='word_1_66' title='bbox 379 1143 437 1196; x_wconf 90' lang='lat' dir='ltr'>et</span> <span class='ocrx_word' id='word_1_67' title='bbox 480 1138 542 1194; x_wconf 89' lang='lat' dir='ltr'>in</span> <span class='ocrx_word' id='word_1_68' title='bbox 595 1138 806 1207; x_wconf 90' lang='lat' dir='ltr'>malos,</span> <span class='ocrx_word' id='word_1_69' title='bbox 837 1139 1085 1196; x_wconf 87' lang='lat' dir='ltr'>dicens:</span> <span class='ocrx_word' id='word_1_70' title='bbox 1128 1163 1155 1194; x_wconf 77' lang='grc' dir='ltr'>ιι</span> <span class='ocrx_word' id='word_1_71' title='bbox 1183 1140 1452 1196; x_wconf 86' lang='lat' dir='ltr'>Custodit</span> <span class='ocrx_word' id='word_1_72' title='bbox 1499 1141 1785 1197; x_wconf 90' lang='lat' dir='ltr'>Dominus</span> <span class='ocrx_word' id='word_1_73' title='bbox 1834 1158 2038 1197; x_wconf 89' lang='lat' dir='ltr'>omnes</span> 
     </span>
    </p>
   </div>
   <div class='ocr_carea' id='block_1_11' title="bbox 377 1228 1895 1303">
    <p class='ocr_par' dir='ltr' id='par_1_11' title="bbox 377 1228 1895 1303">
     <span class='ocr_line' id='line_1_11' title="bbox 377 1228 1895 1303; baseline -0.001 -17"><span class='ocrx_word' id='word_1_74' title='bbox 377 1228 691 1302; x_wconf 89' lang='lat' dir='ltr'>diligentes</span> <span class='ocrx_word' id='word_1_75' title='bbox 723 1246 805 1297; x_wconf 90' lang='lat' dir='ltr'>se,</span> <span class='ocrx_word' id='word_1_76' title='bbox 835 1233 892 1284; x_wconf 89' lang='lat' dir='ltr'>ct</span> <span class='ocrx_word' id='word_1_77' title='bbox 920 1246 1126 1285; x_wconf 88' lang='lat' dir='ltr'>omnes</span> <span class='ocrx_word' id='word_1_78' title='bbox 1154 1233 1486 1303; x_wconf 88' lang='lat' dir='ltr'>peccatores</span> <span class='ocrx_word' id='word_1_79' title='bbox 1516 1230 1832 1302; x_wconf 84' lang='lat' dir='ltr'>disperdet.</span> <span class='ocrx_word' id='word_1_80' title='bbox 1870 1254 1895 1278; x_wconf 86' lang='grc'><strong><em>››</em></strong></span> 
     </span>
    </p>
   </div>
   <div class='ocr_carea' id='block_1_12' title="bbox 449 1316 2041 1390">
    <p class='ocr_par' dir='ltr' id='par_1_12' title="bbox 449 1316 2041 1390">
     <span class='ocr_line' id='line_1_12' title="bbox 449 1316 2041 1390; baseline -0.001 -16"><span class='ocrx_word' id='word_1_81' title='bbox 449 1316 759 1374; x_wconf 86' lang='lat' dir='ltr'>Conclusio</span> <span class='ocrx_word' id='word_1_82' title='bbox 791 1318 1267 1390; x_wconf 87' lang='lat' dir='ltr'>supradictarum</span> <span class='ocrx_word' id='word_1_83' title='bbox 1318 1318 1751 1374; x_wconf 83' lang='lat' dir='ltr'>laudationum.</span> <span class='ocrx_word' id='word_1_84' title='bbox 1785 1320 1856 1374; x_wconf 91' lang='lat' dir='ltr'>Et</span> <span class='ocrx_word' id='word_1_85' title='bbox 1903 1317 2041 1390; x_wconf 90' lang='lat' dir='ltr'>quia</span> 
     </span>
    </p>
   </div>
   <div class='ocr_carea' id='block_1_13' title="bbox 376 1406 2039 1480">
    <p class='ocr_par' dir='ltr' id='par_1_13' title="bbox 376 1406 2039 1480">
     <span class='ocr_line' id='line_1_13' title="bbox 376 1406 2039 1480; baseline -0.002 -16"><span class='ocrx_word' id='word_1_86' title='bbox 376 1406 666 1464; x_wconf 85' lang='lat' dir='ltr'>Dominus</span> <span class='ocrx_word' id='word_1_87' title='bbox 695 1406 817 1462; x_wconf 69' lang='grc' dir='ltr'>Ι]ωο</span> <span class='ocrx_word' id='word_1_88' title='bbox 848 1407 1047 1463; x_wconf 87' lang='lat' dir='ltr'>omnia</span> <span class='ocrx_word' id='word_1_89' title='bbox 1091 1408 1283 1475; x_wconf 85' lang='lat' dir='ltr'>faciet,</span> <span class='ocrx_word' id='word_1_90' title='bbox 1316 1408 1603 1480; x_wconf 89' lang='lat' dir='ltr'>quidquid</span> <span class='ocrx_word' id='word_1_91' title='bbox 1651 1407 1750 1464; x_wconf 87' lang='lat' dir='ltr'>alii</span> <span class='ocrx_word' id='word_1_92' title='bbox 1802 1407 2039 1477; x_wconf 84' lang='lat' dir='ltr'>faciant,</span> 
     </span>
    </p>
   </div>
   <div class='ocr_carea' id='block_1_14' title="bbox 380 1496 2042 1569">
    <p class='ocr_par' dir='ltr' id='par_1_14' title="bbox 380 1496 2042 1569">
     <span class='ocr_line' id='line_1_14' title="bbox 380 1496 2042 1569; baseline 0 -19"><span class='ocrx_word' id='word_1_93' title='bbox 380 1520 410 1550; x_wconf 83' lang='lat'>»</span> <span class='ocrx_word' id='word_1_94' title='bbox 423 1496 833 1554; x_wconf 89' lang='lat' dir='ltr'>laudationum</span> <span class='ocrx_word' id='word_1_95' title='bbox 854 1496 1089 1553; x_wconf 88' lang='lat' dir='ltr'>Domini</span> <span class='ocrx_word' id='word_1_96' title='bbox 1107 1496 1381 1569; x_wconf 85' lang='lat' dir='ltr'>loquetur</span> <span class='ocrx_word' id='word_1_97' title='bbox 1400 1514 1467 1554; x_wconf 93' lang='lat' dir='ltr'>os</span> <span class='ocrx_word' id='word_1_98' title='bbox 1489 1514 1711 1564; x_wconf 91' lang='lat' dir='ltr'>meum,</span> <span class='ocrx_word' id='word_1_99' title='bbox 1725 1500 1782 1553; x_wconf 88' lang='lat' dir='ltr'>et</span> <span class='ocrx_word' id='word_1_100' title='bbox 1801 1519 1828 1547; x_wconf 88' lang='lat'>»</span> <span class='ocrx_word' id='word_1_101' title='bbox 1855 1512 2042 1552; x_wconf 86' lang='lat' dir='ltr'>exem-</span> 
     </span>
    </p>
   </div>
   <div class='ocr_carea' id='block_1_15' title="bbox 379 1584 2039 1659">
    <p class='ocr_par' dir='ltr' id='par_1_15' title="bbox 379 1584 2039 1659">
     <span class='ocr_line' id='line_1_15' title="bbox 379 1584 2039 1659; baseline -0.001 -18"><span class='ocrx_word' id='word_1_102' title='bbox 379 1585 478 1659; x_wconf 90' lang='lat' dir='ltr'>plo</span> <span class='ocrx_word' id='word_1_103' title='bbox 532 1584 649 1642; x_wconf 90' lang='lat' dir='ltr'>mei</span> <span class='ocrx_word' id='word_1_104' title='bbox 696 1607 725 1637; x_wconf 86' lang='lat'><strong>«</strong></span> <span class='ocrx_word' id='word_1_105' title='bbox 757 1585 1064 1641; x_wconf 88' lang='lat' dir='ltr'>benedicat</span> <span class='ocrx_word' id='word_1_106' title='bbox 1109 1587 1303 1642; x_wconf 90' lang='lat' dir='ltr'>omnis</span> <span class='ocrx_word' id='word_1_107' title='bbox 1354 1603 1487 1643; x_wconf 89' lang='lat' dir='ltr'>caro</span> <span class='ocrx_word' id='word_1_108' title='bbox 1543 1586 1768 1642; x_wconf 89' lang='lat' dir='ltr'>nomini</span> <span class='ocrx_word' id='word_1_109' title='bbox 1836 1588 2039 1642; x_wconf 86' lang='lat' dir='ltr'>sancto</span> 
     </span>
    </p>
   </div>
   <div class='ocr_carea' id='block_1_16' title="bbox 382 1674 2040 1747">
    <p class='ocr_par' dir='ltr' id='par_1_16' title="bbox 382 1674 2040 1747">
     <span class='ocr_line' id='line_1_16' title="bbox 382 1674 2040 1747; baseline -0.001 -16"><span class='ocrx_word' id='word_1_110' title='bbox 382 1675 533 1747; x_wconf 87' lang='lat' dir='ltr'>ejus.</span> <span class='ocrx_word' id='word_1_111' title='bbox 581 1698 610 1725; x_wconf 90' lang='lat'>»</span> <span class='ocrx_word' id='word_1_112' title='bbox 658 1675 729 1730; x_wconf 91' lang='lat' dir='ltr'>Et</span> <span class='ocrx_word' id='word_1_113' title='bbox 775 1674 871 1730; x_wconf 91' lang='lat' dir='ltr'>hic</span> <span class='ocrx_word' id='word_1_114' title='bbox 920 1678 1079 1746; x_wconf 88' lang='lat' dir='ltr'>patet</span> <span class='ocrx_word' id='word_1_115' title='bbox 1134 1675 1402 1731; x_wconf 88' lang='lat' dir='ltr'>intentio.</span> <span class='ocrx_word' id='word_1_116' title='bbox 1440 1698 1461 1725; x_wconf 73' lang='grc' dir='ltr'><strong><em>α</em></strong></span> <span class='ocrx_word' id='word_1_117' title='bbox 1499 1674 1704 1732; x_wconf 88' lang='lat' dir='ltr'>Omnis</span> <span class='ocrx_word' id='word_1_118' title='bbox 1741 1696 1761 1724; x_wconf 78' lang='grc' dir='ltr'>ι</span> <span class='ocrx_word' id='word_1_119' title='bbox 1797 1675 2040 1746; x_wconf 89' lang='lat' dir='ltr'>inquam</span> 
     </span>
    </p>
   </div>
   <div class='ocr_carea' id='block_1_17' title="bbox 385 1761 2043 1835">
    <p class='ocr_par' dir='ltr' id='par_1_17' title="bbox 385 1761 2043 1835">
     <span class='ocr_line' id='line_1_17' title="bbox 385 1761 2043 1835; baseline 0.001 -20"><span class='ocrx_word' id='word_1_120' title='bbox 385 1785 414 1815; x_wconf 82' lang='grc' dir='ltr'>ι(</span> <span class='ocrx_word' id='word_1_121' title='bbox 445 1779 601 1830; x_wconf 91' lang='lat' dir='ltr'>caro,</span> <span class='ocrx_word' id='word_1_122' title='bbox 634 1783 666 1815; x_wconf 71' lang='grc' dir='ltr'><strong>ι</strong></span> <span class='ocrx_word' id='word_1_123' title='bbox 698 1761 921 1818; x_wconf 89' lang='lat' dir='ltr'>scilicet</span> <span class='ocrx_word' id='word_1_124' title='bbox 952 1761 1101 1818; x_wconf 86' lang='lat' dir='ltr'>servi</span> <span class='ocrx_word' id='word_1_125' title='bbox 1135 1767 1192 1818; x_wconf 92' lang='lat' dir='ltr'>et</span> <span class='ocrx_word' id='word_1_126' title='bbox 1222 1762 1411 1831; x_wconf 91' lang='lat' dir='ltr'>liberi,</span> <span class='ocrx_word' id='word_1_127' title='bbox 1445 1762 1609 1835; x_wconf 88' lang='lat' dir='ltr'>pueri</span> <span class='ocrx_word' id='word_1_128' title='bbox 1642 1766 1699 1818; x_wconf 91' lang='lat' dir='ltr'>et</span> <span class='ocrx_word' id='word_1_129' title='bbox 1738 1781 1905 1819; x_wconf 88' lang='lat' dir='ltr'>senes</span> <span class='ocrx_word' id='word_1_130' title='bbox 1940 1778 1952 1818; x_wconf 92' lang='lat'>:</span> <span class='ocrx_word' id='word_1_131' title='bbox 1985 1764 2043 1817; x_wconf 88' lang='lat' dir='ltr'>et</span> 
     </span>
    </p>
   </div>
   <div class='ocr_carea' id='block_1_18' title="bbox 380 1851 2039 1924">
    <p class='ocr_par' dir='ltr' id='par_1_18' title="bbox 380 1851 2039 1924">
     <span class='ocr_line' id='line_1_18' title="bbox 380 1851 2039 1924; baseline -0.001 -16"><span class='ocrx_word' id='word_1_132' title='bbox 380 1853 493 1909; x_wconf 89' lang='lat' dir='ltr'>hoc</span> <span class='ocrx_word' id='word_1_133' title='bbox 523 1868 639 1908; x_wconf 91' lang='lat' dir='ltr'>non</span> <span class='ocrx_word' id='word_1_134' title='bbox 672 1851 745 1907; x_wconf 89' lang='lat' dir='ltr'>ad</span> <span class='ocrx_word' id='word_1_135' title='bbox 795 1851 1024 1920; x_wconf 90' lang='lat' dir='ltr'>horam,</span> <span class='ocrx_word' id='word_1_136' title='bbox 1058 1852 1160 1907; x_wconf 91' lang='lat' dir='ltr'>sed</span> <span class='ocrx_word' id='word_1_137' title='bbox 1199 1876 1220 1902; x_wconf 74' lang='grc' dir='ltr'><strong>α</strong></span> <span class='ocrx_word' id='word_1_138' title='bbox 1258 1852 1319 1907; x_wconf 89' lang='lat' dir='ltr'>in</span> <span class='ocrx_word' id='word_1_139' title='bbox 1365 1851 1645 1908; x_wconf 78' lang='lat' dir='ltr'>saeculum</span> <span class='ocrx_word' id='word_1_140' title='bbox 1682 1875 1709 1901; x_wconf 87' lang='lat'>»</span> <span class='ocrx_word' id='word_1_141' title='bbox 1760 1868 2039 1924; x_wconf 69' lang='lat' dir='ltr'>praesens,</span> 
     </span>
    </p>
   </div>
   <div class='ocr_carea' id='block_1_19' title="bbox 385 1938 2122 2048">
    <p class='ocr_par' dir='ltr' id='par_1_19' title="bbox 385 1938 2122 2048">
     <span class='ocr_line' id='line_1_19' title="bbox 385 1938 2122 2048; baseline -0.001 -51"><span class='ocrx_word' id='word_1_142' title='bbox 385 1962 415 1993; x_wconf 85' lang='grc'>‹‹</span> <span class='ocrx_word' id='word_1_143' title='bbox 445 1944 503 1998; x_wconf 89' lang='lat' dir='ltr'>et</span> <span class='ocrx_word' id='word_1_144' title='bbox 535 1962 564 1989; x_wconf 87' lang='lat'>»</span> <span class='ocrx_word' id='word_1_145' title='bbox 593 1940 772 1997; x_wconf 90' lang='lat' dir='ltr'>etiam</span> <span class='ocrx_word' id='word_1_146' title='bbox 808 1962 835 1991; x_wconf 87' lang='grc'><em>‹‹</em></span> <span class='ocrx_word' id='word_1_147' title='bbox 865 1938 925 1995; x_wconf 92' lang='lat' dir='ltr'>in</span> <span class='ocrx_word' id='word_1_148' title='bbox 970 1939 1251 1996; x_wconf 67' lang='lat' dir='ltr'>saeculum</span> <span class='ocrx_word' id='word_1_149' title='bbox 1286 1963 1313 1990; x_wconf 87' lang='lat'>»</span> <span class='ocrx_word' id='word_1_150' title='bbox 1365 1941 1808 1996; x_wconf 89' lang='lat' dir='ltr'>subsecutivum</span> <span class='ocrx_word' id='word_1_151' title='bbox 1860 1940 2040 2012; x_wconf 87' lang='lat' dir='ltr'>hujus</span> <span class='ocrx_word' id='word_1_152' title='bbox 2073 1983 2122 2048; x_wconf 84' lang='lat' dir='ltr'><strong>B</strong></span> 
     </span>
     <span class='ocr_line' id='line_1_20' title="bbox 451 2028 640 2048; baseline 0 0"><span class='ocrx_word' id='word_1_153' title='bbox 535 2028 640 2048; x_wconf 48' lang='grc' dir='ltr'>,ηις</span> 
     </span>
    </p>
   </div>
   <div class='ocr_carea' id='block_1_20' title="bbox 385 2028 730 2087">
    <p class='ocr_par' dir='ltr' id='par_1_20' title="bbox 385 2028 730 2087">
     <span class='ocr_line' id='line_1_21' title="bbox 385 2028 730 2087; baseline -0.012 0"><span class='ocrx_word' id='word_1_154' title='bbox 385 2051 415 2080; x_wconf 87' lang='grc'><strong>‹‹</strong></span> <span class='ocrx_word' id='word_1_155' title='bbox 444 2028 665 2087; x_wconf 63' lang='lat' dir='ltr'>saeculi.</span> <span class='ocrx_word' id='word_1_156' title='bbox 701 2051 730 2080; x_wconf 88' lang='lat'>»</span> 
     </span>
    </p>
   </div>
   <div class='ocr_carea' id='block_1_21' title="bbox 855 2155 1559 2212">
    <p class='ocr_par' dir='ltr' id='par_1_21' title="bbox 855 2155 1559 2212">
     <span class='ocr_line' id='line_1_22' title="bbox 855 2155 1559 2212; baseline 0 -1"><span class='ocrx_word' id='word_1_157' title='bbox 855 2155 928 2211; x_wconf 91' lang='lat' dir='ltr'><strong>IN</strong></span> <span class='ocrx_word' id='word_1_158' title='bbox 969 2155 1319 2212; x_wconf 88' lang='lat' dir='ltr'><strong>PSALMUM</strong></span> <span class='ocrx_word' id='word_1_159' title='bbox 1359 2156 1559 2212; x_wconf 82' lang='lat' dir='ltr'>CXLV.</span> 
     </span>
    </p>
   </div>
   <div class='ocr_carea' id='block_1_22' title="bbox 911 2272 1504 2329">
    <p class='ocr_par' dir='ltr' id='par_1_22' title="bbox 911 2272 1504 2329">
     <span class='ocr_line' id='line_1_23' title="bbox 911 2272 1504 2329; baseline 0 -1"><span class='ocrx_word' id='word_1_160' title='bbox 911 2272 1166 2328; x_wconf 81' lang='lat' dir='ltr'>Trruws</span> <span class='ocrx_word' id='word_1_161' title='bbox 1200 2289 1213 2327; x_wconf 88' lang='lat'><strong>:</strong></span> <span class='ocrx_word' id='word_1_162' title='bbox 1248 2273 1504 2329; x_wconf 80' lang='lat' dir='ltr'>Alleluia.</span> 
     </span>
    </p>
   </div>
   <div class='ocr_carea' id='block_1_23' title="bbox 454 2387 2042 2462">
    <p class='ocr_par' dir='ltr' id='par_1_23' title="bbox 454 2387 2042 2462">
     <span class='ocr_line' id='line_1_24' title="bbox 454 2387 2042 2462; baseline 0.004 -23"><span class='ocrx_word' id='word_1_163' title='bbox 454 2411 484 2439; x_wconf 88' lang='grc'>‹‹</span> <span class='ocrx_word' id='word_1_164' title='bbox 520 2387 954 2457; x_wconf 88' lang='lat' dir='ltr'>Lauda,anima</span> <span class='ocrx_word' id='word_1_165' title='bbox 984 2406 1135 2458; x_wconf 88' lang='lat' dir='ltr'>mea,</span> <span class='ocrx_word' id='word_1_166' title='bbox 1150 2389 1489 2445; x_wconf 90' lang='lat' dir='ltr'>Dominum.</span> <span class='ocrx_word' id='word_1_167' title='bbox 1518 2414 1545 2439; x_wconf 86' lang='grc'><strong>››</strong></span> <span class='ocrx_word' id='word_1_168' title='bbox 1578 2389 1640 2445; x_wconf 91' lang='lat' dir='ltr'>In</span> <span class='ocrx_word' id='word_1_169' title='bbox 1674 2390 1783 2445; x_wconf 90' lang='lat' dir='ltr'>hoc</span> <span class='ocrx_word' id='word_1_170' title='bbox 1814 2388 2042 2462; x_wconf 86' lang='lat' dir='ltr'>psalmo</span> 
     </span>
    </p>
   </div>
   <div class='ocr_carea' id='block_1_24' title="bbox 382 2475 2043 2543">
    <p class='ocr_par' dir='ltr' id='par_1_24' title="bbox 382 2475 2043 2543">
     <span class='ocr_line' id='line_1_25' title="bbox 382 2475 2043 2543; baseline 0 -9"><span class='ocrx_word' id='word_1_171' title='bbox 382 2481 474 2535; x_wconf 92' lang='lat' dir='ltr'>est</span> <span class='ocrx_word' id='word_1_172' title='bbox 506 2478 752 2534; x_wconf 86' lang='lat' dir='ltr'>materia</span> <span class='ocrx_word' id='word_1_173' title='bbox 781 2475 1041 2533; x_wconf 87' lang='lat' dir='ltr'>laudatio</span> <span class='ocrx_word' id='word_1_174' title='bbox 1070 2477 1266 2543; x_wconf 91' lang='lat' dir='ltr'>Dci,et</span> <span class='ocrx_word' id='word_1_175' title='bbox 1297 2478 1548 2533; x_wconf 85' lang='lat' dir='ltr'>intendit</span> <span class='ocrx_word' id='word_1_176' title='bbox 1570 2496 1676 2533; x_wconf 90' lang='lat' dir='ltr'>nos</span> <span class='ocrx_word' id='word_1_177' title='bbox 1702 2478 1948 2534; x_wconf 86' lang='lat' dir='ltr'>invitare</span> <span class='ocrx_word' id='word_1_178' title='bbox 1970 2479 2043 2534; x_wconf 91' lang='lat' dir='ltr'>ad</span> 
     </span>
    </p>
   </div>
   <div class='ocr_carea' id='block_1_25' title="bbox 392 2566 2043 2639">
    <p class='ocr_par' dir='ltr' id='par_1_25' title="bbox 392 2566 2043 2639">
     <span class='ocr_line' id='line_1_26' title="bbox 392 2566 2043 2639; baseline 0.002 -18"><span class='ocrx_word' id='word_1_179' title='bbox 392 2566 631 2624; x_wconf 89' lang='lat' dir='ltr'>laudem</span> <span class='ocrx_word' id='word_1_180' title='bbox 662 2567 765 2622; x_wconf 88' lang='lat' dir='ltr'>Dei</span> <span class='ocrx_word' id='word_1_181' title='bbox 801 2566 1064 2639; x_wconf 81' lang='lat' dir='ltr'>exemplo</span> <span class='ocrx_word' id='word_1_182' title='bbox 1097 2566 1206 2623; x_wconf 88' lang='lat' dir='ltr'>sui.</span> <span class='ocrx_word' id='word_1_183' title='bbox 1238 2567 1448 2623; x_wconf 85' lang='lat' dir='ltr'>Modus</span> <span class='ocrx_word' id='word_1_184' title='bbox 1481 2585 1493 2622; x_wconf 91' lang='lat'><strong>:</strong></span> <span class='ocrx_word' id='word_1_185' title='bbox 1531 2567 1593 2622; x_wconf 90' lang='lat' dir='ltr'>In</span> <span class='ocrx_word' id='word_1_186' title='bbox 1645 2568 1838 2638; x_wconf 88' lang='lat' dir='ltr'>prima</span> <span class='ocrx_word' id='word_1_187' title='bbox 1880 2573 2043 2639; x_wconf 85' lang='lat' dir='ltr'>parte</span> 
     </span>
    </p>
   </div>
   <div class='ocr_carea' id='block_1_26' title="bbox 387 2655 2045 2740">
    <p class='ocr_par' dir='ltr' id='par_1_26' title="bbox 387 2655 2045 2740">
     <span class='ocr_line' id='line_1_27' title="bbox 387 2655 2045 2740; baseline -0.001 -27"><span class='ocrx_word' id='word_1_188' title='bbox 387 2656 1017 2740; x_wconf 49' lang='lat' dir='ltr'>monita‘animmsua</span> <span class='ocrx_word' id='word_1_189' title='bbox 1065 2656 1138 2712; x_wconf 92' lang='lat' dir='ltr'>ad</span> <span class='ocrx_word' id='word_1_190' title='bbox 1189 2655 1554 2710; x_wconf 89' lang='lat' dir='ltr'>laudandum</span> <span class='ocrx_word' id='word_1_191' title='bbox 1606 2656 1812 2724; x_wconf 89' lang='lat' dir='ltr'>Deum,</span> <span class='ocrx_word' id='word_1_192' title='bbox 1846 2661 2045 2712; x_wconf 90' lang='lat' dir='ltr'>monet</span> 
     </span>
    </p>
   </div>
   <div class='ocr_carea' id='block_1_27' title="bbox 383 2744 2041 2817">
    <p class='ocr_par' dir='ltr' id='par_1_27' title="bbox 383 2744 2041 2817">
     <span class='ocr_line' id='line_1_28' title="bbox 383 2744 2041 2817; baseline -0.001 -15"><span class='ocrx_word' id='word_1_193' title='bbox 383 2746 533 2802; x_wconf 91' lang='lat' dir='ltr'>alios</span> <span class='ocrx_word' id='word_1_194' title='bbox 566 2763 637 2801; x_wconf 90' lang='lat' dir='ltr'>ne</span> <span class='ocrx_word' id='word_1_195' title='bbox 667 2745 965 2801; x_wconf 80' lang='lat' dir='ltr'>confidant</span> <span class='ocrx_word' id='word_1_196' title='bbox 996 2746 1055 2800; x_wconf 90' lang='lat' dir='ltr'>in</span> <span class='ocrx_word' id='word_1_197' title='bbox 1089 2744 1477 2817; x_wconf 83' lang='lat' dir='ltr'>principibus,</span> <span class='ocrx_word' id='word_1_198' title='bbox 1501 2746 1557 2800; x_wconf 90' lang='lat' dir='ltr'>id</span> <span class='ocrx_word' id='word_1_199' title='bbox 1593 2750 1702 2813; x_wconf 88' lang='lat' dir='ltr'>est,</span> <span class='ocrx_word' id='word_1_200' title='bbox 1726 2746 1813 2802; x_wconf 89' lang='lat' dir='ltr'>vel</span> <span class='ocrx_word' id='word_1_201' title='bbox 1846 2746 1906 2800; x_wconf 93' lang='lat' dir='ltr'>in</span> <span class='ocrx_word' id='word_1_202' title='bbox 1930 2746 2041 2800; x_wconf 64' lang='lat' dir='ltr'>da:-</span> 
     </span>
    </p>
   </div>
   <div class='ocr_carea' id='block_1_28' title="bbox 383 2833 2043 2905">
    <p class='ocr_par' dir='ltr' id='par_1_28' title="bbox 383 2833 2043 2905">
     <span class='ocr_line' id='line_1_29' title="bbox 383 2833 2043 2905; baseline -0.001 -13"><span class='ocrx_word' id='word_1_203' title='bbox 383 2852 581 2905; x_wconf 89' lang='lat' dir='ltr'>mone,</span> <span class='ocrx_word' id='word_1_204' title='bbox 601 2834 688 2891; x_wconf 86' lang='lat' dir='ltr'>vel</span> <span class='ocrx_word' id='word_1_205' title='bbox 721 2834 780 2889; x_wconf 93' lang='lat' dir='ltr'>in</span> <span class='ocrx_word' id='word_1_206' title='bbox 812 2833 1186 2905; x_wconf 90' lang='lat' dir='ltr'>homine,qui</span> <span class='ocrx_word' id='word_1_207' title='bbox 1220 2851 1324 2889; x_wconf 89' lang='lat' dir='ltr'>nec</span> <span class='ocrx_word' id='word_1_208' title='bbox 1355 2833 1611 2903; x_wconf 90' lang='lat' dir='ltr'>sibi,nec</span> <span class='ocrx_word' id='word_1_209' title='bbox 1643 2834 2043 2892; x_wconf 86' lang='lat' dir='ltr'>aliissalutcm</span> 
     </span>
    </p>
   </div>
   <div class='ocr_carea' id='block_1_29' title="bbox 386 2924 2045 2999">
    <p class='ocr_par' dir='ltr' id='par_1_29' title="bbox 386 2924 2045 2999">
     <span class='ocr_line' id='line_1_30' title="bbox 386 2924 2045 2999; baseline -0.001 -18"><span class='ocrx_word' id='word_1_210' title='bbox 386 2929 639 2999; x_wconf 89' lang='lat' dir='ltr'>possunt</span> <span class='ocrx_word' id='word_1_211' title='bbox 668 2929 967 2998; x_wconf 70' lang='lat' dir='ltr'>praestare.</span> <span class='ocrx_word' id='word_1_212' title='bbox 1003 2924 1067 2979; x_wconf 92' lang='lat' dir='ltr'>In</span> <span class='ocrx_word' id='word_1_213' title='bbox 1100 2924 1380 2992; x_wconf 87' lang='lat' dir='ltr'>secunda,</span> <span class='ocrx_word' id='word_1_214' title='bbox 1401 2942 1528 2996; x_wconf 83' lang='lat' dir='ltr'>quae</span> <span class='ocrx_word' id='word_1_215' title='bbox 1561 2924 1767 2997; x_wconf 90' lang='lat' dir='ltr'>incipit</span> <span class='ocrx_word' id='word_1_216' title='bbox 1800 2941 1813 2980; x_wconf 75' lang='grc' dir='ltr'><strong>ε</strong></span> <span class='ocrx_word' id='word_1_217' title='bbox 1847 2949 1874 2975; x_wconf 88' lang='grc'>‹‹</span> <span class='ocrx_word' id='word_1_218' title='bbox 1912 2926 2045 2980; x_wconf 90' lang='lat' dir='ltr'>Bea-</span> 
     </span>
    </p>
   </div>
   <div class='ocr_carea' id='block_1_30' title="bbox 385 3012 2046 3086">
    <p class='ocr_par' dir='ltr' id='par_1_30' title="bbox 385 3012 2046 3086">
     <span class='ocr_line' id='line_1_31' title="bbox 385 3012 2046 3086; baseline -0.001 -16"><span class='ocrx_word' id='word_1_219' title='bbox 385 3020 484 3070; x_wconf 87' lang='lat' dir='ltr'>tus</span> <span class='ocrx_word' id='word_1_220' title='bbox 516 3014 687 3086; x_wconf 87' lang='lat' dir='ltr'>cujus</span> <span class='ocrx_word' id='word_1_221' title='bbox 718 3013 873 3069; x_wconf 90' lang='lat' dir='ltr'>Deus</span> <span class='ocrx_word' id='word_1_222' title='bbox 903 3013 1106 3084; x_wconf 90' lang='lat' dir='ltr'>Jacob,</span> <span class='ocrx_word' id='word_1_223' title='bbox 1142 3035 1169 3061; x_wconf 87' lang='lat'>»</span> <span class='ocrx_word' id='word_1_224' title='bbox 1201 3012 1457 3068; x_wconf 89' lang='lat' dir='ltr'>ostendit</span> <span class='ocrx_word' id='word_1_225' title='bbox 1487 3014 1866 3085; x_wconf 88' lang='lat' dir='ltr'>spcramdum</span> <span class='ocrx_word' id='word_1_226' title='bbox 1916 3030 2046 3069; x_wconf 88' lang='lat' dir='ltr'>esse</span> 
     </span>
    </p>
   </div>
   <div class='ocr_carea' id='block_1_31' title="bbox 385 3101 2045 3175">
    <p class='ocr_par' dir='ltr' id='par_1_31' title="bbox 385 3101 2045 3175">
     <span class='ocr_line' id='line_1_32' title="bbox 385 3101 2045 3175; baseline 0 -17"><span class='ocrx_word' id='word_1_227' title='bbox 385 3103 448 3158; x_wconf 92' lang='lat' dir='ltr'>in</span> <span class='ocrx_word' id='word_1_228' title='bbox 474 3102 746 3171; x_wconf 89' lang='lat' dir='ltr'>Domino,</span> <span class='ocrx_word' id='word_1_229' title='bbox 778 3101 1162 3158; x_wconf 90' lang='lat' dir='ltr'>describendo</span> <span class='ocrx_word' id='word_1_230' title='bbox 1192 3119 1327 3158; x_wconf 88' lang='lat' dir='ltr'>eum</span> <span class='ocrx_word' id='word_1_231' title='bbox 1359 3102 1536 3158; x_wconf 89' lang='lat' dir='ltr'>talem</span> <span class='ocrx_word' id='word_1_232' title='bbox 1588 3102 1687 3175; x_wconf 90' lang='lat' dir='ltr'>qui</span> <span class='ocrx_word' id='word_1_233' title='bbox 1736 3103 1910 3175; x_wconf 91' lang='lat' dir='ltr'>digne</span> <span class='ocrx_word' id='word_1_234' title='bbox 1950 3120 2045 3158; x_wconf 88' lang='lat' dir='ltr'>re-</span> 
     </span>
    </p>
   </div>
   <div class='ocr_carea' id='block_1_32' title="bbox 385 3191 1194 3264">
    <p class='ocr_par' dir='ltr' id='par_1_32' title="bbox 385 3191 1194 3264">
     <span class='ocr_line' id='line_1_33' title="bbox 385 3191 1194 3264; baseline -0.005 -15"><span class='ocrx_word' id='word_1_235' title='bbox 385 3195 657 3249; x_wconf 89' lang='lat' dir='ltr'>muneret</span> <span class='ocrx_word' id='word_1_236' title='bbox 684 3195 988 3264; x_wconf 88' lang='lat' dir='ltr'>sperantes</span> <span class='ocrx_word' id='word_1_237' title='bbox 1019 3191 1078 3245; x_wconf 90' lang='lat' dir='ltr'>in</span> <span class='ocrx_word' id='word_1_238' title='bbox 1111 3208 1194 3246; x_wconf 90' lang='lat' dir='ltr'>se.</span> 
     </span>
    </p>
   </div>
   <div class='ocr_carea' id='block_1_33' title="bbox 456 3279 2044 3354">
    <p class='ocr_par' dir='ltr' id='par_1_33' title="bbox 456 3279 2044 3354">
     <span class='ocr_line' id='line_1_34' title="bbox 456 3279 2044 3354; baseline 0.001 -18"><span class='ocrx_word' id='word_1_239' title='bbox 456 3280 634 3348; x_wconf 86' lang='lat' dir='ltr'>Quasi</span> <span class='ocrx_word' id='word_1_240' title='bbox 664 3280 747 3335; x_wconf 89' lang='lat' dir='ltr'>ita</span> <span class='ocrx_word' id='word_1_241' title='bbox 777 3279 995 3335; x_wconf 89' lang='lat' dir='ltr'>diceret</span> <span class='ocrx_word' id='word_1_242' title='bbox 1024 3297 1038 3334; x_wconf 87' lang='lat'><strong>:</strong></span> <span class='ocrx_word' id='word_1_243' title='bbox 1076 3279 1355 3352; x_wconf 88' lang='lat' dir='ltr'>Superior</span> <span class='ocrx_word' id='word_1_244' title='bbox 1386 3281 1532 3335; x_wconf 89' lang='lat' dir='ltr'>ratio</span> <span class='ocrx_word' id='word_1_245' title='bbox 1560 3294 1767 3353; x_wconf 87' lang='lat' dir='ltr'>regens</span> <span class='ocrx_word' id='word_1_246' title='bbox 1816 3285 1874 3336; x_wconf 91' lang='lat' dir='ltr'>et</span> <span class='ocrx_word' id='word_1_247' title='bbox 1916 3298 2044 3354; x_wconf 88' lang='lat' dir='ltr'>pre-</span> 
     </span>
    </p>
   </div>
   <div class='ocr_carea' id='block_1_34' title="bbox 2149 695 3791 771">
    <p class='ocr_par' dir='ltr' id='par_1_34' title="bbox 2149 695 3791 771">
     <span class='ocr_line' id='line_1_35' title="bbox 2149 695 3791 771; baseline 0.004 -21"><span class='ocrx_word' id='word_1_248' title='bbox 2149 695 2455 761; x_wconf 88' lang='lat' dir='ltr'>dum,cum</span> <span class='ocrx_word' id='word_1_249' title='bbox 2491 712 2595 750; x_wconf 90' lang='lat' dir='ltr'>nec</span> <span class='ocrx_word' id='word_1_250' title='bbox 2618 712 2813 761; x_wconf 86' lang='lat' dir='ltr'>se,nec</span> <span class='ocrx_word' id='word_1_251' title='bbox 2835 695 3203 768; x_wconf 88' lang='lat' dir='ltr'>aliosjuvare</span> <span class='ocrx_word' id='word_1_252' title='bbox 3220 703 3487 771; x_wconf 89' lang='lat' dir='ltr'>possunt,</span> <span class='ocrx_word' id='word_1_253' title='bbox 3503 703 3603 756; x_wconf 89' lang='lat' dir='ltr'>sed</span> <span class='ocrx_word' id='word_1_254' title='bbox 3621 700 3678 755; x_wconf 91' lang='lat' dir='ltr'>in</span> <span class='ocrx_word' id='word_1_255' title='bbox 3698 700 3791 758; x_wconf 90' lang='lat' dir='ltr'>illo</span> 
     </span>
    </p>
   </div>
   <div class='ocr_carea' id='block_1_35' title="bbox 2150 784 3794 856">
    <p class='ocr_par' dir='ltr' id='par_1_35' title="bbox 2150 784 3794 856">
     <span class='ocr_line' id='line_1_36' title="bbox 2150 784 3794 856; baseline 0.004 -18"><span class='ocrx_word' id='word_1_256' title='bbox 2150 784 2507 856; x_wconf 89' lang='lat' dir='ltr'>sperandum</span> <span class='ocrx_word' id='word_1_257' title='bbox 2533 789 2621 838; x_wconf 88' lang='lat' dir='ltr'>est</span> <span class='ocrx_word' id='word_1_258' title='bbox 2643 784 2741 856; x_wconf 90' lang='lat' dir='ltr'>qui</span> <span class='ocrx_word' id='word_1_259' title='bbox 2768 785 2867 839; x_wconf 88' lang='lat' dir='ltr'>dat</span> <span class='ocrx_word' id='word_1_260' title='bbox 2899 786 3343 856; x_wconf 85' lang='lat' dir='ltr'>beatitudinem,</span> <span class='ocrx_word' id='word_1_261' title='bbox 3360 792 3417 843; x_wconf 88' lang='lat' dir='ltr'>et</span> <span class='ocrx_word' id='word_1_262' title='bbox 3438 788 3575 844; x_wconf 85' lang='lat' dir='ltr'>facit</span> <span class='ocrx_word' id='word_1_263' title='bbox 3598 794 3794 846; x_wconf 62' lang='lat' dir='ltr'>caetera</span> 
     </span>
    </p>
   </div>
   <div class='ocr_carea' id='block_1_36' title="bbox 2149 874 3790 948">
    <p class='ocr_par' dir='ltr' id='par_1_36' title="bbox 2149 874 3790 948">
     <span class='ocr_line' id='line_1_37' title="bbox 2149 874 3790 948; baseline 0.005 -21"><span class='ocrx_word' id='word_1_264' title='bbox 2149 890 2277 945; x_wconf 70' lang='lat' dir='ltr'>quae</span> <span class='ocrx_word' id='word_1_265' title='bbox 2335 877 2711 945; x_wconf 86' lang='lat' dir='ltr'>sequuntur:</span> <span class='ocrx_word' id='word_1_266' title='bbox 2746 877 2803 929; x_wconf 91' lang='lat' dir='ltr'>et</span> <span class='ocrx_word' id='word_1_267' title='bbox 2858 874 2968 929; x_wconf 89' lang='lat' dir='ltr'>hoc</span> <span class='ocrx_word' id='word_1_268' title='bbox 3024 879 3112 932; x_wconf 89' lang='lat' dir='ltr'>est</span> <span class='ocrx_word' id='word_1_269' title='bbox 3146 892 3158 931; x_wconf 91' lang='lat'><strong>:</strong></span> <span class='ocrx_word' id='word_1_270' title='bbox 3196 874 3297 932; x_wconf 90' lang='lat' dir='ltr'>Ille</span> <span class='ocrx_word' id='word_1_271' title='bbox 3356 881 3444 933; x_wconf 92' lang='lat' dir='ltr'>est</span> <span class='ocrx_word' id='word_1_272' title='bbox 3495 900 3523 929; x_wconf 77' lang='grc' dir='ltr'>(ι</span> <span class='ocrx_word' id='word_1_273' title='bbox 3572 878 3790 948; x_wconf 88' lang='lat' dir='ltr'>beatus,</span> 
     </span>
    </p>
   </div>
   <div class='ocr_carea' id='block_1_37' title="bbox 2150 962 3796 1038">
    <p class='ocr_par' dir='ltr' id='par_1_37' title="bbox 2150 962 3796 1038">
     <span class='ocr_line' id='line_1_38' title="bbox 2150 962 3796 1038; baseline 0.005 -21"><span class='ocrx_word' id='word_1_274' title='bbox 2150 962 2321 1033; x_wconf 87' lang='lat' dir='ltr'>cujus</span> <span class='ocrx_word' id='word_1_275' title='bbox 2356 984 2382 1009; x_wconf 82' lang='lat'>»</span> <span class='ocrx_word' id='word_1_276' title='bbox 2416 966 2505 1016; x_wconf 90' lang='lat' dir='ltr'>est</span> <span class='ocrx_word' id='word_1_277' title='bbox 2536 984 2556 1011; x_wconf 72' lang='grc' dir='ltr'><strong><em>α</em></strong></span> <span class='ocrx_word' id='word_1_278' title='bbox 2593 962 2749 1018; x_wconf 90' lang='lat' dir='ltr'>Deus</span> <span class='ocrx_word' id='word_1_279' title='bbox 2804 963 3005 1032; x_wconf 87' lang='lat' dir='ltr'>Jacob,</span> <span class='ocrx_word' id='word_1_280' title='bbox 3043 988 3063 1013; x_wconf 79' lang='grc' dir='ltr'>ι</span> <span class='ocrx_word' id='word_1_281' title='bbox 3092 964 3149 1020; x_wconf 91' lang='lat' dir='ltr'>id</span> <span class='ocrx_word' id='word_1_282' title='bbox 3208 970 3316 1031; x_wconf 90' lang='lat' dir='ltr'>est,</span> <span class='ocrx_word' id='word_1_283' title='bbox 3350 965 3449 1038; x_wconf 88' lang='lat' dir='ltr'>qui</span> <span class='ocrx_word' id='word_1_284' title='bbox 3505 966 3616 1023; x_wconf 90' lang='lat' dir='ltr'>sibi</span> <span class='ocrx_word' id='word_1_285' title='bbox 3665 968 3796 1025; x_wconf 87' lang='lat' dir='ltr'>facit</span> 
     </span>
    </p>
   </div>
   <div class='ocr_carea' id='block_1_38' title="bbox 2149 1050 3795 1122">
    <p class='ocr_par' dir='ltr' id='par_1_38' title="bbox 2149 1050 3795 1122">
     <span class='ocr_line' id='line_1_39' title="bbox 2149 1050 3795 1122; baseline 0.005 -17"><span class='ocrx_word' id='word_1_286' title='bbox 2149 1051 2333 1106; x_wconf 89' lang='lat' dir='ltr'>Deum</span> <span class='ocrx_word' id='word_1_287' title='bbox 2368 1066 2717 1122; x_wconf 88' lang='lat' dir='ltr'>eum,quem</span> <span class='ocrx_word' id='word_1_288' title='bbox 2749 1050 2957 1107; x_wconf 89' lang='lat' dir='ltr'>habuit</span> <span class='ocrx_word' id='word_1_289' title='bbox 2983 1053 3163 1109; x_wconf 89' lang='lat' dir='ltr'>Jacob</span> <span class='ocrx_word' id='word_1_290' title='bbox 3194 1054 3402 1110; x_wconf 90' lang='lat' dir='ltr'>Deum.</span> <span class='ocrx_word' id='word_1_291' title='bbox 3435 1056 3505 1111; x_wconf 91' lang='lat' dir='ltr'>Et</span> <span class='ocrx_word' id='word_1_292' title='bbox 3534 1055 3629 1112; x_wconf 90' lang='lat' dir='ltr'>ille</span> <span class='ocrx_word' id='word_1_293' title='bbox 3647 1056 3795 1114; x_wconf 89' lang='lat' dir='ltr'>Deus</span> 
     </span>
    </p>
   </div>
   <div class='ocr_carea' id='block_1_39' title="bbox 2149 1140 3798 1218">
    <p class='ocr_par' dir='ltr' id='par_1_39' title="bbox 2149 1140 3798 1218">
     <span class='ocr_line' id='line_1_40' title="bbox 2149 1140 3798 1218; baseline 0.005 -23"><span class='ocrx_word' id='word_1_294' title='bbox 2149 1142 2239 1195; x_wconf 87' lang='lat' dir='ltr'>est</span> <span class='ocrx_word' id='word_1_295' title='bbox 2268 1163 2295 1190; x_wconf 92' lang='grc'><em>‹‹</em></span> <span class='ocrx_word' id='word_1_296' title='bbox 2332 1140 2566 1211; x_wconf 88' lang='lat' dir='ltr'>adjutor</span> <span class='ocrx_word' id='word_1_297' title='bbox 2595 1141 2724 1211; x_wconf 91' lang='lat' dir='ltr'>ejus</span> <span class='ocrx_word' id='word_1_298' title='bbox 2758 1164 2785 1189; x_wconf 83' lang='lat'>»</span> <span class='ocrx_word' id='word_1_299' title='bbox 2819 1142 2890 1196; x_wconf 91' lang='lat' dir='ltr'>ad</span> <span class='ocrx_word' id='word_1_300' title='bbox 2922 1142 3068 1198; x_wconf 89' lang='lat' dir='ltr'>bene</span> <span class='ocrx_word' id='word_1_301' title='bbox 3090 1145 3453 1214; x_wconf 87' lang='lat' dir='ltr'>operandum</span> <span class='ocrx_word' id='word_1_302' title='bbox 3478 1162 3492 1201; x_wconf 87' lang='lat'><strong>:</strong></span> <span class='ocrx_word' id='word_1_303' title='bbox 3515 1144 3643 1201; x_wconf 90' lang='lat' dir='ltr'>ideo</span> <span class='ocrx_word' id='word_1_304' title='bbox 3665 1163 3798 1218; x_wconf 90' lang='lat' dir='ltr'>quo-</span> 
     </span>
    </p>
   </div>
   <div class='ocr_carea' id='block_1_40' title="bbox 2150 1229 3796 1303">
    <p class='ocr_par' dir='ltr' id='par_1_40' title="bbox 2150 1229 3796 1303">
     <span class='ocr_line' id='line_1_41' title="bbox 2150 1229 3796 1303; baseline 0.005 -19"><span class='ocrx_word' id='word_1_305' title='bbox 2150 1246 2264 1301; x_wconf 90' lang='lat' dir='ltr'>que</span> <span class='ocrx_word' id='word_1_306' title='bbox 2295 1232 2384 1283; x_wconf 90' lang='lat' dir='ltr'>est</span> <span class='ocrx_word' id='word_1_307' title='bbox 2414 1229 2641 1296; x_wconf 90' lang='lat' dir='ltr'>beatus,</span> <span class='ocrx_word' id='word_1_308' title='bbox 2678 1230 2817 1301; x_wconf 92' lang='lat' dir='ltr'>quia</span> <span class='ocrx_word' id='word_1_309' title='bbox 2850 1255 2871 1282; x_wconf 77' lang='grc' dir='ltr'><strong><em>ι</em></strong></span> <span class='ocrx_word' id='word_1_310' title='bbox 2909 1248 3044 1303; x_wconf 91' lang='lat' dir='ltr'>spcs</span> <span class='ocrx_word' id='word_1_311' title='bbox 3071 1232 3199 1303; x_wconf 86' lang='lat' dir='ltr'>ejus</span> <span class='ocrx_word' id='word_1_312' title='bbox 3228 1254 3256 1283; x_wconf 89' lang='lat'>»</span> <span class='ocrx_word' id='word_1_313' title='bbox 3283 1238 3371 1288; x_wconf 89' lang='lat' dir='ltr'>est</span> <span class='ocrx_word' id='word_1_314' title='bbox 3405 1258 3427 1286; x_wconf 68' lang='grc' dir='ltr'><strong><em>υ</em></strong></span> <span class='ocrx_word' id='word_1_315' title='bbox 3464 1234 3523 1288; x_wconf 83' lang='grc' dir='ltr'>ἱη</span> <span class='ocrx_word' id='word_1_316' title='bbox 3555 1234 3796 1292; x_wconf 87' lang='lat' dir='ltr'>Domino</span> 
     </span>
    </p>
   </div>
   <div class='ocr_carea' id='block_1_41' title="bbox 2151 1317 3798 1396">
    <p class='ocr_par' dir='ltr' id='par_1_41' title="bbox 2151 1317 3798 1396">
     <span class='ocr_line' id='line_1_42' title="bbox 2151 1317 3798 1396; baseline 0.005 -23"><span class='ocrx_word' id='word_1_317' title='bbox 2151 1317 2267 1373; x_wconf 90' lang='lat' dir='ltr'>Deo</span> <span class='ocrx_word' id='word_1_318' title='bbox 2299 1317 2507 1390; x_wconf 88' lang='lat' dir='ltr'>ipsius,</span> <span class='ocrx_word' id='word_1_319' title='bbox 2540 1340 2568 1369; x_wconf 86' lang='lat'>»</span> <span class='ocrx_word' id='word_1_320' title='bbox 2604 1318 2662 1373; x_wconf 89' lang='lat' dir='ltr'>in</span> <span class='ocrx_word' id='word_1_321' title='bbox 2693 1335 2807 1390; x_wconf 91' lang='lat' dir='ltr'>quo</span> <span class='ocrx_word' id='word_1_322' title='bbox 2838 1321 3197 1391; x_wconf 87' lang='lat' dir='ltr'>sperandum</span> <span class='ocrx_word' id='word_1_323' title='bbox 3224 1326 3313 1378; x_wconf 89' lang='lat' dir='ltr'>est</span> <span class='ocrx_word' id='word_1_324' title='bbox 3340 1323 3505 1392; x_wconf 88' lang='lat' dir='ltr'>bene,</span> <span class='ocrx_word' id='word_1_325' title='bbox 3521 1324 3659 1395; x_wconf 87' lang='lat' dir='ltr'>quia</span> <span class='ocrx_word' id='word_1_326' title='bbox 3678 1325 3798 1396; x_wconf 90' lang='lat' dir='ltr'>ipsc</span> 
     </span>
    </p>
   </div>
   <div class='ocr_carea' id='block_1_42' title="bbox 2150 1405 3798 1481">
    <p class='ocr_par' dir='ltr' id='par_1_42' title="bbox 2150 1405 3798 1481">
     <span class='ocr_line' id='line_1_43' title="bbox 2150 1405 3798 1481; baseline 0.005 -20"><span class='ocrx_word' id='word_1_327' title='bbox 2150 1410 2241 1461; x_wconf 90' lang='lat' dir='ltr'>est</span> <span class='ocrx_word' id='word_1_328' title='bbox 2269 1429 2295 1456; x_wconf 89' lang='grc'>‹‹</span> <span class='ocrx_word' id='word_1_329' title='bbox 2330 1406 2431 1477; x_wconf 92' lang='lat' dir='ltr'>qui</span> <span class='ocrx_word' id='word_1_330' title='bbox 2465 1405 2598 1462; x_wconf 90' lang='lat' dir='ltr'>fecit</span> <span class='ocrx_word' id='word_1_331' title='bbox 2628 1406 2839 1463; x_wconf 84' lang='lat' dir='ltr'>coelum</span> <span class='ocrx_word' id='word_1_332' title='bbox 2889 1413 2947 1463; x_wconf 89' lang='lat' dir='ltr'>et</span> <span class='ocrx_word' id='word_1_333' title='bbox 2992 1414 3231 1478; x_wconf 90' lang='lat' dir='ltr'>terram,</span> <span class='ocrx_word' id='word_1_334' title='bbox 3264 1427 3446 1481; x_wconf 89' lang='lat' dir='ltr'>mare,</span> <span class='ocrx_word' id='word_1_335' title='bbox 3481 1433 3509 1463; x_wconf 88' lang='lat'>»</span> <span class='ocrx_word' id='word_1_336' title='bbox 3542 1413 3613 1469; x_wconf 90' lang='lat' dir='ltr'>ad</span> <span class='ocrx_word' id='word_1_337' title='bbox 3656 1412 3798 1470; x_wconf 89' lang='lat' dir='ltr'>litte-</span> 
     </span>
    </p>
   </div>
   <div class='ocr_carea' id='block_1_43' title="bbox 2152 1495 3803 1574">
    <p class='ocr_par' dir='ltr' id='par_1_43' title="bbox 2152 1495 3803 1574">
     <span class='ocr_line' id='line_1_44' title="bbox 2152 1495 3803 1574; baseline 0.005 -25"><span class='ocrx_word' id='word_1_338' title='bbox 2152 1512 2300 1550; x_wconf 91' lang='lat' dir='ltr'>ram.</span> <span class='ocrx_word' id='word_1_339' title='bbox 2334 1495 2397 1550; x_wconf 89' lang='lat' dir='ltr'>Ei</span> <span class='ocrx_word' id='word_1_340' title='bbox 2426 1499 2491 1551; x_wconf 91' lang='lat' dir='ltr'>ut</span> <span class='ocrx_word' id='word_1_341' title='bbox 2520 1501 2813 1552; x_wconf 84' lang='lat' dir='ltr'>removeat</span> <span class='ocrx_word' id='word_1_342' title='bbox 2832 1514 3089 1555; x_wconf 89' lang='lat' dir='ltr'>errorem</span> <span class='ocrx_word' id='word_1_343' title='bbox 3112 1502 3634 1574; x_wconf 87' lang='lat' dir='ltr'>quorumdam,qui</span> <span class='ocrx_word' id='word_1_344' title='bbox 3655 1503 3803 1559; x_wconf 89' lang='lat' dir='ltr'>dice-</span> 
     </span>
    </p>
   </div>
   <div class='ocr_carea' id='block_1_44' title="bbox 2151 1583 3797 1661">
    <p class='ocr_par' dir='ltr' id='par_1_44' title="bbox 2151 1583 3797 1661">
     <span class='ocr_line' id='line_1_45' title="bbox 2151 1583 3797 1661; baseline 0.006 -24"><span class='ocrx_word' id='word_1_345' title='bbox 2151 1583 2295 1638; x_wconf 89' lang='lat' dir='ltr'>bant</span> <span class='ocrx_word' id='word_1_346' title='bbox 2324 1584 2612 1655; x_wconf 89' lang='lat' dir='ltr'>quasdam</span> <span class='ocrx_word' id='word_1_347' title='bbox 2644 1584 2863 1641; x_wconf 87' lang='lat' dir='ltr'>bestias</span> <span class='ocrx_word' id='word_1_348' title='bbox 2916 1587 3098 1644; x_wconf 88' lang='lat' dir='ltr'>factas</span> <span class='ocrx_word' id='word_1_349' title='bbox 3130 1604 3258 1645; x_wconf 90' lang='lat' dir='ltr'>csse</span> <span class='ocrx_word' id='word_1_350' title='bbox 3290 1607 3324 1645; x_wconf 90' lang='lat' dir='ltr'>a</span> <span class='ocrx_word' id='word_1_351' title='bbox 3354 1590 3605 1658; x_wconf 88' lang='lat' dir='ltr'>diabolo,</span> <span class='ocrx_word' id='word_1_352' title='bbox 3638 1591 3797 1661; x_wconf 91' lang='lat' dir='ltr'>dicit,</span> 
     </span>
    </p>
   </div>
   <div class='ocr_carea' id='block_1_45' title="bbox 2153 1672 3801 1751">
    <p class='ocr_par' dir='ltr' id='par_1_45' title="bbox 2153 1672 3801 1751">
     <span class='ocr_line' id='line_1_46' title="bbox 2153 1672 3801 1751; baseline 0.008 -28"><span class='ocrx_word' id='word_1_353' title='bbox 2153 1695 2181 1722; x_wconf 87' lang='lat'>«</span> <span class='ocrx_word' id='word_1_354' title='bbox 2216 1676 2275 1728; x_wconf 90' lang='lat' dir='ltr'>et</span> <span class='ocrx_word' id='word_1_355' title='bbox 2304 1672 2503 1728; x_wconf 90' lang='lat' dir='ltr'>omnia</span> <span class='ocrx_word' id='word_1_356' title='bbox 2529 1690 2657 1745; x_wconf 72' lang='lat' dir='ltr'>quae</span> <span class='ocrx_word' id='word_1_357' title='bbox 2690 1673 2749 1729; x_wconf 92' lang='lat' dir='ltr'>in</span> <span class='ocrx_word' id='word_1_358' title='bbox 2781 1675 2865 1730; x_wconf 91' lang='lat' dir='ltr'>eis</span> <span class='ocrx_word' id='word_1_359' title='bbox 2898 1680 3038 1732; x_wconf 91' lang='lat' dir='ltr'>sunt</span> <span class='ocrx_word' id='word_1_360' title='bbox 3066 1700 3095 1729; x_wconf 89' lang='lat'>»</span> <span class='ocrx_word' id='word_1_361' title='bbox 3130 1677 3267 1734; x_wconf 90' lang='lat' dir='ltr'>fecit</span> <span class='ocrx_word' id='word_1_362' title='bbox 3311 1678 3437 1751; x_wconf 90' lang='lat' dir='ltr'>ipse</span> <span class='ocrx_word' id='word_1_363' title='bbox 3483 1679 3638 1738; x_wconf 90' lang='lat' dir='ltr'>Deus</span> <span class='ocrx_word' id='word_1_364' title='bbox 3669 1699 3682 1737; x_wconf 91' lang='lat'>:</span> <span class='ocrx_word' id='word_1_365' title='bbox 3715 1682 3801 1737; x_wconf 90' lang='lat' dir='ltr'>di-</span> 
     </span>
    </p>
   </div>
   <div class='ocr_carea' id='block_1_46' title="bbox 2153 1764 3801 1842">
    <p class='ocr_par' dir='ltr' id='par_1_46' title="bbox 2153 1764 3801 1842">
     <span class='ocr_line' id='line_1_47' title="bbox 2153 1764 3801 1842; baseline 0.006 -26"><span class='ocrx_word' id='word_1_366' title='bbox 2153 1766 2294 1818; x_wconf 89' lang='lat' dir='ltr'>cunt</span> <span class='ocrx_word' id='word_1_367' title='bbox 2322 1779 2576 1834; x_wconf 88' lang='lat' dir='ltr'>namque</span> <span class='ocrx_word' id='word_1_368' title='bbox 2609 1764 2833 1832; x_wconf 86' lang='lat' dir='ltr'>rustici,</span> <span class='ocrx_word' id='word_1_369' title='bbox 2868 1766 3025 1837; x_wconf 92' lang='lat' dir='ltr'>quod</span> <span class='ocrx_word' id='word_1_370' title='bbox 3058 1767 3329 1824; x_wconf 86' lang='lat' dir='ltr'>diabolus</span> <span class='ocrx_word' id='word_1_371' title='bbox 3378 1786 3616 1842; x_wconf 89' lang='lat' dir='ltr'>capram</span> <span class='ocrx_word' id='word_1_372' title='bbox 3647 1771 3801 1839; x_wconf 86' lang='lat' dir='ltr'>fecit,</span> 
     </span>
    </p>
   </div>
   <div class='ocr_carea' id='block_1_47' title="bbox 2153 1850 3802 1923">
    <p class='ocr_par' dir='ltr' id='par_1_47' title="bbox 2153 1850 3802 1923">
     <span class='ocr_line' id='line_1_48' title="bbox 2153 1850 3802 1923; baseline 0.007 -18"><span class='ocrx_word' id='word_1_373' title='bbox 2153 1850 2251 1906; x_wconf 86' lang='lat' dir='ltr'>alii</span> <span class='ocrx_word' id='word_1_374' title='bbox 2287 1852 2443 1923; x_wconf 90' lang='lat' dir='ltr'>quod</span> <span class='ocrx_word' id='word_1_375' title='bbox 2474 1852 2753 1909; x_wconf 84' lang='lat' dir='ltr'>bufonem</span> <span class='ocrx_word' id='word_1_376' title='bbox 2787 1870 2800 1908; x_wconf 88' lang='lat'><strong>:</strong></span> <span class='ocrx_word' id='word_1_377' title='bbox 2833 1858 2891 1909; x_wconf 90' lang='lat' dir='ltr'>et</span> <span class='ocrx_word' id='word_1_378' title='bbox 2919 1871 3054 1910; x_wconf 89' lang='lat' dir='ltr'>cum</span> <span class='ocrx_word' id='word_1_379' title='bbox 3086 1873 3289 1913; x_wconf 89' lang='lat' dir='ltr'>omnes</span> <span class='ocrx_word' id='word_1_380' title='bbox 3318 1857 3684 1916; x_wconf 88' lang='lat' dir='ltr'>laudationes</span> <span class='ocrx_word' id='word_1_381' title='bbox 3703 1860 3802 1917; x_wconf 89' lang='lat' dir='ltr'>Dei</span> 
     </span>
    </p>
   </div>
   <div class='ocr_carea' id='block_1_48' title="bbox 2152 1940 3801 2018">
    <p class='ocr_par' dir='ltr' id='par_1_48' title="bbox 2152 1940 3801 2018">
     <span class='ocr_line' id='line_1_49' title="bbox 2152 1940 3801 2018; baseline 0.008 -24"><span class='ocrx_word' id='word_1_382' title='bbox 2152 1940 2466 1996; x_wconf 88' lang='lat' dir='ltr'>trahantur</span> <span class='ocrx_word' id='word_1_383' title='bbox 2495 1958 2529 1997; x_wconf 90' lang='lat' dir='ltr'>a</span> <span class='ocrx_word' id='word_1_384' title='bbox 2558 1942 2914 2015; x_wconf 85' lang='lat' dir='ltr'>supradictis</span> <span class='ocrx_word' id='word_1_385' title='bbox 2943 1943 3003 1999; x_wconf 91' lang='lat' dir='ltr'>in</span> <span class='ocrx_word' id='word_1_386' title='bbox 3036 1943 3148 2001; x_wconf 88' lang='lat' dir='ltr'>alio</span> <span class='ocrx_word' id='word_1_387' title='bbox 3174 1945 3401 2018; x_wconf 87' lang='lat' dir='ltr'>psalmo</span> <span class='ocrx_word' id='word_1_388' title='bbox 3435 1965 3641 2006; x_wconf 87' lang='lat' dir='ltr'>novem</span> <span class='ocrx_word' id='word_1_389' title='bbox 3681 1966 3801 2006; x_wconf 88' lang='lat' dir='ltr'>mo-</span> 
     </span>
    </p>
   </div>
   <div class='ocr_carea' id='block_1_49' title="bbox 2154 2028 3054 2105">
    <p class='ocr_par' dir='ltr' id='par_1_49' title="bbox 2154 2028 3054 2105">
     <span class='ocr_line' id='line_1_50' title="bbox 2154 2028 3054 2105; baseline 0.006 -21"><span class='ocrx_word' id='word_1_390' title='bbox 2154 2028 2266 2097; x_wconf 89' lang='lat' dir='ltr'>dis,</span> <span class='ocrx_word' id='word_1_391' title='bbox 2299 2028 2457 2085; x_wconf 89' lang='lat' dir='ltr'>istud</span> <span class='ocrx_word' id='word_1_392' title='bbox 2487 2030 2726 2102; x_wconf 91' lang='lat' dir='ltr'>respicit</span> <span class='ocrx_word' id='word_1_393' title='bbox 2754 2031 2827 2087; x_wconf 92' lang='lat' dir='ltr'>ad</span> <span class='ocrx_word' id='word_1_394' title='bbox 2859 2048 3054 2105; x_wconf 89' lang='lat' dir='ltr'>opera.</span> 
     </span>
    </p>
   </div>
   <div class='ocr_carea' id='block_1_50' title="bbox 2225 2118 3804 2200">
    <p class='ocr_par' dir='ltr' id='par_1_50' title="bbox 2225 2118 3804 2200">
     <span class='ocr_line' id='line_1_51' title="bbox 2225 2118 3804 2200; baseline 0.006 -25"><span class='ocrx_word' id='word_1_395' title='bbox 2225 2118 2358 2175; x_wconf 83' lang='lat' dir='ltr'>Ideo</span> <span class='ocrx_word' id='word_1_396' title='bbox 2389 2118 2565 2175; x_wconf 90' lang='lat' dir='ltr'>etiam</span> <span class='ocrx_word' id='word_1_397' title='bbox 2598 2120 2957 2191; x_wconf 89' lang='lat' dir='ltr'>sperandum</span> <span class='ocrx_word' id='word_1_398' title='bbox 3006 2127 3098 2178; x_wconf 88' lang='lat' dir='ltr'>est</span> <span class='ocrx_word' id='word_1_399' title='bbox 3144 2122 3203 2178; x_wconf 90' lang='lat' dir='ltr'>in</span> <span class='ocrx_word' id='word_1_400' title='bbox 3234 2141 3322 2191; x_wconf 90' lang='lat' dir='ltr'>eo,</span> <span class='ocrx_word' id='word_1_401' title='bbox 3355 2126 3496 2198; x_wconf 88' lang='lat' dir='ltr'>quia</span> <span class='ocrx_word' id='word_1_402' title='bbox 3545 2126 3672 2200; x_wconf 87' lang='lat' dir='ltr'>ipse</span> <span class='ocrx_word' id='word_1_403' title='bbox 3717 2130 3804 2184; x_wconf 90' lang='lat' dir='ltr'>est</span> 
     </span>
    </p>
   </div>
   <div class='ocr_carea' id='block_1_51' title="bbox 2154 2203 3803 2288">
    <p class='ocr_par' dir='ltr' id='par_1_51' title="bbox 2154 2203 3803 2288">
     <span class='ocr_line' id='line_1_52' title="bbox 2154 2203 3803 2288; baseline 0.008 -28"><span class='ocrx_word' id='word_1_404' title='bbox 2154 2229 2181 2257; x_wconf 86' lang='lat'><strong>«</strong></span> <span class='ocrx_word' id='word_1_405' title='bbox 2217 2206 2317 2279; x_wconf 89' lang='lat' dir='ltr'>qui</span> <span class='ocrx_word' id='word_1_406' title='bbox 2349 2207 2605 2263; x_wconf 90' lang='lat' dir='ltr'>custodit</span> <span class='ocrx_word' id='word_1_407' title='bbox 2633 2203 2990 2276; x_wconf 83' lang='lat' dir='ltr'>veritatem,»</span> <span class='ocrx_word' id='word_1_408' title='bbox 3025 2210 3083 2265; x_wconf 92' lang='lat' dir='ltr'>id</span> <span class='ocrx_word' id='word_1_409' title='bbox 3115 2217 3223 2282; x_wconf 90' lang='lat' dir='ltr'>est,</span> <span class='ocrx_word' id='word_1_410' title='bbox 3238 2212 3445 2287; x_wconf 89' lang='lat' dir='ltr'>implet</span> <span class='ocrx_word' id='word_1_411' title='bbox 3474 2216 3803 2288; x_wconf 89' lang='lat' dir='ltr'>promissio-</span> 
     </span>
    </p>
   </div>
   <div class='ocr_carea' id='block_1_52' title="bbox 2154 2296 3808 2374">
    <p class='ocr_par' dir='ltr' id='par_1_52' title="bbox 2154 2296 3808 2374">
     <span class='ocr_line' id='line_1_53' title="bbox 2154 2296 3808 2374; baseline 0.007 -24"><span class='ocrx_word' id='word_1_412' title='bbox 2154 2311 2287 2351; x_wconf 91' lang='lat' dir='ltr'>nem</span> <span class='ocrx_word' id='word_1_413' title='bbox 2320 2313 2519 2365; x_wconf 91' lang='lat' dir='ltr'>suam;</span> <span class='ocrx_word' id='word_1_414' title='bbox 2554 2319 2581 2345; x_wconf 83' lang='lat'>«</span> <span class='ocrx_word' id='word_1_415' title='bbox 2617 2297 2677 2351; x_wconf 91' lang='lat' dir='ltr'>in</span> <span class='ocrx_word' id='word_1_416' title='bbox 2710 2296 3045 2367; x_wconf 73' lang='lat' dir='ltr'>sacculum,»</span> <span class='ocrx_word' id='word_1_417' title='bbox 3085 2299 3142 2354; x_wconf 90' lang='lat' dir='ltr'>id</span> <span class='ocrx_word' id='word_1_418' title='bbox 3164 2306 3272 2369; x_wconf 89' lang='lat' dir='ltr'>est,</span> <span class='ocrx_word' id='word_1_419' title='bbox 3306 2319 3411 2374; x_wconf 86' lang='lat' dir='ltr'>per</span> <span class='ocrx_word' id='word_1_420' title='bbox 3438 2306 3639 2361; x_wconf 89' lang='lat' dir='ltr'>omnia</span> <span class='ocrx_word' id='word_1_421' title='bbox 3656 2310 3808 2361; x_wconf 89' lang='lat' dir='ltr'>tem-</span> 
     </span>
    </p>
   </div>
   <div class='ocr_carea' id='block_1_53' title="bbox 2150 2384 3808 2467">
    <p class='ocr_par' dir='ltr' id='par_1_53' title="bbox 2150 2384 3808 2467">
     <span class='ocr_line' id='line_1_54' title="bbox 2150 2384 3808 2467; baseline 0.008 -29"><span class='ocrx_word' id='word_1_422' title='bbox 2150 2401 2293 2456; x_wconf 89' lang='lat' dir='ltr'>pora</span> <span class='ocrx_word' id='word_1_423' title='bbox 2342 2384 2518 2440; x_wconf 89' lang='lat' dir='ltr'>istius</span> <span class='ocrx_word' id='word_1_424' title='bbox 2567 2384 2765 2441; x_wconf 68' lang='lat' dir='ltr'>saeculi</span> <span class='ocrx_word' id='word_1_425' title='bbox 2798 2403 2812 2453; x_wconf 90' lang='lat'><strong>;</strong></span> <span class='ocrx_word' id='word_1_426' title='bbox 2846 2390 2903 2442; x_wconf 88' lang='lat' dir='ltr'>et</span> <span class='ocrx_word' id='word_1_427' title='bbox 2932 2386 3079 2443; x_wconf 92' lang='lat' dir='ltr'>illud</span> <span class='ocrx_word' id='word_1_428' title='bbox 3112 2390 3365 2460; x_wconf 90' lang='lat' dir='ltr'>pertinet</span> <span class='ocrx_word' id='word_1_429' title='bbox 3389 2393 3461 2447; x_wconf 88' lang='lat' dir='ltr'>ad</span> <span class='ocrx_word' id='word_1_430' title='bbox 3494 2393 3604 2450; x_wconf 91' lang='lat' dir='ltr'>hoc</span> <span class='ocrx_word' id='word_1_431' title='bbox 3652 2396 3808 2467; x_wconf 90' lang='lat' dir='ltr'>quod</span> 
     </span>
    </p>
   </div>
   <div class='ocr_carea' id='block_1_54' title="bbox 2151 2472 3812 2555">
    <p class='ocr_par' dir='ltr' id='par_1_54' title="bbox 2151 2472 3812 2555">
     <span class='ocr_line' id='line_1_55' title="bbox 2151 2472 3812 2555; baseline 0.008 -28"><span class='ocrx_word' id='word_1_432' title='bbox 2151 2472 2425 2544; x_wconf 87' lang='lat' dir='ltr'>superius</span> <span class='ocrx_word' id='word_1_433' title='bbox 2455 2473 2602 2528; x_wconf 84' lang='lat' dir='ltr'>dixit</span> <span class='ocrx_word' id='word_1_434' title='bbox 2634 2491 2647 2529; x_wconf 91' lang='lat'>:</span> <span class='ocrx_word' id='word_1_435' title='bbox 2688 2497 2709 2523; x_wconf 72' lang='grc' dir='ltr'><strong><em>α</em></strong></span> <span class='ocrx_word' id='word_1_436' title='bbox 2743 2474 3119 2531; x_wconf 61' lang='lat' dir='ltr'>abundantia:</span> <span class='ocrx_word' id='word_1_437' title='bbox 3151 2478 3458 2536; x_wconf 88' lang='lat' dir='ltr'>suavitatis</span> <span class='ocrx_word' id='word_1_438' title='bbox 3493 2498 3505 2535; x_wconf 92' lang='lat'><strong>:</strong></span> <span class='ocrx_word' id='word_1_439' title='bbox 3541 2503 3569 2532; x_wconf 89' lang='grc'><strong>››</strong></span> <span class='ocrx_word' id='word_1_440' title='bbox 3601 2487 3658 2538; x_wconf 90' lang='lat' dir='ltr'>et</span> <span class='ocrx_word' id='word_1_441' title='bbox 3686 2483 3812 2555; x_wconf 85' lang='lat' dir='ltr'>ipse</span> 
     </span>
    </p>
   </div>
   <div class='ocr_carea' id='block_1_55' title="bbox 2155 2561 3811 2642">
    <p class='ocr_par' dir='ltr' id='par_1_55' title="bbox 2155 2561 3811 2642">
     <span class='ocr_line' id='line_1_56' title="bbox 2155 2561 3811 2642; baseline 0.01 -31"><span class='ocrx_word' id='word_1_442' title='bbox 2155 2583 2182 2611; x_wconf 76' lang='grc' dir='ltr'>α</span> <span class='ocrx_word' id='word_1_443' title='bbox 2206 2561 2343 2616; x_wconf 84' lang='lat' dir='ltr'>facit</span> <span class='ocrx_word' id='word_1_444' title='bbox 2355 2561 2650 2633; x_wconf 90' lang='lat' dir='ltr'>judicium</span> <span class='ocrx_word' id='word_1_445' title='bbox 2684 2562 2964 2633; x_wconf 88' lang='lat' dir='ltr'>injuriam</span> <span class='ocrx_word' id='word_1_446' title='bbox 2995 2565 3417 2636; x_wconf 87' lang='lat' dir='ltr'>patientibus,»</span> <span class='ocrx_word' id='word_1_447' title='bbox 3452 2568 3592 2641; x_wconf 89' lang='lat' dir='ltr'>quia</span> <span class='ocrx_word' id='word_1_448' title='bbox 3622 2588 3811 2642; x_wconf 91' lang='lat' dir='ltr'>quan-</span> 
     </span>
    </p>
   </div>
   <div class='ocr_carea' id='block_1_56' title="bbox 2152 2651 3816 2725">
    <p class='ocr_par' dir='ltr' id='par_1_56' title="bbox 2152 2651 3816 2725">
     <span class='ocr_line' id='line_1_57' title="bbox 2152 2651 3816 2725; baseline 0.007 -20"><span class='ocrx_word' id='word_1_449' title='bbox 2152 2651 2342 2722; x_wconf 89' lang='lat' dir='ltr'>doque</span> <span class='ocrx_word' id='word_1_450' title='bbox 2366 2651 2656 2722; x_wconf 87' lang='lat' dir='ltr'>judicavit</span> <span class='ocrx_word' id='word_1_451' title='bbox 2685 2668 2805 2707; x_wconf 90' lang='lat' dir='ltr'>eos.</span> <span class='ocrx_word' id='word_1_452' title='bbox 2840 2675 2866 2701; x_wconf 90' lang='grc'>‹‹</span> <span class='ocrx_word' id='word_1_453' title='bbox 2904 2656 3009 2708; x_wconf 88' lang='lat' dir='ltr'>Dat</span> <span class='ocrx_word' id='word_1_454' title='bbox 3036 2670 3231 2710; x_wconf 89' lang='lat' dir='ltr'>escam</span> <span class='ocrx_word' id='word_1_455' title='bbox 3263 2657 3730 2725; x_wconf 76' lang='lat' dir='ltr'>esurientibus,»</span> <span class='ocrx_word' id='word_1_456' title='bbox 3756 2666 3816 2716; x_wconf 88' lang='lat' dir='ltr'>et</span> 
     </span>
    </p>
   </div>
   <div class='ocr_carea' id='block_1_57' title="bbox 2152 2738 3815 2819">
    <p class='ocr_par' dir='ltr' id='par_1_57' title="bbox 2152 2738 3815 2819">
     <span class='ocr_line' id='line_1_58' title="bbox 2152 2738 3815 2819; baseline 0.007 -26"><span class='ocrx_word' id='word_1_457' title='bbox 2152 2738 2517 2811; x_wconf 84' lang='lat' dir='ltr'>spiritualcm</span> <span class='ocrx_word' id='word_1_458' title='bbox 2548 2744 2604 2794; x_wconf 89' lang='lat' dir='ltr'>et</span> <span class='ocrx_word' id='word_1_459' title='bbox 2625 2739 2990 2812; x_wconf 89' lang='lat' dir='ltr'>corporalem</span> <span class='ocrx_word' id='word_1_460' title='bbox 3026 2758 3039 2797; x_wconf 88' lang='lat'>:</span> <span class='ocrx_word' id='word_1_461' title='bbox 3075 2760 3189 2798; x_wconf 90' lang='lat' dir='ltr'>non</span> <span class='ocrx_word' id='word_1_462' title='bbox 3220 2744 3379 2799; x_wconf 89' lang='lat' dir='ltr'>enim</span> <span class='ocrx_word' id='word_1_463' title='bbox 3411 2745 3512 2801; x_wconf 91' lang='lat' dir='ltr'>dat</span> <span class='ocrx_word' id='word_1_464' title='bbox 3541 2747 3815 2819; x_wconf 86' lang='lat' dir='ltr'>spiritua-</span> 
     </span>
    </p>
   </div>
   <div class='ocr_carea' id='block_1_58' title="bbox 2152 2827 3809 2901">
    <p class='ocr_par' dir='ltr' id='par_1_58' title="bbox 2152 2827 3809 2901">
     <span class='ocr_line' id='line_1_59' title="bbox 2152 2827 3809 2901; baseline 0.007 -19"><span class='ocrx_word' id='word_1_465' title='bbox 2152 2827 2269 2883; x_wconf 92' lang='lat' dir='ltr'>lem</span> <span class='ocrx_word' id='word_1_466' title='bbox 2302 2829 2675 2884; x_wconf 88' lang='lat' dir='ltr'>refectionem</span> <span class='ocrx_word' id='word_1_467' title='bbox 2725 2830 2838 2885; x_wconf 89' lang='lat' dir='ltr'>nisi</span> <span class='ocrx_word' id='word_1_468' title='bbox 2888 2830 3306 2900; x_wconf 88' lang='lat' dir='ltr'>esurientibus,</span> <span class='ocrx_word' id='word_1_469' title='bbox 3331 2831 3390 2888; x_wconf 91' lang='lat' dir='ltr'>id</span> <span class='ocrx_word' id='word_1_470' title='bbox 3438 2838 3548 2901; x_wconf 90' lang='lat' dir='ltr'>est,</span> <span class='ocrx_word' id='word_1_471' title='bbox 3581 2836 3809 2893; x_wconf 87' lang='lat' dir='ltr'>deside-</span> 
     </span>
    </p>
   </div>
   <div class='ocr_carea' id='block_1_59' title="bbox 2153 2917 3808 2991">
    <p class='ocr_par' dir='ltr' id='par_1_59' title="bbox 2153 2917 3808 2991">
     <span class='ocr_line' id='line_1_60' title="bbox 2153 2917 3808 2991; baseline 0.006 -19"><span class='ocrx_word' id='word_1_472' title='bbox 2153 2918 2443 2987; x_wconf 88' lang='lat' dir='ltr'>rantibus,</span> <span class='ocrx_word' id='word_1_473' title='bbox 2464 2917 2687 2973; x_wconf 90' lang='lat' dir='ltr'>scilicet</span> <span class='ocrx_word' id='word_1_474' title='bbox 2716 2918 3054 2975; x_wconf 87' lang='lat' dir='ltr'>sitientibus</span> <span class='ocrx_word' id='word_1_475' title='bbox 3075 2920 3377 2991; x_wconf 89' lang='lat' dir='ltr'>justitiam</span> <span class='ocrx_word' id='word_1_476' title='bbox 3412 2939 3425 2978; x_wconf 91' lang='lat'>:</span> <span class='ocrx_word' id='word_1_477' title='bbox 3461 2928 3519 2978; x_wconf 90' lang='lat' dir='ltr'>et</span> <span class='ocrx_word' id='word_1_478' title='bbox 3550 2923 3670 2980; x_wconf 59' lang='lat' dir='ltr'>hate</span> <span class='ocrx_word' id='word_1_479' title='bbox 3691 2925 3808 2982; x_wconf 92' lang='lat' dir='ltr'>duo</span> 
     </span>
    </p>
   </div>
   <div class='ocr_carea' id='block_1_60' title="bbox 2153 3007 2874 3078">
    <p class='ocr_par' dir='ltr' id='par_1_60' title="bbox 2153 3007 2874 3078">
     <span class='ocr_line' id='line_1_61' title="bbox 2153 3007 2874 3078; baseline 0 -16"><span class='ocrx_word' id='word_1_480' title='bbox 2153 3007 2446 3078; x_wconf 87' lang='lat' dir='ltr'>pertinent</span> <span class='ocrx_word' id='word_1_481' title='bbox 2466 3008 2536 3063; x_wconf 89' lang='lat' dir='ltr'>ad</span> <span class='ocrx_word' id='word_1_482' title='bbox 2551 3007 2874 3078; x_wconf 87' lang='lat' dir='ltr'>justitiam.</span> 
     </span>
    </p>
   </div>
   <div class='ocr_carea' id='block_1_61' title="bbox 2227 3096 3805 3177">
    <p class='ocr_par' dir='ltr' id='par_1_61' title="bbox 2227 3096 3805 3177">
     <span class='ocr_line' id='line_1_62' title="bbox 2227 3096 3805 3177; baseline 0.006 -26"><span class='ocrx_word' id='word_1_483' title='bbox 2227 3096 2339 3151; x_wconf 85' lang='lat' dir='ltr'>Iste</span> <span class='ocrx_word' id='word_1_484' title='bbox 2362 3096 2537 3152; x_wconf 89' lang='lat' dir='ltr'>etiam</span> <span class='ocrx_word' id='word_1_485' title='bbox 2573 3097 2913 3154; x_wconf 81' lang='lat' dir='ltr'>«Dominus</span> <span class='ocrx_word' id='word_1_486' title='bbox 2965 3098 3137 3155; x_wconf 91' lang='lat' dir='ltr'>solvit</span> <span class='ocrx_word' id='word_1_487' title='bbox 3182 3101 3564 3173; x_wconf 89' lang='lat' dir='ltr'>compeditos,</span> <span class='ocrx_word' id='word_1_488' title='bbox 3598 3126 3626 3153; x_wconf 88' lang='lat'>»</span> <span class='ocrx_word' id='word_1_489' title='bbox 3660 3102 3805 3177; x_wconf 87' lang='lat' dir='ltr'>liga-</span> 
     </span>
    </p>
   </div>
   <div class='ocr_carea' id='block_1_62' title="bbox 2154 3185 3805 3260">
    <p class='ocr_par' dir='ltr' id='par_1_62' title="bbox 2154 3185 3805 3260">
     <span class='ocr_line' id='line_1_63' title="bbox 2154 3185 3805 3260; baseline 0.005 -20"><span class='ocrx_word' id='word_1_490' title='bbox 2154 3185 2312 3240; x_wconf 90' lang='lat' dir='ltr'>mine</span> <span class='ocrx_word' id='word_1_491' title='bbox 2342 3186 2829 3257; x_wconf 90' lang='lat' dir='ltr'>peccatorum,vel</span> <span class='ocrx_word' id='word_1_492' title='bbox 2859 3186 3196 3244; x_wconf 88' lang='lat' dir='ltr'>obsessione</span> <span class='ocrx_word' id='word_1_493' title='bbox 3226 3189 3665 3260; x_wconf 61' lang='lat' dir='ltr'>daemoniorum,</span> <span class='ocrx_word' id='word_1_494' title='bbox 3690 3192 3805 3248; x_wconf 90' lang='lat' dir='ltr'>sci-</span> 
     </span>
    </p>
   </div>
   <div class='ocr_carea' id='block_1_63' title="bbox 2154 3274 3807 3353">
    <p class='ocr_par' dir='ltr' id='par_1_63' title="bbox 2154 3274 3807 3353">
     <span class='ocr_line' id='line_1_64' title="bbox 2154 3274 3807 3353; baseline 0.007 -25"><span class='ocrx_word' id='word_1_495' title='bbox 2154 3274 2291 3329; x_wconf 88' lang='lat' dir='ltr'>licet</span> <span class='ocrx_word' id='word_1_496' title='bbox 2320 3275 2711 3331; x_wconf 69' lang='lat' dir='ltr'>dazmoniacos</span> <span class='ocrx_word' id='word_1_497' title='bbox 2736 3292 2749 3330; x_wconf 84' lang='lat'>:</span> <span class='ocrx_word' id='word_1_498' title='bbox 2779 3275 2864 3331; x_wconf 88' lang='lat' dir='ltr'>vel</span> <span class='ocrx_word' id='word_1_499' title='bbox 2886 3277 2957 3331; x_wconf 92' lang='lat' dir='ltr'>ad</span> <span class='ocrx_word' id='word_1_500' title='bbox 2985 3276 3241 3333; x_wconf 89' lang='lat' dir='ltr'>litteram</span> <span class='ocrx_word' id='word_1_501' title='bbox 3265 3280 3807 3353; x_wconf 90' lang='lat' dir='ltr'>compeditos,sicut</span> 
     </span>
    </p>
   </div>
   <div class='ocr_carea' id='block_1_64' title="bbox 382 3352 3805 3438">
    <p class='ocr_par' dir='ltr' id='par_1_64' title="bbox 382 3352 3805 3438">
     <span class='ocr_line' id='line_1_65' title="bbox 382 3352 3805 3438; baseline 0.001 -12"><span class='ocrx_word' id='word_1_502' title='bbox 382 3386 553 3426; x_wconf 89' lang='lat' dir='ltr'>mens</span> <span class='ocrx_word' id='word_1_503' title='bbox 586 3365 989 3423; x_wconf 87' lang='lat' dir='ltr'>carnalitatem</span> <span class='ocrx_word' id='word_1_504' title='bbox 1020 3385 1212 3437; x_wconf 88' lang='lat' dir='ltr'>suam,</span> <span class='ocrx_word' id='word_1_505' title='bbox 1250 3387 1282 3423; x_wconf 94' lang='lat' dir='ltr'>o</span> <span class='ocrx_word' id='word_1_506' title='bbox 1320 3393 1340 3418; x_wconf 69' lang='grc' dir='ltr'><strong><em>α</em></strong></span> <span class='ocrx_word' id='word_1_507' title='bbox 1367 3369 1567 3425; x_wconf 87' lang='lat' dir='ltr'>anima</span> <span class='ocrx_word' id='word_1_508' title='bbox 1596 3352 1746 3437; x_wconf 85' lang='lat' dir='ltr'>mea,</span> <span class='ocrx_word' id='word_1_509' title='bbox 1784 3394 1809 3419; x_wconf 87' lang='lat'>»</span> <span class='ocrx_word' id='word_1_510' title='bbox 1842 3352 2040 3437; x_wconf 38' lang='lat' dir='ltr'>id‘est,</span> <span class='ocrx_word' id='word_1_511' title='bbox 2072 3352 2116 3420; x_wconf 65' lang='grc' dir='ltr'><strong>(ἶ</strong></span> <span class='ocrx_word' id='word_1_512' title='bbox 2155 3364 2391 3419; x_wconf 82' lang='lat' dir='ltr'>Petrum</span> <span class='ocrx_word' id='word_1_513' title='bbox 2450 3363 2510 3419; x_wconf 89' lang='lat' dir='ltr'>in</span> <span class='ocrx_word' id='word_1_514' title='bbox 2568 3380 2797 3420; x_wconf 89' lang='lat' dir='ltr'>carcere</span> <span class='ocrx_word' id='word_1_515' title='bbox 2830 3365 2962 3437; x_wconf 80' lang='lat' dir='ltr'>(Aet.</span> <span class='ocrx_word' id='word_1_516' title='bbox 3004 3366 3124 3438; x_wconf 87' lang='lat' dir='ltr'>xu).</span> <span class='ocrx_word' id='word_1_517' title='bbox 3173 3389 3201 3416; x_wconf 78' lang='grc' dir='ltr'>(ι</span> <span class='ocrx_word' id='word_1_518' title='bbox 3230 3366 3515 3424; x_wconf 90' lang='lat' dir='ltr'>Dominus</span> <span class='ocrx_word' id='word_1_519' title='bbox 3548 3391 3574 3418; x_wconf 86' lang='lat'>»</span> <span class='ocrx_word' id='word_1_520' title='bbox 3623 3370 3805 3428; x_wconf 88' lang='lat' dir='ltr'>etiam</span> 
     </span>
    </p>
   </div>
   <div class='ocr_carea' id='block_1_65' title="bbox 383 3455 2038 3527">
    <p class='ocr_par' dir='ltr' id='par_1_65' title="bbox 383 3455 2038 3527">
     <span class='ocr_line' id='line_1_66' title="bbox 383 3455 2038 3527; baseline 0 -14"><span class='ocrx_word' id='word_1_521' title='bbox 383 3456 743 3526; x_wconf 83' lang='lat' dir='ltr'>animalitas,</span> <span class='ocrx_word' id='word_1_522' title='bbox 777 3472 903 3527; x_wconf 69' lang='lat' dir='ltr'>qua:</span> <span class='ocrx_word' id='word_1_523' title='bbox 935 3455 1081 3510; x_wconf 90' lang='lat' dir='ltr'>mihi</span> <span class='ocrx_word' id='word_1_524' title='bbox 1112 3457 1289 3512; x_wconf 89' lang='lat' dir='ltr'>debes</span> <span class='ocrx_word' id='word_1_525' title='bbox 1320 3457 1556 3524; x_wconf 88' lang='lat' dir='ltr'>servire,</span> <span class='ocrx_word' id='word_1_526' title='bbox 1580 3482 1606 3508; x_wconf 89' lang='grc'><strong>‹‹</strong></span> <span class='ocrx_word' id='word_1_527' title='bbox 1640 3457 1817 3514; x_wconf 89' lang='lat' dir='ltr'>lauda</span> <span class='ocrx_word' id='word_1_528' title='bbox 1844 3460 2038 3515; x_wconf 92' lang='lat' dir='ltr'>Domi-</span> 
     </span>
    </p>
   </div>
   <div class='ocr_carea' id='block_1_66' title="bbox 382 3543 2038 3612">
    <p class='ocr_par' dir='ltr' id='par_1_66' title="bbox 382 3543 2038 3612">
     <span class='ocr_line' id='line_1_67' title="bbox 382 3543 2038 3612; baseline 0.002 -12"><span class='ocrx_word' id='word_1_529' title='bbox 382 3560 561 3612; x_wconf 86' lang='lat' dir='ltr'>num;</span> <span class='ocrx_word' id='word_1_530' title='bbox 588 3566 616 3592; x_wconf 90' lang='lat'>»</span> <span class='ocrx_word' id='word_1_531' title='bbox 648 3543 849 3599; x_wconf 89' lang='lat' dir='ltr'>anima</span> <span class='ocrx_word' id='word_1_532' title='bbox 877 3548 1073 3599; x_wconf 89' lang='lat' dir='ltr'>autem</span> <span class='ocrx_word' id='word_1_533' title='bbox 1105 3544 1252 3599; x_wconf 90' lang='lat' dir='ltr'>bene</span> <span class='ocrx_word' id='word_1_534' title='bbox 1282 3544 1601 3601; x_wconf 83' lang='lat' dir='ltr'>confortala</span> <span class='ocrx_word' id='word_1_535' title='bbox 1630 3545 1771 3601; x_wconf 91' lang='lat' dir='ltr'>dicit</span> <span class='ocrx_word' id='word_1_536' title='bbox 1801 3564 1814 3601; x_wconf 92' lang='lat'>:</span> <span class='ocrx_word' id='word_1_537' title='bbox 1841 3571 1862 3600; x_wconf 74' lang='grc' dir='ltr'><strong><em>ι</em></strong></span> <span class='ocrx_word' id='word_1_538' title='bbox 1890 3548 2038 3603; x_wconf 89' lang='lat' dir='ltr'>Lau-</span> 
     </span>
    </p>
   </div>
   <div class='ocr_carea' id='block_1_67' title="bbox 381 3631 2035 3706">
    <p class='ocr_par' dir='ltr' id='par_1_67' title="bbox 381 3631 2035 3706">
     <span class='ocr_line' id='line_1_68' title="bbox 381 3631 2035 3706; baseline 0.002 -17"><span class='ocrx_word' id='word_1_539' title='bbox 381 3632 535 3690; x_wconf 89' lang='lat' dir='ltr'>dabo</span> <span class='ocrx_word' id='word_1_540' title='bbox 566 3631 883 3690; x_wconf 89' lang='lat' dir='ltr'>Dominum</span> <span class='ocrx_word' id='word_1_541' title='bbox 917 3632 977 3686; x_wconf 90' lang='lat' dir='ltr'>in</span> <span class='ocrx_word' id='word_1_542' title='bbox 1008 3632 1125 3688; x_wconf 91' lang='lat' dir='ltr'>vita</span> <span class='ocrx_word' id='word_1_543' title='bbox 1156 3650 1308 3705; x_wconf 90' lang='lat' dir='ltr'>mea,</span> <span class='ocrx_word' id='word_1_544' title='bbox 1345 3656 1371 3681; x_wconf 90' lang='lat'>»</span> <span class='ocrx_word' id='word_1_545' title='bbox 1406 3633 1462 3689; x_wconf 91' lang='lat' dir='ltr'>id</span> <span class='ocrx_word' id='word_1_546' title='bbox 1496 3638 1606 3700; x_wconf 91' lang='lat' dir='ltr'>est,</span> <span class='ocrx_word' id='word_1_547' title='bbox 1633 3634 1693 3689; x_wconf 91' lang='lat' dir='ltr'>in</span> <span class='ocrx_word' id='word_1_548' title='bbox 1743 3634 1857 3691; x_wconf 90' lang='lat' dir='ltr'>alia</span> <span class='ocrx_word' id='word_1_549' title='bbox 1898 3635 2035 3706; x_wconf 90' lang='lat' dir='ltr'>vita,</span> 
     </span>
    </p>
   </div>
   <div class='ocr_carea' id='block_1_68' title="bbox 382 3720 2035 3795">
    <p class='ocr_par' dir='ltr' id='par_1_68' title="bbox 382 3720 2035 3795">
     <span class='ocr_line' id='line_1_69' title="bbox 382 3720 2035 3795; baseline 0.003 -19"><span class='ocrx_word' id='word_1_550' title='bbox 382 3738 513 3794; x_wconf 73' lang='lat' dir='ltr'>qua:</span> <span class='ocrx_word' id='word_1_551' title='bbox 546 3737 677 3778; x_wconf 90' lang='lat' dir='ltr'>mea</span> <span class='ocrx_word' id='word_1_552' title='bbox 705 3720 944 3793; x_wconf 89' lang='lat' dir='ltr'>propria</span> <span class='ocrx_word' id='word_1_553' title='bbox 971 3726 1028 3777; x_wconf 90' lang='lat' dir='ltr'>et</span> <span class='ocrx_word' id='word_1_554' title='bbox 1059 3721 1195 3777; x_wconf 78' lang='lat' dir='ltr'>felix</span> <span class='ocrx_word' id='word_1_555' title='bbox 1230 3722 1360 3791; x_wconf 88' lang='lat' dir='ltr'>erit,</span> <span class='ocrx_word' id='word_1_556' title='bbox 1395 3745 1422 3771; x_wconf 90' lang='grc'>‹‹</span> <span class='ocrx_word' id='word_1_557' title='bbox 1457 3722 1729 3793; x_wconf 86' lang='lat' dir='ltr'>psallam,</span> <span class='ocrx_word' id='word_1_558' title='bbox 1764 3746 1792 3775; x_wconf 91' lang='lat'>»</span> <span class='ocrx_word' id='word_1_559' title='bbox 1826 3724 1885 3779; x_wconf 91' lang='lat' dir='ltr'>id</span> <span class='ocrx_word' id='word_1_560' title='bbox 1925 3729 2035 3795; x_wconf 90' lang='lat' dir='ltr'>est,</span> 
     </span>
    </p>
   </div>
   <div class='ocr_carea' id='block_1_69' title="bbox 382 3810 2036 3883">
    <p class='ocr_par' dir='ltr' id='par_1_69' title="bbox 382 3810 2036 3883">
     <span class='ocr_line' id='line_1_70' title="bbox 382 3810 2036 3883; baseline 0.001 -16"><span class='ocrx_word' id='word_1_561' title='bbox 382 3812 532 3867; x_wconf 87' lang='lat' dir='ltr'>bene</span> <span class='ocrx_word' id='word_1_562' title='bbox 557 3810 844 3883; x_wconf 88' lang='lat' dir='ltr'>operabor</span> <span class='ocrx_word' id='word_1_563' title='bbox 877 3833 898 3861; x_wconf 70' lang='grc' dir='ltr'><strong><em>α</em></strong></span> <span class='ocrx_word' id='word_1_564' title='bbox 933 3815 1046 3866; x_wconf 89' lang='lat' dir='ltr'>Deo</span> <span class='ocrx_word' id='word_1_565' title='bbox 1080 3827 1210 3866; x_wconf 90' lang='lat' dir='ltr'>meo</span> <span class='ocrx_word' id='word_1_566' title='bbox 1244 3811 1503 3883; x_wconf 89' lang='lat' dir='ltr'>quandiu</span> <span class='ocrx_word' id='word_1_567' title='bbox 1538 3811 1721 3879; x_wconf 82' lang='lat' dir='ltr'>fuero,</span> <span class='ocrx_word' id='word_1_568' title='bbox 1759 3835 1787 3861; x_wconf 92' lang='lat'>»</span> <span class='ocrx_word' id='word_1_569' title='bbox 1818 3811 1877 3868; x_wconf 90' lang='lat' dir='ltr'>id</span> <span class='ocrx_word' id='word_1_570' title='bbox 1926 3818 2036 3883; x_wconf 91' lang='lat' dir='ltr'>est,</span> 
     </span>
    </p>
   </div>
   <div class='ocr_carea' id='block_1_70' title="bbox 380 3898 1339 3972">
    <p class='ocr_par' dir='ltr' id='par_1_70' title="bbox 380 3898 1339 3972">
     <span class='ocr_line' id='line_1_71' title="bbox 380 3898 1339 3972; baseline -0.002 -16"><span class='ocrx_word' id='word_1_571' title='bbox 380 3916 487 3972; x_wconf 87' lang='lat' dir='ltr'>per</span> <span class='ocrx_word' id='word_1_572' title='bbox 506 3901 697 3955; x_wconf 92' lang='lat' dir='ltr'>totum</span> <span class='ocrx_word' id='word_1_573' title='bbox 730 3903 966 3971; x_wconf 89' lang='lat' dir='ltr'>tempus</span> <span class='ocrx_word' id='word_1_574' title='bbox 997 3898 1170 3955; x_wconf 89' lang='lat' dir='ltr'>istius</span> <span class='ocrx_word' id='word_1_575' title='bbox 1189 3900 1339 3956; x_wconf 68' lang='lat' dir='ltr'>vita).</span> 
     </span>
    </p>
   </div>
   <div class='ocr_carea' id='block_1_71' title="bbox 451 3988 2034 4063">
    <p class='ocr_par' dir='ltr' id='par_1_71' title="bbox 451 3988 2034 4063">
     <span class='ocr_line' id='line_1_72' title="bbox 451 3988 2034 4063; baseline 0.003 -19"><span class='ocrx_word' id='word_1_576' title='bbox 451 3988 523 4044; x_wconf 90' lang='lat' dir='ltr'>Et</span> <span class='ocrx_word' id='word_1_577' title='bbox 552 3988 756 4044; x_wconf 90' lang='lat' dir='ltr'>eodem</span> <span class='ocrx_word' id='word_1_578' title='bbox 788 3988 982 4056; x_wconf 90' lang='lat' dir='ltr'>modo,</span> <span class='ocrx_word' id='word_1_579' title='bbox 1012 4006 1113 4045; x_wconf 89' lang='lat' dir='ltr'>vos</span> <span class='ocrx_word' id='word_1_580' title='bbox 1144 3989 1265 4056; x_wconf 91' lang='lat' dir='ltr'>alii,</span> <span class='ocrx_word' id='word_1_581' title='bbox 1300 3989 1531 4062; x_wconf 89' lang='lat' dir='ltr'>psallite</span> <span class='ocrx_word' id='word_1_582' title='bbox 1562 3990 1824 4063; x_wconf 79' lang='lat' dir='ltr'>exemplo</span> <span class='ocrx_word' id='word_1_583' title='bbox 1873 3992 1985 4048; x_wconf 90' lang='lat' dir='ltr'>mei</span> <span class='ocrx_word' id='word_1_584' title='bbox 2021 4010 2034 4049; x_wconf 89' lang='lat'><strong>:</strong></span> 
     </span>
    </p>
   </div>
   <div class='ocr_carea' id='block_1_72' title="bbox 380 4075 2034 4153">
    <p class='ocr_par' dir='ltr' id='par_1_72' title="bbox 380 4075 2034 4153">
     <span class='ocr_line' id='line_1_73' title="bbox 380 4075 2034 4153; baseline 0.002 -21"><span class='ocrx_word' id='word_1_585' title='bbox 380 4075 526 4133; x_wconf 91' lang='lat' dir='ltr'>illud</span> <span class='ocrx_word' id='word_1_586' title='bbox 557 4076 872 4133; x_wconf 89' lang='lat' dir='ltr'>consilium</span> <span class='ocrx_word' id='word_1_587' title='bbox 905 4078 1062 4150; x_wconf 89' lang='lat' dir='ltr'>quod</span> <span class='ocrx_word' id='word_1_588' title='bbox 1094 4077 1239 4133; x_wconf 89' lang='lat' dir='ltr'>mihi</span> <span class='ocrx_word' id='word_1_589' title='bbox 1281 4079 1476 4135; x_wconf 90' lang='lat' dir='ltr'>tribuo</span> <span class='ocrx_word' id='word_1_590' title='bbox 1525 4079 1750 4136; x_wconf 89' lang='lat' dir='ltr'>debetis</span> <span class='ocrx_word' id='word_1_591' title='bbox 1782 4079 2034 4153; x_wconf 89' lang='lat' dir='ltr'>insequi,</span> 
     </span>
    </p>
   </div>
   <div class='ocr_carea' id='block_1_73' title="bbox 378 4165 2034 4243">
    <p class='ocr_par' dir='ltr' id='par_1_73' title="bbox 378 4165 2034 4243">
     <span class='ocr_line' id='line_1_74' title="bbox 378 4165 2034 4243; baseline 0.002 -20"><span class='ocrx_word' id='word_1_592' title='bbox 378 4165 603 4223; x_wconf 85' lang='lat' dir='ltr'>scilicet</span> <span class='ocrx_word' id='word_1_593' title='bbox 634 4188 663 4218; x_wconf 88' lang='grc'><em>‹‹</em></span> <span class='ocrx_word' id='word_1_594' title='bbox 694 4166 874 4223; x_wconf 89' lang='lat' dir='ltr'>nolite</span> <span class='ocrx_word' id='word_1_595' title='bbox 908 4169 1202 4223; x_wconf 83' lang='lat' dir='ltr'>confidere</span> <span class='ocrx_word' id='word_1_596' title='bbox 1230 4168 1288 4222; x_wconf 90' lang='lat' dir='ltr'>in</span> <span class='ocrx_word' id='word_1_597' title='bbox 1322 4168 1710 4241; x_wconf 90' lang='lat' dir='ltr'>principibus,</span> <span class='ocrx_word' id='word_1_598' title='bbox 1748 4193 1769 4220; x_wconf 70' lang='grc' dir='ltr'><strong><em>υ</em></strong></span> <span class='ocrx_word' id='word_1_599' title='bbox 1818 4170 1877 4226; x_wconf 92' lang='lat' dir='ltr'>id</span> <span class='ocrx_word' id='word_1_600' title='bbox 1925 4175 2034 4243; x_wconf 91' lang='lat' dir='ltr'>est,</span> 
     </span>
    </p>
   </div>
   <div class='ocr_carea' id='block_1_74' title="bbox 374 4256 2032 4331">
    <p class='ocr_par' dir='ltr' id='par_1_74' title="bbox 374 4256 2032 4331">
     <span class='ocr_line' id='line_1_75' title="bbox 374 4256 2032 4331; baseline 0.001 -18"><span class='ocrx_word' id='word_1_601' title='bbox 374 4257 439 4313; x_wconf 91' lang='lat' dir='ltr'>in</span> <span class='ocrx_word' id='word_1_602' title='bbox 470 4256 856 4327; x_wconf 68' lang='lat' dir='ltr'>daemonibus,</span> <span class='ocrx_word' id='word_1_603' title='bbox 881 4258 981 4329; x_wconf 91' lang='lat' dir='ltr'>qui</span> <span class='ocrx_word' id='word_1_604' title='bbox 1034 4262 1173 4313; x_wconf 90' lang='lat' dir='ltr'>sunt</span> <span class='ocrx_word' id='word_1_605' title='bbox 1222 4258 1519 4331; x_wconf 89' lang='lat' dir='ltr'>principes</span> <span class='ocrx_word' id='word_1_606' title='bbox 1570 4258 1741 4315; x_wconf 86' lang='lat' dir='ltr'>istius</span> <span class='ocrx_word' id='word_1_607' title='bbox 1791 4260 2032 4329; x_wconf 91' lang='lat' dir='ltr'>mundi;</span> 
     </span>
    </p>
   </div>
   <div class='ocr_carea' id='block_1_75' title="bbox 376 4346 2035 4421">
    <p class='ocr_par' dir='ltr' id='par_1_75' title="bbox 376 4346 2035 4421">
     <span class='ocr_line' id='line_1_76' title="bbox 376 4346 2035 4421; baseline 0.001 -18"><span class='ocrx_word' id='word_1_608' title='bbox 376 4346 535 4404; x_wconf 89' lang='lat' dir='ltr'>unde</span> <span class='ocrx_word' id='word_1_609' title='bbox 564 4346 625 4401; x_wconf 89' lang='lat' dir='ltr'>in</span> <span class='ocrx_word' id='word_1_610' title='bbox 656 4346 967 4419; x_wconf 87' lang='lat' dir='ltr'>Evangelio</span> <span class='ocrx_word' id='word_1_611' title='bbox 1002 4364 1015 4403; x_wconf 89' lang='lat'>:</span> <span class='ocrx_word' id='word_1_612' title='bbox 1054 4368 1083 4397; x_wconf 84' lang='lat'><strong>«</strong></span> <span class='ocrx_word' id='word_1_613' title='bbox 1113 4347 1258 4403; x_wconf 89' lang='lat' dir='ltr'>Ecce</span> <span class='ocrx_word' id='word_1_614' title='bbox 1290 4347 1562 4421; x_wconf 89' lang='lat' dir='ltr'>princeps</span> <span class='ocrx_word' id='word_1_615' title='bbox 1601 4348 1781 4421; x_wconf 89' lang='lat' dir='ltr'>hujus</span> <span class='ocrx_word' id='word_1_616' title='bbox 1827 4349 2035 4405; x_wconf 90' lang='lat' dir='ltr'>mundi</span> 
     </span>
    </p>
   </div>
   <div class='ocr_carea' id='block_1_76' title="bbox 375 4434 2033 4509">
    <p class='ocr_par' dir='ltr' id='par_1_76' title="bbox 375 4434 2033 4509">
     <span class='ocr_line' id='line_1_77' title="bbox 375 4434 2033 4509; baseline 0.002 -18"><span class='ocrx_word' id='word_1_617' title='bbox 375 4435 643 4509; x_wconf 79' lang='lat' dir='ltr'>ejiciatur</span> <span class='ocrx_word' id='word_1_618' title='bbox 672 4434 828 4492; x_wconf 86' lang='lat' dir='ltr'>foras</span> <span class='ocrx_word' id='word_1_619' title='bbox 858 4436 1037 4506; x_wconf 83' lang='lat' dir='ltr'>(Joan.</span> <span class='ocrx_word' id='word_1_620' title='bbox 1068 4438 1173 4506; x_wconf 82' lang='lat' dir='ltr'>xu)</span> <span class='ocrx_word' id='word_1_621' title='bbox 1204 4459 1232 4488; x_wconf 85' lang='lat'>»</span> <span class='ocrx_word' id='word_1_622' title='bbox 1272 4459 1293 4486; x_wconf 74' lang='grc' dir='ltr'><strong>σι</strong></span> <span class='ocrx_word' id='word_1_623' title='bbox 1332 4454 1522 4509; x_wconf 87' lang='lat' dir='ltr'>neque</span> <span class='ocrx_word' id='word_1_624' title='bbox 1552 4437 1612 4492; x_wconf 91' lang='lat' dir='ltr'>in</span> <span class='ocrx_word' id='word_1_625' title='bbox 1660 4436 1798 4494; x_wconf 80' lang='lat' dir='ltr'>filiis</span> <span class='ocrx_word' id='word_1_626' title='bbox 1844 4437 2033 4495; x_wconf 92' lang='lat' dir='ltr'>homi-</span> 
     </span>
    </p>
   </div>
   <div class='ocr_carea' id='block_1_77' title="bbox 375 4525 2032 4599">
    <p class='ocr_par' dir='ltr' id='par_1_77' title="bbox 375 4525 2032 4599">
     <span class='ocr_line' id='line_1_78' title="bbox 375 4525 2032 4599; baseline 0.003 -18"><span class='ocrx_word' id='word_1_627' title='bbox 375 4541 543 4593; x_wconf 91' lang='lat' dir='ltr'>num,</span> <span class='ocrx_word' id='word_1_628' title='bbox 590 4547 619 4576; x_wconf 88' lang='lat'>»</span> <span class='ocrx_word' id='word_1_629' title='bbox 676 4525 735 4581; x_wconf 91' lang='lat' dir='ltr'>id</span> <span class='ocrx_word' id='word_1_630' title='bbox 792 4528 900 4593; x_wconf 87' lang='lat' dir='ltr'>est,</span> <span class='ocrx_word' id='word_1_631' title='bbox 950 4526 1010 4581; x_wconf 90' lang='lat' dir='ltr'>in</span> <span class='ocrx_word' id='word_1_632' title='bbox 1064 4525 1427 4596; x_wconf 89' lang='lat' dir='ltr'>hominibus,</span> <span class='ocrx_word' id='word_1_633' title='bbox 1477 4526 1537 4582; x_wconf 91' lang='lat' dir='ltr'>in</span> <span class='ocrx_word' id='word_1_634' title='bbox 1578 4527 1815 4599; x_wconf 86' lang='lat' dir='ltr'>quibus,</span> <span class='ocrx_word' id='word_1_635' title='bbox 1852 4552 1879 4578; x_wconf 83' lang='lat'>»</span> <span class='ocrx_word' id='word_1_636' title='bbox 1912 4533 2032 4585; x_wconf 89' lang='lat' dir='ltr'>tam</span> 
     </span>
    </p>
   </div>
   <div class='ocr_carea' id='block_1_78' title="bbox 373 4614 2034 4690">
    <p class='ocr_par' dir='ltr' id='par_1_78' title="bbox 373 4614 2034 4690">
     <span class='ocr_line' id='line_1_79' title="bbox 373 4614 2034 4690; baseline 0.003 -21"><span class='ocrx_word' id='word_1_637' title='bbox 373 4614 743 4688; x_wconf 88' lang='lat' dir='ltr'>principibus</span> <span class='ocrx_word' id='word_1_638' title='bbox 766 4632 945 4687; x_wconf 88' lang='lat' dir='ltr'>quam</span> <span class='ocrx_word' id='word_1_639' title='bbox 971 4614 1333 4682; x_wconf 89' lang='lat' dir='ltr'>hominibus,</span> <span class='ocrx_word' id='word_1_640' title='bbox 1358 4638 1384 4666; x_wconf 86' lang='lat'><strong>«</strong></span> <span class='ocrx_word' id='word_1_641' title='bbox 1412 4634 1527 4673; x_wconf 90' lang='lat' dir='ltr'>non</span> <span class='ocrx_word' id='word_1_642' title='bbox 1550 4621 1639 4672; x_wconf 88' lang='lat' dir='ltr'>est</span> <span class='ocrx_word' id='word_1_643' title='bbox 1664 4616 1869 4674; x_wconf 86' lang='lat' dir='ltr'>salus»</span> <span class='ocrx_word' id='word_1_644' title='bbox 1892 4618 2034 4690; x_wconf 90' lang='lat' dir='ltr'>quia</span> 
     </span>
    </p>
   </div>
   <div class='ocr_carea' id='block_1_79' title="bbox 373 4703 2106 4789">
    <p class='ocr_par' dir='ltr' id='par_1_79' title="bbox 373 4703 2106 4789">
     <span class='ocr_line' id='line_1_80' title="bbox 373 4703 2106 4789; baseline 0.004 -32"><span class='ocrx_word' id='word_1_645' title='bbox 373 4703 599 4776; x_wconf 88' lang='lat' dir='ltr'>seipsos</span> <span class='ocrx_word' id='word_1_646' title='bbox 622 4703 845 4760; x_wconf 89' lang='lat' dir='ltr'>salvare</span> <span class='ocrx_word' id='word_1_647' title='bbox 866 4721 981 4759; x_wconf 93' lang='lat' dir='ltr'>non</span> <span class='ocrx_word' id='word_1_648' title='bbox 999 4708 1268 4777; x_wconf 89' lang='lat' dir='ltr'>possunt,</span> <span class='ocrx_word' id='word_1_649' title='bbox 1292 4705 1509 4760; x_wconf 89' lang='lat' dir='ltr'>nedum</span> <span class='ocrx_word' id='word_1_650' title='bbox 1532 4704 1679 4762; x_wconf 88' lang='lat' dir='ltr'>alios</span> <span class='ocrx_word' id='word_1_651' title='bbox 1699 4705 2026 4782; x_wconf 56' lang='lat' dir='ltr'>salvarent;</span> <span class='ocrx_word' id='word_1_652' title='bbox 2057 4724 2106 4789; x_wconf 72' lang='grc' dir='ltr'><strong>Β</strong></span> 
     </span>
    </p>
   </div>
   <div class='ocr_carea' id='block_1_80' title="bbox 370 4790 2025 4865">
    <p class='ocr_par' dir='ltr' id='par_1_80' title="bbox 370 4790 2025 4865">
     <span class='ocr_line' id='line_1_81' title="bbox 370 4790 2025 4865; baseline 0.002 -17"><span class='ocrx_word' id='word_1_653' title='bbox 370 4790 459 4848; x_wconf 87' lang='lat' dir='ltr'>vel</span> <span class='ocrx_word' id='word_1_654' title='bbox 484 4792 612 4848; x_wconf 90' lang='lat' dir='ltr'>sine</span> <span class='ocrx_word' id='word_1_655' title='bbox 646 4814 675 4844; x_wconf 85' lang='lat'><strong>«</strong></span> <span class='ocrx_word' id='word_1_656' title='bbox 705 4810 894 4865; x_wconf 87' lang='lat' dir='ltr'>neque</span> <span class='ocrx_word' id='word_1_657' title='bbox 922 4814 949 4843; x_wconf 85' lang='lat'>»</span> <span class='ocrx_word' id='word_1_658' title='bbox 981 4792 1065 4848; x_wconf 93' lang='lat' dir='ltr'>sic</span> <span class='ocrx_word' id='word_1_659' title='bbox 1111 4791 1338 4847; x_wconf 89' lang='lat' dir='ltr'>dicetur</span> <span class='ocrx_word' id='word_1_660' title='bbox 1370 4810 1383 4848; x_wconf 93' lang='lat'>:</span> <span class='ocrx_word' id='word_1_661' title='bbox 1419 4793 1606 4849; x_wconf 87' lang='lat' dir='ltr'>Nolite</span> <span class='ocrx_word' id='word_1_662' title='bbox 1641 4795 1934 4851; x_wconf 81' lang='lat' dir='ltr'>conﬁdere</span> <span class='ocrx_word' id='word_1_663' title='bbox 1966 4796 2025 4851; x_wconf 93' lang='lat' dir='ltr'>in</span> 
     </span>
    </p>
   </div>
   <div class='ocr_carea' id='block_1_81' title="bbox 370 4880 2028 4957">
    <p class='ocr_par' dir='ltr' id='par_1_81' title="bbox 370 4880 2028 4957">
     <span class='ocr_line' id='line_1_82' title="bbox 370 4880 2028 4957; baseline 0.004 -23"><span class='ocrx_word' id='word_1_664' title='bbox 370 4880 761 4953; x_wconf 88' lang='lat' dir='ltr'>principibus,</span> <span class='ocrx_word' id='word_1_665' title='bbox 795 4880 853 4936; x_wconf 90' lang='lat' dir='ltr'>id</span> <span class='ocrx_word' id='word_1_666' title='bbox 881 4880 1063 4952; x_wconf 89' lang='lat' dir='ltr'>est,in</span> <span class='ocrx_word' id='word_1_667' title='bbox 1104 4882 1442 4953; x_wconf 89' lang='lat' dir='ltr'>potentibus</span> <span class='ocrx_word' id='word_1_668' title='bbox 1476 4882 1817 4939; x_wconf 85' lang='lat' dir='ltr'>hominibus</span> <span class='ocrx_word' id='word_1_669' title='bbox 1848 4884 2028 4957; x_wconf 91' lang='lat' dir='ltr'>hujus</span> 
     </span>
    </p>
   </div>
   <div class='ocr_carea' id='block_1_82' title="bbox 367 4967 2025 5041">
    <p class='ocr_par' dir='ltr' id='par_1_82' title="bbox 367 4967 2025 5041">
     <span class='ocr_line' id='line_1_83' title="bbox 367 4967 2025 5041; baseline 0.002 -16"><span class='ocrx_word' id='word_1_670' title='bbox 367 4967 522 5037; x_wconf 70' lang='lat' dir='ltr'>vitm,</span> <span class='ocrx_word' id='word_1_671' title='bbox 545 4968 686 5039; x_wconf 87' lang='lat' dir='ltr'>quia</span> <span class='ocrx_word' id='word_1_672' title='bbox 724 4968 836 5040; x_wconf 90' lang='lat' dir='ltr'>ipsi</span> <span class='ocrx_word' id='word_1_673' title='bbox 866 4973 1006 5024; x_wconf 90' lang='lat' dir='ltr'>sunt</span> <span class='ocrx_word' id='word_1_674' title='bbox 1035 4969 1139 5024; x_wconf 80' lang='lat' dir='ltr'>filii</span> <span class='ocrx_word' id='word_1_675' title='bbox 1169 4968 1499 5038; x_wconf 89' lang='lat' dir='ltr'>hominum,</span> <span class='ocrx_word' id='word_1_676' title='bbox 1533 4975 1591 5026; x_wconf 90' lang='lat' dir='ltr'>et</span> <span class='ocrx_word' id='word_1_677' title='bbox 1619 4970 1728 5027; x_wconf 89' lang='lat' dir='ltr'>hoc</span> <span class='ocrx_word' id='word_1_678' title='bbox 1758 4977 1866 5041; x_wconf 88' lang='lat' dir='ltr'>est,</span> <span class='ocrx_word' id='word_1_679' title='bbox 1902 4994 1932 5022; x_wconf 76' lang='grc' dir='ltr'>ι</span> <span class='ocrx_word' id='word_1_680' title='bbox 1965 4972 2025 5029; x_wconf 89' lang='lat' dir='ltr'>in</span> 
     </span>
    </p>
   </div>
   <div class='ocr_carea' id='block_1_83' title="bbox 368 5054 1076 5125">
    <p class='ocr_par' dir='ltr' id='par_1_83' title="bbox 368 5054 1076 5125">
     <span class='ocr_line' id='line_1_84' title="bbox 368 5054 1076 5125; baseline 0.003 -15"><span class='ocrx_word' id='word_1_681' title='bbox 368 5054 508 5113; x_wconf 82' lang='lat' dir='ltr'>filiis</span> <span class='ocrx_word' id='word_1_682' title='bbox 538 5056 869 5125; x_wconf 88' lang='lat' dir='ltr'>hominum,</span> <span class='ocrx_word' id='word_1_683' title='bbox 905 5080 933 5107; x_wconf 85' lang='lat'>»</span> <span class='ocrx_word' id='word_1_684' title='bbox 966 5063 1076 5113; x_wconf 91' lang='lat' dir='ltr'>etc.</span> 
     </span>
    </p>
   </div>
   <div class='ocr_carea' id='block_1_84' title="bbox 437 5145 2021 5223">
    <p class='ocr_par' dir='ltr' id='par_1_84' title="bbox 437 5145 2021 5223">
     <span class='ocr_line' id='line_1_85' title="bbox 437 5145 2021 5223; baseline 0.002 -21"><span class='ocrx_word' id='word_1_685' title='bbox 437 5145 591 5203; x_wconf 87' lang='lat' dir='ltr'>Bene</span> <span class='ocrx_word' id='word_1_686' title='bbox 622 5146 752 5201; x_wconf 90' lang='lat' dir='ltr'>dico</span> <span class='ocrx_word' id='word_1_687' title='bbox 781 5147 937 5218; x_wconf 88' lang='lat' dir='ltr'>quod</span> <span class='ocrx_word' id='word_1_688' title='bbox 970 5147 1028 5201; x_wconf 91' lang='lat' dir='ltr'>in</span> <span class='ocrx_word' id='word_1_689' title='bbox 1057 5146 1175 5203; x_wconf 91' lang='lat' dir='ltr'>illis</span> <span class='ocrx_word' id='word_1_690' title='bbox 1208 5165 1323 5203; x_wconf 92' lang='lat' dir='ltr'>non</span> <span class='ocrx_word' id='word_1_691' title='bbox 1353 5154 1440 5203; x_wconf 90' lang='lat' dir='ltr'>est</span> <span class='ocrx_word' id='word_1_692' title='bbox 1473 5149 1811 5221; x_wconf 90' lang='lat' dir='ltr'>salus,quia</span> <span class='ocrx_word' id='word_1_693' title='bbox 1846 5173 1865 5199; x_wconf 80' lang='grc' dir='ltr'><strong><em>α</em></strong></span> <span class='ocrx_word' id='word_1_694' title='bbox 1903 5150 2021 5223; x_wconf 87' lang='lat' dir='ltr'>spi-</span> 
     </span>
    </p>
   </div>
   <div class='ocr_carea' id='block_1_85' title="bbox 365 5232 2016 5310">
    <p class='ocr_par' dir='ltr' id='par_1_85' title="bbox 365 5232 2016 5310">
     <span class='ocr_line' id='line_1_86' title="bbox 365 5232 2016 5310; baseline 0.005 -23"><span class='ocrx_word' id='word_1_695' title='bbox 365 5232 515 5291; x_wconf 91' lang='lat' dir='ltr'>ritus</span> <span class='ocrx_word' id='word_1_696' title='bbox 563 5236 714 5308; x_wconf 90' lang='lat' dir='ltr'>ejus,</span> <span class='ocrx_word' id='word_1_697' title='bbox 748 5258 777 5285; x_wconf 91' lang='lat'>»</span> <span class='ocrx_word' id='word_1_698' title='bbox 827 5234 1107 5303; x_wconf 87' lang='lat' dir='ltr'>hominis,</span> <span class='ocrx_word' id='word_1_699' title='bbox 1135 5260 1161 5285; x_wconf 91' lang='grc'><strong><em>‹‹</em></strong></span> <span class='ocrx_word' id='word_1_700' title='bbox 1196 5236 1376 5291; x_wconf 74' lang='lat' dir='ltr'>exibit</span> <span class='ocrx_word' id='word_1_701' title='bbox 1410 5262 1431 5289; x_wconf 77' lang='grc' dir='ltr'><strong><em>ι</em></strong></span> <span class='ocrx_word' id='word_1_702' title='bbox 1472 5255 1506 5292; x_wconf 91' lang='lat' dir='ltr'>a</span> <span class='ocrx_word' id='word_1_703' title='bbox 1555 5255 1818 5310; x_wconf 88' lang='lat' dir='ltr'>corpore,</span> <span class='ocrx_word' id='word_1_704' title='bbox 1849 5261 1877 5289; x_wconf 86' lang='lat'>«</span> <span class='ocrx_word' id='word_1_705' title='bbox 1904 5243 1961 5294; x_wconf 92' lang='lat' dir='ltr'>et</span> <span class='ocrx_word' id='word_1_706' title='bbox 1990 5263 2016 5290; x_wconf 89' lang='lat'>»</span> 
     </span>
    </p>
   </div>
   <div class='ocr_carea' id='block_1_86' title="bbox 363 5320 2019 5397">
    <p class='ocr_par' dir='ltr' id='par_1_86' title="bbox 363 5320 2019 5397">
     <span class='ocr_line' id='line_1_87' title="bbox 363 5320 2019 5397; baseline 0.007 -23"><span class='ocrx_word' id='word_1_707' title='bbox 363 5320 460 5379; x_wconf 88' lang='lat' dir='ltr'>illc</span> <span class='ocrx_word' id='word_1_708' title='bbox 488 5323 667 5380; x_wconf 90' lang='lat' dir='ltr'>homo</span> <span class='ocrx_word' id='word_1_709' title='bbox 697 5325 1023 5379; x_wconf 88' lang='lat' dir='ltr'>secundum</span> <span class='ocrx_word' id='word_1_710' title='bbox 1046 5341 1257 5397; x_wconf 88' lang='lat' dir='ltr'>corpus</span> <span class='ocrx_word' id='word_1_711' title='bbox 1280 5350 1307 5375; x_wconf 86' lang='lat'>«</span> <span class='ocrx_word' id='word_1_712' title='bbox 1334 5327 1729 5382; x_wconf 88' lang='lat' dir='ltr'>reverteturin</span> <span class='ocrx_word' id='word_1_713' title='bbox 1752 5332 1964 5384; x_wconf 90' lang='lat' dir='ltr'>terram</span> <span class='ocrx_word' id='word_1_714' title='bbox 1992 5351 2019 5378; x_wconf 87' lang='lat'>»</span> 
     </span>
    </p>
   </div>
   <div class='ocr_carea' id='block_1_87' title="bbox 361 5412 2021 5490">
    <p class='ocr_par' dir='ltr' id='par_1_87' title="bbox 361 5412 2021 5490">
     <span class='ocr_line' id='line_1_88' title="bbox 361 5412 2021 5490; baseline 0.005 -25"><span class='ocrx_word' id='word_1_715' title='bbox 361 5416 429 5468; x_wconf 88' lang='lat' dir='ltr'>ut</span> <span class='ocrx_word' id='word_1_716' title='bbox 458 5412 609 5469; x_wconf 91' lang='lat' dir='ltr'>cinis</span> <span class='ocrx_word' id='word_1_717' title='bbox 633 5413 735 5467; x_wconf 84' lang='lat' dir='ltr'>fiat</span> <span class='ocrx_word' id='word_1_718' title='bbox 760 5430 771 5467; x_wconf 93' lang='lat'>:</span> <span class='ocrx_word' id='word_1_719' title='bbox 797 5418 1010 5470; x_wconf 90' lang='lat' dir='ltr'>terram</span> <span class='ocrx_word' id='word_1_720' title='bbox 1034 5414 1163 5469; x_wconf 93' lang='lat' dir='ltr'>dico</span> <span class='ocrx_word' id='word_1_721' title='bbox 1186 5439 1210 5464; x_wconf 89' lang='grc'>‹‹</span> <span class='ocrx_word' id='word_1_722' title='bbox 1238 5433 1406 5471; x_wconf 90' lang='lat' dir='ltr'>suam</span> <span class='ocrx_word' id='word_1_723' title='bbox 1430 5438 1457 5467; x_wconf 91' lang='lat'>»</span> <span class='ocrx_word' id='word_1_724' title='bbox 1489 5418 1643 5472; x_wconf 90' lang='lat' dir='ltr'>unde</span> <span class='ocrx_word' id='word_1_725' title='bbox 1676 5418 1801 5490; x_wconf 90' lang='lat' dir='ltr'>ipse</span> <span class='ocrx_word' id='word_1_726' title='bbox 1831 5419 2021 5474; x_wconf 88' lang='lat' dir='ltr'>fuerat</span> 
     </span>
    </p>
   </div>
   <div class='ocr_carea' id='block_1_88' title="bbox 357 5498 2017 5579">
    <p class='ocr_par' dir='ltr' id='par_1_88' title="bbox 357 5498 2017 5579">
     <span class='ocr_line' id='line_1_89' title="bbox 357 5498 2017 5579; baseline 0.008 -29"><span class='ocrx_word' id='word_1_727' title='bbox 357 5498 553 5557; x_wconf 87' lang='lat' dir='ltr'>factus</span> <span class='ocrx_word' id='word_1_728' title='bbox 583 5505 641 5556; x_wconf 91' lang='lat' dir='ltr'>et</span> <span class='ocrx_word' id='word_1_729' title='bbox 658 5503 961 5559; x_wconf 81' lang='lat' dir='ltr'>exordium</span> <span class='ocrx_word' id='word_1_730' title='bbox 986 5504 1230 5558; x_wconf 83' lang='lat' dir='ltr'>duxerat</span> <span class='ocrx_word' id='word_1_731' title='bbox 1254 5521 1266 5558; x_wconf 92' lang='lat'>:</span> <span class='ocrx_word' id='word_1_732' title='bbox 1289 5510 1345 5560; x_wconf 88' lang='lat' dir='ltr'>et</span> <span class='ocrx_word' id='word_1_733' title='bbox 1362 5530 1387 5555; x_wconf 91' lang='grc'><em>‹‹</em></span> <span class='ocrx_word' id='word_1_734' title='bbox 1414 5505 1471 5562; x_wconf 90' lang='lat' dir='ltr'>in</span> <span class='ocrx_word' id='word_1_735' title='bbox 1494 5505 1597 5562; x_wconf 90' lang='lat' dir='ltr'>illa</span> <span class='ocrx_word' id='word_1_736' title='bbox 1612 5507 1705 5564; x_wconf 90' lang='lat' dir='ltr'>die</span> <span class='ocrx_word' id='word_1_737' title='bbox 1731 5529 1758 5555; x_wconf 83' lang='lat'>»</span> <span class='ocrx_word' id='word_1_738' title='bbox 1781 5509 2017 5579; x_wconf 87' lang='lat' dir='ltr'>quando</span> 
     </span>
    </p>
   </div>
   <div class='ocr_carea' id='block_1_89' title="bbox 353 5586 2016 5669">
    <p class='ocr_par' dir='ltr' id='par_1_89' title="bbox 353 5586 2016 5669">
     <span class='ocr_line' id='line_1_90' title="bbox 353 5586 2016 5669; baseline 0.008 -30"><span class='ocrx_word' id='word_1_739' title='bbox 353 5586 441 5644; x_wconf 83' lang='lat' dir='ltr'>sic</span> <span class='ocrx_word' id='word_1_740' title='bbox 471 5587 656 5646; x_wconf 81' lang='lat' dir='ltr'>exibit</span> <span class='ocrx_word' id='word_1_741' title='bbox 687 5589 949 5658; x_wconf 88' lang='lat' dir='ltr'>spiritus.</span> <span class='ocrx_word' id='word_1_742' title='bbox 976 5616 1003 5641; x_wconf 78' lang='grc' dir='ltr'>α</span> <span class='ocrx_word' id='word_1_743' title='bbox 1038 5591 1420 5661; x_wconf 79' lang='lat' dir='ltr'>cogitationes</span> <span class='ocrx_word' id='word_1_744' title='bbox 1445 5612 1648 5651; x_wconf 90' lang='lat' dir='ltr'>eorum</span> <span class='ocrx_word' id='word_1_745' title='bbox 1681 5620 1709 5647; x_wconf 86' lang='grc'>››</span> <span class='ocrx_word' id='word_1_746' title='bbox 1745 5597 1883 5669; x_wconf 88' lang='lat' dir='ltr'>quia</span> <span class='ocrx_word' id='word_1_747' title='bbox 1903 5598 2016 5653; x_wconf 89' lang='lat' dir='ltr'>sibi</span> 
     </span>
    </p>
   </div>
   <div class='ocr_carea' id='block_1_90' title="bbox 352 5672 2017 5757">
    <p class='ocr_par' dir='ltr' id='par_1_90' title="bbox 352 5672 2017 5757">
     <span class='ocr_line' id='line_1_91' title="bbox 352 5672 2017 5757; baseline 0.01 -30"><span class='ocrx_word' id='word_1_748' title='bbox 352 5672 591 5731; x_wconf 86' lang='lat' dir='ltr'>divitias</span> <span class='ocrx_word' id='word_1_749' title='bbox 624 5680 940 5751; x_wconf 80' lang='lat' dir='ltr'>parandas,</span> <span class='ocrx_word' id='word_1_750' title='bbox 974 5684 1029 5736; x_wconf 91' lang='lat' dir='ltr'>et</span> <span class='ocrx_word' id='word_1_751' title='bbox 1059 5678 1315 5737; x_wconf 77' lang='lat' dir='ltr'>maxima</span> <span class='ocrx_word' id='word_1_752' title='bbox 1362 5701 1540 5757; x_wconf 84' lang='lat' dir='ltr'>regna</span> <span class='ocrx_word' id='word_1_753' title='bbox 1585 5687 2017 5744; x_wconf 89' lang='lat' dir='ltr'>substernenda</span> 
     </span>
    </p>
   </div>
   <div class='ocr_carea' id='block_1_91' title="bbox 347 5761 1796 5846">
    <p class='ocr_par' dir='ltr' id='par_1_91' title="bbox 347 5761 1796 5846">
     <span class='ocr_line' id='line_1_92' title="bbox 347 5761 1796 5846; baseline 0.012 -34"><span class='ocrx_word' id='word_1_754' title='bbox 347 5761 721 5827; x_wconf 80' lang='lat' dir='ltr'>putaverant,</span> <span class='ocrx_word' id='word_1_755' title='bbox 756 5768 819 5818; x_wconf 91' lang='lat' dir='ltr'>ut</span> <span class='ocrx_word' id='word_1_756' title='bbox 848 5785 947 5823; x_wconf 84' lang='lat' dir='ltr'>rex</span> <span class='ocrx_word' id='word_1_757' title='bbox 979 5764 1343 5840; x_wconf 81' lang='lat' dir='ltr'>angelorum,</span> <span class='ocrx_word' id='word_1_758' title='bbox 1385 5792 1405 5819; x_wconf 73' lang='grc' dir='ltr'>ι</span> <span class='ocrx_word' id='word_1_759' title='bbox 1439 5773 1733 5846; x_wconf 89' lang='lat' dir='ltr'>peribunt.</span> <span class='ocrx_word' id='word_1_760' title='bbox 1768 5798 1796 5825; x_wconf 91' lang='lat'>»</span> 
     </span>
    </p>
   </div>
   <div class='ocr_carea' id='block_1_92' title="bbox 2152 3452 3803 3531">
    <p class='ocr_par' dir='ltr' id='par_1_92' title="bbox 2152 3452 3803 3531">
     <span class='ocr_line' id='line_1_93' title="bbox 2152 3452 3803 3531; baseline 0.006 -27"><span class='ocrx_word' id='word_1_761' title='bbox 2152 3476 2180 3504; x_wconf 84' lang='lat'><strong>«</strong></span> <span class='ocrx_word' id='word_1_762' title='bbox 2211 3452 2509 3509; x_wconf 89' lang='lat' dir='ltr'>illuminat</span> <span class='ocrx_word' id='word_1_763' title='bbox 2536 3470 2738 3522; x_wconf 82' lang='lat' dir='ltr'>caecos,</span> <span class='ocrx_word' id='word_1_764' title='bbox 2756 3474 2784 3502; x_wconf 89' lang='lat'>»</span> <span class='ocrx_word' id='word_1_765' title='bbox 2820 3454 2877 3509; x_wconf 93' lang='lat' dir='ltr'>id</span> <span class='ocrx_word' id='word_1_766' title='bbox 2911 3458 3018 3521; x_wconf 93' lang='lat' dir='ltr'>est,</span> <span class='ocrx_word' id='word_1_767' title='bbox 3054 3455 3461 3527; x_wconf 84' lang='lat' dir='ltr'>ignorantibus</span> <span class='ocrx_word' id='word_1_768' title='bbox 3484 3457 3585 3513; x_wconf 89' lang='lat' dir='ltr'>dat</span> <span class='ocrx_word' id='word_1_769' title='bbox 3605 3460 3803 3531; x_wconf 91' lang='lat' dir='ltr'>cogni-</span> 
     </span>
    </p>
   </div>
   <div class='ocr_carea' id='block_1_93' title="bbox 2149 3540 3804 3622">
    <p class='ocr_par' dir='ltr' id='par_1_93' title="bbox 2149 3540 3804 3622">
     <span class='ocr_line' id='line_1_94' title="bbox 2149 3540 3804 3622; baseline 0.006 -27"><span class='ocrx_word' id='word_1_770' title='bbox 2149 3541 2369 3596; x_wconf 91' lang='lat' dir='ltr'>tionem</span> <span class='ocrx_word' id='word_1_771' title='bbox 2401 3540 2493 3597; x_wconf 90' lang='lat' dir='ltr'>sui</span> <span class='ocrx_word' id='word_1_772' title='bbox 2524 3541 2611 3597; x_wconf 92' lang='lat' dir='ltr'>vel</span> <span class='ocrx_word' id='word_1_773' title='bbox 2650 3542 2723 3598; x_wconf 90' lang='lat' dir='ltr'>ad</span> <span class='ocrx_word' id='word_1_774' title='bbox 2755 3541 3033 3608; x_wconf 86' lang='lat' dir='ltr'>litteram,</span> <span class='ocrx_word' id='word_1_775' title='bbox 3064 3543 3219 3599; x_wconf 88' lang='lat' dir='ltr'>sicut</span> <span class='ocrx_word' id='word_1_776' title='bbox 3268 3544 3513 3601; x_wconf 87' lang='lat' dir='ltr'>Tobiam</span> <span class='ocrx_word' id='word_1_777' title='bbox 3543 3547 3690 3616; x_wconf 90' lang='lat' dir='ltr'>(Tob.</span> <span class='ocrx_word' id='word_1_778' title='bbox 3721 3549 3804 3622; x_wconf 60' lang='grc' dir='ltr'>ει)</span> 
     </span>
    </p>
   </div>
   <div class='ocr_carea' id='block_1_94' title="bbox 2147 3628 2644 3690">
    <p class='ocr_par' dir='ltr' id='par_1_94' title="bbox 2147 3628 2644 3690">
     <span class='ocr_line' id='line_1_95' title="bbox 2147 3628 2644 3690; baseline 0.002 -5"><span class='ocrx_word' id='word_1_779' title='bbox 2147 3634 2206 3685; x_wconf 92' lang='lat' dir='ltr'>et</span> <span class='ocrx_word' id='word_1_780' title='bbox 2237 3628 2383 3685; x_wconf 90' lang='lat' dir='ltr'>alios</span> <span class='ocrx_word' id='word_1_781' title='bbox 2405 3630 2644 3690; x_wconf 90' lang='lat' dir='ltr'>multos.</span> 
     </span>
    </p>
   </div>
   <div class='ocr_carea' id='block_1_95' title="bbox 2222 3720 3804 3796">
    <p class='ocr_par' dir='ltr' id='par_1_95' title="bbox 2222 3720 3804 3796">
     <span class='ocr_line' id='line_1_96' title="bbox 2222 3720 3804 3796; baseline 0.006 -23"><span class='ocrx_word' id='word_1_782' title='bbox 2222 3720 2547 3775; x_wconf 85' lang='lat' dir='ltr'>«Dominus</span> <span class='ocrx_word' id='word_1_783' title='bbox 2569 3720 2740 3794; x_wconf 82' lang='lat' dir='ltr'>erigit</span> <span class='ocrx_word' id='word_1_784' title='bbox 2758 3720 2989 3790; x_wconf 89' lang='lat' dir='ltr'>elisos,»</span> <span class='ocrx_word' id='word_1_785' title='bbox 3004 3723 3387 3778; x_wconf 90' lang='lat' dir='ltr'>condonando</span> <span class='ocrx_word' id='word_1_786' title='bbox 3400 3725 3804 3796; x_wconf 80' lang='lat' dir='ltr'>peccata.«Do-</span> 
     </span>
    </p>
   </div>
   <div class='ocr_carea' id='block_1_96' title="bbox 2147 3806 3761 3881">
    <p class='ocr_par' dir='ltr' id='par_1_96' title="bbox 2147 3806 3761 3881">
     <span class='ocr_line' id='line_1_97' title="bbox 2147 3806 3761 3881; baseline 0.005 -19"><span class='ocrx_word' id='word_1_787' title='bbox 2147 3806 2346 3862; x_wconf 88' lang='lat' dir='ltr'>minus</span> <span class='ocrx_word' id='word_1_788' title='bbox 2369 3808 2560 3881; x_wconf 86' lang='lat' dir='ltr'>diligit</span> <span class='ocrx_word' id='word_1_789' title='bbox 2581 3809 2803 3879; x_wconf 88' lang='lat' dir='ltr'>justos,</span> <span class='ocrx_word' id='word_1_790' title='bbox 2834 3832 2861 3859; x_wconf 86' lang='lat'>»</span> <span class='ocrx_word' id='word_1_791' title='bbox 2895 3809 3034 3881; x_wconf 89' lang='lat' dir='ltr'>quia</span> <span class='ocrx_word' id='word_1_792' title='bbox 3076 3811 3311 3867; x_wconf 89' lang='lat' dir='ltr'>roborat</span> <span class='ocrx_word' id='word_1_793' title='bbox 3336 3812 3395 3867; x_wconf 91' lang='lat' dir='ltr'>in</span> <span class='ocrx_word' id='word_1_794' title='bbox 3425 3813 3761 3871; x_wconf 88' lang='lat' dir='ltr'>virtutibus.</span> 
     </span>
    </p>
   </div>
   <div class='ocr_carea' id='block_1_97' title="bbox 2219 3896 3796 3976">
    <p class='ocr_par' dir='ltr' id='par_1_97' title="bbox 2219 3896 3796 3976">
     <span class='ocr_line' id='line_1_98' title="bbox 2219 3896 3796 3976; baseline 0.005 -25"><span class='ocrx_word' id='word_1_795' title='bbox 2219 3920 2246 3946; x_wconf 92' lang='grc'>‹‹</span> <span class='ocrx_word' id='word_1_796' title='bbox 2282 3896 2569 3953; x_wconf 90' lang='lat' dir='ltr'>Dominus</span> <span class='ocrx_word' id='word_1_797' title='bbox 2600 3899 2856 3953; x_wconf 87' lang='lat' dir='ltr'>custodit</span> <span class='ocrx_word' id='word_1_798' title='bbox 2886 3900 3197 3968; x_wconf 88' lang='lat' dir='ltr'>advenas,»</span> <span class='ocrx_word' id='word_1_799' title='bbox 3228 3901 3285 3956; x_wconf 89' lang='lat' dir='ltr'>id</span> <span class='ocrx_word' id='word_1_800' title='bbox 3318 3906 3424 3971; x_wconf 89' lang='lat' dir='ltr'>est,</span> <span class='ocrx_word' id='word_1_801' title='bbox 3443 3901 3576 3958; x_wconf 91' lang='lat' dir='ltr'>illos</span> <span class='ocrx_word' id='word_1_802' title='bbox 3606 3903 3704 3976; x_wconf 90' lang='lat' dir='ltr'>qui</span> <span class='ocrx_word' id='word_1_803' title='bbox 3737 3904 3796 3960; x_wconf 91' lang='lat' dir='ltr'>in</span> 
     </span>
    </p>
   </div>
   <div class='ocr_carea' id='block_1_98' title="bbox 2146 3986 3794 4063">
    <p class='ocr_par' dir='ltr' id='par_1_98' title="bbox 2146 3986 3794 4063">
     <span class='ocr_line' id='line_1_99' title="bbox 2146 3986 3794 4063; baseline 0.005 -23"><span class='ocrx_word' id='word_1_804' title='bbox 2146 3986 2256 4040; x_wconf 89' lang='lat' dir='ltr'>hoc</span> <span class='ocrx_word' id='word_1_805' title='bbox 2289 3987 2510 4042; x_wconf 91' lang='lat' dir='ltr'>mundo</span> <span class='ocrx_word' id='word_1_806' title='bbox 2542 3991 2876 4043; x_wconf 90' lang='lat' dir='ltr'>manentem</span> <span class='ocrx_word' id='word_1_807' title='bbox 2900 3989 3194 4045; x_wconf 86' lang='lat' dir='ltr'>civitatem</span> <span class='ocrx_word' id='word_1_808' title='bbox 3227 4007 3342 4046; x_wconf 91' lang='lat' dir='ltr'>non</span> <span class='ocrx_word' id='word_1_809' title='bbox 3374 3996 3660 4063; x_wconf 72' lang='lat' dir='ltr'>qumrunt,</span> <span class='ocrx_word' id='word_1_810' title='bbox 3692 3994 3794 4049; x_wconf 88' lang='lat' dir='ltr'>sed</span> 
     </span>
    </p>
   </div>
   <div class='ocr_carea' id='block_1_99' title="bbox 2145 4076 3796 4154">
    <p class='ocr_par' dir='ltr' id='par_1_99' title="bbox 2145 4076 3796 4154">
     <span class='ocr_line' id='line_1_100' title="bbox 2145 4076 3796 4154; baseline 0.004 -24"><span class='ocrx_word' id='word_1_811' title='bbox 2145 4076 2742 4149; x_wconf 77' lang='lat' dir='ltr'>inquiruntzeternam</span> <span class='ocrx_word' id='word_1_812' title='bbox 2764 4077 2945 4147; x_wconf 84' lang='lat' dir='ltr'>(Hebr.</span> <span class='ocrx_word' id='word_1_813' title='bbox 2969 4080 3107 4147; x_wconf 82' lang='lat' dir='ltr'>xm),</span> <span class='ocrx_word' id='word_1_814' title='bbox 3139 4094 3288 4150; x_wconf 90' lang='lat' dir='ltr'>quos</span> <span class='ocrx_word' id='word_1_815' title='bbox 3318 4080 3572 4135; x_wconf 89' lang='lat' dir='ltr'>custodit</span> <span class='ocrx_word' id='word_1_816' title='bbox 3601 4098 3634 4137; x_wconf 89' lang='lat' dir='ltr'>a</span> <span class='ocrx_word' id='word_1_817' title='bbox 3662 4097 3796 4154; x_wconf 86' lang='lat' dir='ltr'>per-</span> 
     </span>
    </p>
   </div>
   <div class='ocr_carea' id='block_1_100' title="bbox 2145 4166 3795 4241">
    <p class='ocr_par' dir='ltr' id='par_1_100' title="bbox 2145 4166 3795 4241">
     <span class='ocr_line' id='line_1_101' title="bbox 2145 4166 3795 4241; baseline -0.001 -20"><span class='ocrx_word' id='word_1_818' title='bbox 2145 4166 2471 4239; x_wconf 90' lang='lat' dir='ltr'>potratione</span> <span class='ocrx_word' id='word_1_819' title='bbox 2501 4171 2559 4222; x_wconf 90' lang='lat' dir='ltr'>et</span> <span class='ocrx_word' id='word_1_820' title='bbox 2587 4166 2927 4238; x_wconf 89' lang='lat' dir='ltr'>iniquorum</span> <span class='ocrx_word' id='word_1_821' title='bbox 2950 4167 3375 4237; x_wconf 85' lang='lat' dir='ltr'>conformitate,</span> <span class='ocrx_word' id='word_1_822' title='bbox 3397 4191 3417 4220; x_wconf 72' lang='grc' dir='ltr'><strong>ι</strong></span> <span class='ocrx_word' id='word_1_823' title='bbox 3445 4168 3795 4241; x_wconf 82' lang='lat' dir='ltr'>pupillum,»</span> 
     </span>
    </p>
   </div>
   <div class='ocr_carea' id='block_1_101' title="bbox 2145 4256 3798 4329">
    <p class='ocr_par' dir='ltr' id='par_1_101' title="bbox 2145 4256 3798 4329">
     <span class='ocr_line' id='line_1_102' title="bbox 2145 4256 3798 4329; baseline 0.004 -19"><span class='ocrx_word' id='word_1_824' title='bbox 2145 4256 2202 4312; x_wconf 92' lang='lat' dir='ltr'>id</span> <span class='ocrx_word' id='word_1_825' title='bbox 2226 4260 2333 4324; x_wconf 89' lang='lat' dir='ltr'>est,</span> <span class='ocrx_word' id='word_1_826' title='bbox 2368 4256 2536 4312; x_wconf 90' lang='lat' dir='ltr'>illum</span> <span class='ocrx_word' id='word_1_827' title='bbox 2568 4257 2738 4328; x_wconf 89' lang='lat' dir='ltr'>cujus</span> <span class='ocrx_word' id='word_1_828' title='bbox 2785 4260 2951 4329; x_wconf 89' lang='lat' dir='ltr'>pater</span> <span class='ocrx_word' id='word_1_829' title='bbox 2994 4261 3265 4313; x_wconf 89' lang='lat' dir='ltr'>mortuus</span> <span class='ocrx_word' id='word_1_830' title='bbox 3296 4262 3384 4313; x_wconf 90' lang='lat' dir='ltr'>est</span> <span class='ocrx_word' id='word_1_831' title='bbox 3416 4257 3708 4328; x_wconf 89' lang='lat' dir='ltr'>diabolus,</span> <span class='ocrx_word' id='word_1_832' title='bbox 3740 4266 3798 4316; x_wconf 90' lang='lat' dir='ltr'>et</span> 
     </span>
    </p>
   </div>
   <div class='ocr_carea' id='block_1_102' title="bbox 2144 4343 3793 4417">
    <p class='ocr_par' dir='ltr' id='par_1_102' title="bbox 2144 4343 3793 4417">
     <span class='ocr_line' id='line_1_103' title="bbox 2144 4343 3793 4417; baseline 0.004 -18"><span class='ocrx_word' id='word_1_833' title='bbox 2144 4348 2332 4400; x_wconf 85' lang='lat' dir='ltr'>mater</span> <span class='ocrx_word' id='word_1_834' title='bbox 2367 4343 2637 4400; x_wconf 91' lang='lat' dir='ltr'>voluntas</span> <span class='ocrx_word' id='word_1_835' title='bbox 2685 4343 2981 4401; x_wconf 67' lang='lat' dir='ltr'>saecularis</span> <span class='ocrx_word' id='word_1_836' title='bbox 3011 4361 3024 4399; x_wconf 90' lang='lat'><strong>:</strong></span> <span class='ocrx_word' id='word_1_837' title='bbox 3056 4368 3083 4395; x_wconf 85' lang='lat'><strong>«</strong></span> <span class='ocrx_word' id='word_1_838' title='bbox 3118 4350 3175 4401; x_wconf 91' lang='lat' dir='ltr'>et</span> <span class='ocrx_word' id='word_1_839' title='bbox 3220 4345 3480 4415; x_wconf 91' lang='lat' dir='ltr'>viduam,</span> <span class='ocrx_word' id='word_1_840' title='bbox 3517 4370 3544 4397; x_wconf 92' lang='lat'>»</span> <span class='ocrx_word' id='word_1_841' title='bbox 3577 4348 3634 4403; x_wconf 92' lang='lat' dir='ltr'>id</span> <span class='ocrx_word' id='word_1_842' title='bbox 3684 4353 3793 4417; x_wconf 90' lang='lat' dir='ltr'>est,</span> 
     </span>
    </p>
   </div>
   <div class='ocr_carea' id='block_1_103' title="bbox 2142 4432 3793 4507">
    <p class='ocr_par' dir='ltr' id='par_1_103' title="bbox 2142 4432 3793 4507">
     <span class='ocr_line' id='line_1_104' title="bbox 2142 4432 3793 4507; baseline 0.003 -19"><span class='ocrx_word' id='word_1_843' title='bbox 2142 4432 2275 4488; x_wconf 90' lang='lat' dir='ltr'>illos</span> <span class='ocrx_word' id='word_1_844' title='bbox 2334 4433 2435 4506; x_wconf 90' lang='lat' dir='ltr'>qui</span> <span class='ocrx_word' id='word_1_845' title='bbox 2481 4438 2623 4490; x_wconf 89' lang='lat' dir='ltr'>sunt</span> <span class='ocrx_word' id='word_1_846' title='bbox 2670 4432 2916 4490; x_wconf 88' lang='lat' dir='ltr'>desolati</span> <span class='ocrx_word' id='word_1_847' title='bbox 2966 4451 2998 4489; x_wconf 84' lang='lat' dir='ltr'>a</span> <span class='ocrx_word' id='word_1_848' title='bbox 3038 4433 3302 4491; x_wconf 89' lang='lat' dir='ltr'>subsidio</span> <span class='ocrx_word' id='word_1_849' title='bbox 3362 4434 3543 4507; x_wconf 89' lang='lat' dir='ltr'>hujus</span> <span class='ocrx_word' id='word_1_850' title='bbox 3573 4437 3793 4505; x_wconf 68' lang='lat' dir='ltr'>seculi,</span> 
     </span>
    </p>
   </div>
   <div class='ocr_carea' id='block_1_104' title="bbox 2142 4522 3797 4595">
    <p class='ocr_par' dir='ltr' id='par_1_104' title="bbox 2142 4522 3797 4595">
     <span class='ocr_line' id='line_1_105' title="bbox 2142 4522 3797 4595; baseline 0.002 -17"><span class='ocrx_word' id='word_1_851' title='bbox 2142 4545 2170 4573; x_wconf 83' lang='lat'><strong>«</strong></span> <span class='ocrx_word' id='word_1_852' title='bbox 2204 4523 2486 4595; x_wconf 91' lang='lat' dir='ltr'>suscipiet</span> <span class='ocrx_word' id='word_1_853' title='bbox 2517 4544 2544 4573; x_wconf 91' lang='lat'>»</span> <span class='ocrx_word' id='word_1_854' title='bbox 2581 4522 2642 4578; x_wconf 93' lang='lat' dir='ltr'>in</span> <span class='ocrx_word' id='word_1_855' title='bbox 2672 4527 2886 4579; x_wconf 60' lang='lat' dir='ltr'>aeterna</span> <span class='ocrx_word' id='word_1_856' title='bbox 2915 4522 3313 4591; x_wconf 88' lang='lat' dir='ltr'>tabernacula,</span> <span class='ocrx_word' id='word_1_857' title='bbox 3340 4548 3361 4574; x_wconf 72' lang='grc' dir='ltr'>«ι</span> <span class='ocrx_word' id='word_1_858' title='bbox 3390 4529 3446 4580; x_wconf 90' lang='lat' dir='ltr'>et</span> <span class='ocrx_word' id='word_1_859' title='bbox 3475 4548 3503 4575; x_wconf 88' lang='lat'>»</span> <span class='ocrx_word' id='word_1_860' title='bbox 3536 4540 3566 4581; x_wconf 87' lang='lat' dir='ltr'>e</span> <span class='ocrx_word' id='word_1_861' title='bbox 3593 4531 3797 4584; x_wconf 89' lang='lat' dir='ltr'>contra</span> 
     </span>
    </p>
   </div>
   <div class='ocr_carea' id='block_1_105' title="bbox 2145 4611 3792 4685">
    <p class='ocr_par' dir='ltr' id='par_1_105' title="bbox 2145 4611 3792 4685">
     <span class='ocr_line' id='line_1_106' title="bbox 2145 4611 3792 4685; baseline 0.004 -22"><span class='ocrx_word' id='word_1_862' title='bbox 2145 4613 2318 4669; x_wconf 79' lang='lat' dir='ltr'>«vias</span> <span class='ocrx_word' id='word_1_863' title='bbox 2350 4616 2723 4685; x_wconf 88' lang='lat' dir='ltr'>peccatorum</span> <span class='ocrx_word' id='word_1_864' title='bbox 2756 4611 3108 4684; x_wconf 79' lang='lat' dir='ltr'>disperdat,»</span> <span class='ocrx_word' id='word_1_865' title='bbox 3130 4611 3188 4668; x_wconf 92' lang='lat' dir='ltr'>id</span> <span class='ocrx_word' id='word_1_866' title='bbox 3222 4618 3311 4669; x_wconf 91' lang='lat' dir='ltr'>est</span> <span class='ocrx_word' id='word_1_867' title='bbox 3340 4612 3577 4669; x_wconf 90' lang='lat' dir='ltr'>inutiles</span> <span class='ocrx_word' id='word_1_868' title='bbox 3599 4615 3792 4671; x_wconf 82' lang='lat' dir='ltr'>faciet.</span> 
     </span>
    </p>
   </div>
   <div class='ocr_carea' id='block_1_106' title="bbox 2212 4700 3794 4771">
    <p class='ocr_par' dir='ltr' id='par_1_106' title="bbox 2212 4700 3794 4771">
     <span class='ocr_line' id='line_1_107' title="bbox 2212 4700 3794 4771; baseline 0.002 -15"><span class='ocrx_word' id='word_1_869' title='bbox 2212 4701 2343 4756; x_wconf 66' lang='lat' dir='ltr'>Haec</span> <span class='ocrx_word' id='word_1_870' title='bbox 2365 4717 2491 4771; x_wconf 73' lang='lat' dir='ltr'>qua:</span> <span class='ocrx_word' id='word_1_871' title='bbox 2510 4700 2682 4756; x_wconf 94' lang='lat' dir='ltr'>modo</span> <span class='ocrx_word' id='word_1_872' title='bbox 2705 4700 2863 4756; x_wconf 90' lang='lat' dir='ltr'>dicta</span> <span class='ocrx_word' id='word_1_873' title='bbox 2880 4705 3019 4757; x_wconf 90' lang='lat' dir='ltr'>sunt</span> <span class='ocrx_word' id='word_1_874' title='bbox 3037 4701 3463 4758; x_wconf 90' lang='lat' dir='ltr'>abundantiam</span> <span class='ocrx_word' id='word_1_875' title='bbox 3486 4703 3794 4760; x_wconf 86' lang='lat' dir='ltr'>suavitatis</span> 
     </span>
    </p>
   </div>
   <div class='ocr_carea' id='block_1_107' title="bbox 2137 4789 3795 4865">
    <p class='ocr_par' dir='ltr' id='par_1_107' title="bbox 2137 4789 3795 4865">
     <span class='ocr_line' id='line_1_108' title="bbox 2137 4789 3795 4865; baseline 0.003 -21"><span class='ocrx_word' id='word_1_876' title='bbox 2137 4791 2475 4845; x_wconf 89' lang='lat' dir='ltr'>ostendunt.</span> <span class='ocrx_word' id='word_1_877' title='bbox 2491 4789 2860 4845; x_wconf 87' lang='lat' dir='ltr'>Continuatio</span> <span class='ocrx_word' id='word_1_878' title='bbox 2886 4806 2898 4845; x_wconf 88' lang='lat'>:</span> <span class='ocrx_word' id='word_1_879' title='bbox 2925 4790 3210 4846; x_wconf 91' lang='lat' dir='ltr'>Dominus</span> <span class='ocrx_word' id='word_1_880' title='bbox 3227 4790 3653 4863; x_wconf 88' lang='lat' dir='ltr'>disperdetvias</span> <span class='ocrx_word' id='word_1_881' title='bbox 3665 4809 3795 4865; x_wconf 84' lang='lat' dir='ltr'>pec-</span> 
     </span>
    </p>
   </div>
   <div class='ocr_carea' id='block_1_108' title="bbox 2138 4878 3785 4951">
    <p class='ocr_par' dir='ltr' id='par_1_108' title="bbox 2138 4878 3785 4951">
     <span class='ocr_line' id='line_1_109' title="bbox 2138 4878 3785 4951; baseline 0 -18"><span class='ocrx_word' id='word_1_882' title='bbox 2138 4883 2427 4949; x_wconf 75' lang='lat' dir='ltr'>calorum,</span> <span class='ocrx_word' id='word_1_883' title='bbox 2458 4883 2515 4933; x_wconf 90' lang='lat' dir='ltr'>et</span> <span class='ocrx_word' id='word_1_884' title='bbox 2546 4878 2656 4934; x_wconf 91' lang='lat' dir='ltr'>iste</span> <span class='ocrx_word' id='word_1_885' title='bbox 2688 4901 2714 4929; x_wconf 90' lang='grc'>‹‹</span> <span class='ocrx_word' id='word_1_886' title='bbox 2750 4878 3036 4934; x_wconf 90' lang='lat' dir='ltr'>Dominus</span> <span class='ocrx_word' id='word_1_887' title='bbox 3067 4878 3337 4951; x_wconf 88' lang='lat' dir='ltr'>regnabit</span> <span class='ocrx_word' id='word_1_888' title='bbox 3373 4878 3432 4933; x_wconf 90' lang='lat' dir='ltr'>in</span> <span class='ocrx_word' id='word_1_889' title='bbox 3482 4879 3721 4948; x_wconf 64' lang='lat' dir='ltr'>saecula;</span> <span class='ocrx_word' id='word_1_890' title='bbox 3761 4902 3785 4933; x_wconf 75' lang='grc' dir='ltr'><strong><em>ι</em></strong></span> 
     </span>
    </p>
   </div>
   <div class='ocr_carea' id='block_1_109' title="bbox 2136 4968 3790 5041">
    <p class='ocr_par' dir='ltr' id='par_1_109' title="bbox 2136 4968 3790 5041">
     <span class='ocr_line' id='line_1_110' title="bbox 2136 4968 3790 5041; baseline 0.001 -17"><span class='ocrx_word' id='word_1_891' title='bbox 2136 4972 2193 5024; x_wconf 91' lang='lat' dir='ltr'>et</span> <span class='ocrx_word' id='word_1_892' title='bbox 2224 4968 2574 5024; x_wconf 89' lang='lat' dir='ltr'>determinat</span> <span class='ocrx_word' id='word_1_893' title='bbox 2603 4984 2779 5040; x_wconf 91' lang='lat' dir='ltr'>quem</span> <span class='ocrx_word' id='word_1_894' title='bbox 2811 4968 3127 5025; x_wconf 90' lang='lat' dir='ltr'>Dominum</span> <span class='ocrx_word' id='word_1_895' title='bbox 3152 4984 3394 5040; x_wconf 89' lang='lat' dir='ltr'>regnare</span> <span class='ocrx_word' id='word_1_896' title='bbox 3425 4969 3597 5040; x_wconf 91' lang='lat' dir='ltr'>dicat,</span> <span class='ocrx_word' id='word_1_897' title='bbox 3630 4970 3733 5041; x_wconf 91' lang='lat' dir='ltr'>sic,</span> <span class='ocrx_word' id='word_1_898' title='bbox 3756 4988 3790 5026; x_wconf 90' lang='grc' dir='ltr'>ο</span> 
     </span>
    </p>
   </div>
   <div class='ocr_carea' id='block_1_110' title="bbox 2140 5057 3787 5125">
    <p class='ocr_par' dir='ltr' id='par_1_110' title="bbox 2140 5057 3787 5125">
     <span class='ocr_line' id='line_1_111' title="bbox 2140 5057 3787 5125; baseline 0.001 -12"><span class='ocrx_word' id='word_1_899' title='bbox 2140 5082 2160 5109; x_wconf 78' lang='grc' dir='ltr'>α</span> <span class='ocrx_word' id='word_1_900' title='bbox 2185 5059 2379 5125; x_wconf 84' lang='lat' dir='ltr'>Sion,»</span> <span class='ocrx_word' id='word_1_901' title='bbox 2416 5058 2473 5113; x_wconf 92' lang='lat' dir='ltr'>id</span> <span class='ocrx_word' id='word_1_902' title='bbox 2523 5062 2613 5112; x_wconf 90' lang='lat' dir='ltr'>est</span> <span class='ocrx_word' id='word_1_903' title='bbox 2659 5075 2714 5122; x_wconf 92' lang='lat' dir='ltr'>o,</span> <span class='ocrx_word' id='word_1_904' title='bbox 2745 5057 3025 5124; x_wconf 88' lang='lat' dir='ltr'>Ecclesia,</span> <span class='ocrx_word' id='word_1_905' title='bbox 3058 5058 3167 5113; x_wconf 88' lang='lat' dir='ltr'>iste</span> <span class='ocrx_word' id='word_1_906' title='bbox 3216 5063 3305 5114; x_wconf 88' lang='lat' dir='ltr'>est</span> <span class='ocrx_word' id='word_1_907' title='bbox 3338 5082 3365 5107; x_wconf 88' lang='grc'>‹‹</span> <span class='ocrx_word' id='word_1_908' title='bbox 3402 5064 3550 5115; x_wconf 89' lang='lat' dir='ltr'>Deus</span> <span class='ocrx_word' id='word_1_909' title='bbox 3584 5064 3719 5115; x_wconf 91' lang='lat' dir='ltr'>tuus</span> <span class='ocrx_word' id='word_1_910' title='bbox 3758 5083 3787 5109; x_wconf 86' lang='lat'>»</span> 
     </span>
    </p>
   </div>
   <div class='ocr_carea' id='block_1_111' title="bbox 2134 5147 3784 5221">
    <p class='ocr_par' dir='ltr' id='par_1_111' title="bbox 2134 5147 3784 5221">
     <span class='ocr_line' id='line_1_112' title="bbox 2134 5147 3784 5221; baseline 0.002 -19"><span class='ocrx_word' id='word_1_911' title='bbox 2134 5148 2234 5220; x_wconf 87' lang='lat' dir='ltr'>qui</span> <span class='ocrx_word' id='word_1_912' title='bbox 2294 5148 2378 5203; x_wconf 91' lang='lat' dir='ltr'>sic</span> <span class='ocrx_word' id='word_1_913' title='bbox 2431 5147 2700 5219; x_wconf 85' lang='lat' dir='ltr'>regnabit</span> <span class='ocrx_word' id='word_1_914' title='bbox 2735 5171 2755 5197; x_wconf 74' lang='grc' dir='ltr'>α</span> <span class='ocrx_word' id='word_1_915' title='bbox 2788 5148 2849 5202; x_wconf 92' lang='lat' dir='ltr'>in</span> <span class='ocrx_word' id='word_1_916' title='bbox 2908 5148 3279 5221; x_wconf 88' lang='lat' dir='ltr'>generatione</span> <span class='ocrx_word' id='word_1_917' title='bbox 3313 5170 3341 5197; x_wconf 84' lang='lat'>»</span> <span class='ocrx_word' id='word_1_918' title='bbox 3398 5148 3526 5216; x_wconf 91' lang='lat' dir='ltr'>hoc,</span> <span class='ocrx_word' id='word_1_919' title='bbox 3559 5172 3585 5199; x_wconf 84' lang='lat'><strong>«</strong></span> <span class='ocrx_word' id='word_1_920' title='bbox 3620 5154 3675 5204; x_wconf 90' lang='lat' dir='ltr'>et</span> <span class='ocrx_word' id='word_1_921' title='bbox 3723 5148 3784 5205; x_wconf 88' lang='lat' dir='ltr'>in</span> 
     </span>
    </p>
   </div>
   <div class='ocr_carea' id='block_1_112' title="bbox 2130 5237 2811 5310">
    <p class='ocr_par' dir='ltr' id='par_1_112' title="bbox 2130 5237 2811 5310">
     <span class='ocr_line' id='line_1_113' title="bbox 2130 5237 2811 5310; baseline -0.001 -17"><span class='ocrx_word' id='word_1_922' title='bbox 2130 5237 2503 5310; x_wconf 86' lang='lat' dir='ltr'>generatione</span> <span class='ocrx_word' id='word_1_923' title='bbox 2538 5260 2563 5285; x_wconf 83' lang='lat'>»</span> <span class='ocrx_word' id='word_1_924' title='bbox 2592 5237 2650 5292; x_wconf 84' lang='lat' dir='ltr'>fu</span> <span class='ocrx_word' id='word_1_925' title='bbox 2660 5241 2811 5293; x_wconf 90' lang='lat' dir='ltr'>tura.</span> 
     </span>
    </p>
   </div>
   <div class='ocr_carea' id='block_1_113' title="bbox 2593 5362 3323 5420">
    <p class='ocr_par' dir='ltr' id='par_1_113' title="bbox 2593 5362 3323 5420">
     <span class='ocr_line' id='line_1_114' title="bbox 2593 5362 3323 5420; baseline 0.004 -3"><span class='ocrx_word' id='word_1_926' title='bbox 2593 5362 2664 5418; x_wconf 92' lang='lat' dir='ltr'><strong>IN</strong></span> <span class='ocrx_word' id='word_1_927' title='bbox 2706 5363 3053 5419; x_wconf 72' lang='lat' dir='ltr'>PSALMUM</span> <span class='ocrx_word' id='word_1_928' title='bbox 3094 5363 3323 5420; x_wconf 83' lang='lat' dir='ltr'>CXLVI.</span> 
     </span>
    </p>
   </div>
   <div class='ocr_carea' id='block_1_114' title="bbox 2663 5479 3257 5535">
    <p class='ocr_par' dir='ltr' id='par_1_114' title="bbox 2663 5479 3257 5535">
     <span class='ocr_line' id='line_1_115' title="bbox 2663 5479 3257 5535; baseline -0.002 -1"><span class='ocrx_word' id='word_1_929' title='bbox 2663 5479 2919 5535; x_wconf 77' lang='lat' dir='ltr'>Trruws</span> <span class='ocrx_word' id='word_1_930' title='bbox 2951 5496 2963 5535; x_wconf 90' lang='lat'><strong>:</strong></span> <span class='ocrx_word' id='word_1_931' title='bbox 3000 5479 3257 5535; x_wconf 82' lang='lat' dir='ltr'>Alleluia.</span> 
     </span>
    </p>
   </div>
   <div class='ocr_carea' id='block_1_115' title="bbox 2198 5591 3774 5666">
    <p class='ocr_par' dir='ltr' id='par_1_115' title="bbox 2198 5591 3774 5666">
     <span class='ocr_line' id='line_1_116' title="bbox 2198 5591 3774 5666; baseline -0.003 -15"><span class='ocrx_word' id='word_1_932' title='bbox 2198 5620 2224 5645; x_wconf 85' lang='lat'><strong>«</strong></span> <span class='ocrx_word' id='word_1_933' title='bbox 2261 5594 2518 5651; x_wconf 85' lang='lat' dir='ltr'>Laudato</span> <span class='ocrx_word' id='word_1_934' title='bbox 2568 5594 2906 5662; x_wconf 89' lang='lat' dir='ltr'>Dominum,</span> <span class='ocrx_word' id='word_1_935' title='bbox 2940 5596 3305 5666; x_wconf 85' lang='lat' dir='ltr'>quoniam.»</span> <span class='ocrx_word' id='word_1_936' title='bbox 3362 5595 3503 5650; x_wconf 88' lang='lat' dir='ltr'>Item</span> <span class='ocrx_word' id='word_1_937' title='bbox 3555 5593 3610 5647; x_wconf 92' lang='lat' dir='ltr'>in</span> <span class='ocrx_word' id='word_1_938' title='bbox 3662 5591 3774 5648; x_wconf 91' lang='lat' dir='ltr'>hoc</span> 
     </span>
    </p>
   </div>
   <div class='ocr_carea' id='block_1_116' title="bbox 2124 5681 3778 5759">
    <p class='ocr_par' dir='ltr' id='par_1_116' title="bbox 2124 5681 3778 5759">
     <span class='ocr_line' id='line_1_117' title="bbox 2124 5681 3778 5759; baseline -0.003 -17"><span class='ocrx_word' id='word_1_939' title='bbox 2124 5685 2353 5759; x_wconf 89' lang='lat' dir='ltr'>psalmo</span> <span class='ocrx_word' id='word_1_940' title='bbox 2375 5683 2680 5739; x_wconf 88' lang='lat' dir='ltr'>materiam</span> <span class='ocrx_word' id='word_1_941' title='bbox 2714 5682 2889 5739; x_wconf 88' lang='lat' dir='ltr'>habet</span> <span class='ocrx_word' id='word_1_942' title='bbox 2914 5683 3201 5757; x_wconf 91' lang='lat' dir='ltr'>Propheta</span> <span class='ocrx_word' id='word_1_943' title='bbox 3226 5682 3619 5740; x_wconf 90' lang='lat' dir='ltr'>laudationem</span> <span class='ocrx_word' id='word_1_944' title='bbox 3646 5681 3778 5737; x_wconf 84' lang='lat' dir='ltr'>Dei:</span> 
     </span>
    </p>
   </div>
   <div class='ocr_carea' id='block_1_117' title="bbox 2121 5771 3781 5851">
    <p class='ocr_par' dir='ltr' id='par_1_117' title="bbox 2121 5771 3781 5851">
     <span class='ocr_line' id='line_1_118' title="bbox 2121 5771 3781 5851; baseline -0.003 -17"><span class='ocrx_word' id='word_1_945' title='bbox 2121 5776 2274 5833; x_wconf 89' lang='lat' dir='ltr'>hanc</span> <span class='ocrx_word' id='word_1_946' title='bbox 2307 5772 2526 5831; x_wconf 87' lang='lat' dir='ltr'>scilicet</span> <span class='ocrx_word' id='word_1_947' title='bbox 2551 5772 2706 5847; x_wconf 88' lang='lat' dir='ltr'>quod</span> <span class='ocrx_word' id='word_1_948' title='bbox 2728 5772 2881 5830; x_wconf 89' lang='lat' dir='ltr'>Deus</span> <span class='ocrx_word' id='word_1_949' title='bbox 2904 5778 3219 5851; x_wconf 86' lang='lat' dir='ltr'>congregat</span> <span class='ocrx_word' id='word_1_950' title='bbox 3244 5771 3566 5831; x_wconf 88' lang='lat' dir='ltr'>Ecclesiam</span> <span class='ocrx_word' id='word_1_951' title='bbox 3606 5787 3781 5830; x_wconf 88' lang='lat' dir='ltr'>suam</span> 
     </span>
    </p>
   </div>
  </div>
