3942 6384
161 489 280 547 685

1343 489 1439 551 EX
1453 490 1848 552 PLANATIO
1892 489 1970 549 ΙΝ
2017 490 2160 552 PSA
2175 489 2399 552 LMOS.

3465 501 3584 561 686

146 621 219 676 -in
252 621 529 676 unionem
562 620 695 675 fidei
730 621 801 674 de
825 621 1112 676 universis
1134 623 1400 694 partibus
1423 624 1812 678 mundi.Nota
1841 624 1894 690 Α
1919 623 2182 694 jicit,sed
2209 622 2487 678 omnibus
2521 625 2781 695 providet
2809 627 3158 682 necessaria.
3183 651 3210 677 «
3232 609 3630 684 Etomnibus'

163 709 316 781 quod
349 708 410 764 in
442 708 610 764 titulo
661 708 842 780 hujus
891 709 1105 782 psalmi
1150 715 1454 781 apponunt
1484 736 1508 760 ‹‹
1546 711 1738 780 Aggmi
1772 715 1829 765 et

159 797 446 854 Zachariae
472 815 484 853 :
513 821 541 846 ››
579 797 678 852 isti
712 797 868 852 enim
903 798 960 852 in
997 799 1330 869 captivitate
1365 799 1690 871 Dalqlonisr
1723 801 1826 854 de-

161 887 324 953 tenti,
343 887 596 942 reditum
631 891 765 958 post
795 889 1172 959 septuaginta
1201 905 1388 942 annos
1415 889 1674 943 futurum
1701 906 1827 959 pro-

162 974 572 1046 phetaverunt,
589 973 724 1047 plus
744 975 1142 1047 intelligentes
1171 976 1536 1047 spiritualem
1571 977 1822 1032 reditum

161 1064 230 1118 ad
250 1063 547 1119 ccelestem
572 1063 1143 1136 Hierusalem,quam
1171 1065 1530 1136 corporalem
1557 1066 1626 1118 ad
1654 1083 1822 1120 suam

161 1152 410 1223 patriam
429 1167 470 1206 ι.
497 1152 707 1207 Modus
733 1169 747 1207 :
775 1152 835 1208 In
871 1153 1062 1225 prima
1092 1158 1253 1225 parte
1287 1159 1486 1208 monet
1519 1155 1823 1225 religiosos

159 1244 214 1294 et
245 1239 619 1311 perfectiores
645 1241 717 1296 de
739 1239 998 1295 Ecclesia
1018 1242 1090 1296 ad
1121 1240 1353 1295 laudem
1371 1241 1820 1304 Domini,osten-

160 1328 300 1384 deus
330 1329 490 1400 quod
524 1328 680 1384 Deus
716 1329 1035 1384 Ecclesiam
1086 1347 1257 1384 suam
1290 1331 1360 1384 de
1409 1331 1691 1402 dispersis
1723 1349 1824 1403 per

142 1422 344 1472 totum
379 1417 672 1472 mundum
694 1417 1032 1486 aedificet,et
1065 1417 1250 1473 multa
1281 1420 1562 1474 beneﬁcia
1585 1421 1672 1475 eis
1692 1438 1824 1475 con-

161 1505 321 1562 ferat.
344 1505 409 1561 In
437 1506 724 1575 secunda,
746 1523 874 1578 qua:
907 1507 1113 1579 incipit
1138 1523 1152 1561 :
1187 1529 1214 1557 α
1236 1508 1535 1564 Prmcinite
1577 1510 1821 1564 Domino

161 1595 215 1650 in
245 1593 687 1663 confessione,»
723 1601 922 1650 monet
953 1595 1102 1650 alios
1137 1596 1329 1650 adhuc
1364 1597 1726 1667 negligentes
1749 1599 1817 1652 ad

157 1681 520 1738 laudandum
563 1683 772 1751 Deum,
797 1689 856 1739 et
886 1685 1145 1739 ostendit
1173 1685 1257 1738 eis
1288 1687 1442 1756 quod
1484 1687 1541 1740 in
1577 1686 1818 1740 humili-

159 1773 263 1828 bus
293 1771 681 1844 beneplaceat
709 1772 978 1841 Domino,
1007 1773 1063 1826 in
1098 1774 1371 1845 snperliis
1403 1791 1534 1828 vero
1569 1792 1681 1828 non
1719 1792 1731 1830 :
1765 1780 1820 1829 et

155 1877 256 1932 per
281 1861 411 1916 haec
432 1860 685 1916 intendit
713 1861 786 1916 ad
819 1860 1053 1916 laudem
1096 1862 1327 1916 Domini
1365 1863 1626 1919 invitare.

221 1949 366 2006 Inde
396 1949 540 2004 dicit
570 1965 584 2003 :
619 1972 646 1998 «
667 1949 926 2006 Laudate
957 1950 1334 2014 Dominum,»
1367 1968 1503 2006 voce
1536 1957 1592 2006 et
1623 1970 1820 2024 opera-
1850 1990 1898 2054 Β

155 2039 368 2107 tione,«
383 2037 663 2110 quoniam
678 2037 1074 2111 psalmus,nid
1095 2044 1183 2094 est
1206 2039 1544 2110 hUJllSantll
1560 2039 1818 2095 laudatio

155 2144 284 2183 cum
317 2128 476 2183 bona
504 2127 869 2200 operatione,
893 2151 918 2177 (ι
955 2133 1043 2183 est
1074 2129 1266 2184 bonus
1299 2154 1321 2182 ι
1358 2134 1416 2184 et
1447 2129 1611 2184 utilis
1641 2129 1816 2185 alicui

155 2217 237 2272 sic
263 2215 558 2286 laudanti,
578 2237 607 2265 ‹‹
629 2215 746 2272 Deo
768 2221 1026 2286 nostro,»
1059 2217 1158 2288 qui
1192 2234 1307 2272 non
1339 2223 1429 2272 est
1461 2217 1592 2272 talis
1613 2217 1818 2290 quales

155 2310 291 2361 sunt
307 2303 392 2360 dii
408 2303 696 2377 gentium,
713 2328 741 2354 «
767 2304 846 2360 sit
866 2304 1128 2360 laudatio
1153 2322 1166 2359 :
1196 2329 1222 2353 ››
1239 2323 1352 2360 non
1369 2307 1815 2378 qualiscunque,

158 2394 254 2448 sed
288 2393 628 2464 «jucunda,
662 2415 691 2442 »
725 2392 782 2448 id
813 2400 903 2448 est
944 2411 1091 2465 pura
1139 2394 1464 2450 intentione
1496 2396 1666 2460 facta,
1702 2413 1817 2450 non

157 2499 254 2553 pro
287 2480 600 2553 temporali
631 2483 961 2549 commodo,
996 2483 1096 2538 sed
1129 2499 1232 2554 pro
1264 2483 1388 2537 solo
1422 2484 1538 2538 Deo
1589 2501 1816 2555 prome-

159 2571 338 2626 rendo
363 2587 378 2626 :
405 2591 433 2621 «
461 2570 786 2643 decoraque
816 2569 914 2641 sit,
944 2595 971 2621 ››
996 2572 1050 2626 id
1070 2577 1248 2626 estex
1271 2589 1416 2643 pura
1437 2573 1815 2640 conscientia,

157 2675 282 2731 qua:
315 2675 433 2714 non
468 2663 706 2732 propter
733 2665 972 2731 peccata
995 2659 1262 2716 facientis
1285 2659 1818 2716 vilescat.Audistis

157 2749 313 2804 enim
345 2747 487 2820 quia
517 2771 545 2797 «
580 2764 698 2803 non
729 2753 820 2804 est
849 2749 1116 2820 speciosa
1145 2749 1274 2804 laus
1297 2750 1352 2803 in
1377 2766 1474 2804 ore
1497 2751 1816 2820 peccatoris

156 2837 344 2904 (Eccli.
369 2840 486 2906 xv).
513 2859 542 2885 ››
563 2835 694 2892 Alia
723 2837 1022 2892 distinctio
1055 2842 1248 2908 potest
1274 2838 1394 2892 fieri
1429 2837 1487 2892 in
1522 2838 1630 2892 hoc
1661 2837 1816 2910 psal-

157 2942 273 2994 mo,
308 2925 412 2982 sed
443 2942 560 2980 non
590 2924 843 2982 habetur
870 2943 940 2981 ex
970 2926 1337 2993 auctoritate,
1358 2927 1440 2981 sic
1468 2944 1482 2981 :
1509 2951 1536 2975 «
1561 2927 1818 2982 Laudate

155 3013 496 3080 Dominum,
530 3012 811 3086 quoniam
875 3015 1066 3070 bonus
1115 3020 1205 3070 est
1254 3015 1542 3088 psalmus,
1573 3016 1652 3070 sit
1679 3015 1814 3083 Deo,

155 3103 255 3158 sed
283 3103 552 3174 jucunda
580 3101 864 3158 laudatio.
899 3125 928 3152 »

221 3191 363 3248 Ideo
392 3191 520 3247 dico
553 3213 581 3241 α
613 3190 869 3260 laudate,
909 3215 934 3240 ››
967 3192 1246 3264 quoniam
1289 3215 1315 3246 ιι
1336 3192 1620 3248 Dominus
1647 3193 1820 3247 (edifi-

155 3296 298 3336 cans
330 3279 716 3348 Hierusalem,
755 3301 782 3328 η
815 3280 872 3335 id
905 3285 994 3336 est
1025 3280 1346 3336 Ecclesiam
1379 3299 1571 3348 suam,
1605 3299 1732 3352 qua:
1763 3285 1820 3336 et

1937 711 2022 764 eis
2058 711 2497 779 nominavocat,
2527 735 2553 760 ››
2586 712 2672 766 vel
2703 729 2914 770 vocans
2963 718 3070 783 est,
3107 731 3592 789 unumquemque

1937 799 2236 868 cognoscit
2269 817 2369 870 per
2400 818 2567 854 suam
2619 803 3054 872 proprietatem,
3085 803 3376 874 videlicet,
3413 805 3593 861 istum

1937 887 2239 957 cognoscit
2291 887 2638 961 simplicem,
2673 889 2831 945 velut
2862 890 3074 960 David;
3108 890 3276 948 illum
3318 909 3595 953 mansue-

1935 974 2256 1042 tum,velut
2292 976 2527 1049 Moysen
2555 995 2568 1032 :
2593 977 2673 1033 ita
2702 982 2758 1033 et
2787 977 2934 1034 alios
2964 997 3068 1052 per
3097 997 3236 1036 suas
3267 981 3596 1054 proprieta-

1935 1068 2042 1129 tes,
2069 1082 2217 1135 quas
2250 1065 2372 1135 ipse
2414 1066 2568 1121 idem
2605 1067 2662 1121 in
2695 1066 2778 1121 eis
2823 1073 3097 1138 operatus
3141 1074 3250 1125 est.
3283 1070 3399 1126 llas
3447 1070 3594 1128 tales

1934 1153 2319 1223 proprietates
2353 1154 2647 1222 significat
2678 1173 2781 1226 per
2811 1157 3069 1226 nomina,
3104 1157 3242 1230 quia
3287 1159 3441 1214 sicut
3484 1159 3592 1215 ali-

1933 1241 2066 1311 quis
2091 1259 2192 1312 per
2217 1259 2452 1296 nomcm
2475 1243 2814 1298 distinctam
2851 1245 3594 1318 cognoscitpersonam,ita

1933 1328 2218 1384 Dominus
2245 1347 2346 1400 per
2376 1330 2484 1386 bas
2515 1333 2903 1403 proprietates
2935 1333 3241 1390 distinctas
3291 1336 3592 1408 cognoscit

1932 1433 2232 1486 personas.

2003 1506 2072 1559 Et
2102 1506 2239 1577 quia
2274 1507 2413 1562 talia
2463 1509 2618 1576 facit,
2653 1509 2782 1565 ideo
2820 1532 2846 1563 α
2877 1528 3130 1583 magnus
3163 1535 3190 1562 »
3221 1517 3309 1569 est
3333 1537 3360 1562 ‹‹
3390 1513 3586 1568 Domi-

1934 1611 2045 1648 nus
2081 1611 2092 1649 :
2133 1618 2160 1642 »
2187 1613 2303 1650 non
2338 1596 2467 1651 dico
2500 1599 2783 1654 Dominus
2813 1617 2988 1670 quem
3020 1601 3267 1672 gentiles
3297 1619 3472 1656 suum
3503 1602 3586 1656 fa-

1931 1680 2224 1749 ciunt,sed
2245 1709 2270 1732 ‹‹
2300 1689 2499 1739 noster
2522 1703 2535 1740 :
2561 1709 2588 1736 n
2617 1686 2709 1740 hic
2734 1687 3082 1758 intelligitur
3101 1689 3582 1760 personaPatris:

1931 1795 1956 1818 α
1995 1775 2051 1824 et
2083 1789 2297 1830 magna
2328 1773 2513 1827 virtus
2545 1776 2672 1844 ejus
2707 1798 2734 1823 ›ι
2766 1774 3116 1847 intelligitur
3143 1794 3393 1848 persona
3432 1776 3583 1845 Filii,

1929 1875 2105 1929 quem
2140 1858 2415 1915 virtutem
2450 1861 2548 1915 Dei
2587 1863 2869 1930 nominat,
2904 1863 3043 1934 quia
3078 1881 3182 1934 per
3209 1865 3404 1936 ipsum
3429 1865 3586 1922 Deus

1930 1953 2207 2018 potentur
2235 1951 2432 2004 omnia
2461 1951 2626 2020 regit,
2661 1955 2719 2006 et
2749 1951 3024 2006 omnibus
3058 1951 3428 2022 dominatur;
3463 1975 3491 2005 «
3523 1958 3582 2009 et

1929 2035 2227 2106 sapientia:
2257 2039 2386 2109 ejus
2422 2054 2434 2092 :
2471 2061 2498 2087 ››
2533 2039 2628 2094 hic
2668 2056 2903 2111 quoque
2953 2038 3136 2095 Filius
3183 2039 3537 2113 intelligitur
3567 2059 3582 2098 :

1929 2147 1957 2174 ‹‹
1989 2141 2104 2179 non
2137 2129 2226 2180 est
2256 2143 2560 2194 numerus,
2588 2149 2616 2176 η
2642 2127 2784 2198 quia
2812 2127 3044 2187 inﬁnita
3061 2127 3584 2200 etincomprehen-

1929 2212 2119 2268 sibilis
2139 2219 2228 2268 est
2244 2213 2343 2269 illa
2365 2215 2465 2270 Dei
2488 2215 2934 2287 sapientia.Vel.
2955 2238 2976 2264 ι
2995 2233 3111 2270 non
3129 2221 3219 2272 est
3241 2234 3584 2286 numerus,»

1929 2301 2068 2372 quia
2103 2301 2273 2356 unica
2303 2307 2360 2356 et
2391 2303 2711 2375 singularis
2740 2309 2856 2371 est;
2887 2303 2997 2371 vel,
3031 2305 3352 2376 sapientiae,
3383 2306 3442 2362 id
3474 2311 3583 2378 est,

1931 2389 2059 2443 Filii
2093 2407 2207 2444 non
2240 2395 2328 2444 est
2361 2408 2664 2458 numerus,
2698 2392 2756 2445 id
2787 2396 2876 2446 est
2906 2410 3020 2446 non
3051 2397 3246 2464 potest
3287 2395 3586 2450 numerari

1929 2477 2196 2533 diversus
2221 2496 2254 2533 a
2285 2479 2470 2546 Patre,
2498 2479 2636 2551 quia
2666 2481 2822 2536 idem
2853 2497 2988 2536 cum
3035 2481 3222 2550 Patre,
3257 2485 3584 2542 secundum

1927 2567 2348 2637 Augustinum,
2373 2567 2472 2640 qui
2496 2569 2638 2624 dicit
2671 2569 2728 2623 in
2753 2569 2861 2624 hoc
2893 2586 3161 2626 sermone
3187 2587 3200 2626 :
3226 2571 3502 2644 Legimus
3524 2573 3584 2628 in

1929 2659 2131 2709 sancto
2147 2655 2362 2726 Moyse,
2387 2655 2514 2710 ideo
2537 2674 2653 2711 non
2685 2662 2773 2712 est
2795 2675 3080 2714 numerus
3104 2659 3406 2730 sapientia:
3433 2661 3583 2732 ejus,

1928 2742 2090 2796 nulla
2121 2745 2279 2798 enim
2313 2743 2427 2798 alia
2459 2744 2750 2816 sapientia
2781 2751 2974 2816 potest
3019 2747 3158 2802 huic
3205 2751 3532 2821 comparari
3567 2767 3581 2806 :

1927 2831 2028 2884 sed
2060 2830 2358 2901 sapientiae
2392 2831 2672 2920 Platonis,
2704 2839 2761 2887 et
2791 2833 3040 2888 aliorum
3061 2833 3585 2920 philosoPhorum,

1930 2923 2180 2990 possunt
2205 2919 2329 2973 aliae
2379 2919 2578 2974 multa:
2611 2921 2976 2992 comparari:
3003 2921 3198 2992 ipsum
3241 2923 3452 2979 Filium
3484 2919 3587 2982 sa?-

1928 3006 2210 3079 picntiam
2243 3007 2344 3062 Dei
2377 3007 2695 3079 dicit,quia
2726 3025 2830 3080 per
2861 3009 3056 3081 ipsum
3078 3009 3367 3069 Dominus
3387 3015 3589 3072 omnia

1928 3095 2223 3167 sapienter
2253 3095 2388 3150 fecit
2419 3101 2476 3150 et
2505 3097 2818 3168 disposuit.

1999 3184 2137 3238 Dico
2187 3183 2308 3238 haec
2355 3183 2633 3256 praedicta
2685 3185 2823 3240 facit
2870 3185 3176 3256 Dominus,
3209 3193 3268 3244 et
3315 3193 3426 3246 hoc
3466 3209 3585 3249 non

1929 3273 2306 3346 quibuslibet,
2323 3275 2424 3328 sed
2443 3277 2798 3345 mansuetis;
2822 3276 2932 3332 hoc
2953 3277 3097 3332 dicit
3117 3296 3130 3334 :
3159 3303 3186 3329 «
3211 3281 3542 3354 suscipiens
3557 3305 3587 3333 »

155 3367 254 3424 hic
277 3369 406 3441 jam
437 3384 641 3440 pacem
671 3367 956 3440 sequitur,
977 3373 1033 3424 et
1067 3369 1306 3424 tandem
1339 3371 1522 3425 Deum
1559 3370 1618 3423 in
1659 3367 1818 3424 omni
1859 3356 1901 3421 C
1933 3365 1988 3418 in
2021 3363 2208 3434 gloria
2239 3394 2262 3418 ‹ι
2295 3368 2640 3420 mansuetos
2681 3366 2982 3434 Dominus,
3016 3366 3337 3425 humilians
3389 3375 3586 3428 autem

156 3473 300 3530 pace
326 3456 568 3524 videbit,
584 3460 642 3512 et
669 3480 696 3506 «
720 3457 1099 3530 congregabit
1124 3481 1151 3506 ››
1185 3457 1243 3513 in
1286 3475 1354 3513 ea
1389 3457 1670 3526 Ecclesia,
1704 3475 1820 3512 non

159 3543 440 3613 localiter,
455 3545 557 3600 sed
581 3543 987 3616 spiritualiter,
1004 3550 1062 3600 et
1091 3545 1152 3600 in
1185 3545 1586 3613 unitatem,vel
1609 3546 1819 3602 unani-

157 3633 461 3701 mitatem;
494 3637 551 3689 et
579 3633 639 3688 in
671 3633 939 3688 eamdem
971 3656 998 3682 ‹‹
1025 3633 1422 3705 dispersioncs
1444 3635 1824 3706 congregabit

158 3721 386 3781 Itraelis
410 3743 441 3771 ι)
471 3721 672 3793 fidem,
690 3721 748 3777 id
781 3726 872 3778 est
899 3721 1053 3778 viros
1103 3725 1257 3795 quod
1289 3723 1414 3795 ipso
1460 3723 1597 3779 facit
1647 3722 1821 3779 Israel

157 3811 461 3884 dispersos
483 3827 588 3883 per
617 3826 819 3867 omnes
851 3816 1048 3883 partes
1078 3813 1309 3868 mundi.

229 3899 334 3957 Ille
359 3898 761 3972 congregabit,
790 3922 818 3949 «
850 3899 952 3972 qui
983 3905 1152 3956 sanat
1168 3901 1450 3956 contritus
1481 3903 1673 3970 corde,
1699 3924 1726 3952 »
1761 3900 1820 3956 id

158 3994 265 4057 est,
288 3987 426 4044 illos
456 3987 560 4060 qui
589 3987 809 4043 habent
839 3989 1158 4044 contritum
1201 4006 1300 4044 cor
1327 3994 1386 4044 et
1418 3989 1818 4046 bumiliatum.

158 4077 455 4134 Contritos
475 4076 648 4132 corde
667 4077 815 4131 bene
833 4077 1353 4149 determinat,quia
1369 4079 1821 4149 quibuscumque

157 4167 354 4223 modis
385 4183 598 4238 corpus
629 4165 945 4238 aﬂligatur,
980 4166 1029 4222 si
1062 4183 1163 4222 cor
1188 4167 1463 4235 elevetur,
1508 4185 1624 4222 non
1657 4171 1824 4221 curat

157 4257 314 4312 Deus
344 4253 698 4310 afﬂictiones
720 4254 909 4326 ipsius
934 4271 946 4310 :
975 4255 1257 4311 contritos
1287 4273 1420 4310 vero
1451 4257 1622 4311 corde
1654 4259 1824 4310 sanat

158 4343 449 4401 Dominus
471 4342 856 4399 condonando
878 4347 1140 4415 peccata,
1165 4363 1186 4391 ι
1213 4347 1271 4399 et
1301 4361 1506 4400 omnes
1527 4343 1822 4399 contritio-

159 4449 264 4489 nes
303 4447 532 4500 eorum,
559 4454 587 4481 ››
610 4431 668 4487 id
691 4436 781 4488 est
808 4431 969 4504 ipsos
1000 4431 1301 4500 contritos,
1321 4437 1379 4487 et
1405 4431 1660 4504 privatos
1690 4449 1823 4488 vera

158 4521 451 4594 dignitate
481 4519 788 4594 «alligat»
818 4520 1126 4589 Dominus,
1161 4521 1218 4576 id
1253 4525 1344 4575 est
1375 4520 1722 4588 consolidat,
1756 4525 1822 4576 ut

157 4613 406 4668 reducat
453 4611 526 4666 ad
577 4610 888 4682 pristinam
939 4611 1314 4683 dignitatem.
1345 4613 1392 4665 A
1433 4609 1822 4679 similitudine

157 4700 374 4757 medici
405 4699 675 4772 dicit,qui
707 4699 895 4756 fracta
922 4716 1058 4755 ossa
1081 4699 1824 4771 colligat,utredintegren~
1853 4721 1900 4785 Ι)

159 4795 258 4846 tur
277 4793 339 4845 et
369 4787 444 4844 ad
474 4787 781 4860 antiquam
804 4788 1149 4860 sospitatem
1177 4787 1827 4860 perdueantur.Alligat

159 4883 359 4935 autem
383 4894 491 4933 nos
512 4876 693 4932 fascia
717 4876 1130 4932 misericordiae
1162 4877 1338 4944 Deus,
1364 4883 1421 4932 et
1451 4878 1672 4932 confert
1693 4894 1822 4948 gra-

159 4967 270 5022 tias
299 4983 464 5034 suas,
483 4965 702 5038 quibus
724 4967 1002 5022 reformat
1032 4981 1140 5020 nos
1168 4966 1412 5036 antiquo
1433 4965 1823 5036 vultui,quem

159 5055 528 5128 perdidimus
559 5059 799 5126 peccato
831 5053 1008 5126 primi
1040 5053 1322 5126 parentis.

231 5167 260 5195 ‹‹
273 5143 384 5210 Qui
401 5146 673 5199 numerat
692 5143 1132 5200 multitudinem
1147 5141 1536 5209 stellarum,et
1549 5143 1825 5199 omnibus

158 5233 242 5288 eis
273 5231 523 5288 nomina
547 5235 732 5288 vocat.
771 5254 799 5280 »
831 5232 890 5286 Si
925 5232 996 5287 ad
1033 5231 1298 5286 litteram
1339 5231 1576 5297 dicitur,
1611 5249 1825 5304 magna

156 5325 358 5377 tamen
381 5319 646 5392 potentia
667 5319 1036 5392 intelligitur.
1054 5321 1373 5374 Possumus
1397 5324 1592 5374 tamen
1617 5319 1826 5390 allego-

161 5410 277 5468 rice
309 5408 394 5466 sic
425 5408 620 5464 dicere
645 5425 658 5466 :
681 5408 968 5466 Dominus
1009 5413 1176 5463 sanat
1209 5413 1268 5464 et
1291 5408 1491 5480 alligat
1521 5409 1823 5464 contritio-

160 5516 286 5568 nes,
301 5502 361 5554 et
391 5497 480 5552 sic
509 5497 650 5552 facit
678 5514 778 5553 eas
811 5497 1011 5553 stellas
1045 5497 1308 5552 lucentes
1341 5497 1398 5551 in
1451 5496 1726 5552 Ecclesia.
1757 5498 1827 5552 Et

159 5585 610 5643 multitudinem
642 5585 880 5642 illarum
926 5586 1232 5642 stellarum
1279 5589 1571 5652 numerat,
1605 5585 1660 5640 id
1713 5589 1821 5654 est,

159 5691 370 5732 omnes
391 5673 524 5730 illos
549 5691 794 5730 numero
815 5675 1279 5746 comprehendit,
1296 5675 1435 5746 quia
1465 5673 1691 5728 nullum
1723 5674 1824 5729 ab-

1930 3457 2261 3524 peccatores
2294 3470 2482 3525 usque
2513 3454 2584 3508 ad
2617 3459 2855 3524 terram,
2893 3477 2920 3504 ››
2951 3455 3010 3510 id
3043 3459 3229 3514 estad
3261 3460 3586 3533 appetitum

1931 3541 2311 3598 terrenitatis.

2003 3653 2028 3679 α
2055 3630 2415 3687 Prmcinite.»
2438 3631 2542 3688 Hic
2564 3631 2741 3688 habet
2757 3633 2874 3689 alia
2891 3634 3221 3709 translatio,
3237 3661 3264 3688 ‹‹
3291 3639 3588 3712 incipite,»

1932 3718 1990 3772 in
2022 3735 2138 3790 quo
2171 3718 2558 3791 intelligimus
2585 3720 2694 3777 hoc
2716 3723 2940 3788 dictum
2971 3739 3100 3780 esse
3142 3742 3258 3782 non
3294 3729 3587 3798 perfectis,

1931 3808 2031 3862 sed
2069 3807 2906 3880 negligentibus.Continuatio
2929 3827 2942 3866 :
2969 3811 3115 3876 Quia
3151 3813 3438 3869 Dominus
3459 3832 3588 3871 sus-

1930 3895 2072 3966 cipit
2101 3901 2464 3959 mansuetos,
2483 3899 2541 3950 et
2571 3896 2718 3952 alios
2749 3897 2996 3968 repellit,
3011 3915 3148 3970 ergo
3173 3921 3202 3949 ‹‹
3222 3900 3589 3970 ριιωοὶιιίῐθ,››

1932 3983 1988 4037 id
2020 3987 2130 4050 ett,
2154 3983 2336 4038 nolite
2383 4001 2513 4038 esse
2552 3983 2917 4056 negligentes
2965 3991 3024 4041 et
3052 3992 3388 4058 exspectare
3423 3989 3590 4060 judi-

1930 4071 2109 4139 cium,
2126 4072 2226 4126 sed
2246 4072 2442 4126 statim
2460 4073 2756 4143 prmcinite
2779 4097 2805 4123 ‹‹
2821 4073 3068 4128 Domino
3090 4074 3150 4129 in
3167 4076 3590 4146 confessione,»

1933 4161 1988 4215 id
2020 4166 2127 4226 est,
2162 4161 2493 4215 confitendo
2542 4165 2783 4232 peccata
2810 4179 2824 4230 ;
2861 4184 2889 4213 «
2921 4162 3152 4234 psallite
3185 4187 3214 4213 »
3243 4165 3423 4220 etiam
3472 4166 3591 4224 Deo

1932 4254 2150 4317 nostro,
2185 4271 2211 4298 «
2248 4249 2309 4302 in
2339 4247 2584 4316 cithara,
2622 4271 2649 4298 »
2682 4249 2739 4304 id
2763 4255 2851 4306 est
2879 4251 3155 4322 operibus
3184 4253 3466 4326 corporis,
3482 4256 3590 4312 sci-

1929 4336 2066 4393 licet
2097 4337 2156 4392 in
2191 4337 2377 4392 activa
2402 4336 2539 4394 vita.

2003 4449 2030 4475 ‹‹
2065 4425 2175 4492 Qui
2206 4426 2395 4499 operit
2425 4425 2696 4496 coelum,»
2715 4429 2772 4484 id
2797 4433 2886 4486 est
2909 4430 3169 4488 divinam
3195 4433 3582 4506 Scripturam,

1931 4533 2060 4587 qua:
2091 4515 2352 4570 continet
2381 4532 2596 4572 arcana
2618 4517 2737 4586 Dei,
2771 4541 2798 4569 «
2833 4519 3113 4589 nubibus,
3150 4543 3178 4570 ››
3209 4522 3268 4576 id
3313 4526 3403 4580 est
3453 4523 3584 4595 qui-

1931 4605 2182 4659 busdam
2204 4603 2729 4676 aznigmatibus,vel
2753 4607 3020 4664 obscuris
3042 4609 3248 4681 figuris
3269 4611 3581 4685 propheta-

1932 4697 2158 4760 rum,ut
2179 4711 2291 4748 non
2314 4699 2552 4764 pateant
2567 4695 2842 4751 omnibus
2859 4703 3081 4754 secreta
3103 4698 3382 4771 coelestia,
3407 4723 3434 4750 ‹‹
3470 4707 3530 4758 et
3549 4724 3579 4753 ι»

1935 4787 2130 4836 tamen
2163 4781 2221 4836 in
2255 4782 2511 4837 nubibus
2541 4781 2658 4838 illis
2688 4789 2905 4856 «parat
2933 4791 3156 4855 terrae,»
3191 4787 3244 4844 id
3277 4795 3367 4844 est
3393 4791 3584 4848 Eccle-

1933 4870 2052 4938 siae,
2085 4894 2112 4920 ‹‹
2149 4870 2490 4942 pluviam,»
2551 4873 2608 4926 id
2667 4878 2757 4929 est
2812 4873 3177 4945 spiritualem
3232 4878 3580 4950 doctrinam,

1935 4983 1960 5007 ‹‹
1996 4965 2162 5031 parat
2196 4982 2221 5007 ››
2244 4961 2391 5015 bene
2419 4959 2736 5033 dicit,quia
2763 4962 2918 5017 Deus
2949 4963 3032 5018 ita
3059 4964 3376 5037 aliquando
3397 4970 3586 5042 aperit

1933 5049 2286 5121 Scripturas,
2321 5055 2386 5103 ut
2419 5049 2618 5105 fideles
2649 5051 2738 5105 sui
2773 5051 2907 5106 inde
2939 5053 3295 5111 reﬁciantur.

2008 5138 2136 5210 Ipse
2167 5137 2403 5209 quidem
2436 5139 2641 5210 aperit,
2661 5163 2682 5188 «
2709 5140 2808 5212 qui
2840 5141 3111 5212 producit
3132 5142 3192 5198 in
3222 5145 3583 5216 montibus,»

1933 5227 1991 5281 id
2021 5231 2110 5282 est
2139 5227 2446 5283 altioribus
2474 5227 2826 5295 viris,veluti
2857 5231 3078 5286 sanctis
3109 5233 3408 5304 apostolis,
3443 5259 3472 5286 ‹‹
3497 5237 3584 5292 fe-

1935 5333 2102 5384 num,
2138 5340 2164 5365 ››
2199 5317 2252 5371 id
2287 5322 2376 5372 est
2403 5316 2720 5372 solidatum
2751 5316 2970 5386 cibum,
2991 5321 3062 5376 ad
3095 5323 3583 5380 sustentationem

1935 5407 2225 5476 majorum
2259 5410 2317 5460 et
2347 5407 2684 5475 fortiorum;
2719 5429 2748 5455 «
2779 5411 2837 5461 et
2866 5406 3129 5477 herbam,
3157 5431 3186 5460 »
3217 5410 3276 5466 id
3307 5415 3396 5467 est,
3425 5417 3584 5470 tene-

1936 5495 2146 5549 riorem
2177 5493 2396 5560 cibum,
2431 5494 2671 5561 scilicet,
2701 5511 2938 5550 suavem
2969 5500 3029 5552 at
3058 5497 3344 5554 humilem
3380 5499 3590 5557 doctri-

1937 5582 2724 5655 nam,sicutdicitApostolus
2751 5600 2764 5638 :
2789 5606 2816 5633 ‹‹
2841 5584 3220 5656 Sapientibus
3236 5589 3586 5661 sapientiam

1935 5673 2142 5746 loquor
2161 5673 2209 5742 (ι
2235 5671 2356 5727 Cor.
2389 5673 2476 5747 ιι).
2511 5694 2540 5722 ››
2570 5673 2640 5728 Et
2668 5671 2807 5729 alibi
2843 5688 2856 5728 :
2891 5694 2920 5724 «
2944 5673 3056 5730 Lac
3099 5675 3265 5734 vobis
3309 5677 3442 5739 dedi
3492 5695 3589 5754 po-

227 5794 252 5824 ³
283 5783 420 5844 ΙΙωο
451 5781 526 5842 ad
555 5780 938 5857 praecedentis
968 5779 1182 5854 psalmi
1213 5780 1637 5854 expositionem
1677 5781 1969 5855 pertinere
1997 5779 2286 5841 videntur.
