3942 6426
392 487 510 547 687

756 491 1168 552 HAYMONIS
1214 492 1760 552 HALBERSTAT.
1807 490 2055 552 EPISC.
2103 485 2276 549 OPP.
2323 487 2526 548 PARS
2571 487 2619 547 I.
2666 522 2741 530 —
2786 488 3198 550 COMMENT.
3244 488 3447 550 BlBL.

3684 491 3798 552 688

389 625 543 690 tum,
574 639 690 677 non
721 639 974 678 escam.»
1008 625 1056 693 (I
1082 624 1185 679 Cor
1208 626 1295 693 III)
1324 624 1424 679 Vel
1458 641 1560 697 per
1589 628 1821 679 montes
1845 627 2038 696 peten-
2068 618 2127 686 Α
2154 619 2522 697 confortavit,
2551 640 2579 674 α
2608 623 2665 676 et
2694 620 2835 679 filiis
2863 622 2981 678 tuis
3012 622 3072 678 in
3102 627 3158 678 te
3190 644 3219 674 »
3252 622 3799 694 existentibus,«be'-

392 715 482 766 tes
511 710 692 781 hujus
725 710 922 766 saeculi
952 710 1362 785 intelligimus,
1397 713 1456 767 in
1488 713 1705 785 quibus
1726 718 1877 768 Deus
1898 730 2043 785 prae-

391 802 559 871 parat
588 800 660 853 ad
694 816 844 871 opus
892 801 1362 872 praedicatorum,
1388 806 1446 857 et
1491 801 1892 874 quorumlibet
1930 818 2047 858 ser-

388 887 669 943 vientium
702 888 836 955 sibi,
870 890 1092 958 fenum,
1118 891 1173 946 id
1208 896 1297 948 est
1322 891 1679 964 asperiorem
1710 892 1907 947 cibum
1940 908 1955 947 :
1989 895 2047 947 et

389 976 652 1045 herbam,
671 977 729 1031 id
761 981 851 1033 est
876 978 1168 1035 mitiorem
1204 997 1217 1035 :
1250 980 1392 1053 quia
1411 982 1763 1053 quandoque
1785 982 1886 1036 dat
1908 996 2048 1053 prae-

387 1064 750 1122 dicatoribus
770 1067 895 1123 suis
916 1085 1129 1140 panem
1148 1073 1380 1125 tantum
1407 1074 1464 1126 et
1482 1070 2046 1143 aquam,aliquando

388 1153 573 1211 bonos
604 1155 796 1228 pisces
829 1174 843 1213 :
878 1162 937 1213 et
966 1159 1088 1214 hanc
1116 1159 1315 1216 omnia
1343 1159 1655 1216 «servituti
1675 1159 2046 1228 hominum,»

388 1241 449 1298 id
470 1248 561 1300 est
581 1245 967 1304 servitoribus
987 1248 1550 1318 hominum,scilicet
1569 1248 2049 1322 praedicatoribus

390 1337 449 1390 et
478 1335 701 1391 czeteris
727 1336 1020 1394 ministris
1066 1338 1358 1406 Ecclesiae,
1392 1339 1494 1411 qui
1543 1356 1742 1395 revera
1788 1338 2050 1395 serviunt

392 1421 907 1493 hominibus,dum
931 1431 1099 1482 nocte
1121 1427 1331 1499 dieque
1345 1432 1520 1484 Deum
1544 1444 1647 1501 pro
1666 1426 1813 1500 ipsis
1829 1427 2049 1484 orando

355 1579 361 1587 .
396 1511 792 1585 interpellant.

465 1624 495 1652 ‹‹
529 1602 639 1668 Qui
670 1604 770 1660 dat
802 1626 829 1653 ››
861 1604 1039 1660 etiam
1071 1628 1100 1655 «
1125 1605 1473 1676 jumentis,»
1508 1605 1566 1661 id
1587 1609 1676 1661 est
1695 1604 2047 1673 mansuetis,

393 1691 493 1763 qui
515 1692 646 1763 jam
694 1710 810 1749 non
862 1699 1136 1751 recusant
1161 1711 1310 1751 onus
1354 1695 1467 1751 diei
1516 1699 1771 1767 portare,
1800 1709 2050 1751 «escam

390 1780 717 1853 ipsorum,»
749 1783 807 1838 id
841 1787 929 1840 est
949 1784 1033 1840 eis
1057 1784 1655 1854 eonvenientem,tam
1678 1782 2051 1857 spiritualem

390 1886 567 1942 quam
601 1871 1001 1943 corporalem;
1035 1896 1064 1923 «
1097 1878 1154 1928 et
1204 1873 1382 1946 pullis
1429 1889 1760 1943 corvorum,
1798 1895 1827 1923 ››
1870 1872 1931 1928 id
1962 1875 2053 1928 est

388 1958 527 2014 ﬁliis
556 1959 888 2032 gentilium,
920 1961 1021 2034 qui
1054 1966 1195 2018 sunt
1224 1962 1400 2032 corvi,
1433 1963 1492 2018 id
1523 1965 1613 2018 est
1659 1961 1951 2035 denigrati
1990 1961 2051 2016 in

2155 707 2381 763 nedixit
2415 731 2436 757 ιι
2468 708 2812 765 omnimoda
2843 710 3271 767 benedictione.

2227 796 2530 852 Benedixit
2558 796 2655 853 ille
2688 820 2716 850 «
2751 799 2853 871 qui
2901 800 3101 872 posuit
3150 800 3298 857 lines
3344 806 3477 858 tuos
3522 816 3799 874 pacem,»

2154 884 2295 957 quia
2323 886 2501 941 etiam
2536 887 2689 943 inter
2718 905 2817 944 eos
2848 889 2949 961 qui
2981 893 3155 946 erunt
3175 889 3233 944 in
3256 888 3467 946 ultima
3488 891 3800 958 mansione,

2155 974 2267 1029 erit
2296 993 2408 1047 pax
2439 981 2497 1031 et
2526 976 2861 1032 exsultatio.
2895 1001 2922 1027 «
2955 966 3026 1034 Et
3057 978 3235 1035 satiat
3262 982 3319 1034 te
3348 979 3518 1052 adipe
3550 981 3800 1037 frumen-

2156 1063 2222 1130 ti,
2260 1086 2287 1111 ››
2316 1064 2373 1118 id
2405 1069 2514 1131 est,
2550 1065 2680 1137 ipsa
2710 1065 3016 1122 divinitate
3047 1066 3286 1124 Christi.

2228 1174 2257 1202 ‹‹
2291 1152 2397 1218 Qui
2463 1153 2683 1209 emittit
2724 1153 3046 1227 eloquium.
3083 1179 3112 1206 »
3144 1157 3285 1214 Pars
3331 1158 3609 1214 secunda.
3644 1170 3671 1209 ‹‹
3704 1159 3805 1226 Qui

2156 1240 2373 1297 emittit
2388 1240 2691 1314 eloquium
2713 1260 2949 1313 suum,»
2982 1244 3041 1301 id
3072 1248 3163 1302 est
3183 1245 3394 1302 Filium
3415 1262 3592 1303 suum
3616 1265 3630 1304 :
3655 1270 3684 1299 «
3706 1252 3810 1305 ter-

2156 1346 2254 1397 rae,
2291 1351 2319 1378 ››
2350 1328 2410 1385 id
2439 1335 2531 1387 est
2561 1331 2620 1386 in
2653 1333 2975 1403 mundum;
3009 1339 3067 1390 et
3097 1357 3125 1383 ‹‹
3151 1350 3345 1391 sermo
3374 1336 3505 1408 ejus
3530 1359 3551 1386 η
3573 1336 3805 1409 eloquii,

2156 1417 2243 1473 vel
2272 1416 2462 1490 ipsius
2500 1420 2622 1489 Dei,
2656 1420 2880 1477 scilicet
2924 1422 3279 1494 praedicatio,
3313 1447 3340 1474 α
3374 1425 3559 1481 currit
3602 1424 3804 1482 veloci-

2158 1512 2266 1577 ter,
2298 1524 2326 1559 η
2364 1507 2423 1563 id
2450 1512 2558 1578 est,
2593 1510 2944 1567 diﬂ‘unditur
2963 1522 3067 1584 per
3097 1516 3287 1569 totum
3320 1515 3631 1570 mundum.

2231 1618 2261 1647 «
2294 1596 2402 1663 Qui
2435 1619 2464 1649 »
2500 1598 2679 1655 etiam
2700 1623 2729 1650 «
2753 1599 2856 1656 dat
2874 1600 3126 1670 nivem,»
3149 1601 3375 1659 scilicet
3393 1602 3634 1677 frigidos
3649 1607 3706 1660 et
3723 1602 3809 1660 in-

2158 1682 2400 1739 duratos
2420 1684 2481 1739 in
2503 1687 2784 1758 peccatis,
2800 1710 2827 1738 «
2853 1687 3279 1761 sicutlanam,»
3301 1694 3369 1747 ut
3387 1690 3533 1749 alios
3554 1691 3812 1749 doctrina

2160 1789 2269 1829 sua
2298 1772 2664 1845 calefaciunt,
2695 1780 2753 1833 et
2781 1800 2810 1828 «
2844 1776 3146 1846 nebulam,
3182 1801 3211 1829 ››
3260 1780 3321 1837 id
3368 1784 3459 1837 est
3504 1784 3814 1839 excecatos

2160 1861 2349 1918 multa
2376 1863 2731 1935 ignarantia,
2757 1889 2785 1917 «
2811 1867 3094 1941 spargit,»
3127 1868 3187 1924 id
3218 1873 3308 1926 est
3332 1868 3630 1927 illuminat
3649 1875 3707 1927 et
3734 1871 3819 1927 di-

2162 1951 2311 2007 vidit
2338 1969 2374 2008 u
2403 1969 2602 2011 massa
2630 1956 3019 2028 perditorum,
3045 1979 3074 2009 ‹‹
3098 1957 3254 2015 sicut
3302 1958 3558 2017 cinerem
3583 1976 3597 2016 :
3629 1982 3658 2011 ››
3688 1959 3823 2032 quia

556 2014 615 2031 υρ
682 2014 687 2015 κ
1054 2014 1191 2018 -μ--
1435 2014 1492 2018 --
1530 2014 1611 2018 η-
2630 2014 2651 2028 .
3005 2014 3018 2026 .
3702 2014 3764 2032 ιη
3795 2014 3821 2016 μ

394 2050 650 2121 peccatis
686 2066 697 2105 :
735 2067 851 2106 non
905 2014 1130 2107 similes
1180 2050 1355 2107 malis
1399 2052 1669 2124 patribus
1699 2067 1926 2120 eorum,
1956 2050 2058 2107 sed
2088 2014 2136 2081 Β
2170 2040 2325 2097 Sicut
2354 2041 2505 2099 cinis
2527 2042 2761 2101 infusus
2787 2063 2966 2119 super
3003 2052 3221 2104 terram
3253 2047 3588 2123 impinguat
3616 2064 3743 2107 eam
3771 2052 3827 2105 et

396 2160 425 2187 »
446 2137 857 2196 invocantibus
881 2155 1076 2209 eum,»
1100 2141 1159 2196 id
1191 2141 1800 2214 est,degenerantibus
1820 2158 1855 2197 a
1876 2140 2063 2213 nigre-

394 2226 532 2282 dine
562 2232 797 2299 patrum
832 2244 846 2283 :
880 2228 1034 2285 sicut
1061 2229 1239 2286 etiam
1270 2235 1422 2286 Deus
1451 2231 1524 2286 ad
1558 2229 1813 2286 litteram
1835 2229 2062 2303 puellos

393 2331 723 2385 corvorum,
758 2333 906 2388 quos
953 2323 1150 2390 patres
1200 2304 1504 2388 deserunt,
1553 2336 1792 2392 pascere
1840 2337 1875 2374 a
1932 2335 2061 2375 rore

400 2405 554 2461 aeris
596 2405 833 2476 dicitur,
862 2408 1127 2478 quandiu
1171 2408 1287 2463 albi
1337 2412 1479 2465 sunt
1535 2413 1593 2465 et
1642 2410 1824 2465 donec
1872 2409 1983 2465 sibi
2026 2426 2061 2464 u

396 2492 769 2550 similantur.

479 2583 551 2638 Et
579 2581 689 2640 istc
714 2584 993 2641 Dominus
1028 2608 1055 2635 ‹‹
1089 2603 1202 2641 non
1242 2586 1483 2642 habebit
1531 2586 1917 2654 voluntatem,
1952 2609 1979 2635 ››
2003 2586 2060 2641 id

405 2675 497 2728 est
524 2672 978 2744 beneplacitum,
1018 2697 1044 2723 ‹‹
1078 2674 1137 2729 in
1172 2675 1516 2730 fortitudine
1548 2676 1704 2747 equi,
1737 2698 1765 2727 »
1796 2676 1852 2730 id
1883 2679 1973 2731 est
2001 2674 2061 2730 in

405 2762 698 2833 superbis,
734 2785 762 2813 ‹‹
796 2780 901 2818 nec
924 2763 983 2818 in
1016 2764 1176 2819 tibiis
1204 2764 1311 2819 viri
1343 2786 1371 2815 ››
1405 2764 1864 2832 contumacis,id
1898 2763 2062 2820 estin

403 2849 636 2923 gambis
665 2852 988 2923 gracilibus
1018 2857 1075 2908 et
1095 2852 1392 2910 habilibus
1411 2854 1483 2909 ad
1514 2854 1662 2910 bene
1682 2853 2063 2910 calceandum

402 2937 625 2994 scilicet
672 2939 730 2995 in
780 2940 941 2997 cultu
989 2943 1268 3015 corporis,
1302 2961 1431 3016 quae
1478 2961 1581 3015 per
1624 2961 1803 3000 unam
1836 2947 2063 3016 partem

400 3026 626 3084 scilicet
655 3046 759 3100 per
787 3047 959 3087 crura
980 3032 1294 3105 significat,
1325 3032 1798 3106 «beneplacitum
1820 3033 1929 3089 erit
1950 3034 2063 3089 ei.»

399 3116 530 3173 Alia
560 3118 869 3175 translatio
902 3119 1100 3188 habet,
1132 3121 1192 3175 in
1222 3113 1619 3178 tabernaculis
1648 3122 1794 3178 viri:
1820 3144 1848 3174 »
1872 3126 1930 3178 et
1962 3138 2066 3194 per

401 3205 512 3262 hoc
544 3210 820 3263 notamus
851 3214 1172 3266 conventus
1204 3213 1615 3283 superborum.

472 3296 537 3352 In
581 3296 799 3353 talibus
858 3314 977 3354 non
1027 3304 1118 3355 est
1164 3301 1603 3373 beneplacitum
1652 3302 1923 3374 Domino,
1959 3302 2060 3359 sed

2170 2129 2311 2187 facit
2339 2130 2725 2202 fructiferam,
2757 2135 2842 2192 sic
2872 2134 2987 2209 ipsi
3016 2136 3118 2208 qui
3161 2137 3328 2210 prius
3373 2142 3545 2197 erant
3593 2137 3825 2211 nebula,

2169 2217 2512 2277 illuminant
2540 2222 2687 2279 alios
2717 2227 2775 2280 et
2803 2223 3028 2281 faciunt
3058 2225 3434 2285 fructificare.

2246 2330 2275 2359 ‹‹
2288 2308 2510 2366 Mittit»
2528 2312 2704 2368 etiam
2720 2335 2747 2363 «
2772 2311 3114 2385 crystallum
3127 2326 3305 2372 suum
3316 2314 3473 2373 sicut
3483 2316 3832 2387 buccellae,»

2170 2395 2230 2451 id
2262 2401 2372 2479 est,
2405 2397 2538 2455 illos
2569 2400 2670 2471 qui
2711 2417 2815 2473 per
2842 2401 3060 2459 multos
3090 2420 3278 2460 annos
3330 2410 3500 2463 erant
3547 2406 3746 2479 frigidi
3776 2408 3836 2463 et

2168 2477 2442 2542 obduruti
2474 2487 2535 2543 in
2565 2488 2842 2560 peccatis,
2875 2489 3032 2547 sicut
3061 2490 3387 2549 buccellam
3404 2494 3597 2566 panis,
3623 2477 3690 2550 ut
3716 2493 3835 2552 sint

2171 2573 2303 2631 aliis
2333 2576 2567 2633 refectio
2589 2576 2960 2647 hominibus;
2993 2580 3097 2636 sed
3139 2602 3167 2631 ‹‹
3192 2585 3325 2637 ante
3357 2581 3566 2638 faciem
3597 2582 3833 2655 frigoris

2171 2663 2353 2735 ejus,»
2380 2664 2441 2720 id
2470 2670 2580 2735 est,
2614 2670 2746 2722 ante
2777 2665 2912 2724 illos
2944 2684 3090 2739 quos
3118 2668 3272 2725 Deus
3296 2670 3704 2742 justojudicio
3723 2688 3831 2729 suo

2170 2752 2231 2807 in
2291 2754 2546 2825 peccatis
2594 2755 2863 2825 obdurat,
2900 2779 2928 2807 «
2962 2757 3099 2828 quis
3155 2758 3513 2814 sustinebit?
3544 2782 3573 2810 n
3606 2758 3667 2817 id
3717 2765 3828 2831 est,

2173 2841 2307 2913 quis
2334 2844 2546 2915 poterit
2575 2845 2909 2916 persistere,
2934 2846 3080 2918 quin
3124 2847 3324 2904 statim
3357 2849 3684 2906 consentiat
3708 2849 3832 2906 eis?

2173 2931 2338 2988 Sicut
2357 2937 2492 2989 ante
2514 2933 2875 2990 Pharaonem
2919 2935 3148 3008 Moyses
3167 2936 3262 2992 vix
3296 2937 3491 3009 potuit
3524 2938 3828 3011 persistere

2173 3021 2366 3089 (Exod.
2398 3026 2522 3093 vn),
2553 3024 2695 3096 quia
2714 3026 2844 3096 eius
2876 3042 2976 3082 cor
3003 3029 3129 3082 erat
3160 3025 3527 3084 induratum.

2244 3110 2478 3181 Nullus,
2502 3111 2768 3186 inquam,
2783 3114 2998 3186 poterit
3018 3114 3311 3172 sustinere
3333 3121 3470 3173 ante
3490 3116 3695 3173 faciem
3717 3116 3824 3173 fri-

2172 3199 2353 3272 goris,
2385 3202 2489 3258 sed
2515 3202 2671 3259 Deus
2702 3226 2730 3254 ‹‹
2764 3204 2991 3260 emittet
3037 3204 3281 3261 verbum
3322 3221 3523 3275 suum,
3551 3227 3579 3257 »
3628 3206 3831 3279 praedi-

2172 3288 2442 3358 cationis,
2483 3310 2506 3341 ι
2539 3296 2653 3348 et»
2686 3309 2790 3364 per
2828 3309 2958 3349 eam
3002 3316 3031 3344 «
3064 3292 3401 3366 liquefaciet
3446 3311 3536 3364 ea,
3577 3318 3599 3345 υ
3637 3296 3828 3352 nivem

400 3406 434 3436 α
454 3384 889 3456 beneplacitum
920 3392 1010 3443 est
1031 3388 1277 3444 Domino
1311 3406 1489 3462 super
1517 3390 1796 3447 timentes
1826 3408 1963 3447 eum
1988 3407 2001 3446 :
2029 3412 2053 3442 η

2234 3377 2398 3436 ilicet
2425 3384 2483 3436 et
2512 3380 2875 3453 crystallum,
2909 3385 2967 3438 et
2996 3381 3113 3439 alia
3161 3399 3289 3455 quae
3341 3384 3619 3456 praedicta
3665 3389 3827 3443 sunt.

402 3475 463 3527 et
492 3472 634 3542 quia
663 3472 875 3528 timent
904 3491 1061 3544 eum,
1082 3476 1211 3532 ideo
1241 3484 1475 3533 cessant
1506 3496 1541 3535 a
1570 3478 1794 3549 malo,«
1816 3485 1876 3534 et
1896 3480 1953 3534 in
1976 3481 2061 3537 eis

406 3558 509 3629 qui
539 3564 797 3631 sperant,
836 3583 857 3611 ι
894 3579 1010 3618 non
1040 3563 1101 3618 in
1133 3564 1381 3634 meritis,
1409 3567 1511 3621 sed
1552 3589 1581 3617 «
1612 3584 1790 3639 super
1832 3569 2059 3625 miseri-

403 3647 603 3706 cordia
632 3650 782 3721 ejus,
818 3673 846 3701 »
880 3655 936 3707 et
966 3652 1096 3709 ideo
1127 3654 1273 3709 bene
1304 3659 1641 3729 operantur.

847 3777 922 3834 IN
962 3777 1311 3837 PSALMUM
1352 3780 1612 3838 CXLVII.

642 3892 918 3949 Trruws.
951 3893 1191 3951 Alleluia
1220 3895 1410 3969 Aggzei
1432 3904 1484 3952 et
1510 3896 1816 3955 Zachariae.

469 4032 497 4059 ‹‹
516 4008 736 4076 Lauda,
753 4010 1523 4080 llierusalem,Dominum.»
1538 4013 1856 4071 Ecclesium
1878 4033 2058 4089 quam

395 4099 671 4171 superius
690 4101 947 4156 ostendit
967 4102 1039 4156 de
1061 4101 1426 4175 dispersione
1448 4103 1622 4160 istius
1654 4104 1850 4160 saeculi
1883 4123 1916 4161 a
1945 4107 2057 4163 Do-

404 4186 564 4242 mino
593 4189 1084 4261 congregari,jam
1109 4196 1546 4265 congregatum,
1569 4196 1625 4249 et
1645 4192 1704 4248 in
1724 4193 2059 4251 coelestibus

393 4275 739 4333 collocatam
776 4283 974 4334 monet
1004 4279 1063 4335 in
1097 4280 1290 4351 prima
1317 4285 1481 4353 parte
1513 4286 1694 4338 Deum
1726 4281 1966 4340 laudare
1988 4285 2060 4341 de

391 4369 560 4423 tanta
590 4383 734 4439 pace
763 4370 819 4422 et
851 4372 1015 4424 tanta
1046 4368 1380 4426 securitate.
1409 4372 1471 4426 In
1505 4372 1782 4445 secunda,
1802 4390 1931 4445 qua:
1964 4374 2059 4431 in-

391 4456 537 4528 cipit
565 4474 577 4514 :
614 4478 642 4507 «
673 4456 780 4523 Qui
804 4457 1022 4513 emittit
1051 4458 1375 4531 eloquium,
1401 4484 1422 4514 ι)
1460 4461 1719 4518 ostendit
1748 4462 1937 4519 multa
1959 4464 2058 4520 be-

393 4544 604 4602 neficia
631 4562 758 4618 quae
780 4546 937 4604 Deus
961 4548 1097 4604 fecit
1121 4550 1289 4605 nobis
1316 4550 1375 4604 in
1418 4549 1527 4605 hac
1563 4550 1707 4622 vita,
1726 4556 1792 4607 ut
1812 4568 1917 4624 per
1946 4552 2056 4610 hoc

390 4650 501 4691 nos
533 4652 773 4693 securos
808 4638 1013 4693 reddat
1044 4638 1114 4693 de
1166 4624 1485 4696 securitate
1533 4642 1766 4696 aeterna.
1802 4640 2058 4698 Intendit

390 4726 684 4793 autem,ut
713 4723 891 4779 etiam
924 4722 985 4778 in
1017 4723 1421 4791 aliis,monere
1446 4744 1551 4784 nos
1577 4728 1649 4784 ad
1672 4727 1909 4785 laudem
1928 4729 2051 4787 Dei.

463 4810 624 4867 Unde
673 4810 815 4867 dicit
849 4830 863 4880 ;
903 4832 924 4862 α
961 4813 1183 4881 Lauda,
1224 4814 1609 4884 Hierusalem,
1649 4818 1987 4889 Dominum,
2024 4844 2052 4872 ››

386 4915 513 4970 quae
538 4900 665 4971 jam
688 4916 751 4955 es
769 4900 959 4972 positu
980 4900 1038 4955 in
1065 4901 1377 4959 securitate
1398 4909 1614 4961 aeterna
1637 4923 1650 4962 :
1679 4910 1735 4963 et
1756 4925 1788 4963 ο
1807 4909 2051 4979 «Sion,»

385 5004 513 5059 qua:
537 4988 664 5059 jam
696 4987 1085 5060 specularis,«
1112 4989 1290 5046 lauda
1311 4996 1492 5049 Deum
1521 4998 1750 5051 tuum.»
1770 4997 2050 5054 Eamdcm

382 5078 553 5131 vocat
584 5075 722 5131 Sion
762 5082 819 5132 et
867 5077 1271 5135 Hierusalem:
1308 5081 1409 5136 sed
1462 5082 1600 5139 Sion
1650 5083 1707 5138 in
1758 5092 2048 5157 quantum

378 5164 639 5221 divinum
670 5166 1041 5237 prmscntiam
1073 5169 1527 5241 contemplatur,
1571 5173 1938 5230 Hierusalem
1986 5176 2047 5233 in

383 5255 676 5324 quantum
708 5270 843 5310 cum
894 5259 1008 5311 Deo
1058 5261 1285 5327 regnat,
1318 5263 1375 5314 et
1421 5258 1481 5314 in
1522 5277 1664 5332 pace
1696 5265 1753 5317 et
1797 5261 1857 5318 in
1890 5267 2048 5321 tran-

389 5341 684 5411 quillitate
710 5348 993 5415 perpetua
1024 5344 1368 5404 collocatur.

448 5430 582 5485 ldeo
614 5452 640 5478 ‹‹
675 5429 851 5488 lauda
882 5434 1163 5505 quoniam
1194 5436 1540 5494 confortavit
1560 5455 1722 5497 seras
1744 5446 2045 5514 portarum

375 5518 645 5585 tuarum,
675 5539 696 5565 ι
726 5518 782 5573 id
814 5527 923 5595 est,
949 5527 1004 5577 te
1052 5522 1355 5583 collocavit
1385 5526 1444 5583 in
1477 5529 1807 5587 securitate.
1844 5531 2045 5590 Portus

374 5602 595 5691 dicitur
615 5603 828 5663 habere
849 5616 1100 5668 mternas
1123 5611 1485 5674 Hierusalem
1508 5623 1747 5691 propter
1783 5621 2039 5691 aditum;

368 5689 1000 5782 eonfortatasudicitur
1040 5696 1257 5757 habere
1286 5720 1466 5773 seras,
1501 5689 1644 5777 quia
1674 5707 1875 5764 nullus
1911 5689 2043 5782 post

366 5770 521 5830 diem
548 5773 770 5840 judicii
799 5784 1025 5843 intrare
1052 5790 1264 5855 poterit
1292 5790 1350 5848 in
1382 5770 1536 5853 eam:
1558 5770 2036 5874 Seras,inquam,

2172 3490 2200 3518 «
2226 3467 2481 3541 Spiritus
2507 3472 2685 3542 ejus»
2715 3470 2939 3528 scilicet
2966 3471 3223 3544 Spiritus
3250 3476 3512 3543 sanctus,
3547 3496 3575 3525 α
3606 3474 3777 3532 ﬂabit
3800 3498 3829 3525 υ

2171 3574 2350 3629 super
2376 3576 2476 3616 eos
2503 3575 2518 3615 :
2558 3579 2582 3609 ι
2615 3562 2672 3616 et
2704 3582 2733 3610 »
2766 3560 2946 3617 etiam
2976 3581 3011 3613 «
3039 3561 3225 3617 ﬂuent
3254 3578 3480 3634 aquas,»
3510 3562 3570 3619 id
3591 3568 3698 3634 est,
3723 3565 3827 3622 do-

2171 3646 2370 3703 ctrina:
2402 3647 2603 3705 multae
2632 3649 2876 3706 exibunt
2908 3650 2979 3706 de
3028 3648 3244 3722 populo
3293 3650 3415 3707 illo.
3445 3650 3548 3708 Vel
3592 3651 3688 3709 hic
3728 3670 3828 3711 os-

2170 3736 2361 3792 tendit
2410 3739 2841 3808 auctoritatem,
2866 3739 3007 3811 quia
3035 3739 3192 3796 Deus
3239 3739 3430 3798 mittet
3475 3740 3734 3799 Verbum
3765 3742 3824 3800 in

2168 3822 2392 3893 Judaea,
2428 3826 2568 3897 quia
2598 3826 2682 3883 sic
2713 3826 2826 3884 fuit
2855 3827 3338 3900 praanuntiatum.

2241 3913 2372 3986 Ipse
2399 3916 2629 3972 emittet
2649 3915 3000 3989 Spiritum,«
3022 3918 3122 3989 qui
3137 3938 3165 3971 ιο
3193 3934 3296 3991 per
3315 3919 3687 3992 presentiam
3705 3937 3827 3980 cor.

2167 4003 2328 4075 poris
2361 4024 2389 4056 ‹‹
2418 4006 2735 4062 annuntiat
2760 4007 3005 4063 verbum
3035 4024 3234 4077 suum,
3264 4029 3296 4059 »
3328 4007 3389 4065 id
3419 4013 3508 4066 est
3536 4010 3821 4082 praedica-

2166 4093 2389 4149 tionem
2420 4098 2478 4150 et
2503 4094 2833 4151 doctrinam
2864 4112 3057 4165 suam,
3077 4120 3106 4149 ‹‹
3128 4096 3360 4166 Iacob,»
3396 4098 3610 4172 populo
3631 4098 3739 4166 illi,
3769 4104 3828 4156 et

2167 4184 2480 4241 annuntiat
2492 4207 2519 4235 ‹‹
2535 4184 2862 4257 justitius,»
2881 4185 2941 4243 id
2964 4188 3375 4259 est,quomodo
3392 4188 3537 4246 fiant
3555 4188 3828 4247 homines

2159 4273 2307 4345 justi
2346 4295 2374 4325 «
2404 4278 2462 4330 et
2481 4274 2711 4346 judicia
2740 4292 2870 4344 sua,
2905 4297 2935 4327 »
2972 4276 3031 4332 id
3081 4281 3190 4349 est,
3223 4278 3516 4350 quomodo
3565 4282 3826 4351 tempore

2164 4362 2368 4419 omnia
2396 4364 2640 4437 diponat
2673 4380 2827 4437 :quo
2870 4365 3098 4438 judicio
3148 4365 3296 4423 alios
3326 4366 3522 4440 elegit,
3555 4364 3702 4425 alios
3744 4384 3831 4424 re-

2166 4454 2433 4524 probat,«
2449 4451 2625 4510 Israel
2645 4476 2666 4503 ιο
2692 4453 2909 4528 populo
2929 4454 3017 4510 illi
3039 4472 3143 4529 per
3158 4454 3527 4528 praesentiam
3541 4457 3823 4530 corporis.

2164 4541 2266 4598 Vel
2298 4543 2611 4599 annuntiat
2639 4543 2883 4600 verbum
2915 4560 3089 4602 suum
3123 4561 3226 4617 per
3255 4545 3548 4619 apostolos
3575 4549 3634 4602 et
3676 4544 3825 4604 alios

2165 4632 2577 4703 praedicatores
2609 4649 2622 4689 :
2657 4638 2715 4689 et
2736 4634 3009 4707 justitias
3039 4639 3099 4692 et
3120 4635 3347 4707 judicia
3394 4652 3504 4694 sua
3544 4636 3727 4693 Jacob
3764 4641 3825 4692 et

2165 4721 2366 4789 Israel,
2399 4722 2455 4777 id
2489 4726 2599 4791 est,
2634 4722 2753 4779 illis
2785 4724 2887 4796 qui
2918 4724 3142 4781 faciunt
3169 4741 3233 4782 se
3262 4725 3486 4782 similes
3520 4726 3725 4796 Jacob,
3760 4725 3817 4781 id

2163 4814 2253 4867 est
2282 4810 2601 4869 luctatores
2634 4829 2647 4869 :
2681 4817 2739 4870 et
2770 4813 2969 4884 Israel,
3001 4814 3059 4870 id
3107 4819 3197 4873 est
3242 4813 3381 4886 illis,
3414 4814 3512 4888 qui
3564 4820 3707 4872 sunt
3733 4814 3816 4871 vi-

2161 4900 2367 4957 dentes
2394 4901 2604 4958 Deum.

2232 4990 2362 5046 Haec
2419 4990 2556 5046 fecit
2610 4991 2810 5048 Jacob.
2841 5013 2864 5044 α
2899 4992 3025 5049 Non
3053 5011 3081 5045 ι»
3111 4997 3308 5049 autem
3356 5008 3379 5042 ι
3429 4992 3566 5049 fecit
3622 4988 3831 5048 taliter'

2160 5079 2320 5135 omni
2345 5079 2586 5153 nationi,
2620 5104 2648 5133 ››
2682 5081 2906 5138 scilicet
2938 5103 2967 5133 «
2989 5082 3219 5154 judicia
3249 5099 3359 5139 sua
3389 5098 3506 5140 non
3538 5081 3813 5139 manifes-

2160 5169 2305 5225 tavit
2334 5170 2439 5225 eis.
2476 5193 2505 5220 »

2586 5295 2659 5353 IN
2700 5296 3051 5356 PSALMUM
3090 5297 3376 5357 CXLVIII.

2372 5414 2627 5471 Trruws
2664 5430 2677 5472 :
2701 5414 2941 5472 Alleluia
2972 5416 3181 5490 Aggm’
3207 5424 3259 5474 et
3284 5415 3615 5472 Zachariae”

2227 5554 2254 5582 ‹‹
2282 5531 2541 5587 Laudate
2564 5530 2881 5587 Dominum
2904 5532 2976 5588 de
2997 5530 3180 5588 caelis.
3203 5554 3232 5583 ››
3261 5531 3362 5588 Hie
3392 5531 3604 5587 iterum
3632 5527 3811 5584 habet

2154 5620 2441 5693 Propheta
2470 5621 2782 5677 materiam
2811 5621 3047 5678 laudem
3070 5622 3194 5678 Dei.
3228 5620 3436 5677 Modus
3470 5637 3482 5677 :
3517 5622 3581 5675 In
3618 5618 3812 5692 prima

2146 5714 2313 5783 parte
2344 5714 2542 5766 monet
2569 5708 2835 5767 caelestes
2864 5716 3163 5769 creaturas
3194 5712 3267 5769 ad
3311 5710 3547 5766 Iaudem
3588 5707 3713 5764 Dei.
3746 5707 3806 5763 In

2150 5801 2429 5874 secunda,
2462 5817 2590 5871 quae
2621 5799 2829 5875 incipit
2856 5818 2870 5859 ι
2903 5824 2930 5854 ‹‹
2957 5801 3215 5861 Laudate
3254 5800 3542 5872 Dominus
3581 5797 3653 5854 de
3686 5801 3806 5853 ter-
