3942 6376
154 442 265 508 689

1328 447 1825 510 EXPLANATIO
1869 451 1946 510 IN
1992 451 2370 513 PSALMOS.

3437 459 3554 524 690

157 593 233 648 ra,
254 596 282 627 ιο
304 575 575 632 admonet
601 577 908 634 terrestres
941 579 1209 633 creatura
1233 577 1305 633 ad
1337 576 1572 635 laudem
1603 578 1791 651 ipsius
1817 580 1874 650 Α
1904 581 2150 651 minum,
2184 599 2287 655 per
2316 600 2484 656 quos,
2519 589 2585 642 ut
2612 585 2900 657 videmus,
2936 586 3091 645 Deus
3137 586 3310 661 punit
3352 589 3553 649 hostes

155 665 394 737 Dei,quze
411 663 539 720 laus
570 663 631 720 in
662 663 778 721 alia
805 665 923 721 vita
953 665 1184 737 plenius
1216 670 1273 722 et
1302 668 1615 738 perfectius
1647 670 1783 726 fiet:

156 760 206 810 et
230 770 423 811 omnes
440 754 510 809 ad
527 752 765 810 laudem
784 754 1025 810 invitare
1042 760 1129 811 est
1148 773 1256 811 sua
1270 755 1745 827 intentio,dicens
1767 774 1781 814 :

214 843 322 899 Vos
350 846 647 912 creaturae,
680 864 709 893 «
739 843 812 899 de
841 843 1026 915 cmlis,
1064 866 1090 893 ››
1123 844 1181 899 id
1215 848 1305 899 est
1334 844 1599 902 ccclestes
1630 863 1785 903 crea-

154 937 302 1000 turae,
334 954 362 983 α
392 931 628 988 laudate
676 932 994 988 Dominum
1028 950 1041 987 :
1082 956 1101 983 ι
1138 937 1196 988 et
1225 950 1341 988 non
1393 939 1625 991 tantum
1681 954 1783 993 vos

152 1022 454 1089 inferiores,
486 1020 589 1077 sed
621 1020 798 1076 etiam
826 1038 930 1076 vos
977 1022 1077 1094 qui
1127 1023 1270 1077 estis
1306 1046 1327 1072 ι
1364 1024 1422 1077 in
1455 1024 1721 1097 excelsis,
1752 1049 1779 1075 ››

152 1112 202 1167 id
230 1114 313 1168 est
339 1109 643 1166 cherubim
672 1114 731 1165 et
750 1110 1073 1183 seraphim,
1096 1133 1123 1159 ‹‹
1150 1109 1384 1166 laudate
1407 1128 1540 1167 eum
1572 1130 1582 1167 :
1614 1136 1640 1161 »
1664 1132 1777 1170 non

153 1201 267 1257 ideo
292 1199 499 1255 invitat
529 1198 771 1273 angelos
800 1200 873 1256 ad
922 1198 1155 1255 laudem
1206 1200 1326 1267 Dei,
1358 1205 1426 1255 ut
1465 1201 1779 1273 aliquando

150 1294 379 1359 cessent,
411 1287 501 1344 vel
533 1305 602 1343 eo
633 1292 910 1344 monente
939 1288 1128 1361 magis
1159 1288 1421 1355 laudent,
1446 1292 1544 1345 sed
1578 1292 1662 1347 sic
1684 1294 1781 1347 ad-

150 1378 438 1443 monendo,
471 1377 731 1433 ostendit
759 1378 1031 1433 aﬂ‘ectum
1066 1394 1240 1433 suum
1274 1378 1498 1435 scilicet
1528 1382 1683 1452 quod
1708 1381 1780 1435 si-

148 1469 197 1523 bi
220 1471 374 1542 grata
399 1470 492 1524 est
518 1466 651 1523 laus
679 1482 904 1522 eorum.

210 1581 235 1607 α
266 1557 518 1613 Laudato
548 1571 705 1625 eum,
736 1571 939 1611 omnes
969 1555 1158 1628 angeli
1207 1557 1357 1628 ejus,
1394 1580 1419 1604 ιι
1455 1558 1510 1611 id
1542 1562 1652 1627 est,
1676 1577 1776 1615 vos

147 1662 278 1719 quos
303 1646 427 1719 ipse
454 1644 641 1701 mittit
669 1645 742 1700 ad
773 1644 1123 1718 legationem
1157 1663 1327 1701 suam
1352 1646 1410 1701 in
1444 1648 1732 1703 mundum
1759 1666 1773 1704 :

141 1740 191 1791 et
214 1752 309 1792 vos
341 1757 362 1785 ι
395 1751 605 1791 omnes
632 1734 881 1790 virtutes
910 1735 1061 1806 ejus,
1099 1757 1127 1784 ››
1158 1734 1403 1805 scilicet,
1434 1736 1535 1808 qui
1583 1737 1775 1793 nuntii

142 1841 242 1881 non
270 1825 427 1892 estis,
465 1845 497 1875 α
528 1823 764 1880 laudate
789 1839 946 1880 eum.
979 1845 1009 1873 υ

201 1935 228 1965 u
257 1915 512 1970 Laudato
540 1928 699 1981 eum,
734 1911 819 1968 sol
852 1916 908 1968 et
940 1912 1102 1981 luna,
1135 1912 1371 1969 laudate
1401 1930 1535 1969 eum
1567 1931 1772 1971 omnes

137 2002 316 2071 stella,
339 2007 396 2059 et
418 2026 447 2052 »
471 2001 617 2074 quid
650 2017 754 2073 per
783 2002 1064 2075 singula?
1094 2002 1435 2058 universum
1459 2026 1485 2052 ‹‹
1514 2003 1711 2059 lumen
1738 2027 1765 2053 ››

134 2090 313 2149 laudet
327 2108 487 2148 eum.
512 2090 571 2146 Si
596 2089 683 2146 sol
714 2089 946 2146 dicatur
974 2091 1190 2146 habere
1220 2090 1581 2162 spiritum,et
1601 2092 1762 2161 luna,

133 2184 181 2235 et
205 2184 410 2236 caetera
442 2178 648 2245 stellas,
681 2194 783 2251 per
811 2193 876 2236 se
906 2184 1160 2251 possunt
1186 2180 1369 2234 Deum
1402 2179 1677 2236 laudare:
1714 2181 1763 2236 si

132 2284 251 2337 non,
281 2268 422 2325 bene
453 2272 513 2323 te
544 2267 811 2333 laudant,
844 2268 984 2339 quia
1024 2271 1165 2323 sunt
1214 2268 1463 2324 materia
1494 2287 1674 2340 quare
1708 2274 1764 2325 te

130 2355 435 2415 laudamus.
470 2357 598 2412 Non
630 2356 769 2429 quia
797 2356 1042 2412 virtutes
1072 2356 1248 2412 unius
1285 2361 1443 2426 sunt,
1478 2362 1535 2413 et
1563 2362 1761 2414 tamen

132 2447 460 2519 quandoque
516 2462 620 2518 pro
677 2444 912 2501 omibus
964 2449 1285 2518 ponuntur,
1334 2449 1399 2501 ut
1446 2446 1543 2501 hic
1577 2464 1589 2501 :
1625 2447 1762 2519 quia

133 2533 347 2608 longum
374 2539 470 2593 est
502 2534 617 2591 sibi
647 2550 852 2591 omnes
880 2551 1245 2591 enumerare.

193 2647 218 2672 ‹‹
246 2625 500 2681 Laudate
521 2639 656 2679 eum
679 2623 805 2680 cmli
831 2624 1135 2690 ccelorum,
1158 2647 1185 2673 ››
1209 2629 1447 2697 propter
1467 2624 1575 2681 hoc
1597 2626 1758 2697 dicit,

133 2714 266 2784 quod
294 2714 514 2770 multos
546 2711 852 2785 intelligit;
887 2735 915 2761 ‹‹
949 2717 1007 2768 et
1037 2729 1200 2784 aqua:
1232 2730 1381 2785 quas,
1415 2737 1443 2763 ››
1475 2713 1533 2768 in
1566 2714 1646 2769 rei
1671 2731 1761 2770 ve-

132 2800 297 2869 ritate,
333 2823 360 2853 u
390 2804 538 2861 sunt
564 2817 742 2871 super
770 2801 966 2865 cmlos,
996 2823 1023 2851 »
1049 2802 1207 2856 unde
1237 2801 1408 2857 nobis
1439 2802 1644 2874 pluviae
1668 2804 1760 2857 de-

130 2891 392 2947 scendunt
420 2906 530 2964 per
558 2894 881 2945 cataractas
914 2890 1062 2957 cmli,
1089 2912 1117 2939 ‹‹
1149 2889 1391 2945 laudent
1410 2908 1623 2946 nomen
1647 2891 1758 2946 Do-

131 2977 276 3047 mini,
309 3001 335 3029 »
371 2980 431 3035 id
463 2982 556 3035 est
586 2977 831 3033 materia
861 2978 1029 3033 nobis
1069 2977 1190 3033 sint
1236 2978 1515 3034 laudandi
1548 2980 1754 3048 Deum,

129 3070 473 3126 attendentes
505 3068 659 3124 inter
686 3072 894 3124 caetera
925 3068 1079 3140 quod
1111 3085 1244 3124 cum
1276 3068 1386 3124 illae
1417 3086 1602 3141 aqum,
1628 3085 1756 3140 quae

127 3157 280 3228 spissi
304 3156 566 3230 corporis
597 3160 754 3225 sunt,
778 3160 1088 3213 teneantur
1107 3157 1495 3214 subtilissime
1518 3174 1757 3230 corpore

126 3244 255 3315 cmli,
276 3247 440 3303 valde
471 3245 676 3302 mirari
707 3250 1121 3318 possumus,et
1140 3264 1175 3303 a
1196 3246 1368 3303 laude
1398 3247 1498 3302 Dei
1527 3264 1756 3304 cessare

126 3350 225 3390 non
251 3336 555 3392 debemus.

183 3423 304 3481 Ideo
352 3425 607 3493 laudate,
649 3445 675 3478 α
705 3425 846 3497 quia
891 3425 1016 3497 ipse
1064 3424 1227 3491 dixit,
1262 3448 1289 3476 ››
1325 3426 1382 3480 id
1415 3428 1503 3481 est
1544 3424 1746 3493 voluit,

123 3534 148 3561 «
175 3516 226 3569 et
252 3515 401 3570 facta
430 3517 576 3570 sunt
604 3536 626 3563 ι
662 3513 880 3582 omnia,
898 3514 955 3569 id
987 3518 1076 3569 est
1108 3514 1379 3571 ordinata
1408 3515 1478 3569 de
1508 3531 1751 3586 compo-

121 3598 310 3659 sitione
338 3607 596 3677 quatuor
622 3602 1044 3659 elementorum
1069 3621 1082 3658 :
1107 3607 1165 3659 et
1193 3604 1372 3659 etiam
1402 3603 1593 3675 ipsam
1626 3620 1749 3658 ma-

122 3690 307 3747 teriam
338 3692 509 3759 feoit;
540 3695 600 3747 et
628 3690 736 3747 hoc
767 3694 857 3747 est
889 3706 902 3745 :
937 3713 966 3740 «
1000 3691 1126 3763 ipse
1165 3691 1484 3762 mandavit,
1516 3712 1545 3741 η
1572 3690 1630 3745 id
1662 3696 1753 3747 est

122 3777 349 3838 ﬁrmiter
376 3779 610 3848 statuit,
645 3803 673 3831 «
708 3784 766 3835 et
795 3783 989 3835 creata
1018 3784 1159 3835 sunt
1193 3803 1220 3829 ››
1250 3779 1428 3835 etiam
1479 3779 1608 3851 ipsa
1637 3780 1751 3835 ele-

122 3872 317 3937 menta,
344 3870 505 3925 unde
533 3872 736 3940 postea
765 3872 973 3924 caetera
1001 3868 1312 3924 ordinavit.
1347 3868 1411 3923 In
1442 3868 1552 3925 hoc
1580 3885 1752 3925 versu

121 3952 249 4012 bene
277 3957 357 4013 ait
382 3962 593 4014 contra
617 3956 752 4013 illos
785 3958 885 4029 qui
923 3957 1129 4013 dicunt
1168 3958 1458 4013 mundum
1508 3957 1625 4013 Deo
1655 3974 1751 4013 co-

119 4046 405 4101 aeternum.

179 4132 304 4205 Ipsa
330 4133 624 4190 elementa
654 4134 808 4190 inter
853 4139 1062 4190 cetera
1111 4134 1421 4204 ordinavit,
1453 4137 1656 4205 postea
1685 4149 1755 4189 ea

116 4236 229 4292 qua:
252 4222 407 4293 fecit,
433 4245 462 4272 «
487 4222 696 4278 statuit
716 4239 785 4279 ea
806 4244 833 4273 »
859 4239 1247 4295 permansura
1268 4246 1293 4271 ‹‹
1318 4222 1379 4277 in
1402 4220 1750 4289 saeculum,»

116 4306 167 4363 id
194 4314 279 4366 est
306 4328 409 4384 per
434 4315 628 4367 totum
659 4316 896 4384 tempus
925 4312 1231 4384 praesentis
1261 4310 1411 4379 vitae,
1436 4332 1463 4359 ‹‹
1488 4313 1546 4364 et
1566 4309 1626 4364 in
1648 4326 1752 4364 saa-

115 4397 299 4455 culum
333 4422 361 4450 η
394 4400 837 4457 subsecutivum
861 4400 1044 4472 hujus
1080 4423 1100 4449 ι
1128 4398 1347 4456 saeculi.
1371 4418 1398 4450 υ
1427 4398 1573 4454 Cum
1597 4398 1754 4453 dica-

116 4487 205 4541 tur
223 4488 283 4543 in
303 4487 616 4561 Evangelia
634 4505 647 4544 :
666 4512 696 4539 ‹‹
710 4488 932 4545 Caelum
946 4493 1004 4545 et
1024 4493 1179 4545 terra
1199 4487 1535 4544 transibunt
1549 4486 1755 4557 (Matth.

115 4576 280 4647 n1v,)
315 4599 337 4627 ι
372 4580 431 4632 et
457 4577 554 4632 hic
584 4577 859 4634 dicantur
887 4593 1251 4650 permanere,
1265 4595 1380 4633 non
1403 4580 1599 4632 tamen
1621 4579 1761 4631 sunt

119 4665 418 4732 contraria,
454 4664 591 4737 quia
638 4683 754 4724 non
803 4666 1083 4722 dicuntur
1126 4665 1377 4722 transire
1434 4665 1758 4722 secundum

121 4752 527 4821 substantiam,
562 4754 664 4810 sed
695 4771 800 4827 per
846 4754 1003 4811 solas
1049 4753 1469 4827 qualitates,et
1517 4753 1634 4809 illis
1682 4753 1764 4809 ita

122 4842 350 4896 statutis
388 4863 409 4890 ι
444 4847 799 4919 praeceptum
859 4843 1076 4916 posuit,
1109 4846 1167 4898 et
1213 4859 1328 4897 non
1386 4841 1705 4914 praeteribit
1737 4864 1765 4889 n

121 4934 468 5002 praeceptum
515 4929 684 5002 illud,
720 4931 861 5002 quia
907 4932 1061 4987 sicut
1112 4928 1424 5003 disposuit,
1458 4928 1542 4985 sic
1573 4930 1767 4986 adhuc

122 5021 481 5084 permanent.

187 5126 215 5152 «
248 5104 508 5161 Laudato
539 5107 878 5163 Dominum.
910 5130 938 5157 »
972 5109 1112 5164 Pars
1145 5107 1420 5164 secunda.
1446 5106 1767 5175 Vos,ecele-

122 5194 254 5260 stes,
286 5194 373 5249 sic
404 5192 658 5265 laudate,
692 5201 752 5253 et
788 5196 965 5253 etiam
1013 5214 1116 5253 vos
1148 5220 1176 5247 «
1206 5197 1278 5251 de
1325 5200 1499 5264 terra,
1538 5219 1564 5246 ››
1594 5196 1653 5252 id
1679 5200 1769 5253 est

122 5282 356 5338 terrenae
378 5289 678 5354 creaturas,
694 5308 723 5337 «
748 5285 982 5343 laudate
1008 5285 1384 5341 Dominum.»
1407 5284 1582 5358 Eligit
1600 5302 1769 5357 quas-

124 5368 252 5424 dam
283 5387 471 5429 nonos
498 5376 695 5443 (Forte,
724 5375 948 5448 noxias)
970 5373 1355 5443 creaturas,in
1379 5374 1596 5447 quibus
1617 5374 1774 5431 videt

125 5457 336 5515 multos
366 5460 637 5537 homines
666 5480 944 5521 accusare
975 5463 1247 5531 Deum,et
1276 5462 1567 5534 injustam
1596 5480 1773 5535 repu-

124 5548 264 5616 tare,
293 5552 353 5604 et
382 5552 654 5622 proponit
684 5552 853 5610 nobis
886 5554 1027 5625 quia
1057 5552 1104 5608 si
1151 5552 1285 5623 quis
1331 5551 1775 5623 dispositionem

129 5632 225 5690 Dei
257 5643 592 5709 cognoscat,
613 5639 673 5695 in
703 5641 788 5697 eis
809 5658 947 5697 eum
974 5639 1247 5712 intelligit
1266 5638 1488 5695 sicutin
1504 5639 1633 5694 aliis
1650 5658 1777 5695 esse

128 5719 525 5783 laudandum:
546 5717 604 5786 et
632 5730 769 5786 inde
799 5731 963 5800 dicit,
991 5753 1018 5781 ‹‹
1041 5731 1347 5799 dracones,
1368 5753 1395 5779 »
1413 5729 1647 5785 laudate
1667 5729 1778 5787 D0-

1899 687 2036 725 suos
2067 686 2133 725 ex
2168 671 2414 726 meritis.
2448 672 2549 727 Vel
2581 676 2907 730 secundum
2938 676 3393 747 Augustinum,«
3418 679 3553 735 dra-

1895 775 2123 823 cones,»
2141 758 2200 814 id
2222 765 2309 816 est
2331 760 2458 816 vita:
2480 761 2589 818 illa:
2614 764 3251 837 subterranem,quibus
3266 766 3551 824 dracones

1893 845 2192 916 incedunt,
2244 854 2301 904 et
2360 850 2613 906 maxime
2664 853 2721 907 in
2776 853 2989 925 quibus
3046 858 3135 909 est
3182 871 3354 925 aqua,
3408 857 3551 929 quia

1892 934 2071 1007 igneae
2092 941 2313 992 naturae
2336 943 2495 1009 sunt,
2514 945 2571 994 et
2589 939 2667 995 ibi
2688 942 3033 1012 refrigerant
3053 943 3321 998 ardorem
3345 960 3543 1001 suum.

1891 1046 1919 1073 «
1954 1026 2022 1080 Et
2052 1043 2255 1081 omnes
2287 1028 2541 1099 abyssi,»
2575 1029 2632 1084 id
2665 1035 2753 1085 est
2784 1031 3213 1101 profunditates
3246 1032 3447 1100 maris,
3483 1035 3541 1091 in

1889 1114 2107 1184 quibus
2137 1115 2291 1170 Deus
2325 1118 2493 1187 punit
2524 1118 2815 1186 inimicos,
2848 1120 3080 1174 laudate
3111 1120 3447 1192 Dominum,
3482 1122 3539 1178 id

1888 1206 1997 1268 est,
2014 1204 2261 1274 prmbete
2286 1205 2455 1259 nobis
2478 1208 2783 1262 materiam
2806 1207 3019 1275 laudis,
3037 1212 3145 1262 etc.
3163 1209 3230 1262 Et
3251 1208 3538 1281 quidquid

1889 1291 1966 1347 sit
1994 1290 2052 1345 in
2080 1292 2189 1347 hac
2219 1292 2353 1359 vita,
2389 1294 2522 1349 licet
2553 1295 2772 1367 injuste
2819 1297 3083 1351 videatur
3112 1314 3240 1352 esse
3272 1299 3443 1365 facta,
3478 1300 3537 1356 in

1888 1378 2004 1435 alia
2031 1381 2294 1451 quidem,
2317 1384 2552 1453 quando
2584 1401 3006 1454 cognoscemus
3027 1403 3143 1456 quo
3175 1386 3417 1442 consilio
3438 1388 3539 1445 Dei

1887 1468 2008 1523 sint
2039 1470 2209 1538 facta,
2243 1476 2417 1527 erunt
2448 1472 2615 1527 nobis
2646 1474 2889 1529 materia
2920 1474 3135 1529 laudis.

1957 1582 1984 1606 ‹‹
2021 1558 2179 1630 Ignis
2214 1584 2240 1609 ››
2272 1561 2535 1629 etiam,id
2561 1568 2651 1617 est
2682 1563 3012 1619 combustio
3034 1564 3177 1619 solis
3200 1564 3540 1634 maxima,et

1887 1668 1913 1695 α
1946 1649 2193 1718 grando,
2220 1670 2247 1698 ››
2279 1666 2405 1720 qua:
2437 1652 2745 1707 contundit
2774 1656 3018 1723 segetes,
3045 1657 3099 1707 et
3122 1652 3325 1709 multis
3346 1655 3536 1711 modis

1885 1740 2073 1801 nocet,
2108 1759 2134 1785 ‹‹
2166 1736 2262 1791 nix
2296 1760 2321 1787 »
2349 1738 2546 1806 etiam,
2580 1743 2639 1794 et
2686 1761 2713 1789 ‹‹
2747 1739 2988 1811 glacies,
3020 1740 3263 1812 spiritus
3310 1743 3533 1813 procel-

1882 1822 2095 1892 larum,
2132 1847 2159 1873 »
2192 1825 2248 1880 id
2281 1830 2371 1880 est
2401 1842 2652 1897 magnus
2682 1832 2988 1883 ventorum
3022 1829 3301 1900 impetus,
3326 1830 3427 1900 qui
3450 1831 3532 1885 di-

1883 1913 2095 1984 mergit
2124 1929 2299 1969 naves
2329 1913 2388 1969 in
2421 1915 2593 1983 mari,
2624 1919 2682 1970 et
2710 1915 2966 1971 vindicat
3000 1917 3184 1972 Deum
3217 1917 3288 1971 de
3315 1922 3527 1974 nauta-

1878 2017 2009 2055 rum
2042 2001 2369 2073 iniquitate,
2394 2003 2688 2074 przebeant
2711 2004 2879 2058 nobis
2904 2004 3211 2060 materiam
3242 2004 3525 2062 laudandi

1874 2089 2059 2145 Deum
2085 2105 2097 2144 :
2133 2091 2399 2162 quamvis
2431 2091 2550 2146 hmo
2580 2093 2777 2147 omnia
2797 2093 3107 2148 videantur
3129 2094 3328 2149 stultis
3354 2112 3387 2149 a
3408 2096 3524 2151 Deo

1873 2177 2092 2248 injuste
2124 2180 2293 2249 facta,
2328 2183 2522 2234 tamen
2557 2181 2771 2236 debent
2802 2181 2971 2237 nobis
3002 2182 3061 2236 in
3110 2182 3218 2237 hoc
3270 2184 3525 2253 prmbore

1872 2267 2178 2322 materiam
2208 2268 2485 2322 laudandi
2520 2292 2545 2319 ‹‹
2572 2287 2700 2341 qum
2734 2271 2953 2324 faciunt
2980 2272 3224 2325 verbum
3255 2272 3439 2342 ejus,»
3464 2272 3520 2327 id

1871 2359 1980 2424 est,
2014 2373 2116 2426 per
2146 2356 2345 2411 omnia
2375 2356 2635 2412 serviunt
2663 2358 2950 2412 voluntati
2981 2360 3109 2429 ejus
3150 2359 3271 2413 Dei.

1945 2465 1973 2494 ‹‹
1997 2445 2223 2500 Montes
2240 2450 2294 2500 et
2310 2463 2513 2501 omnes
2532 2446 2728 2514 collos,
2744 2446 2905 2518 ligna
2922 2447 3220 2502 fructifera
3243 2451 3302 2502 et
3320 2465 3524 2505 omnes

1870 2532 2048 2600 cedri,
2078 2553 2106 2583 »
2140 2534 2436 2605 praebeant
2467 2534 2637 2589 nobis
2669 2536 2974 2590 materiam
3006 2535 3219 2591 laudis.

1942 2645 1969 2671 ‹‹
2001 2621 2259 2690 Bestiae,»
2288 2622 2344 2677 id
2369 2627 2458 2679 est
2489 2623 2684 2679 leones
2705 2627 2761 2679 et
2786 2624 2991 2691 ursi,ot
3012 2628 3215 2679 caztora
3240 2624 3525 2682 indomita

1868 2708 2167 2778 animalia,
2202 2710 2426 2766 scilicet
2457 2711 2723 2766 crudeles
2755 2712 2975 2779 bestia},
2996 2733 3022 2761 α
3044 2717 3101 2767 et
3132 2713 3403 2769 universa
3422 2733 3520 2785 pe-

1867 2815 2021 2865 cora,
2054 2820 2083 2849 »
2120 2802 2185 2853 ut
2214 2799 2388 2855 boves
2417 2803 2473 2854 et
2504 2804 2711 2854 caetera
2740 2799 3276 2866 animalia,domita
3299 2801 3522 2857 scilicet
3596 2816 3601 2820 ‘

1865 2887 2160 2957 przebeant
2190 2886 2423 2942 laudem
2453 2886 2570 2942 Deo
2611 2904 2713 2958 per
2758 2886 3100 2941 rationalem
3150 2892 3514 2958 creaturam;

1866 2998 1892 3025 ‹‹
1928 2978 2229 3045 serpentes
2259 2979 2315 3030 et
2343 2974 2608 3030 volucres
2640 2979 2923 3047 pennata).
2952 2997 2979 3023 ››
3012 2975 3361 3046 Supradicta
3391 2994 3514 3032 om-

1863 3063 1962 3119 nia
1991 3064 2062 3118 ad
2094 3062 2353 3119 litteram
2382 3062 2698 3133 intellecta,
2722 3063 2831 3119 hoc
2853 3064 3050 3131 modo,
3071 3068 3136 3118 ut
3154 3064 3378 3120 dictum
3402 3070 3512 3133 est,

1864 3151 2105 3208 laudent
2133 3153 2338 3217 Deum,
2370 3150 2594 3208 scilicet
2621 3152 2774 3223 quod
2803 3153 3096 3224 przeboant
3127 3153 3297 3208 nobis
3328 3159 3512 3210 mate-

1862 3242 1981 3297 rias
2010 3240 2290 3297 laudandi
2320 3241 2527 3297 Deum.
2563 3241 2817 3297 Possunt
2864 3240 3041 3296 etiam
3089 3241 3398 3315 allegorice
3428 3243 3514 3299 sic

1781 3319 1825 3387 C
1864 3330 2098 3386 discuti.
2131 3331 2237 3387 Per
2266 3332 2549 3387 dracones
2581 3348 2835 3404 namque
2866 3335 2923 3386 et
2952 3332 3290 3404 abyssos,et
3309 3337 3516 3389 caetera

1860 3419 2156 3492 prmdicta,
2191 3420 2601 3492 significantur
2632 3419 2770 3475 mali
2803 3422 3131 3476 secundum
3162 3421 3395 3478 diversa
3423 3439 3516 3495 ge-

1862 3525 2006 3564 nera
2036 3507 2326 3563 malorum
2378 3526 2505 3580 qua)
2550 3514 2693 3565 sunt
2741 3509 2801 3563 in
2850 3509 2954 3565 eis.
2991 3510 3304 3577 Dracones,
3338 3511 3396 3567 id
3427 3517 3519 3567 est

1860 3596 2253 3653 crudelissimi
2286 3597 2590 3666 homines;
2626 3598 2843 3670 abyssi,
2868 3598 2924 3653 id
2950 3603 3039 3654 est
3066 3599 3516 3671 profundissimi

1860 3685 1920 3741 in
1950 3686 2141 3755 vitiis;
2174 3686 2349 3759 ignis,
2380 3686 2439 3742 id
2471 3692 2561 3743 est
2589 3687 2694 3758 illi,
2727 3688 2826 3758 qui
2860 3688 2919 3741 in
2954 3688 3160 3744 ardore
3203 3689 3516 3761 concupis—

1861 3775 2187 3832 centiarum
2219 3780 2393 3843 sunt;
2425 3777 2672 3849 grando,
2700 3776 2757 3830 id
2781 3775 2986 3846 est,illi
3012 3777 3111 3847 qui
3145 3778 3519 3832 contundunt

1862 3869 2100 3921 sanctos
2128 3864 2253 3920 suis
2285 3863 2797 3931 tribulationibus;
2834 3862 2950 3930 nix,
2986 3863 3043 3916 id
3090 3867 3178 3917 est
3224 3862 3422 3934 frigidi
3451 3862 3513 3918 in

1860 3951 2147 4024 peccatis;
2179 3950 2414 4023 glacies,
2441 3952 2498 4007 id
2521 3955 2611 4007 est
2640 3950 2927 4021 congelati
2960 3949 3173 4021 frigore
3206 3949 3513 4006 infidelita-

1862 4040 1972 4109 tis;
2006 4039 2251 4110 spiritus
2281 4037 2691 4110 procellarum,
2725 4038 2784 4092 id
2815 4041 2904 4092 est
2931 4036 3199 4092 homines
3230 4037 3511 4094 facientes

1861 4126 2168 4202 procellas,
2198 4127 2258 4182 id
2289 4131 2381 4184 est
2408 4125 2840 4198 persecutiones
2869 4125 2929 4180 in
2959 4128 3216 4192 sanctos,
3251 4125 3510 4198 fuganda

1862 4219 1935 4273 de
1965 4217 2089 4272 loco
2121 4216 2192 4271 ad
2225 4214 2458 4271 locum:
2493 4215 2594 4287 qui
2627 4231 2834 4270 omnes
2865 4214 3088 4269 faciunt
3110 4214 3354 4269 verbum
3388 4215 3513 4287 Dei,

1864 4321 1999 4363 cum
2029 4304 2279 4361 redeunt
2308 4305 2380 4360 ad
2413 4304 2588 4359 ﬁdem
2621 4306 2678 4360 et
2708 4303 2779 4359 ad
2811 4302 2998 4375 legem
3028 4302 3151 4359 Dei.
3173 4302 3421 4370 Montes,
3455 4302 3516 4358 id

1864 4399 1955 4452 est
1982 4393 2253 4466 superbi;
2288 4396 2347 4449 et
2376 4392 2574 4460 colles,
2608 4392 2668 4447 id
2699 4395 2789 4449 est
2818 4392 3019 4448 minus
3051 4391 3323 4464 superbi;
3356 4391 3523 4464 ligna

1867 4482 2185 4548 fructifera,
2209 4483 2267 4537 id
2299 4486 2388 4537 est
2416 4481 2673 4537 fructum
2698 4482 2985 4538 bonorum
3012 4497 3256 4551 operum
3280 4480 3523 4536 redden-

1866 4576 1986 4640 tes;
2021 4571 2197 4639 cedri,
2232 4570 2289 4626 id
2322 4574 2411 4626 est
2438 4569 2676 4626 odorem
2710 4568 3109 4642 spiritualium
3140 4568 3428 4624 virtutum
3461 4568 3523 4623 in

1870 4678 1933 4717 se
1958 4659 2277 4727 habentes;
2311 4658 2531 4727 bestiae,
2565 4658 2623 4715 id
2651 4663 2739 4714 est
2769 4657 3083 4728 silvestres,
3103 4656 3328 4715 scilicet
3349 4657 3525 4713 rudes

1871 4755 1929 4807 et
1958 4748 2250 4821 imperiti;
2284 4752 2341 4803 et
2371 4764 2600 4819 peoora,
2637 4748 2693 4802 id
2727 4752 2817 4803 est
2858 4747 3151 4803 mansueti
3199 4749 3522 4817 serpentes,

1874 4839 1934 4895 id
1964 4843 2054 4895 est
2082 4837 2350 4893 venenati
2400 4837 2691 4905 homines,
2720 4840 2787 4891 ut
2832 4835 3114 4904 hmretioi,
3149 4839 3207 4890 et
3236 4833 3523 4903 volucres,

1874 4928 1932 4983 id
1964 4932 2054 4983 est
2082 4926 2545 4999 phi1030plii,qui
2579 4926 2798 4983 habent
2828 4942 3073 4997 pennas,
3094 4924 3153 4979 id
3183 4927 3272 4980 est
3300 4922 3528 4996 sapien—

1875 5017 1989 5074 tias
2010 5016 2374 5071 diversorum
2395 5014 2704 5086 librorum,
2722 5032 2826 5086 per
2841 5032 2989 5087 quas
3012 5013 3289 5070 dicuntur
3309 5011 3522 5082 volare,

1874 5106 1933 5161 id
1964 5110 2054 5162 est
2082 5103 2521 5160 excellentiores
2543 5103 2677 5161 aliis
2696 5120 2826 5160 esse
2851 5122 2864 5160 :
2889 5103 2986 5159 isti
3008 5120 3213 5159 omnes
3233 5100 3370 5158 mali
3394 5117 3527 5157 con-

1872 5194 2024 5251 versi
2055 5193 2299 5250 laudant
2329 5193 2666 5263 Dominum,
2691 5193 2748 5247 id
2772 5198 2863 5249 est
2893 5194 2964 5248 de
2994 5192 3087 5248 his
3118 5191 3394 5249 omnibus
3418 5189 3530 5246 ele-

1877 5283 1964 5357 git
1992 5283 2105 5339 sibi
2138 5282 2419 5339 Dominus
2439 5282 2668 5354 aliquos
2690 5281 2791 5353 qui
2814 5282 2874 5336 in
2897 5282 3093 5338 futura
3112 5280 3230 5337 vita
3250 5279 3310 5335 in
3334 5278 3530 5350 quiete

1880 5371 2145 5428 collocati
2178 5372 2507 5427 laudabunt
2536 5371 2874 5427 Dominum.

1953 5485 1980 5511 «
2016 5463 2201 5533 Reges
2230 5466 2394 5516 terra:
2425 5464 2482 5516 et
2511 5477 2715 5515 omnes
2746 5459 2968 5531 populi,
3003 5481 3030 5507 ››
3058 5457 3210 5513 sicut
3237 5456 3533 5529 consules,

1886 5575 1914 5601 ‹‹
1949 5550 2242 5622 principes
2274 5552 2331 5603 et
2362 5564 2565 5603 omnes
2587 5548 2822 5619 judicos
2854 5552 3040 5603 terrm.
3080 5569 3107 5596 ι)

1960 5662 1985 5689 ‹‹
2020 5639 2272 5695 Juvenes
2296 5639 2352 5691 et
2374 5634 2654 5707 virgines,
2681 5658 2706 5683 ››
2730 5635 2789 5690 id
2822 5635 3137 5692 estdiversi
3159 5652 3362 5704 sexus;
3390 5658 3416 5685 ‹‹
3445 5653 3534 5692 se-

1890 5746 1993 5785 nes
2010 5744 2144 5784 eum
2159 5724 2555 5798 junioribus,»
2579 5725 2635 5781 id
2655 5728 2742 5782 est
2758 5725 2996 5783 diversae
3015 5730 3270 5796 wtates,«
3296 5725 3538 5786 laudent
