3942 6448
408 474 520 539 691

814 477 1220 540 HAYMONIS
1260 475 1796 539 HALBERSTAT.
1831 474 2073 538 EPISC.
2107 475 2278 537 OPP.
2310 477 2541 538 PAItS.
2575 478 2622 538 Ι.
2655 511 2733 521 -—
2763 478 3171 540 COMMENT.
3213 479 3415 540 BIBL.

3701 483 3812 546 692

409 624 622 668 nomen
676 602 928 681 Domini,
975 609 1115 683 quia
1171 607 1488 666 exaltatum
1535 612 1624 665 est
1669 625 1883 666 nomen
1930 609 2060 682 ejus
2087 605 2436 678 Actorum;
2474 631 2496 659 ιι
2533 627 2717 682 spem,
2769 627 2905 666 cum
2964 609 3107 666 dicit
3139 627 3152 666 :
3186 635 3214 661 «
3249 612 3500 670 Lmtetur
3547 614 3755 686 Israel;
3787 641 3813 668 η

410 697 615 766 solius,
653 721 680 746 ››
708 696 862 754 sicut
885 697 969 754 ait
995 697 1310 770 Apostolus
1343 715 1356 752 :
1395 720 1422 748 ‹‹
1452 698 1696 754 Donavit
1727 698 1811 754 illi
1845 716 2056 754 nomen

410 787 563 860 quod
593 790 684 842 est
712 803 890 860 super
919 803 1092 842 omne
1123 804 1336 844 nomen
1367 789 1538 856 (Phil.
1573 791 1662 858 ιι.)
1696 812 1722 837 ››

479 875 625 944 Quid
655 891 758 948 per
784 875 1061 949 singula?
1095 899 1123 927 «
1154 877 1450 934 Confessio
1481 879 1630 951 ejus,
1662 901 1691 928 »
1729 879 1846 950 Dei,
1880 879 1938 935 id
1971 884 2062 936 est

407 963 536 1020 laus
568 963 764 1020 debita
791 963 904 1038 ipsi
937 966 1074 1035 Deo,
1111 971 1202 1022 est
1223 989 1252 1017 «
1277 983 1448 1039 saper
1473 967 1684 1023 cmlum
1706 972 1762 1023 et
1782 973 2058 1040 terram,»

405 1052 546 1125 quia
573 1068 682 1109 nec
717 1053 1004 1121 caelestes,
1038 1070 1144 1110 nec
1190 1061 1432 1112 terrenae
1481 1061 1761 1112 creaturae
1812 1063 2064 1130 possunt

405 1156 540 1198 eum
571 1141 934 1199 sufﬁcienter
953 1143 1214 1200 laudare.
1240 1168 1268 1195 «
1296 1146 1368 1200 Et
1393 1169 1420 1194 ››
1446 1145 1542 1201 ille
1564 1147 1718 1202 Deus
1743 1167 1764 1195 α
1788 1147 2063 1202 exaltavit

405 1247 586 1287 cornu
618 1230 820 1304 populi
851 1232 966 1302 sui,
994 1256 1022 1283 ››
1043 1233 1103 1288 id
1126 1238 1216 1290 est
1245 1233 1616 1290 altitudinem
1643 1252 1656 1290 :
1681 1236 1822 1307 quia
1840 1236 1976 1292 licet
2002 1237 2061 1291 in

404 1318 516 1376 hac
545 1319 666 1377 vita
693 1320 1067 1378 altitudinem
1116 1323 1379 1394 aliquam
1429 1323 1662 1390 habeat,
1695 1328 1892 1381 tamen
1932 1327 2062 1398 ipsa

407 1409 658 1465 altitudo
679 1427 784 1484 per
802 1409 1022 1467 multas
1054 1412 1435 1468 adversitates
1465 1414 1850 1486 deprimitur:
1875 1417 1976 1471 sed
2001 1415 2059 1472 in

407 1497 525 1555 alia
549 1497 670 1554 vita
693 1499 778 1556 ita
805 1499 1058 1556 exaltata
1087 1502 1218 1568 erit,
1239 1503 1394 1574 quod
1418 1502 1580 1558 nulla
1601 1503 1945 1559 adversitate
1967 1522 2063 1576 po-

405 1587 543 1643 terit
571 1588 844 1660 deprimi.
867 1591 939 1646 Et
972 1612 1000 1641 «
1031 1589 1308 1646 omnibus
1340 1592 1560 1648 sanctis
1591 1593 1742 1664 ejus,
1766 1615 1792 1641 »
1810 1593 1894 1649 sic
1914 1594 2063 1650 exal-

405 1676 567 1744 tatis,
598 1681 690 1733 est
719 1701 746 1728 «
781 1678 1060 1751 hymnus,
1096 1701 1124 1728 »
1154 1678 1212 1734 id
1245 1683 1335 1735 est
1365 1679 1496 1735 laus
1528 1697 1661 1735 cum
1694 1680 2059 1754 cantico,qui

403 1763 532 1828 sine
561 1765 1000 1823 intermissione
1019 1767 1266 1824 laudant
1285 1769 1600 1824 Dominum
1627 1786 1640 1824 :
1666 1771 1886 1826 sanctis
1907 1770 2060 1840 dico,

403 1851 627 1909 scilicet
649 1877 678 1904 «
705 1853 843 1911 ﬁliis
875 1855 1050 1912 Israel
1079 1873 1092 1912 :
1117 1878 1145 1906 ››
1175 1860 1233 1910 et
1254 1873 1369 1911 non
1394 1857 1523 1913 dico
1547 1859 1882 1914 carnalibus
1900 1859 2058 1928 ﬁliis,

2169 697 2538 769 charitatem,
2573 715 2706 754 cum
2740 699 2884 755 dicit
2917 718 2939 755 :.
2969 723 2996 750 ‹‹
3031 701 3298 756 Laudent
3340 719 3554 760 nomen
3603 705 3729 776 ejus
3760 707 3814 762 in

2169 787 2365 843 choro.
2405 810 2427 839 ι

2241 877 2647 932 Continuatio:
2674 878 2810 932 Ideo
2842 877 3100 949 psallite,
3131 883 3268 948 etc.,
3307 901 3328 930 α
3361 881 3502 953 quia
3547 882 3819 956 benepla-

2170 963 2350 1020 citum
2384 969 2474 1020 est
2502 965 2770 1033 Domino,
2799 989 2827 1016 ››
2858 968 2917 1022 in
2949 967 3310 1026 habitatione
3339 970 3503 1037 illa,c
3531 973 3590 1028 in
3611 974 3820 1047 populo

2171 1071 2298 1118 suo,
2317 1076 2342 1100 η
2358 1054 2498 1124 quia
2518 1053 2665 1109 nihil
2689 1054 2910 1110 invenit
2931 1055 2990 1110 in
3013 1073 3079 1112 eo
3101 1058 3257 1114 unde
3283 1059 3642 1129 oﬂ‘endatur;
3667 1086 3694 1112 ι(
3721 1067 3776 1118 et
3795 1087 3820 1113 η

2171 1147 2408 1214 prOpter
2437 1141 2548 1198 hoc
2577 1143 2776 1212 etiam,
2810 1143 3086 1216 psallant,
3121 1147 3262 1218 quia
3291 1170 3320 1198 «
3353 1147 3633 1206 exaltabit
3664 1168 3824 1207 man-

2171 1235 2370 1286 suetos
2400 1231 2457 1286 in
2491 1231 2740 1288 salutem
2767 1257 2794 1281 ››
2827 1237 3127 1290 aeternam.

2242 1343 2269 1368 «
2307 1320 2716 1376 Exsultabunt.
2750 1345 2778 1373 ››
2835 1322 2976 1379 Pars
3024 1325 3302 1381 secunda.
3339 1325 3479 1382 Item
3517 1349 3538 1377 αι
3573 1330 3756 1384 sancti
3793 1353 3819 1378 υ

2171 1407 2252 1463 illi
2279 1409 2363 1464 sic
2392 1408 2628 1464 cxaltati
2660 1433 2685 1459 ‹‹
2717 1409 3098 1468 exsultabant
3128 1414 3187 1469 in
3233 1414 3422 1486 gloria
3455 1437 3477 1464 ι
3511 1421 3570 1472 et
3603 1440 3624 1466 ι
3656 1416 3820 1474 laeta-

2171 1497 2394 1551 buntur
2427 1521 2448 1549 ι
2489 1515 2602 1552 non
2648 1499 2915 1555 exteriori
2967 1518 3198 1574 canore,
3227 1504 3328 1560 sed
3362 1526 3383 1554 α
3421 1505 3478 1559 in
3527 1505 3820 1564 cubilibus

2171 1586 2316 1654 suis,
2353 1609 2380 1636 »
2416 1587 2472 1642 id
2504 1590 2594 1642 est
2625 1587 2683 1642 in
2716 1589 3115 1646 conscientiis.

2241 1676 2310 1729 Et
2341 1692 2455 1729 non
2487 1679 2719 1730 tantum
2763 1676 3012 1734 interius
3061 1679 3459 1750 exsultabant,
3493 1683 3593 1740 sed
3642 1685 3820 1740 etiam

2172 1763 2448 1832 exterius,
2477 1767 2532 1818 et
2563 1765 2671 1819 hoc
2705 1765 2847 1821 dicit
2879 1784 2891 1823 :
2929 1790 2956 1817 «
2990 1767 3407 1826 exsultationes
3439 1771 3556 1842 Dei,
3585 1794 3612 1822 »
3643 1772 3702 1828 id
3734 1779 3823 1829 est

2169 1849 2376 1906 laudes
2407 1851 2508 1906 Dei
2541 1869 2675 1908 cum
2707 1854 3096 1912 exsultatione
3129 1857 3312 1926 facta),
3347 1863 3518 1914 erunt
3551 1881 3571 1908 α
3607 1860 3668 1916 in
3698 1865 3825 1935 gut-

402 1941 504 1996 sed
541 1963 570 1992 «
609 1944 827 2015 populo
872 1943 1368 2016 appropinquanti
1418 1946 1552 2014 sibi,
1591 1969 1618 1996 »
1651 1947 1766 2003 Deo
1815 1947 2057 2017 scilicet,
2091 1977 2140 2041 B
2173 1944 2299 2041 ίιξζο
2325 1957 2548 2041 οονυῐξξ,
2583 1963 2604 1990 ³³
2641 1941 2696 1996 id
2726 1947 2821 2041 ,εει
2845 1943 2905 1998 in
2937 1961 3177 2041 00PP9P6
3220 1950 3279 2002 Bt
3311 1963 3427 2014 0P0,
3458 1970 3486 1998 α
3520 1951 3577 2006 οἱ
3607 1949 3665 2005 in
3699 1967 3822 2007 ma-

399 2029 640 2086 facienti
667 2048 730 2088 se
763 2031 1018 2089 similem
1051 2031 1163 2105 ipsi
1194 2033 1330 2090 Deo.

858 2191 932 2247 IN
973 2192 1322 2249 PSALMUM
1371 2193 1602 2249 CXLIX.

931 2335 1187 2390 'l‘rruws
1221 2351 1234 2389 :
1268 2334 1526 2391 Alleluia.

467 2478 715 2535 Cantate
734 2475 982 2533 Domino
1005 2477 1299 2532 canticum
1323 2494 1592 2534 novum.»
1611 2479 1714 2535 Hic
1736 2485 1823 2536 est
1846 2480 2055 2536 iterum

395 2567 652 2625 materia
679 2566 812 2622 laus
827 2565 951 2622 Dei.
972 2566 1036 2621 In
1054 2565 1246 2638 prima
1265 2571 1432 2639 parte
1457 2572 1657 2624 monet
1681 2575 1916 2626 sanctos
1928 2571 2055 2640 jam

395 2657 459 2713 in
490 2659 710 2712 zetorna
738 2653 934 2728 quiete
963 2654 1300 2711 habitantes
1342 2655 1582 2712 laudare
1631 2657 1838 2713 Deum.
1872 2658 1935 2714 In
1966 2676 2055 2714 se-

393 2745 613 2814 cunda,
648 2759 776 2818 qua;
801 2741 1046 2817 incipit:
1083 2766 1112 2795 «
1142 2744 1538 2803 Exsultabunt
1567 2746 1823 2816 sancti,»
1849 2747 2062 2803 descri-

393 2834 487 2890 bit
515 2830 802 2906 gaudium
833 2832 891 2889 et
919 2833 1238 2905 potestates
1264 2849 1414 2906 quas
1451 2832 1566 2907 ipsi
1612 2835 1800 2891 sancti
1850 2834 1910 2890 in
1943 2835 2058 2893 alia

395 2923 520 2980 vita
538 2923 878 2980 habebunt:
905 2925 963 2980 et
981 2922 1190 2979 invitat
1211 2941 1317 2979 nos
1339 2926 1410 2979 ad
1434 2923 1787 2992 laudem,sic
1811 2926 2014 2983 dicens
2037 2944 2050 2982 :

389 3013 512 3069 Vos
543 3010 742 3080 Israel,
766 3011 895 3084 jam
925 3011 1192 3068 videntes
1212 3012 1398 3068 Deum
1420 3012 1480 3068 in
1503 3011 1605 3068 illa
1624 3018 1840 3070 aeterna
1860 3015 2057 3072 llieru-

392 3101 603 3172 salem,
636 3123 666 3151 ‹‹
699 3103 931 3157 cantate
965 3125 992 3151 ››
1025 3100 1111 3156 illi
1149 3121 1176 3154 α
1200 3101 1446 3158 Domino
1472 3124 1498 3151 ››
1521 3103 1592 3159 de
1613 3103 1905 3160 creatione
1924 3103 2052 3160 cmli

391 3194 452 3247 et
482 3194 670 3256 terrae,
701 3191 836 3258 etc.,
875 3210 902 3241 (ι
933 3189 1230 3246 canticum
1277 3207 1514 3260 novum,
1551 3214 1579 3242 »
1611 3191 1833 3248 scilicet
1863 3193 1932 3248 de
1965 3211 2052 3248 re-

392 3279 697 3354 paratione
726 3293 904 3350 quam
931 3277 1068 3334 fecit
1098 3278 1256 3334 Deus
1287 3295 1390 3350 per
1426 3279 1889 3337 incarnationem
1923 3281 2051 3337 Filii

2172 2029 2368 2096 nibus,
2406 2053 2446 2078 »-
2478 2029 2535 2085 id
2587 2035 2675 2085 est
2725 2031 2784 2086 in
2834 2033 3222 2104 potestatibus
3277 2057 3298 2084 ι
3333 2053 3556 2092 eorum.
3591 2061 3614 2090 ι
3651 2043 3826 2095 erunt

2173 2141 2201 2167 ‹‹
2236 2117 2414 2190 gladii
2455 2119 2762 2192 ancipites,
2795 2143 2823 2171 ››
2856 2120 2915 2176 id
2960 2127 3048 2178 est
3093 2123 3338 2179 verbum
3388 2125 3510 2194 Dei,
3544 2143 3660 2198 quo
3708 2127 3824 2201 ipsi

2169 2207 2450 2275 incident,
2481 2211 2540 2264 et
2587 2210 2946 2282 separabunt
2995 2211 3180 2268 bonos
3210 2229 3245 2268 a
3275 2212 3448 2270 malis
3482 2214 3686 2287 (Matth.
3719 2234 3823 2273 xm

2167 2304 2219 2352 et
2252 2299 2382 2364 xxv)
2417 2315 2430 2352 :
2469 2297 2569 2368 qui
2618 2297 2796 2371 gladii
2845 2303 2986 2354 sunt
3031 2300 3335 2372 ancipites,
3386 2301 3525 2374 quia
3573 2307 3827 2376 utraque

2169 2389 2328 2456 parte
2359 2386 2647 2456 incidunt,
2670 2387 2858 2444 Veteri
2887 2388 3110 2444 scilicet
3130 2393 3188 2444 et
3211 2390 3368 2446 Novo
3401 2393 3777 2450 Testamento
3810 2411 3825 2448 :

2163 2475 2250 2530 vel
2284 2477 2422 2548 quia
2453 2476 2510 2530 in
2543 2476 2653 2532 hac
2684 2477 2800 2532 vita
2819 2481 3090 2548 separant
3113 2477 3255 2533 vitia
3273 2483 3331 2534 et
3349 2497 3384 2535 a
3404 2497 3646 2554 corpore
3667 2483 3826 2538 etab

2166 2564 2382 2620 anima.
2423 2587 2450 2618 α
2479 2565 2664 2621 Gladii
2700 2589 2728 2615 ››
2759 2565 3066 2637 pluraliter
3085 2565 3246 2633 dicit,
3267 2567 3408 2638 quia
3427 2567 3675 2642 singulae
3695 2588 3830 2644 per-

2166 2671 2321 2708 sona:
2354 2659 2594 2709 utentur
2622 2654 2816 2727 gladio
2845 2653 2964 2710 illo.

2235 2745 2318 2798 Ad
2345 2743 2486 2815 quid
2513 2747 2688 2799 erunt
2713 2743 2892 2817 gladii
2912 2743 2972 2798 in
2995 2743 3306 2801 manibus?
3333 2767 3354 2794 ι
3379 2745 3464 2801 Ad
3486 2745 3822 2803 faciendam

2163 2831 2483 2888 vindictam
2513 2831 2574 2888 in
2603 2831 2966 2904 nationibus,
2998 2855 3024 2882 »ι
3047 2832 3104 2888 id
3136 2837 3224 2889 est
3253 2833 3314 2888 in
3344 2833 3464 2891 illis
3494 2834 3595 2908 qui
3625 2835 3822 2909 legem

2165 2937 2280 2977 non
2307 2921 2644 2977 habuerunt
2675 2939 2688 2976 :
2723 2925 2781 2977 et
2811 2921 2882 2976 ad
2915 2921 3212 2978 faciendas
3249 2941 3270 2971 σ
3304 2921 3732 2995 increpationes
3754 2925 3820 2980 in

2166 3009 2420 3082 populis,
2453 3030 2480 3062 η
2517 3010 2615 3082 qui
2651 3009 2804 3066 male
2835 3009 2926 3066 usi
2957 3014 3116 3066 sunt.

2235 3098 2304 3152 Et
2337 3120 2358 3146 α
2396 3098 2465 3152 ad
2490 3095 2820 3170 alligandos
2843 3113 3006 3170 reges
3027 3114 3250 3165 eorum,
3270 3121 3297 3147 »
3320 3099 3723 3170 populorum,«
3753 3103 3815 3157 in

2165 3185 2566 3258 compedibus,
2601 3209 2624 3238 ι
2661 3185 2720 3241 id
2752 3190 2843 3241 est
2871 3186 2928 3240 in
2962 3186 3193 3242 aeternis
3240 3186 3446 3258 pomis,
3481 3205 3548 3243 ex
3595 3188 3817 3260 quibus

2166 3274 2328 3330 nullo
2359 3275 2530 3330 modo
2563 3279 2837 3347 poterunt
2859 3291 2920 3330 se
2949 3275 3242 3331 exsolvere
3275 3292 3289 3330 :
3329 3297 3352 3326 ι
3389 3280 3445 3332 et
3469 3277 3694 3333 nobiles
3714 3295 3815 3333 eo-

393 3342 488 3426 sui
522 3384 536 3422 :
569 3381 677 3422 nec
707 3342 914 3422 moneo
945 3382 1152 3422 omnes
1182 3367 1255 3422 ad
1284 3366 1518 3423 laudern
1541 3368 1690 3439 ejus,
1717 3369 1858 3440 quia
1880 3393 1907 3419 «
1933 3387 2050 3426 non
2082 3342 2126 3409 ί]
2165 3380 2318 3434 rum,
2358 3387 2379 3414 1
2415 3363 2473 3418 id
2504 3367 2594 3418 est
2624 3363 2938 3419 nobiliores
2969 3364 3040 3418 de
3085 3365 3383 3432 omnibus,
3415 3386 3436 3416 ι
3473 3365 3531 3420 in
3563 3365 3817 3424 manicis

395 3460 488 3512 est
533 3453 800 3526 speciosa
840 3452 974 3509 laus
1024 3453 1083 3509 in
1132 3471 1230 3510 ore
1279 3455 1600 3527 peccatoris
1649 3457 1840 3526 (Eccli.
1872 3460 1990 3526 xv,)
2023 3480 2050 3507 ››

398 3542 502 3598 sed
553 3541 618 3595 fit
664 3539 856 3596 «laus
913 3541 1042 3612 ejus
1091 3541 1150 3596 in
1201 3541 1479 3611 Ecclesia,
1513 3565 1541 3593 υ
1593 3544 1652 3599 in
1712 3544 2052 3603 collectione

393 3652 422 3679 ‹‹
459 3631 820 3685 sanctorum.
857 3649 884 3677 »ι
931 3629 1058 3684 Non
1110 3633 1341 3685 tantum
1393 3647 1603 3687 monea
1651 3637 1906 3700 cantare,
1949 3637 2050 3692 sed

392 3717 573 3774 etiam
603 3735 625 3764 ι
644 3716 876 3772 Ιωιθιιπ
896 3716 1132 3784 Israel,»
1149 3717 1204 3772 id
1220 3721 1308 3773 est
1329 3719 1759 3790 perfectiores,«
1777 3721 1837 3776 in
1860 3739 1925 3778 eo
1949 3725 2047 3796 qui

389 3807 529 3864 fecit
559 3821 694 3862 eum
729 3827 756 3854 »
789 3805 929 3879 quia
949 3807 1077 3878 jam
1105 3822 1170 3862 eo
1200 3811 1484 3878 praesente
1513 3808 1760 3878 fruitur;
1799 3832 1822 3860 α
1859 3815 1916 3866 et
1947 3812 2048 3868 ﬁlii

387 3896 550 3962 Sion,
589 3919 616 3944 ››
648 3894 706 3950 id
739 3898 828 3950 est
859 3894 1306 3968 fragiliores,illi
1327 3899 1384 3950 et
1403 3895 1680 3965 minores,
1705 3920 1733 3948 ‹‹
1757 3899 2050 3958 exsultent

383 3984 445 4042 in
477 4000 612 4058 rege
643 3998 772 4052 suo,
810 4005 838 4033 »
871 4000 1049 4056 quem
1081 3987 1430 4057 praesentem
1466 3985 1685 4042 habent
1705 3991 1762 4043 et
1785 4005 1900 4060 quo
1923 3991 2048 4046 reﬁ-

383 4073 640 4131 ciuntur.
661 4071 766 4128 Vel
795 4093 818 4124 ι
847 4071 977 4128 ﬁliae
1011 4094 1038 4123 »
1072 4073 1216 4129 dicit
1237 4076 1303 4128 ut
1323 4077 1642 4146 utrumque
1663 4093 1863 4132 sexum
1889 4095 2045 4134 com-

381 4162 743 4236 prehendat:
764 4164 967 4218 contra
987 4160 1122 4218 illos
1143 4161 1244 4234 qui
1269 4162 1474 4218 dicunt
1493 4163 1812 4220 femineum
1837 4183 2040 4224 sexum

383 4268 500 4308 non
532 4264 661 4308 esse
691 4250 1086 4323 redemptum.

448 4333 481 4390 ’κ
513 4339 784 4396 Laudent
812 4361 834 4388 υ
871 4339 1048 4395 etiam
1085 4361 1108 4388 α
1133 4356 1347 4396 nomen
1369 4341 1499 4412 ejus
1517 4340 1577 4396 in
1600 4340 1796 4410 choro,
1820 4365 1847 4392 ››
1868 4343 1928 4398 id
1951 4349 2041 4400 est

379 4429 442 4485 in
473 4427 806 4496 concordia,
839 4431 898 4484 et
929 4449 958 4478 ‹‹
989 4427 1246 4500 psallant
1275 4429 1328 4484 ei
1371 4429 1431 4484 in
1479 4434 1758 4503 tympano
1789 4435 1847 4487 et
1876 4433 2038 4504 psal-

378 4517 549 4590 terio,
572 4538 600 4566 »
618 4532 732 4571 non
760 4516 900 4588 quia
920 4515 980 4572 in
1003 4533 1260 4589 superna
1279 4517 1471 4589 patria
1501 4517 1594 4574 his
1624 4518 2038 4578 instrumentis

379 4609 642 4674 utantur,
664 4605 765 4662 sed
787 4605 1131 4679 gaudebunt
1153 4607 1224 4662 de
1245 4607 1716 4664 remuneratione
1737 4627 1811 4681 qu
1821 4627 1914 4665 am
1935 4611 2038 4667 ha-

377 4693 604 4750 bebunt
633 4693 704 4750 de
734 4710 824 4762 eo,
857 4694 1013 4766 quod
1045 4694 1142 4750 hic
1174 4695 1413 4750 fuerunt
1443 4698 1790 4768 tympanum
1813 4702 1870 4752 et
1891 4698 2041 4771 psal-
2071 4711 2117 4776 Ι)

374 4781 1084 4854 terium.Perpsalterium
1103 4782 1517 4856 intelliguntur
1532 4783 1615 4840 illi
1630 4785 1726 4857 qui
1744 4786 2034 4859 spirituali

373 4869 711 4944 operatione
739 4869 857 4926 Deo
888 4871 1171 4935 serviunt,
1205 4872 1360 4927 sicut
1389 4873 1902 4944 contemplatores.
1929 4876 2037 4931 Per

371 4959 908 5030 tympanum,quod
932 4959 998 5014 ﬁt
1022 4975 1124 5030 per
1153 4959 1377 5015 corium
1411 4960 1624 5016 mortui
1651 4963 2034 5031 animalis,in-

368 5047 615 5118 telligun
625 5050 721 5101 tur
737 5046 820 5101 illi
838 5047 940 5119 qui
959 5047 1186 5120 scipsos
1204 5049 1379 5104 morti
1399 5050 1754 5123 traduntpro
1771 5052 2032 5108 veritatis

368 5134 732 5202 testimonio,
765 5134 919 5191 sicut
949 5135 1137 5192 sane—ti
1169 5138 1634 5210 martyres.Nota
1655 5138 1792 5210 quia
1815 5140 2031 5196 chorus

367 5227 456 5281 est
485 5221 783 5278 variarum
803 5241 1011 5280 vocum
1035 5223 1272 5296 placens
1295 5227 1625 5298 concordia,
1641 5244 1768 5298 qum
1793 5245 2028 5284 concor-

369 5312 526 5368 diam
543 5310 852 5367 charitatis
867 5312 1182 5384 signiﬁcat,
1199 5311 1254 5366 in
1271 5314 1732 5385 qualaudandus
1747 5320 1834 5370 est
1856 5321 2028 5384 Deus,

371 5405 436 5456 ut
467 5402 553 5457 ait
583 5401 901 5470 Apostolus
935 5419 953 5456 :
977 5425 1004 5450 ‹‹
1031 5401 1242 5456 Omnia
1267 5407 1458 5458 vestra
1487 5404 1544 5458 in
1577 5403 1861 5459 charitate
1889 5407 2033 5461 ﬁant

367 5485 415 5556 (Ι
441 5490 563 5546 Cor.
597 5489 742 5557 xv1.)
777 5511 803 5537 »
835 5487 940 5543 Vel
973 5488 1189 5543 chorus
1221 5494 1310 5546 est
1341 5492 1634 5547 musicum
1665 5491 2030 5548 instrumen-

365 5577 515 5644 tum,
551 5574 724 5644 cujus
754 5576 986 5632 chorda:
1018 5592 1322 5647 compares
1352 5597 1542 5648 voces,
1574 5598 1677 5634 nec
1730 5580 2030 5635 discordes

366 5665 623 5718 reddunt
657 5675 669 5712 :
703 5666 760 5716 et
791 5679 1114 5736 possumus
1145 5663 1234 5719 hic
1270 5671 1467 5723 notare
1517 5668 1869 5740 principales
1907 5670 2027 5723 vir-

365 5747 545 5811 tutes,
580 5745 758 5810 idem,
793 5767 929 5805 cum
985 5748 1124 5802 dicit
1161 5767 1171 5802 :
1213 5775 1232 5798 α
1272 5755 1426 5810 Laus
1478 5757 1534 5810 in
1586 5755 1845 5811 Ecclesia
1895 5773 2028 5811 san-

2161 3451 2386 3518 ferreis,
2415 3475 2436 3501 ιι
2473 3453 2612 3524 quia
2640 3453 2960 3524 punientur
2989 3453 3265 3509 manibus
3289 3470 3489 3510 eorum
3511 3454 3728 3526 quibus
3753 3455 3816 3510 in

2162 3541 2430 3613 prmsenti
2462 3541 2582 3596 vita
2612 3541 2834 3596 malum
2865 3545 2922 3596 et
2949 3540 3198 3612 injurias
3230 3541 3574 3598 intulerunt.

2232 3628 2376 3694 Quid
2413 3627 2646 3701 singula
2673 3645 3011 3684 enumerem
3031 3629 3058 3684 ‘I
3088 3629 3174 3684 Ad
3207 3629 3316 3684 hoc
3346 3629 3606 3703 gladium
3637 3631 3818 3688 habe-

2161 3717 2309 3771 bunt
2339 3717 2396 3770 in
2427 3717 2706 3772 manibus
2739 3741 2759 3765 α
2791 3722 2854 3772 ut
2875 3716 3091 3772 faciant
3115 3717 3172 3772 in
3197 3717 3302 3786 eis,
3329 3740 3350 3766 ιι
3380 3717 3613 3791 regibus
3633 3725 3690 3776 et
3714 3738 3818 3794 po-

2159 3803 2336 3876 pulis,
2365 3825 2388 3854 σ
2413 3804 2706 3876 judicium
2740 3805 3162 3878 conscriptum,
3189 3829 3216 3855 ››
3239 3807 3296 3860 id
3322 3807 3688 3878 estjudicent
3709 3827 3814 3864 eos

2159 3894 2484 3950 secundum
2516 3894 2626 3949 hoc
2657 3895 2809 3966 quod
2843 3894 2905 3948 in
2935 3894 3234 3966 prophetis
3255 3899 3312 3950 et
3331 3893 3462 3950 aliis
3483 3895 3649 3952 libris
3669 3899 3815 3952 scri-

2157 3988 2324 4054 ptum
2356 3987 2476 4051 est;
2509 3982 2685 4038 veluti
2719 3999 2852 4038 cum
2887 3983 3121 4038 dicent:
3155 4003 3178 4030 α
3201 3983 3494 4040 Discedite
3515 4001 3816 4051 ame,ma-

2153 4071 2374 4142 ledicti,
2400 4071 2460 4126 in
2505 4071 2702 4144 ignem
2755 4078 3037 4128 internum
3086 4073 3291 4141 (Matth.
3323 4076 3457 4142 xxv)
3490 4089 3503 4128 :
3541 4095 3562 4123 ι
3598 4077 3655 4130 et
3685 4075 3812 4131 haec

2154 4184 2182 4210 ‹‹
2215 4160 2404 4233 gloria
2434 4183 2461 4209 ››
2496 4177 2610 4216 non
2634 4166 2724 4216 est
2745 4165 2976 4216 tantum
3000 4160 3219 4217 sanctis
3241 4160 3520 4233 apostolis
3537 4161 3626 4217 vel
3649 4179 3814 4218 sum-

2153 4249 2267 4305 mis
2297 4249 2538 4317 sanctis,
2559 4251 2659 4304 sed
2695 4272 2722 4297 «ι
2755 4249 3030 4304 omnibus
3061 4250 3279 4326 sa‘nctis
3310 4251 3436 4320 ejus
3463 4273 3484 4301 ι
3509 4250 3808 4324 erit,quod

2151 4339 2452 4395 habebunt
2481 4339 2632 4394 hanc
2664 4343 3032 4410 potestatem,
3069 4339 3443 4394 consentiunt
3471 4338 3625 4394 enim
3657 4340 3810 4395 divi-

2151 4446 2238 4483 nae
2279 4427 2602 4493 sententiae,
2635 4431 2700 4482 ut
2743 4426 3002 4498 quotidie
3049 4428 3116 4482 ﬁt
3164 4426 3224 4482 in
3273 4431 3476 4484 sancta
3521 4427 3808 4485 Ecclesia.

2149 4516 2630 4572 Exeommunicat
2668 4515 2906 4587 quidem
2959 4515 3288 4588 episcopus,
3321 4520 3387 4571 ut
3415 4532 3480 4572 os
3509 4515 3808 4586 Ecclesiae,

2147 4605 2238 4660 cui
2273 4603 2564 4660 consentit
2593 4603 2851 4659 Ecclesia
2882 4607 3024 4673 tota,
3059 4603 3260 4660 dicens
3287 4621 3300 4660 :
3325 4605 3526 4660 Amen.

2667 4727 2739 4782 IN
2781 4727 3129 4784 PSALMUM
3169 4728 3277 4784 CL.

2682 4845 2937 4900 Trruws
2975 4861 2986 4899 :
3021 4844 3279 4899 Alleluia.

2219 4982 2239 5006 ιι
2277 4960 2530 5013 Laudato
2563 4957 2873 5014 Dominum
2909 4959 2966 5013 in
2999 4959 3238 5015 sanctis.
3269 4981 3289 5007 ι
3329 4960 3430 5014 llic
3461 4958 3675 5015 iterum
3717 4963 3807 5016 in-

2141 5048 2286 5103 vitat
2315 5049 2598 5119 Propheta
2631 5049 2700 5102 ad
2736 5048 3092 5103 cantandum
3143 5047 3400 5116 alleluia,
3435 5065 3548 5104 non
3600 5049 3806 5105 adhuc

2141 5137 2446 5192 tendentes
2474 5137 2547 5191 ad
2580 5136 2854 5208 patriam,
2889 5137 2989 5192 sed
3013 5138 3140 5208 jam
3190 5137 3411 5210 positos
3441 5137 3497 5191 in
3531 5136 3806 5193 thalamo

2141 5227 2315 5297 regis,
2339 5225 2461 5296 jam
2491 5227 2816 5295 gaudentes
2837 5227 3218 5298 nuptiis,jam
3241 5227 3634 5282 eonformatos
3657 5226 3808 5282 ima-

2141 5315 2260 5386 gini
2297 5314 2412 5380 nei,
2447 5316 2514 5368 ad
2551 5315 2706 5386 quod
2737 5315 3125 5370 admonuerat
3146 5333 3180 5370 a
3201 5313 3486 5387 principio
3517 5313 3809 5384 libri,Ma-

2139 5404 2286 5458 teria
2315 5407 2404 5458 est
2437 5403 2564 5458 laus
2595 5403 2714 5470 Dei,
2742 5404 2869 5474 jam
2903 5403 3142 5476 quidem
3176 5402 3479 5476 nuptialis.

2211 5494 2280 5548 Et
2309 5493 2566 5546 ostendit
2597 5494 2750 5548 unde
2783 5493 3034 5548 debeant
3083 5493 3323 5548 laudare
3371 5492 3714 5558 Dominum,
3749 5499 3806 5548 et

2141 5581 2455 5652 quomodo,
2489 5579 2690 5635 dicens
2720 5598 2732 5634 :
2771 5605 2796 5629 ‹‹
2835 5582 3090 5636 Laudato
3137 5581 3447 5636 Dominum
3481 5579 3536 5635 in
3571 5583 3804 5638 sanctis

2139 5671 2287 5739 ejus,
2317 5694 2336 5719 ι»
2364 5667 2420 5722 id
2447 5673 2535 5723 est
2557 5668 2612 5722 in
2637 5669 3102 5725 consideratione
3135 5674 3646 5742 sanetorum,quos
3673 5671 3803 5743 ipse

2141 5757 2596 5830 misericorditer
2619 5758 2986 5829 justiﬁcavit,
3011 5764 3067 5815 et
3090 5760 3434 5816 mirabiliter
3453 5777 3800 5817 remunera-
