3942 6438
337 428 467 520 693

710 450 1121 512 ΗΑΥΜΟΝ18
1170 444 1710 509 HALBERSTAT.
1759 439 2001 501 EPISC.

2196 447 2223 495 δ.
2271 436 2474 496 PARS
2522 434 2570 493 Ι.
2619 465 2696 476 —
2739 429 3153 491 COMMENT.
3200 428 3398 488 BIBL.

3646 429 3768 491 69G

346 591 404 646 et
434 585 730 645 alleviabit
758 598 896 639 eum
926 580 1233 645 Dominus,
1268 582 1324 635 et
1355 577 1405 633 si
1436 577 1493 632 in
1528 574 1784 649 peccatis
1815 572 2001 644 sit,di-
2030 571 2085 640 Α
2115 574 2241 626 tum
2275 582 2617 641 possumus,
2647 561 3068 619 intercessione
3119 561 3408 617 bonarum
3458 560 3771 635 cogitatio-

346 676 654 739 mittentur
672 672 719 729 ei
752 668 957 742 (Ibid.),
997 692 1023 718 ››
1056 668 1195 742 quia
1228 665 1606 739 supervacuis
1640 660 2005 735 cogitationi-

347 766 460 821 bus
492 764 563 820 ad
589 762 887 833 integrum
911 775 1105 815 carere
1130 775 1245 813 non
1276 754 1689 812 valemusllas
1722 753 1781 807 in
1815 768 2001 823 quan-

2112 676 2279 727 num,
2312 661 2367 713 et
2397 656 2649 711 maxime
2693 649 2983 724 frequenti
3035 651 3474 723 Scripturarum
3520 650 3771 706 medita-

2111 747 2270 804 tione
2292 747 2588 818 fugemus,

346 871 3773 915 _____________________——————————

1512 971 2568 1107 HAYMONIS

1534 1173 2222 1235 HALBERSTATENSIS
2259 1170 2577 1228 EPlSCOPI

874 1293 1774 1413 COMMENTARIA
1860 1288 1990 1403 IN
2078 1285 2613 1400 GANTICA
2695 1278 3239 1406 ALIQUOT

1143 1468 1380 1542 Quibus
1405 1467 1685 1530 Ecclesia
1714 1463 1977 1548 perinde
2002 1465 2201 1543 atque
2227 1457 2495 1519 Psalmis
2527 1455 2729 1518 David
2762 1454 2983 1516 utitur.
3020 1482 3025 1487 ~

1850 1574 2277 1595 ﬂ

641 1704 1015 1762 CANTICUM
1055 1702 1263 1758 ISAI.’E
1303 1700 1724 1757 ΡΗΟΡΗΕΤΛΞ.

427 1832 714 1903 Conﬁteor.
749 1829 852 1885 Hic
883 1826 1199 1884 ascribitur
1228 1824 1460 1894 titulus,
1496 1825 1802 1882 Canticum
1849 1824 2013 1881 Isaiae

354 1922 675 1996 prophetis,
710 1918 851 1992 quia
897 1916 1081 1973 Isaias
1111 1916 1171 1971 in
1204 1915 1667 1988 praecedentibus
1715 1933 1833 1971 sum
1882 1931 2014 1987 pro-

355 2010 566 2085 phetia:
597 2008 792 2064 verbis
823 2023 1026 2062 casum
1058 2005 1338 2072 hominis,
1371 2008 1429 2059 et
1458 2003 1606 2059 iram
1640 2004 1741 2060 Dei
1778 2002 2017 2075 mitiga-

356 2102 504 2168 tam,
536 2101 594 2154 et
619 2096 923 2153 hominem
974 2095 1044 2150 ad
1092 2092 1409 2165 pristinam
1460 2092 1809 2165 dignitatem
1856 2109 2017 2164 repa-

357 2192 558 2245 ratum
588 2204 689 2259 per
720 2184 934 2241 Filium
982 2182 1353 2238 incarnatum
1404 2182 1734 2254 prophetat.
1778 2181 2021 2237 Materia

359 2280 453 2333 est
510 2273 728 2332 Christi
789 2273 1098 2329 adventus.
1132 2271 1364 2339 Modus,
1398 2272 1554 2343 quod
1610 2270 1865 2326 ostendit
1892 2288 2019 2343 qua:

360 2360 523 2425 bona
570 2379 640 2418 ex
689 2362 789 2417 illo
842 2363 1095 2417 adventu
1144 2358 1487 2416 hominibus
1532 2360 1892 2433 proveniant.
1929 2360 2019 2415 In-

360 2452 551 2511 tentio
609 2454 720 2520 est,
777 2449 999 2505 hortari
1063 2449 1135 2504 ad
1178 2447 1412 2503 laudem
1471 2466 1575 2521 pro
1624 2449 2023 2505 incarnatione

367 2540 523 2601 Filii.

440 2630 565 2685 Vox
620 2628 726 2684 ﬁlii
796 2625 1200 2701 prophetantis
1250 2643 1263 2680 :
1317 2626 1617 2698 Conﬁtebor
1663 2628 1785 2695 tibi,
1835 2630 2023 2684 Domi-

364 2737 460 2788 ne,
494 2720 552 2776 id
585 2722 695 2788 est,
735 2717 987 2773 laudabo
1035 2720 1112 2785 te,
1163 2718 1422 2787 quoniam
1472 2719 1646 2773 iratus
1676 2733 1731 2773 es
1772 2719 1934 2787 mihi,
1966 2717 2025 2774 id

366 2813 481 2878 est,
516 2808 625 2865 toti
678 2808 940 2864 humano
983 2805 1204 2880 generi,
1256 2804 1429 2878 culpa
1475 2805 1755 2879 parentis,
1805 2811 1862 2863 et
1907 2825 2029 2865 con-

364 2915 558 2959 versus
587 2905 667 2956 est
704 2896 871 2973 furor
918 2904 1066 2963 tuus,
1116 2895 1173 2951 id
1226 2899 1335 2963 est,
1393 2895 1481 2951 ira
1527 2899 1629 2972 tua
1676 2896 2028 2954 dimittendo

366 2991 634 3066 peccata,
666 2988 973 3044 consolatus
1003 3003 1058 3042 es
1087 3002 1173 3042 me
1203 3002 1307 3058 spe
1339 2988 1564 3041 interna:
1598 2986 1979 3046 beatitudinis
2012 3005 2026 3044 :
2061 3026 2109 3090 Β

368 3096 490 3136 non
540 3078 669 3133 ideo
717 3077 1049 3143 conﬁtetur,
1103 3075 1256 3147 quod
1306 3074 1523 3130 iratum
1574 3074 1756 3131 fuisse
1813 3075 2030 3131 intelli-

369 3169 477 3245 git,
513 3167 615 3223 sed
647 3165 788 3239 quia
833 3166 905 3221 de
954 3164 1043 3219 ira
1096 3164 1167 3219 ad
1219 3164 1687 3220 misericordiam
1718 3181 2031 3221 conversus

372 3257 472 3314 sit.

444 3330 717 3400 Ecce'ita
762 3342 1101 3398 consolatus
1159 3358 1221 3395 es
1267 3357 1379 3411 me,
1433 3342 1587 3413 quod
1647 3344 1788 3398 Deus
1846 3342 2032 3399 iratus

374 3432 566 3511 prius.
599 3431 773 3485 modo
804 3431 995 3487 factus
1042 3446 1105 3484 es
1154 3429 1403 3485 Salvator
1447 3446 1601 3485 meus
1651 3431 1723 3485 ab
1774 3431 2033 3504 origina—

375 3522 419 3578 li
466 3523 703 3593 peccato
750 3520 1070 3585 mundans,
1122 3517 1251 3572 ideo
1301 3518 1579 3590 deinceps
1627 3537 1806 3590 agam,
1834 3519 1891 3574 id
1923 3524 2031 3590 est,

377 3608 765 3686 promovebor
792 3606 853 3661 in
882 3605 1202 3661 virtutibus
1231 3606 1583 3677 ﬁducialiter,
1618 3607 1676 3662 id
1726 3613 1834 3674 est,
1869 3626 2033 3664 secu-

375 3714 481 3757 rus
531 3713 663 3754 sum
712 3697 784 3751 de
833 3695 1091 3768 praemio,
1145 3695 1192 3749 si
1243 3694 1383 3766 quid
1434 3695 1569 3750 boni
1620 3713 1878 3767 gessero,
1926 3715 2033 3754 non

377 3786 576 3847 timebo
624 3784 948 3853 diabolum,
998 3783 1087 3839 vel
1139 3788 1446 3856 peccatum
1497 3786 1653 3856 quod
1702 3785 1927 3841 habitat
1975 3787 2034 3842 in

376 3874 612 3935 mortali
680 3890 941 3948 corpore,
1022 3873 1162 3946 quia
1226 3872 1337 3929 iste
1403 3873 1666 3930 Salvator
1721 3875 2039 3932 refrenabit

380 3970 728 4038 utrumque.

450 4055 588 4111 Ideo
620 4070 736 4109 non
768 4053 1008 4118 timebo,
1041 4053 1172 4125 quia
1215 4053 1480 4108 Dominus
1511 4053 1771 4124 fortitudo
1812 4071 1935 4110 mea
1961 4062 2042 4110 est

380 4147 585 4201 contra
612 4142 732 4211 illa,
766 4150 818 4198 et
838 4150 919 4198 est
950 4142 1067 4196 laus
1098 4157 1237 4216 mea,
1272 4140 1330 4196 id
1363 4146 1472 4209 est,
1506 4142 1680 4197 faciet
1710 4159 1804 4197 me
1833 4142 2035 4199 lauda-

378 4228 559 4289 bilem
588 4231 649 4286 in
682 4235 901 4287 aeterna
926 4229 1049 4284 vita
1070 4238 1150 4284 :et
1179 4230 1298 4284 haec
1331 4230 1530 4285 omnia
1552 4230 1679 4285 ideo
1705 4236 1844 4286 sunt
1867 4232 2037 4302 mihi,

379 4321 518 4397 quia
548 4325 776 4377 creator
804 4322 981 4391 factus
999 4327 1079 4375 est
1096 4317 1298 4374 valens
1331 4322 1608 4374 creatura:
1626 4320 1771 4375 mihi
1796 4320 1855 4376 in
1880 4324 2039 4375 aeter-

380 4428 520 4470 nam
549 4410 803 4466 salutem.

450 4496 749 4556 Hanrietis.
812 4496 1107 4553 Convertit
1163 4514 1225 4552 se
1281 4498 1354 4553 ad
1410 4496 1563 4566 illos,
1625 4498 1727 4570 qui
1800 4503 1927 4554 erat
1981 4499 2041 4555 in

381 4592 645 4662 tempore
701 4585 1124 4644 incarnationis
1188 4603 1200 4642 :
1271 4586 1439 4659 quasi
1501 4587 1658 4641 dicat
1728 4604 1739 4641 :
1804 4588 1921 4661 Ego
1980 4587 2041 4643 in

382 4677 694 4750 aenigmate
752 4675 1092 4749 prophetico
1146 4675 1357 4748 spiritu
1412 4674 1761 4731 salvandum
1813 4693 1906 4732 me
1958 4677 2040 4731 vi-

383 4765 511 4833 deo,
540 4781 645 4821 vos
676 4768 873 4822 autem
906 4769 1104 4837 aperte
1136 4764 1403 4821 haurietis
1447 4780 1619 4837 aquas
1664 4764 1941 4821 doctrina:
1986 4769 2045 4821 et

378 4854 761 4928 baptismatis
808 4856 868 4908 in
912 4853 1112 4925 gaudio
1163 4851 1476 4924 spirituali,
1541 4854 1607 4908 de
1662 4855 1925 4926 fontibus,
1983 4853 2041 4910 id

382 4947 490 5011 est,
524 4944 598 4996 de
643 4940 958 5015 multiplici
1018 4941 1383 4997 abundantia
1427 4941 1747 5009 Saluatoris,
1794 4947 1851 4998 et
1897 4943 2045 5000 alter

385 5029 555 5086 alteri
603 5029 795 5086 dicetis
835 5034 893 5084 et
937 5028 1330 5084 admonebitis
1383 5028 1529 5085 alios
1560 5031 1621 5085 in
1653 5031 1753 5085 illa
1798 5030 1906 5104 die,
1954 5032 2042 5087 in-

387 5118 765 5175 carnationis.
827 5117 1174 5190 Conﬁtemini
1228 5119 1474 5186 Domino,
1534 5127 1586 5174 et
1636 5120 1877 5175 invocata
1937 5137 2041 5176 no-

383 5220 511 5263 men
539 5208 677 5279 ejus,
712 5206 769 5260 id
796 5210 908 5273 est,
940 5208 1259 5278 praeparate
1291 5223 1392 5262 vos
1423 5207 1633 5280 dignos
1662 5208 1734 5263 ad
1766 5207 2040 5273 invocan-

388 5294 552 5351 dum.
2020 5290 2026 5307 ‘

453 5384 595 5440 Nota
622 5382 806 5452 facite.
842 5382 959 5437 Hoc
1008 5380 1187 5436 etiam
1237 5381 1444 5437 dicetis
1497 5397 1510 5436 :
1565 5384 1725 5440 Notas
1772 5386 1937 5457 facite
1982 5390 2044 5443 in

381 5471 607 5544 populis
637 5469 1007 5538 praedicando
1038 5468 1449 5527 adinventiones
1479 5474 1629 5544 ejus,
1654 5473 1711 5529 id
1741 5478 1829 5529 est
1856 5476 2041 5532 salva-

383 5558 700 5620 tionem,et
728 5571 960 5612 omnem
990 5556 1143 5609 viam
1169 5559 1465 5628 sapientim
1497 5567 1553 5615 et
1582 5562 2042 5636 scientiaz,q11am

382 5642 613 5699 invenit
645 5643 703 5692 et
733 5645 989 5698 ostendit
1020 5642 1292 5701 ﬁdelibus
1324 5648 1448 5704 suis
1484 5665 1496 5705 :
1532 5656 1587 5705 ct
1616 5668 1689 5705 nc
1720 5651 1906 5708 velitis
1938 5672 2044 5711 no-

374 5743 513 5785 men
546 5725 655 5781 Dei
692 5739 974 5799 usurpare
1004 5728 1307 5788 vobiscum
1338 5735 1488 5792 sicut
1538 5740 1720 5793 Adam
1754 5740 1907 5808 fecit,
1944 5745 2043 5797 sed

2040 1652 2097 1718 Α
2126 1662 2361 1720 semper
2391 1650 2706 1701 mementote
2734 1642 2998 1715 quoniam
3025 1640 3300 1697 excelsum
3322 1645 3402 1695 est
3427 1653 3621 1695 nomen
3662 1638 3777 1711 ejus

2123 1741 2181 1793 et
2205 1735 2379 1809 punit
2408 1733 2716 1806 superbos.

2198 1826 2315 1881 Hoc
2336 1823 2513 1880 etiam
2539 1820 2745 1877 dicetis
2780 1837 2793 1875 :
2829 1819 3049 1875 Cantate
3071 1817 3167 1873 isti
3188 1818 3700 1889 Domino,quoniam
3720 1814 3779 1873 in

2125 1914 2217 1970 his
2248 1914 2537 1985 magnifice
2561 1913 2691 1983 fecit
2722 1913 2779 1965 et
2808 1909 3025 1983 dignus
3065 1911 3154 1964 est
3199 1906 3374 1963 laude
3422 1922 3435 1961 :
3488 1909 3546 1961 et
3575 1904 3778 1961 dicetis

2127 2004 2354 2060 etiam:
2399 2001 2725 2057 annuntiate
2774 1999 2892 2065 hoc,
2938 1997 2999 2053 id
3049 2000 3138 2053 est
3179 1996 3331 2052 hanc
3378 1992 3777 2064 salvationem,

2129 2096 2190 2149 in
2221 2096 2479 2148 universa
2511 2098 2658 2146 terra
2688 2088 2907 2161 ubique
2938 2085 3345 2161 gentium,ista
3364 2083 3559 2141 salvus
3579 2099 3779 2141 omnes

2131 2182 2378 2255 colligit,

2202 2272 2452 2327 Exsulta.
2490 2269 2667 2336 Quasi
2689 2265 3033 2324 hominibus
3056 2266 3184 2338 jam
3215 2267 3305 2320 est
3355 2261 3782 2333 annuntianda,

2133 2362 2231 2418 sed
2267 2366 2351 2432 tu,
2384 2377 2416 2415 ο
2447 2359 2710 2414 habitatio
2740 2357 2892 2425 Sion,
2924 2354 2982 2410 id
3014 2357 3121 2423 est,
3155 2370 3187 2409 ο
3232 2369 3333 2408 vos
3384 2350 3573 2408 Judaai
3625 2350 3782 2425 prin-

2134 2449 2428 2524 cipaliter,
2497 2449 2714 2504 exsulta
2779 2454 2831 2502 et
2891 2442 3055 2500 lauda
3119 2442 3280 2511 ideo,
3358 2443 3493 2514 quia
3564 2449 3785 2497 sanctus

2133 2539 2322 2609 Israel,
2358 2539 2415 2593 id
2448 2540 2556 2607 est,
2589 2536 2686 2592 ille
2718 2535 2817 2608 qui
2851 2532 3177 2590 sanctiﬁcat
3205 2528 3401 2598 Israel,
3434 2531 3524 2585 est
3549 2546 3787 2601 magnus

2135 2630 2196 2684 in
2243 2627 2422 2684 medio
2470 2628 2554 2682 tui
2599 2626 2669 2681 de
2712 2622 2877 2680 vobis
2926 2623 3118 2688 natus,
3152 2619 3306 2676 inter
3332 2635 3435 2675 vos
3478 2634 3784 2675 conversa-

2135 2722 2253 2773 tus.

2351 2856 2724 2915 CANTICUM
2763 2853 3082 2912 EZECHl/E
3121 2851 3334 2908 REGIS
3371 2850 3571 2908 JUDA.

2210 2995 2318 3066 Ego
2347 2992 2489 3048 dixi.
2550 2990 2857 3046 Canticum
2905 2987 3065 3042 istud
3120 2990 3210 3042 est
3266 2985 3340 3041 ab
3401 2983 3580 3041 Isaias
3612 2982 3787 3056 scrip-

2142 3088 2290 3152 tum,
2325 3087 2522 3138 tamen
2555 3097 2672 3136 non
2705 3077 2940 3133 nomine
2973 3076 3101 3147 ejus
3134 3073 3490 3145 intitulatur,
3535 3073 3636 3130 sed
3687 3090 3786 3127 no-

2143 3172 2302 3228 mine
2354 3168 2634 3237 Ezechize,
2693 3166 2794 3240 qui
2846 3166 2918 3221 ab
2978 3163 3129 3221 Isaia
3170 3163 3417 3236 loquens
3476 3160 3787 3217 inducitur.

2141 3260 2419 3317 Ezechias
2472 3275 2610 3315 cum
2660 3257 2720 3312 in
2769 3253 2974 3310 multis
3021 3253 3139 3309 Dco
3191 3251 3527 3319 deserviret,
3580 3251 3638 3306 in
3684 3250 3791 3306 hoc

2144 3349 2422 3423 peccavit,
2459 3347 2614 3420 quod
2659 3344 2888 3402 excelsa
2935 3359 3051 3399 non
3103 3340 3369 3410 abstulit,
3422 3342 3576 3398 unde
3615 3358 3649 3396 a
3676 3341 3790 3398 Deo

2144 3440 2303 3513 gravi
2334 3436 2675 3494 infirmitate
2722 3450 3059 3508 percussus,
3112 3432 3183 3488 ab
3234 3430 3386 3487 Isaia
3433 3430 3645 3486 meruit
3690 3447 3792 3495 au-

2143 3529 2268 3584 dire
2319 3544 2333 3581 :
2389 3525 2638 3598 Dispone
2687 3522 2887 3579 domui
2938 3525 3074 3589 tum,
3127 3519 3271 3592 quia
3320 3517 3588 3575 morieris
3617 3523 3705 3585 tu.
3738 3523 3796 3574 et

2146 3634 2263 3673 non
2293 3616 2471 3671 vives.
2505 3613 2607 3670 Ille
2634 3630 2770 3685 ergo
2803 3610 2962 3684 gravi
2994 3607 3441 3682 compunctione
3482 3624 3793 3663 conversus

2147 3706 2219 3760 ad
2252 3705 2554 3776 parietem,
2589 3705 2831 3774 peccata
2858 3690 3106 3766 deﬂevit,
3141 3701 3198 3752 et
3227 3713 3462 3753 rursum
3493 3696 3564 3752 ab
3593 3695 3791 3752 eoiem

2148 3793 2300 3850 Isaia
2329 3791 2535 3848 audire
2573 3790 2809 3857 meruit,
2860 3788 3016 3861 quod
3067 3786 3221 3843 Deus
3252 3784 3592 3859 pmnitentia
3638 3784 3791 3841 illius

2147 3880 2435 3955 placatus,
2512 3876 2849 3951 quindecim
2917 3892 3106 3932 annos
3166 3873 3296 3933 vita:
3362 3872 3788 3947 superinduxit.

2148 3971 2463 4043 Postquam
2493 3967 2674 4040 igitur
2694 3963 2972 4023 Ezechias
3000 3965 3074 4020 de
3106 3962 3446 4020 inﬁrmitate
3483 3960 3788 4031 convaluit,

2148 4060 2256 4116 hoc
2298 4060 2414 4116 Deo
2465 4057 2763 4114 canticum
2813 4053 3109 4112 liberatori
3158 4070 3265 4110 suo
3314 4051 3545 4122 cecinit,
3573 4051 3633 4107 in
3680 4068 3791 4125 quo

2147 4154 2204 4205 et
2235 4148 2456 4216 peccati
2489 4147 2579 4204 sui
2611 4151 2668 4202 et
2699 4143 3064 4201 infirmitatis
3110 4141 3403 4210 meminit,
3429 4145 3496 4198 ut
3523 4157 3590 4198 ex
3619 4158 3791 4217 oppo-

2149 4238 2262 4293 sito
2295 4235 2694 4293 tribulationis
2726 4233 2946 4306 gratior
2998 4236 3277 4304 appareat
3322 4230 3534 4288 modus
3580 4227 3792 4289 libera-

2147 4324 2347 4382 tionis.
2398 4324 2644 4380 Materia
2689 4326 2779 4377 est
2833 4321 2959 4394 ipse
3008 4319 3282 4377 Ezechias
3344 4319 3403 4375 in
3459 4318 3795 4377 inﬁrmitate

2152 4413 2401 4486 positus,
2451 4417 2508 4468 et
2558 4412 2631 4467 ab
2681 4409 3026 4465 infirmitate
3078 4407 3383 4465 liberatus.
3436 4407 3643 4465 Modus
3688 4411 3792 4475 est,

2154 4504 2310 4576 quod
2342 4502 2601 4559 ostendit
2631 4516 2812 4573 quare
2845 4498 2906 4555 in
2946 4498 3110 4555 illam
3147 4497 3550 4555 infirmitatem
3600 4512 3795 4552 ceruc-

2151 4592 2244 4661 rit,
2278 4595 2514 4663 propter
2544 4593 2785 4663 peccata
2814 4605 2942 4656 sua,
2976 4591 3033 4644 et
3063 4585 3315 4660 qualiter
3359 4584 3418 4641 in
3462 4583 3797 4641 inﬁrmitate

2151 4698 2214 4736 se
2243 4679 2536 4747 habuerit,
2572 4677 2812 4744 scilicet,
2846 4693 3026 4749 quam
3073 4675 3326 4749 graviter
3351 4672 3705 4746 pnanituerit,
3741 4677 3799 4728 et

2152 4768 2405 4843 qualiter
2434 4784 2537 4840 per
2567 4765 2973 4839 paenitentiam
3007 4767 3252 4837 purgato
3293 4767 3547 4837 peccato,
3593 4778 3797 4819 conva-

2150 4858 2345 4914 luerit.
2381 4854 2633 4912 Intentio
2662 4857 2753 4909 est
2782 4853 3000 4909 hortari
3032 4853 3104 4908 ad
3138 4851 3559 4925 paenitentiam.
3583 4850 3795 4906 Notan-

2152 4949 2293 5003 dum
2317 4949 2423 5012 est,
2447 4944 2658 5000 Isaiam
2692 4944 2751 4998 in
2784 4942 2959 4999 verbo
2990 4941 3222 4997 Domini
3256 4940 3609 5013 loquentem,
3639 4942 3696 4995 et
3721 4938 3801 4993 vi-

2153 5037 2346 5093 cinam
2390 5039 2639 5091 mortem
2692 5032 3164 5100 annuntiantem,
3209 5030 3465 5087 Ezechias
3513 5046 3626 5085 non
3673 5045 3799 5084 esse

2154 5124 2490 5191 mentitum,
2526 5120 2917 5194 quamvisille
2948 5118 3265 5176 convaluit.
3318 5116 3598 5176 Dominus
3643 5114 3798 5172 enim

2150 5214 2261 5270 sub
2291 5211 2622 5267 conditione
2653 5209 2799 5267 solet
2822 5208 3005 5281 loqui,
3038 5207 3178 5281 quia
3198 5206 3340 5264 dicit
3368 5223 3382 5264 :
3418 5204 3694 5273 Morierit,
3717 5204 3800 5259 ni—

2150 5303 2199 5359 si
2232 5300 2642 5374 poenitueritis.
3706 5284 3723 5301 ⁸

2220 5390 2412 5445 Verba
2441 5387 2719 5459 Ezechiai,
2747 5385 3057 5444 recolentis
3089 5385 3342 5459 qualiter
3372 5385 3431 5440 in
3464 5382 3797 5439 inﬁrmitate

2156 5497 2216 5535 se
2248 5476 2520 5532 habuerit
2551 5493 2565 5531 :
2597 5478 2704 5548 Ego
2735 5477 2876 5532 dum
2910 5477 3244 5532 inﬁrmarcr
3273 5475 3414 5543 dixi,
3450 5474 3507 5529 id
3534 5476 3642 5540 est,
3664 5470 3797 5527 deli-

2154 5567 2377 5623 beravit
2409 5583 2421 5620 :
2458 5565 2659 5623 Vadam
2688 5565 2757 5619 ad
2784 5573 2968 5636 portas
3002 5567 3171 5636 inferi
3220 5567 3281 5620 in
3331 5562 3561 5618 dimidio
3589 5560 3797 5617 dierum

2153 5653 2565 5725 meorum,quia
2588 5653 2715 5708 dies
2744 5671 2907 5709 meos
2931 5670 3045 5709 non
3081 5650 3485 5709 consummavi
3509 5650 3567 5706 in
3592 5647 3797 5705 studiis

2155 5748 2443 5802 bonorum
2475 5758 2741 5815 cperum.
