3942 6364
155 428 265 490 697

1189 420 1599 482 COMMENT.
1647 421 1723 480 ΙΝ
1771 419 2103 481 CANTICA
2148 422 2513 495 ALlQUOT.

3446 424 3565 486 698

222 556 558 626 Quaasivi,et
579 554 879 629 ideo,quia
896 553 1013 610 vidi
1048 558 1283 626 propter
1311 558 1548 626 peccata
1570 570 1722 622 mea,
1744 556 1802 609 et
1833 549 1880 620 Α
1985 553 2259 612 Attenuati
2296 565 2443 613 sunt.
2472 556 2620 624 Quia
2662 556 3057 631 proponebam
3095 555 3350 615 clamare
3382 562 3439 613 et
3469 575 3569 634 ge-

158 653 284 705 ante
300 649 770 704 consummatam
787 645 969 699 vitam
994 660 1086 698 me
1108 643 1167 698 in
1191 644 1417 698 inferno
1440 644 1800 715 ponendum,

158 739 385 812 queesivi
404 754 439 792 a
462 734 709 792 Domino
740 733 1015 806 precibus
1037 737 1095 788 et
1117 732 1565 806 compunctione
1588 732 1800 801 cordis,

157 826 431 884 residuum
466 840 742 881 annorum
773 840 1021 879 meorum
1049 827 1115 877 ut
1146 821 1489 895 prolongato
1519 823 1646 876 vita:
1678 840 1807 893 spa-

159 916 254 982 tio,
286 915 439 987 quod
470 913 531 969 in
559 928 653 969 me
684 913 1094 985 imperfectum
1126 915 1272 979 erat,
1306 927 1801 966 consummarem.

220 1005 352 1062 Ideo
382 1002 619 1077 quaesivi
643 1003 818 1068 bona,
840 1004 905 1056 ut
926 1001 1286 1072 perﬁcerem,
1311 1000 1448 1072 quia
1470 1000 1515 1054 si
1544 1016 1657 1054 non
1683 1016 1805 1071 per-

159 1093 404 1158 ﬁcerem,
426 1091 575 1156 dixi,
596 1090 656 1145 id
681 1093 792 1156 est,
816 1088 1151 1155 deliberavi,
1174 1106 1281 1145 non
1305 1089 1491 1145 videbo
1513 1090 1807 1145 Dominum

159 1181 316 1238 Deum
342 1183 405 1236 in
435 1188 581 1236 terra
610 1180 931 1235 viventium.
964 1178 1235 1234 Solebam
1271 1178 1414 1233 mihi
1446 1177 1802 1249 aggratulari

159 1269 213 1325 in
244 1269 468 1325 circuiti
500 1268 685 1340 illius,
707 1268 807 1339 qui
843 1272 1148 1340 reparatus
1197 1272 1286 1323 est
1335 1267 1591 1340 quietem
1625 1285 1805 1339 quam

159 1359 331 1414 Adam
380 1357 736 1430 perdiderat,
772 1357 871 1413 sed
904 1373 1021 1411 non
1052 1356 1258 1412 videbo
1289 1357 1445 1412 ultra
1492 1356 1644 1412 inter
1675 1356 1805 1412 illos

160 1446 252 1519 qui
281 1450 421 1502 sunt
454 1450 611 1502 terra
639 1445 983 1502 viventium.

224 1535 336 1593 Non
375 1535 587 1591 videbo.
628 1534 927 1607 Expositio
976 1536 1359 1606 praecedentis
1406 1552 1630 1590 versus.
1662 1534 1807 1589 Vere

162 1642 266 1681 non
293 1624 520 1693 videbo,
553 1623 694 1696 quia
738 1640 851 1679 non
880 1624 952 1679 ad
985 1624 1238 1680 salutem
1270 1625 1418 1680 ultra
1446 1626 1732 1696 aspiciam,
1756 1623 1807 1679 si

161 1713 323 1771 modo
352 1713 594 1781 moriar,
626 1713 903 1770 hominem
932 1728 1108 1784 quem
1141 1712 1405 1785 intelligo
1436 1714 1495 1768 in
1526 1713 1806 1769 humani-

162 1805 269 1859 tate
295 1807 635 1871 venturum,
659 1810 711 1858 et
736 1819 851 1858 non
884 1801 1165 1874 aspiciam
1189 1803 1385 1875 ipsum
1414 1804 1685 1858 eumdem
1717 1803 1809 1858 ha-

1914 658 2090 711 mere,
2118 646 2246 701 ideo
2295 648 2442 702 oculi
2487 649 2616 714 mei,
2653 647 2707 702 id
2748 652 2835 703 est
2868 646 3204 704 affectiones
3251 665 3392 703 mea:
3441 658 3573 706 sunt

1912 737 2198 797 attenuati.
2224 735 2280 790 id
2314 740 2400 790 est
2430 741 2650 792 remota
2671 735 3063 792 crassitudine
3096 741 3260 791 terrae
3292 736 3572 794 clariores

1914 826 1971 876 et
1999 823 2333 879 subtiliores
2362 825 2570 892 eﬁ‘ecti,
2595 828 2650 879 et
2671 842 2774 897 per
2793 825 2901 881 hoc
2922 827 3275 897 suspicientes
3300 828 3360 881 in
3388 830 3571 883 excel-

1912 929 2033 967 sum
2066 913 2306 983 scilicet,
2330 913 2387 968 in
2414 914 2596 970 Deum
2624 914 2852 969 directi.
2878 916 3122 970 Domine.
3148 914 3311 970 Oculi
3337 916 3467 971 dico
3489 916 3573 972 di-

1915 1004 2131 1069 centes,
2156 1003 2403 1068 Domine,
2445 1006 2557 1058 vim
2590 1003 2951 1058 inﬁrmitatis
2994 1006 3175 1076 patior
3204 1021 3239 1059 a
3268 1004 3448 1060 simili
3500 1004 3570 1059 il-

1913 1088 2049 1157 lius,
2077 1091 2176 1162 qui
2209 1091 2263 1145 in
2291 1109 2469 1147 causa
2490 1091 2859 1162 deprimitur,
2884 1096 2941 1148 et
2962 1093 3307 1149 advocatum
3329 1094 3567 1165 quaerit;

1917 1178 2051 1234 inde
2084 1179 2225 1234 dicit
2250 1198 2262 1235 :
2289 1182 2388 1235 sed
2422 1185 2483 1236 tu
2526 1181 2786 1253 responde
2809 1198 2910 1254 pro
2940 1198 3046 1249 me,
3071 1182 3127 1237 id
3158 1187 3267 1251 est,
3293 1182 3374 1240 sis
3395 1183 3569 1240 advo-

1916 1272 2084 1323 catus
2114 1286 2301 1323 meus.

1990 1357 2132 1425 Quid
2172 1358 2394 1413 dicam?
2441 1357 2616 1424 Quasi
2675 1359 3001 1415 admiratus
3062 1364 3298 1433 peccata
3356 1378 3482 1431 sua,
3516 1366 3575 1418 et

1908 1446 2206 1518 justitiam
2239 1445 2419 1517 illius,
2456 1464 2631 1519 quem
2674 1446 2921 1516 invocat,
2955 1448 3100 1504 dicit
3135 1466 3147 1504 :
3184 1450 3389 1505 lnvoco
3420 1455 3476 1506 te
3508 1455 3575 1507 ut

1917 1533 2128 1590 liberes
2161 1551 2275 1606 me,
2300 1536 2401 1590 sed
2435 1537 2569 1607 quid
2596 1536 2779 1591 dicam
2813 1554 2882 1592 ex
2919 1536 3029 1593 hoc
3058 1539 3214 1610 quod
3249 1538 3450 1595 invoco
3482 1544 3570 1609 te;

1914 1631 2012 1679 aut
2042 1623 2174 1695 quid
2204 1624 2546 1696 respondebit
2569 1625 2713 1680 mihi
2754 1625 2880 1698 ipse
2919 1626 3115 1683 Deus?
3145 1629 3446 1693 Quomodo
3478 1629 3579 1684 ﬁet

1916 1711 2041 1784 ipse
2066 1717 2215 1769 Deus
2246 1713 2583 1782 advocatus,
2619 1731 2742 1769 cum
2772 1716 2886 1786 ipse
2914 1716 3108 1784 fecerit
3132 1716 3285 1772 hanc
3316 1716 3460 1771 mihi
3492 1717 3578 1773 in-

1918 1801 2260 1856 ﬁrmitatem
2304 1807 2542 1873 propter
2585 1806 2824 1875 peccata
2876 1804 3047 1858 mea?
3076 1804 3251 1869 Quasi
3302 1805 3571 1861 diceret:

164 1892 430 1949 bitatorem
461 1892 566 1965 qui
598 1891 709 1948 erit
754 1892 1037 1948 habitatio
1070 1894 1288 1965 quietis.
1314 1893 1489 1959 Quasi
1541 1893 1759 1947 diceret
1790 1909 1803 1947 :
1838 1920 1887 1986 B
1917 1890 2472 1963 Quamvisintelligo
2492 1891 2794 1959 iratum,et
2810 1908 3041 1963 pmnam
3064 1892 3407 1949 inferentem
3427 1893 3573 1949 mihi

163 1981 352 2037 Veniet
397 1982 641 2054 quidem
691 1981 763 2036 ad
812 1981 939 2037 loca
988 1982 1559 2053 inquietudinis,sed
1611 1987 1809 2038 tamen

165 2071 267 2126 erit
293 2069 594 2126 habitator
623 2068 859 2142 quietis,
893 2069 1049 2127 ultra
1080 2088 1194 2126 non
1229 2072 1506 2127 moriens.

226 2161 502 2217 Generatio
528 2176 651 2216 mea
680 2160 862 2216 ablata
892 2168 1007 2215 est:
1044 2160 1211 2232 quasi
1246 2161 1502 2216 diceret:
1530 2162 1597 2215 Et
1619 2161 1666 2215 si
1691 2176 1811 2215 mo-

166 2248 271 2305 riar
297 2249 834 2317 inconsummatus,
869 2253 934 2304 ut
977 2267 1093 2304 non
1136 2248 1432 2321 perﬁciam
1463 2250 1635 2314 bona,
1668 2253 1810 2305 tunc

165 2337 252 2393 ille
281 2338 553 2412 egregius
584 2340 654 2393 de
687 2337 907 2394 semine
938 2355 1068 2393 meo
1113 2338 1449 2393 nasciturus
1494 2339 1624 2405 erit,
1657 2357 1691 2394 a
1719 2357 1809 2394 sa-

166 2426 274 2483 lute
304 2445 432 2485 mea
462 2428 721 2485 ablatus.
746 2427 847 2483 Vel
880 2429 1178 2501 generatio
1228 2427 1458 2500 piorum
1504 2432 1560 2483 et
1602 2428 1810 2484 electo-

172 2533 292 2573 rum
324 2534 356 2572 a
386 2534 480 2577 me
512 2520 604 2573 cst
632 2515 942 2588 elongata:
970 2533 1119 2584 mea,
1146 2517 1203 2571 id
1235 2521 1345 2587 est,
1371 2516 1522 2571 inter
1542 2534 1689 2589 quos
1721 2534 1814 2572 me
1852 2583 1861 2588 _

171 2606 422 2662 futurum
473 2605 900 2673 intellexeram,
933 2613 984 2661 et
1028 2607 1308 2661 convoluta
1339 2614 1419 2661 est
1461 2622 1497 2661 a
1542 2622 1628 2661 me
1655 2608 1817 2679 quasi

174 2696 576 2751 tabernaculum
618 2703 921 2767 pastorum.
947 2695 1053 2749 Per
1083 2693 1275 2750 simile
1322 2694 1600 2767 loquitur,
1642 2696 1813 2767 quasi

171 2787 322 2840 tanta
347 2783 656 2843 velocitate
703 2787 925 2840 remota
963 2787 1052 2839 est
1079 2801 1113 2839 a
1142 2800 1235 2839 me
1285 2784 1535 2840 societas
1584 2787 1814 2839 sancto-

172 2890 313 2941 rum,
346 2874 392 2930 si
425 2874 942 2933 inconsummatus
972 2872 1209 2939 moriar,
1237 2888 1416 2944 quam
1449 2871 1560 2927 cito
1592 2872 1818 2928 convol-

175 2966 376 3020 vuntur
430 2960 836 3031 tabernacula,
892 2962 1001 3017 hoc
1059 2964 1178 3033 est,
1228 2959 1477 3017 tentoria
1532 2961 1814 3034 pastoria,

176 3053 394 3123 quando
424 3054 661 3108 mutant
693 3068 930 3124 pascua.

236 3142 471 3203 Praecisa
493 3149 592 3198 est.
620 3142 752 3197 Ideo
773 3157 887 3195 non
915 3140 1219 3213 aspiciam,
1241 3140 1380 3213 quia
1407 3143 1515 3196 vita
1540 3157 1659 3196 mea
1675 3156 1818 3213 prte-

177 3230 279 3286 cisa
305 3238 398 3299 est,
427 3231 487 3286 id
521 3233 629 3297 est,
659 3247 773 3285 non
801 3229 1013 3302 perfeci
1044 3230 1216 3298 bona,
1242 3247 1368 3303 qua:
1399 3231 1598 3298 debui,
1620 3231 1818 3287 veluta

176 3324 386 3376 tacente.
402 3320 514 3376 Per
534 3318 727 3375 simile
747 3317 889 3373 dicit
903 3317 1063 3373 illius
1080 3318 1445 3391 textoris,qui
1470 3318 1814 3392 priusquam

174 3409 501 3479 perﬁciatur
530 3411 653 3463 tota
682 3406 817 3475 tela,
854 3406 1112 3479 praecidit
1144 3411 1367 3479 partem
1400 3424 1578 3480 quam
1610 3407 1813 3462 texuit.

175 3495 237 3550 Et
280 3501 462 3553 textor
512 3513 704 3561 meus,
756 3493 1000 3562 scilicet,
1053 3495 1228 3562 Deus,
1260 3495 1494 3551 succidit
1534 3512 1621 3551 me
1651 3514 1669 3550 :
1700 3513 1816 3551 non

177 3584 377 3656 dicam,
397 3603 535 3643 eum
560 3586 688 3658 jam
711 3583 931 3657 aliquid
957 3583 1297 3651 texuissem,
1323 3585 1422 3639 sed
1444 3585 1577 3640 dum
1605 3584 1819 3642 ordirer

174 3674 354 3743 adhuc,
389 3675 447 3731 id
480 3678 594 3743 est,
620 3674 760 3728 dum
792 3673 863 3728 ad
896 3673 1041 3728 bene
1071 3672 1363 3745 agendum
1398 3690 1490 3728 me
1527 3691 1816 3746 praepara-

174 3778 306 3837 rem,
330 3763 585 3821 succidit
634 3780 729 3818 me
763 3780 775 3818 :
809 3766 865 3817 et
910 3762 1215 3835 przecisam
1264 3763 1441 3818 vitam
1493 3762 1654 3829 dicit,
1700 3781 1815 3819 non

176 3854 314 3923 quod
346 3858 619 3909 mortuus
650 3855 823 3919 esset,
855 3852 955 3907 sed
989 3868 1103 3923 prae
1136 3850 1320 3906 nimia
1349 3851 1632 3924 gravitate
1664 3852 1820 3908 inﬁr-

175 3941 403 4011 mitatis,
436 3941 580 4016 quia
608 3957 817 4015 parum
850 3939 1037 3995 defuit
1067 3957 1101 3995 a
1132 3943 1338 3995 morte.

235 4030 305 4088 De
330 4048 491 4089 mane
521 4046 692 4103 usque
720 4029 791 4085 ad
835 4045 1113 4102 vesperam
1140 4029 1300 4100 ﬁnies
1340 4045 1446 4084 me.
1479 4029 1655 4094 Quasi
1687 4028 1815 4085 ideo

174 4118 430 4189 succidit,
453 4123 514 4177 et
545 4117 711 4193 quasi
745 4121 1043 4173 mortuum
1077 4134 1170 4172 me
1192 4117 1394 4184 fuisse,
1419 4116 1559 4189 quia
1587 4134 1703 4189 prae
1734 4118 1819 4173 ni-

173 4205 283 4262 mia
332 4206 676 4265 inﬁrmitate
730 4205 983 4280 singulis
1040 4206 1250 4261 diebus
1281 4205 1548 4261 dicebam
1579 4206 1665 4261 :0
1704 4206 1815 4263 Do-

172 4292 352 4351 mine!
388 4297 461 4353 de
490 4296 604 4353 hoc
631 4312 803 4351 mane
831 4312 1020 4367 usque
1048 4295 1121 4350 ad
1145 4311 1449 4366 vesperam
1480 4294 1649 4350 ﬁnies
1681 4311 1774 4352 me
1798 4316 1811 4352 :

167 4385 227 4436 et
262 4384 485 4459 vesperi
514 4385 804 4461 sperabam
832 4388 890 4441 et
927 4383 1219 4454 dicebam,
1251 4399 1422 4456 usque
1457 4382 1529 4439 ad
1558 4400 1721 4440 mane
1749 4385 1814 4440 ﬁ-

174 4485 289 4526 mes
318 4488 511 4531 mane.

237 4558 371 4617 Ideo
389 4562 474 4618 sic
495 4564 827 4635 sperabam,
844 4562 984 4634 quia
1004 4560 1320 4619 inﬁrmitas
1335 4580 1370 4618 a
1385 4562 1502 4618 Deo
1526 4562 1812 4631 immissa,
1838 4624 1847 4639 ι

1920 1983 2156 2052 propter
2185 1984 2423 2052 peccata
2444 1996 2593 2046 mea,
2617 1983 2812 2035 tamen
2838 1995 2940 2052 per
2960 1980 3152 2036 cordis
3172 1982 3573 2055 compunctio-

1920 2084 2053 2123 nem
2080 2069 2199 2122 scio
2224 2068 2540 2139 placatum,
2558 2072 2615 2123 et
2630 2086 2723 2123 me
2742 2069 2813 2123 ab
2839 2068 3177 2124 inﬁrmitate
3199 2074 3571 2127 sanaturum.

1995 2157 2325 2227 Rccogitabo.
2352 2157 2529 2222 Quasi
2569 2157 2789 2211 diceret
2821 2173 2834 2211 :
2869 2156 2938 2212 Et
2978 2158 3027 2213 si
3059 2159 3432 2230 responderis
3471 2178 3576 2233 pro

1921 2262 2014 2301 me
2039 2250 2097 2299 et
2127 2247 2200 2300 ab
2233 2244 2572 2300 inﬁrmitate
2603 2262 2695 2300 me
2727 2244 3122 2317 suscitaveris,
3146 2249 3446 2319 recogitabo
3478 2250 3580 2305 tibi

1921 2351 2104 2390 omnes
2134 2351 2311 2390 annos
2336 2351 2482 2389 meos
2505 2335 3002 2406 recompensando
3023 2335 3177 2390 bona
3203 2354 3309 2408 pro
3332 2336 3581 2410 singulis

1922 2423 2258 2495 bonis,quae
2285 2424 2389 2478 feci
2424 2423 2480 2477 in
2517 2421 2825 2495 praeteritis
2848 2422 3019 2477 annis
3045 2423 3214 2491 meis,
3239 2426 3299 2479 in
3319 2428 3582 2483 amaritu-

1922 2510 2053 2567 dine
2080 2516 2289 2569 auium:
2314 2529 2464 2581 meat,
2492 2512 2545 2566 id
2572 2515 2680 2578 est,
2707 2510 2765 2565 in
2789 2511 2948 2583 gravi
2973 2512 3165 2567 cordis
3188 2515 3584 2586 compunctio-

1912 2596 2018 2655 ‘ne.
2044 2604 2296 2658 Domine.
2321 2600 2601 2673 Proponit
2628 2598 3028 2655 inﬁrmitatem
3052 2600 3247 2657 carnis
3267 2619 3382 2658 non
3405 2620 3584 2660 causa

1880 2750 1883 2751 ν
1924 2690 2342 2758 excusationis,
2360 2690 2461 2744 sed
2484 2705 2663 2745 causa
2684 2687 2916 2743 facilius
2937 2688 3313 2760 impetrandi.
3334 2692 3581 2758 Domine,

1922 2781 1976 2835 si
1993 2781 2074 2835 sic
2092 2781 2323 2845 vivitur,
2338 2782 2393 2833 et
2416 2777 2475 2832 in
2498 2780 2661 2832 tanta
2675 2776 2872 2832 carnis
2895 2777 3365 2851 fragilitate,quae
3387 2798 3584 2852 pecca-

1923 2867 2001 2924 tis
2031 2886 2146 2923 non
2182 2871 2372 2939 potest
2402 2866 2671 2921 resistere
2699 2872 2753 2920 et
2789 2864 2836 2920 si
2878 2866 2939 2919 in
2975 2866 3177 2921 talibus
3207 2867 3462 2938 peccatis
3491 2874 3583 2925 est

1924 2958 2037 3012 vita
2064 2958 2293 3029 spiritus
2312 2956 2440 3022 mei,
2465 2953 2523 3010 id
2544 2956 2634 3009 est
2663 2952 3064 3008 sensualitatis
3089 2970 3231 3008 meas
3262 2957 3415 3028 quod
3449 2974 3582 3013 mea

1926 3060 2059 3100 caro
2092 3042 2234 3098 nihil
2268 3044 2435 3098 docet
2465 3044 2521 3096 et
2562 3038 2824 3112 suggerit
2868 3038 2981 3094 nisi
3021 3043 3276 3111 peccata,
3303 3042 3461 3114 quod
3492 3061 3578 3100 re-

1924 3150 2059 3188 vera
2077 3136 2165 3188 est
2180 3148 2192 3186 :
2210 3129 2468 3205 quandiu
2487 3128 2663 3183 homo
2682 3127 2740 3181 in
2764 3144 2937 3183 carne
2955 3127 3249 3199 subsistit,
3261 3133 3405 3186 tunc
3418 3132 3583 3204 juste

1925 3224 2207 3294 corripies,
2230 3220 2289 3276 id
2321 3224 2411 3274 est
2440 3220 2771 3289 correptum
2795 3221 2853 3271 et
2880 3217 3257 3272 emendatum
3288 3235 3376 3274 me
3403 3220 3582 3278 facies

1928 3329 2032 3386 per
2062 3311 2235 3367 istam
2266 3307 2694 3373 inﬁrmitatem,
2728 3309 2787 3361 et
2818 3304 3078 3378 spatium
3110 3308 3460 3363 emendandi
3482 3311 3584 3365 tri-

1926 3401 2158 3466 bues,et
2184 3399 2458 3469 deinceps
2487 3395 2790 3466 viviﬁcabis
2830 3411 2914 3450 me
2949 3395 3185 3466 justum
3218 3399 3275 3451 et
3304 3401 3579 3454 sanctum

1926 3490 2183 3547 efficies:
2213 3494 2270 3544 et
2295 3505 2425 3544 vere
2457 3487 2636 3541 debeo
2668 3483 2877 3556 corrigi
2909 3488 2967 3539 et
3005 3486 3327 3557 emendari,
3362 3486 3411 3543 si
3443 3504 3578 3562 spa-

1924 3579 2074 3635 tium
2107 3577 2517 3651 prolongatum
2552 3574 2746 3643 fuerit,
2772 3573 2910 3646 quia
2949 3590 3067 3630 ecce
3106 3574 3262 3631 modo
3292 3575 3392 3632 hoc
3440 3594 3582 3634 reco«

1925 3686 2138 3740 gnosco,
2165 3668 2319 3740 quod
2353 3669 2408 3721 in
2440 3681 2571 3737 pace
2600 3664 2740 3718 dum
2772 3662 3029 3734 populus
3059 3666 3220 3720 totus
3247 3681 3452 3736 pacem
3479 3666 3583 3723 ha-

1926 3758 2043 3825 bet,
2078 3761 2136 3812 et
2164 3760 2330 3813 tutus
2360 3759 2449 3810 est
2469 3754 2541 3807 ab
2566 3751 2843 3821 inimicis,
2867 3755 2957 3805 est
2983 3752 3098 3806 ista
3125 3770 3246 3807 mea
3275 3754 3586 3811 amaritudo

1926 3844 2291 3901 inﬁrmitatis
2319 3844 2691 3899 anmrissima.
2718 3845 2865 3894 Dum
2890 3843 3049 3894 totus
3072 3838 3328 3912 populus
3348 3858 3581 3898 mecum

1924 3935 1985 3990 in
2000 3934 2170 3990 bellis
2183 3931 2752 4005 periclitaretur,non
2768 3930 3030 3998 poteram
3048 3943 3239 3982 meam
3252 3928 3485 4000 culpam
3500 3928 3583 3986 ita

1925 4022 2350 4094 attendere,sed
2371 4037 2475 4092 per
2485 4018 2594 4076 hoc
2607 4017 2761 4090 quod
2780 4015 2940 4070 solus
2952 4014 3408 4088 punior,populo
3426 4017 3579 4073 inco-

1922 4112 2093 4182 lumi,
2109 4111 2236 4165 ideo
2261 4105 2554 4179 comperio
2578 4106 2686 4160 hoc
2709 4120 2776 4158 ex
2794 4103 3048 4176 peccatis
3070 4102 3219 4160 meis
3239 4105 3575 4179 contigisse.

2001 4202 2076 4256 Tu
2103 4206 2303 4256 autem.
2329 4198 2473 4252 Ecce
2495 4194 2703 4267 incipit
2724 4192 3028 4248 ostendere
3050 4194 3342 4265 quomodo
3373 4211 3580 4251 conva-

1926 4289 2059 4358 luit,
2091 4287 2259 4362 quasi
2300 4286 2519 4341 diceret
2549 4300 2563 4338 :
2595 4281 2939 4338 Amaritudo
2977 4285 3068 4337 est
3108 4281 3275 4350 mihi,
3308 4290 3368 4338 tu
3396 4292 3579 4341 autem

1923 4378 2139 4446 eruisti,
2174 4372 2532 4446 indulgendo
2593 4369 2852 4441 spatium
2900 4368 3049 4436 vitae,
3082 4370 3331 4425 animam
3373 4386 3576 4441 "team,

1923 4474 1986 4523 ut
2011 4483 2124 4522 non
2150 4465 2402 4537 periret:
2434 4464 2492 4517 et
2541 4476 2646 4532 per
2697 4457 2809 4513 hoc
2857 4457 3084 4526 eruisti,
3116 4458 3258 4530 quia
3299 4461 3581 4531 projeeisti

1916 4546 2041 4631 post
2069 4563 2280 4626 tergum
2309 4559 2460 4607 tuum
2492 4549 2679 4606 omnia
2705 4554 2922 4619 peccata
2949 4562 3089 4615 mea,
3115 4545 3389 4603 oblivioni
3421 4548 3579 4604 dedi-

170 4648 247 4702 sie
286 4652 542 4707 contrivit
584 4655 772 4709 omnia
819 4667 939 4708 ossa
994 4667 1136 4715 mea,
1168 4652 1327 4725 quasi
1374 4652 1454 4707 leo
1503 4644 1894 4726 confringit‘b
1926 4646 2000 4702 sti
2030 4640 2414 4700 condonando
2447 4655 2460 4694 ε
2500 4679 2515 4691 κ

163 4736 359 4794 omnia
387 4756 515 4811 quae
548 4740 764 4814 rapuit.

230 4824 306 4880 De
346 4844 528 4884 mane.
559 4829 801 4901 Propter
856 4829 1185 4901 oppositam
1246 4828 1696 4885 similitudinem
1745 4832 1816 4886 de

166 4906 347 4984 leone,
381 4916 609 4988 repetit.
634 4918 705 4973 Et
735 4917 875 4989 quia
905 4916 1116 4973 similis
1139 4920 1263 4972 erat
1293 4917 1443 4974 leoni
1476 4918 1812 4988 infirmitas,

170 4996 288 5055 ideo
310 5002 575 5061 dicebam
602 5022 614 5060 :
639 5006 713 5061 De
732 5022 894 5061 mane
922 5021 1095 5079 usque
1121 5004 1190 5060 ad
1220 5022 1497 5078 vesperam
1516 5008 1676 5078 ﬁnies
1708 5024 1811 5065 me.

162 5158 177 5165 Ἰ
238 5088 527 5148 Hactenus
558 5092 783 5149 dictum
814 5098 903 5150 est
923 5095 995 5149 de
1025 5093 1307 5166 gravitate
1335 5093 1699 5151 inﬁrmitatis
1724 5113 1736 5150 :
1758 5100 1817 5152 et

170 5176 301 5247 quia
328 5184 570 5253 propter
600 5187 840 5256 peccata
870 5182 1096 5239 scilicet
1119 5181 1385 5255 contigit,
1410 5182 1507 5238 hic
1537 5184 1608 5238 de
1639 5184 1818 5255 pomi-

170 5265 342 5323 tentia
368 5273 742 5342 peccatorum
764 5272 993 5344 incipit,
1015 5288 1192 5344 quam
1225 5272 1283 5325 in
1314 5271 1443 5343 ipsa
1471 5271 1813 5329 inﬁrmitate

168 5349 366 5411 habuit
382 5361 555 5429 quasi
577 5360 826 5416 diceret:
850 5359 1033 5415 Video
1055 5360 1294 5432 quidem
1316 5364 1554 5432 propter
1575 5366 1813 5432 peccata

166 5436 310 5496 hanc
324 5441 732 5505 infirmitatem
752 5446 1037 5515 evenisse,
1052 5447 1153 5502 sed
1177 5447 1249 5503 ad
1272 5445 1586 5502 Dominum
1606 5450 1687 5504 sic
1705 5450 1812 5505 cla-

166 5528 312 5584 mabo
335 5534 458 5588 tota
490 5534 705 5590 mentis
740 5535 1084 5602 intentione,
1108 5537 1252 5591 sicut
1272 5535 1463 5606 pullus
1487 5535 1810 5593 hirundinis

168 5615 261 5683 qni
291 5618 543 5677 maxime
572 5639 637 5676 os
668 5622 857 5695 aperit
886 5623 944 5677 in
986 5622 1258 5693 clamore,
1283 5627 1341 5679 et
1370 5623 1454 5679 sic
1484 5622 1659 5679 etiam
1690 5642 1806 5682 me-

168 5699 370 5762 ditabor
397 5715 457 5763 ut
484 5710 752 5780 columba,
784 5710 1091 5767 clamando
1124 5715 1360 5784 peccata
1397 5712 1803 5785 ingemiscam.

1995 4734 2142 4801 Quia
2166 4731 2295 4787 ideo
2318 4746 2411 4787 me
2427 4727 2652 4800 eruisti,
2672 4729 2737 4782 ut
2752 4729 2989 4797 ereptus
3009 4726 3456 4801 conﬁterer,qua
3476 4727 3578 4784 ali-

1924 4828 2015 4880 ter
2035 4840 2149 4878 non
2173 4836 2407 4893 possem
2434 4816 2718 4884 conﬁteri,
2739 4813 2878 4887 quia
2900 4831 3009 4871 non
3032 4816 3284 4887 infernus
3309 4817 3578 4889 conﬁtebi-

1925 4921 2015 4969 tur
2061 4911 2180 4966 tibi.
2210 4907 2418 4964 Nullus
2468 4909 2782 4978 postquam
2815 4904 2874 4958 in
2915 4904 3140 4959 inferno
3189 4908 3280 4960 est
3324 4903 3572 4978 positus,

1924 5003 2116 5076 potest
2144 5003 2200 5055 te
2227 4997 2488 5063 laudare,
2508 4994 2592 5050 sic
2613 5009 2718 5049 nec
2747 5009 2852 5065 ego
2878 4993 2926 5049 si
2952 4992 3033 5048 ibi
3064 5010 3311 5066 ponerer
3338 4993 3572 5069 exigen-

1924 5092 2085 5148 tibus
2107 5087 2382 5162 peccatis,
2406 5101 2581 5158 neque
2597 5100 2763 5151 mors,
2782 5083 2840 5139 id
2870 5086 2960 5139 est
2988 5082 3203 5156 aliquis
3234 5083 3293 5139 in
3319 5085 3574 5158 peccatis

1924 5184 2217 5248 mortuus,
2239 5176 2415 5233 etiam
2446 5174 2506 5228 in
2538 5173 2648 5228 hac
2680 5171 2927 5228 laudabit
2972 5178 3022 5230 te
3069 5171 3224 5227 sicut
3270 5173 3453 5240 decet,
3488 5173 3573 5230 sic

1922 5288 2029 5327 nec
2056 5286 2162 5341 ego
2194 5266 2242 5323 si
2275 5266 2333 5320 in
2366 5262 2620 5336 peccatis
2650 5277 3077 5334 perseverarem
3114 5278 3128 5316 :
3160 5266 3220 5317 et
3248 5260 3331 5316 illi
3364 5263 3462 5334 qui
3488 5262 3574 5319 de-

1919 5358 2183 5416 scendunt
2208 5358 2268 5411 in
2298 5355 2498 5420 laeum,
2534 5351 2591 5406 id
2636 5354 2726 5405 est
2763 5349 2822 5403 in
2862 5347 3179 5417 infernum,
3204 5349 3291 5404 vel
3323 5351 3571 5422 profun-

1920 5449 2062 5505 dum
2093 5445 2391 5504 vitiorum,
2422 5457 2532 5497 non
2569 5436 2953 5511 exspebtabunt
2988 5441 3269 5494 veritatem
3305 5447 3477 5509 tuam,
3510 5440 3570 5503 id

1919 5541 2009 5596 est
2038 5536 2097 5592 in
2126 5549 2300 5590 carne
2326 5529 2452 5588 Filii
2481 5528 2566 5585 tui
2590 5525 2942 5601 promissam
2966 5526 3076 5582 sibi
3109 5527 3314 5583 utilem
3338 5545 3455 5584 non
3487 5528 3571 5585 in-

1917 5625 2191 5697 telligunt
2221 5638 2234 5675 :
2269 5620 2354 5676 sic
2387 5634 2492 5675 nec
2523 5633 2652 5689 ego,
2683 5614 2732 5670 si
2777 5614 2834 5668 iu
2876 5615 3130 5687 peccatis
3169 5633 3447 5687 morerer,
3479 5617 3569 5675 vel

1919 5716 1969 5773 si
2018 5715 2078 5769 in
2128 5707 2382 5786 peccatis
2432 5719 2882 5781 perseverarem,
2914 5704 3378 5763 incarnationem
3439 5707 3568 5771 Filii
