3942 6426
367 387 486 452 699
730 386 1139 449 HAYMONIS
1183 386 1722 448 HALBERSTAT.
1768 381 2011 444 EPISC.
2060 380 2231 444 OPP.
2279 383 2500 446 PARS.
2549 385 2598 446 1.
2645 419 2723 429 —
2767 384 3173 448 COMMENT.
3221 386 3425 449 BIBL.
3671 386 3795 451 700

368 523 455 581 tui
496 524 755 579 futuram
805 539 920 577 non
979 520 1362 591 intelligerem
1425 517 1571 573 mihi
1628 517 2016 589 profuturam.
2047 512 2106 581 Α
2136 513 2431 583 solebatis,
2460 517 2738 589 proferre,
2760 519 3015 576 recedant
3042 520 3107 577 de
3126 538 3219 578 ore
3246 528 3451 591 vestro,-
3474 521 3604 578 ideo
3625 537 3791 579 rece-

443 615 651 670 Vivens.
688 610 776 666 Illi
810 627 926 665 non
962 609 1417 677 conﬁtebuntur,
1444 608 1543 661 sed
1584 607 1791 674 vivens,
1824 605 1882 659 id
1916 608 2023 673 est,
2138 603 2300 670 dant,
2322 607 2451 677 quia
2479 608 2619 662 Deus
2649 608 2849 663 omnia
2887 609 3232 680 praevidens,
3267 627 3402 666 cum
3435 628 3535 666 vos
3569 611 3791 668 exitum

369 702 530 760 solus
565 703 621 755 in
654 700 971 754 virtutibus
1003 700 1188 753 vivens
1234 698 1290 750 in
1335 695 1630 769 praesenti,
1662 698 1720 749 et
1752 695 1807 747 in
1844 693 2026 747 beati-
2137 693 2215 747 rei
2252 711 2366 749 non
2413 695 2775 769 intelligetis,
2799 698 3100 768 jactantize
3130 703 3334 755 vestrae
3374 717 3605 771 pcnnam
3647 718 3794 773 prae-

368 792 573 847 tudine
605 793 738 861 post
771 792 1047 854 mortem,
1080 790 1195 858 ipse
1226 786 1386 840 solus
1417 784 1759 856 conﬁtebitur
1788 784 1889 839 tibi
1920 802 1938 836 :
1972 786 2028 838 et
2138 784 2401 852 parabit:
2428 784 2537 840 hoc
2569 786 2747 842 dicit:
2777 788 2918 859 quia
2964 789 3105 845 Deus
3136 790 3493 845 scientiarum
3529 790 3793 847 Dominus

369 882 499 937 ideo
530 896 622 934 me
651 876 983 942 viviﬁcasti,
1018 879 1083 930 ut
1111 874 1215 929 tibi
1241 876 1568 929 conﬁterer.
1802 948 1809 953 ν
2136 878 2234 936 est,
2267 880 2319 928 et
2348 875 2456 945 ipsi
2479 884 2891 947 prmparantur,
2926 878 2983 932 id
3023 881 3113 933 est
3150 883 3467 950 antequam
3500 879 3662 946 ﬁant,
3696 896 3791 935 co-

438 967 823 1025 Conﬁtebitur
847 966 951 1020 tibi
986 966 1139 1029 dico,
1173 968 1231 1019 et
1262 962 1476 1034 aliquis
1510 962 1742 1017 illorum
1774 961 2026 1017 viviﬁca-
2136 968 2503 1032 gnoscuutur
2531 967 2881 1034 cogitationes
2912 967 3244 1022 hominum.

364 1066 557 1116 torum
594 1060 782 1113 factus
812 1064 968 1129 pater
995 1059 1050 1110 et
1081 1055 1285 1109 doctor
1315 1053 1467 1119 aliis,
1500 1054 1664 1123 faciet
1688 1053 1844 1122 ﬁliis,
1880 1069 2027 1123 quos
2208 1051 2277 1105 Et
2309 1051 2449 1122 quia
2480 1054 2638 1109 novit
2685 1054 3078 1112 conscientias
3126 1061 3352 1112 vestras
3401 1058 3703 1130 superbas,
3736 1061 3794 1114 et

364 1152 532 1205 docet
588 1156 775 1204 notam
826 1147 1107 1201 veritatem
1139 1152 1310 1207 tuam,
1341 1143 1397 1197 id
1459 1146 1549 1198 est
1607 1142 2028 1213 promissiones
2139 1156 2326 1194 meam
2352 1141 2773 1213 humilitatem,
2797 1145 2925 1201 ideo
2944 1163 3046 1200 vos
3072 1146 3363 1218 deposuit,
3379 1151 3437 1203 et
3458 1165 3563 1203 nos
3584 1146 3793 1203 exalta~

364 1246 519 1308 tuas,
545 1241 703 1313 quod
727 1256 841 1293 non
864 1237 952 1291 vis
976 1239 1221 1290 mortem
1248 1232 1591 1305 peccatoris,
1615 1233 1713 1287 sed
1750 1232 1943 1303 potius
1966 1234 2031 1286 ut
2134 1227 2217 1282 vit
2243 1246 2255 1283 :
2281 1229 2389 1285 hoc
2411 1232 2588 1287 dicit:
2613 1249 2796 1299 arcus,
2822 1234 2880 1288 id
2913 1238 3003 1289 est
3049 1239 3331 1307 potestas,
3351 1237 3598 1307 fortium,
3622 1236 3681 1292 id
3701 1240 3793 1294 est

363 1333 761 1395 convertatur,
785 1330 842 1381 et
870 1325 1024 1381 vivat
1045 1323 1257 1393 (Bacch.
1281 1324 1444 1389 xvm)
1464 1339 1476 1375 :
1500 1323 1641 1377 sicut
1671 1328 1723 1375 et
1749 1336 1842 1390 ego
1871 1319 2030 1375 hodie
2137 1318 2359 1373 annulo?
2392 1324 2449 1375 et
2478 1321 2756 1393 ﬁliorum,
2804 1327 2861 1377 et
2910 1323 3378 1393 Philistinorum,
3401 1334 3686 1398 superatus
3715 1335 3794 1382 est

362 1420 600 1477 notiﬁco
633 1435 738 1491 per
767 1413 1171 1471 infirmitatem
1205 1415 1263 1467 et
1292 1411 1657 1466 sanationem
1701 1426 1915 1464 meam.
2137 1423 2240 1477 per
2261 1425 2449 1464 meam
2476 1410 2913 1478 fecunditatem,
2937 1416 2994 1467 et
3020 1430 3121 1484 per
3142 1413 3546 1469 fortitudinem
3566 1415 3790 1473 Judaeu-

434 1513 506 1567 Et
556 1512 621 1563 ut
679 1506 903 1579 possim
961 1503 1259 1569 conﬁtere,
1285 1501 1529 1565 Domine,
1564 1498 1718 1553 sicut
1775 1497 2023 1569 cmpisti,
2138 1514 2291 1563 rum,
2316 1506 2366 1553 et
2396 1501 2611 1570 inﬁrmi
2635 1518 2740 1573 ego
2775 1504 2830 1556 ct
2858 1502 2997 1567 mei,
3019 1502 3107 1556 vel
3139 1502 3316 1558 etiam
3348 1503 3591 1572 Hebrmi,
3615 1504 3787 1560 modo

364 1600 640 1669 deinceps
679 1596 891 1651 salvum
942 1609 1027 1647 me
1074 1594 1164 1662 fac
1209 1593 1267 1644 et
1316 1588 1482 1655 alios,
1538 1596 1589 1644 et
1636 1585 2029 1643 communiter
2136 1603 2241 1658 per
2273 1588 2449 1643 istun
2484 1589 2671 1644 ﬁlium
2703 1600 2833 1646 sunt
2858 1594 3089 1647 accincti
3118 1592 3325 1648 robore.

357 1690 602 1761 psalmos
630 1693 841 1741 nostros
862 1681 1204 1737 cantabimus
1229 1680 1438 1733 cunctis
1459 1678 1648 1733 diebus
1677 1678 1807 1732 vitae
1824 1683 2029 1730 nostra?
2208 1678 2277 1731 Et
2306 1676 2411 1742 illi,
2436 1678 2537 1749 qui
2562 1682 2724 1751 prius
2756 1681 2949 1751 repleti
2976 1680 3209 1735 fuerant
3255 1684 3540 1752 potestate
3558 1686 3615 1736 et
3642 1682 3785 1737 divi-

362 1782 425 1835 in
455 1778 610 1832 domo
656 1774 901 1837 Domini,
935 1788 1051 1825 non
1112 1769 1170 1823 in
1221 1766 1487 1836 excelsis,
1513 1766 1665 1821 sicut
1719 1765 2027 1835 hucusque
2135 1764 2233 1835 tis,
2259 1766 2431 1821 modo
2460 1784 2561 1838 pro
2586 1769 2825 1839 panibus
2856 1768 3074 1839 quibus
3100 1770 3545 1840 'saturarcntur,
3565 1787 3623 1826 se
3652 1772 3785 1828 loca-

365 1862 714 1940 promisisti.
2055 1884 2104 1950 B
2136 1863 2330 1910 verunt
2356 1860 2414 1911 et
2444 1857 2697 1912 servient
2729 1860 2793 1912 ut
2822 1857 3187 1925 mercenarii,
3215 1867 3266 1915 et
3311 1859 3474 1932 prius
3516 1861 3781 1931 famelici,

865 1946 1241 2003 CANTICUM
1281 1945 1518 2001 ΑΝΝᾹΞ.
2055 1945 2096 1950 ”
2138 1946 2204 1997 ut
2233 1960 2338 2015 ego
2370 1945 2499 2017 ipsa
2523 1946 2611 2000 vel
2642 1946 2850 2013 Judaei,
2879 1949 3114 2003 saturati
3139 1956 3286 2004 sunt.

433 2043 765 2100 Exsultavit.
789 2041 958 2094 Anna
989 2036 1089 2092 diu
1123 2051 1404 2108 perpessa
1442 2031 1821 2105 opprobrium
1856 2031 2025 2086 steri-
2208 2034 2422 2090 Donec.
2455 2035 2573 2107 Ego
2606 2035 2890 2107 paulatim
2922 2039 3153 2092 tantum
3187 2037 3359 2103 crevi,
3394 2042 3450 2094 et
3474 2039 3789 2095 adversarii

357 2132 549 2191 litatis
579 2133 651 2187 ab
685 2128 899 2185 aemula
930 2144 1039 2182 sua
1071 2126 1344 2181 Fenenna
1366 2126 1421 2179 et
1444 2121 1581 2177 ﬁliis
1612 2123 1763 2193 ejus,
1787 2122 2023 2176 tandem
2140 2122 2540 2193 decreverunt,
2574 2126 2758 2180 donec
2792 2126 2862 2179 ad
2892 2124 3210 2182 maximam
3238 2126 3521 2183 vilitatem
3550 2130 3788 2184 devene-

360 2222 699 2288 fecundata,
733 2222 789 2273 et
818 2215 1091 2273 Samuele
1121 2213 1240 2268 ﬁlio
1282 2230 1409 2279 suo,
1444 2211 1597 2267 sicut
1627 2228 1754 2265 mos
1787 2212 1932 2274 erat,
1964 2208 2024 2263 in
2137 2216 2312 2266 runt:
2338 2213 2448 2268 hoc
2479 2212 2657 2268 dicit:
2683 2214 2850 2269 donec
2885 2216 3111 2283 sterilis,
3135 2214 3192 2270 id
3223 2218 3312 2271 cst
3340 2231 3444 2288 ego
3474 2214 3559 2271 vel
3591 2216 3792 2272 Judana

360 2307 583 2380 templo
607 2306 882 2371 adducto,
903 2301 1069 2373 quasi
1096 2318 1199 2372 pro
1223 2299 1543 2371 gratiarum
1568 2298 1792 2355 actione
1815 2296 2029 2352 cecinit
2137 2299 2353 2371 potius,
2379 2301 2673 2374 impotens
2704 2304 2974 2359 resistere
3020 2304 3334 2377 allophilis,
3366 2307 3577 2378 peperit
3608 2306 3790 2377 pluri-

368 2394 805 2455 hocicanticum
830 2391 1101 2460 Domino,
1122 2390 1176 2443 in
1202 2405 1316 2460 quo
1338 2387 1512 2442 etiam
1538 2387 1847 2458 prophetat
1869 2384 2026 2441 salu-
2135 2406 2270 2455 mos,
2296 2399 2350 2445 et
2377 2390 2478 2446 illa
2510 2392 2723 2447 mmula
2753 2407 2878 2465 qua?
2899 2394 3099 2448 multos
3131 2393 3323 2449 habuit
3344 2394 3510 2464 ﬁlios,
3540 2392 3627 2448 vel
3660 2393 3795 2449 allo-

368 2492 514 2553 tem,
540 2498 719 2557 quam
750 2479 1034 2536 Dominus
1081 2482 1344 2548 tempore
1390 2475 1578 2547 ipsius
1627 2473 1938 2542 Samuelis,
1973 2478 2030 2529 et
2137 2478 2305 2550 phili,
2340 2480 2441 2552 qui
2475 2480 2696 2536 multos
2716 2482 3014 2537 habebant
3037 2481 3361 2550 bellicosos,
3383 2483 3665 2553 inﬁrmata
3693 2490 3790 2539 est.

369 2592 476 2649 per
499 2574 697 2647 ipsum
714 2567 1047 2627 Samuelem
1068 2568 1331 2622 facturus
1349 2563 1834 2619 essetlsraclitico
1853 2581 2031 2635 popu-
2209 2569 2280 2622 Et
2309 2569 2418 2624 hoc
2445 2571 2602 2641 quod
2634 2587 2739 2644 ego
2774 2588 2907 2627 sum
2941 2575 3222 2641 saturata,
3254 2574 3311 2626 et
3348 2570 3432 2625 illi
3482 2570 3790 2639 inﬁrmati,

361 2664 440 2720 lo.
479 2662 587 2718 Per
622 2661 852 2715 Annam
886 2656 1048 2729 prius
1082 2653 1362 2720 sterilem,
1387 2656 1591 2724 postea
1628 2653 2023 2719 fecundatam,
2138 2653 2247 2709 hoc
2265 2659 2354 2709 est
2376 2672 2478 2727 per
2498 2659 2812 2724 Dominum,
2828 2658 2926 2731 qui
2949 2676 3096 2730 quos
3112 2657 3235 2712 vult
3252 2659 3555 2729 mortiﬁcat,
3573 2667 3626 2714 et
3646 2676 3793 2731 quos

367 2752 741 2826 signiﬁcatur
762 2745 1081 2820 gentilitas,
1099 2762 1225 2815 qua:
1250 2742 1415 2814 prius
1437 2743 1711 2814 despecta
1733 2760 1765 2796 a
1784 2740 2025 2809 Judmis,
2136 2745 2263 2799 vult
2291 2747 2534 2817 viviﬁcat
2553 2750 2609 2802 et
2641 2748 3025 2804 mortiﬁcatos
3054 2748 3271 2804 deducit
3286 2748 3354 2803 ad
3380 2749 3604 2819 inferos,
3628 2752 3692 2802 ut
3711 2748 3791 2803 ibi

370 2846 575 2917 postea
596 2854 894 2903 conversa,
918 2833 1137 2891 Judznis
1161 2837 1251 2888 est
1272 2831 1542 2904 praelata:
1570 2848 1673 2904 per
1694 2832 2029 2887 Fenennam
2138 2838 2418 2905 perpetuo
2453 2839 2882 2903 remaneant,et
2910 2837 3196 2909 quosdam
3228 2836 3454 2899 reducit,
3478 2835 3616 2908 quia
3647 2854 3787 2908 prie-

370 2931 656 2990 Judaicus
691 2925 964 3001 populus,
990 2923 1088 2996 qui
1123 2926 1259 2979 ante
1291 2939 1324 2976 a
1352 2922 1468 2977 Deo
1507 2924 1803 2993 acceptus,
1828 2924 2031 2992 postea
2136 2921 2373 2978 videbat
2396 2924 2595 2995 justos
2616 2924 2675 2979 in
2708 2924 2924 2980 Christi
2956 2925 3378 2982 resurrectione
3408 2926 3786 2981 reducendos.

365 3025 457 3079 est
474 3018 818 3091 repudiatus
838 3031 851 3069 :
873 3030 976 3086 per
991 3009 1771 3082 Samuelem,Christus,qui
1796 3009 2030 3064 futurus
2208 3011 2471 3069 Dominus
2501 3013 2678 3069 etiam
2706 3031 3004 3086 pauperem
3044 3006 3180 3087 facit
3202 3022 3254 3071 et
3278 3014 3417 3071 ditat
3452 3015 3511 3069 in
3544 3014 3781 3084 divitiis,

367 3113 495 3167 erat
526 3106 688 3164 salus
718 3102 950 3160 Judaici
997 3099 1219 3174 populi,
1254 3100 1313 3154 id
1356 3102 1445 3154 est
1484 3098 1676 3154 omnis
1715 3098 2026 3154 credentis.
2139 3099 2401 3157 humiliat
2427 3110 2480 3157 et
2500 3103 2743 3159 sublevat
2771 3103 2828 3158 in
2862 3104 3274 3175 potestatibus.

367 3197 611 3257 Materia
658 3197 749 3250 est
795 3191 955 3247 ﬁlius
1006 3192 1185 3245 Annae
1229 3206 1263 3243 a
1302 3188 1418 3243 Deo
1451 3188 1644 3243 datus.
1681 3188 1889 3243 Modus
1919 3190 2026 3253 est,
2060 3253 2098 3265 η
2211 3189 2340 3260 Ipse
2371 3191 2500 3247 dico
2530 3194 2801 3248 suscitans
2829 3193 2895 3247 de
2920 3194 3163 3265 pulvere,
3197 3192 3255 3247 id
3295 3197 3387 3249 est
3420 3193 3490 3248 de
3530 3190 3784 3248 inferiori

363 3253 520 3361 quod
544 3281 804 3341 ostendit
825 3279 1077 3352 qualiter
1107 3279 1234 3349 ipsa
1264 3279 1431 3332 Anna
1463 3294 1566 3348 pro
1598 3276 1718 3331 ﬁlio
1752 3276 1860 3331 sibi
1891 3277 2024 3331 dato
2053 3253 2098 3321 CI
2136 3253 2323 3350 gradu
2354 3297 2584 3351 egenum
2615 3281 2769 3336 sicut
2809 3253 3035 3349 me,.vel
3078 3253 3277 3337 meum
3317 3280 3621 3355 populum,
3649 3289 3699 3336 et
3723 3281 3787 3336 de

368 3395 429 3433 se
459 3372 755 3438 habuerit,
791 3368 1032 3435 scilicet,
1068 3367 1223 3437 quod
1257 3366 1374 3421 Deo
1406 3366 1591 3420 datori
1625 3365 1844 3436 gratias
1876 3368 2027 3419 retu-
2132 3376 2383 3437 stercore,
2416 3369 2472 3424 id
2507 3375 2617 3441 est,
2650 3371 2722 3426 de
2766 3387 2980 3443 magno
3012 3369 3326 3443 opprobrio
3368 3375 3424 3425 et
3471 3369 3787 3441 abjectione

365 3465 459 3532 lit,
482 3466 540 3517 et
571 3460 711 3533 quid
746 3475 849 3529 per
889 3455 1085 3527 ipsum
1126 3454 1458 3509 Samuelem
1491 3454 1755 3525 contigit,
1782 3453 2024 3520 scilicet,
2132 3475 2428 3529 [mulierem
2457 3461 2672 3530 erigens
2704 3460 2762 3513 in
2797 3475 3075 3531 magnam
3108 3458 3474 3532 dignitatem.

368 3551 535 3608 salus
585 3545 810 3620 populi,
842 3549 899 3597 et
929 3542 1248 3599 destructio
1297 3541 1578 3597 hostium.
1616 3541 1866 3596 Intentio
1915 3546 2022 3609 est,
2205 3548 2287 3601 Ad
2320 3548 2429 3603 hoc
2468 3548 2720 3619 erigens,
2756 3556 2818 3603 ut
2862 3548 3044 3604 sedeat
3082 3565 3205 3603 eum
3245 3547 3609 3620 principibus,
3637 3555 3688 3602 et
3710 3564 3789 3603 so-

366 3637 586 3697 hortari
624 3636 693 3692 ad
745 3633 980 3689 laudem
1021 3631 1140 3698 Dei,
1176 3649 1278 3702 pro
1313 3630 1724 3702 impetratione
1774 3630 2027 3701 alicujus
2136 3636 2275 3690 lium
2301 3638 2499 3707 glorise
2530 3644 2706 3692 teneat
2733 3637 2887 3692 sicut
2917 3637 3253 3708 imperator.

368 3724 658 3785 beneﬁcii.
2206 3726 2276 3779 Et
2308 3725 2432 3797 ipse
2463 3729 2674 3797 potest,
2708 3727 2931 3781 Domini
2958 3727 3107 3781 enim
3144 3733 3275 3781 sunt
3313 3725 3563 3780 cardines
3606 3733 3783 3792 terrm,

436 3816 559 3871 Vox
584 3816 784 3880 Annae,
803 3812 873 3866 de
895 3813 1131 3881 accepto
1156 3807 1273 3862 ﬁlio
1296 3807 1764 3879 congratulanlis
1789 3825 1801 3863 :
1827 3809 2025 3863 Eamul-
2069 3852 2078 3860 .
2134 3814 2244 3869 hoc
2274 3818 2382 3884 est,
2408 3813 2599 3869 ultimi
2637 3814 2782 3870 ﬁnes
2813 3818 2978 3868 terrm
3008 3822 3061 3869 ει
3090 3816 3277 3886 posui;
3303 3813 3509 3882 orbem,
3541 3812 3650 3868 hoc
3678 3814 3782 3879 est,

366 3909 501 3965 tavit
525 3922 616 3962 cor
645 3920 827 3959 meum
850 3902 910 3956 in
938 3901 1166 3955 Domino
1189 3898 1342 3969 quod
1376 3897 1539 3952 dedit
1566 3896 1709 3951 mihi
1736 3896 1954 3963 ﬁlium;
1978 3905 2032 3953 et
2136 3906 2193 3957 te
2228 3904 2665 3980 ﬁrmamentum
2696 3919 2861 3974 super
2890 3919 2978 3958 eos
3009 3902 3298 3958 cardines.

365 4012 540 4053 cornu
566 4010 769 4059 meum,
794 3990 850 4045 id
886 3992 993 4057 est,
1034 3986 1294 4043 defensio
1324 4003 1455 4041 mea
1494 3990 1697 4041 contra
1729 3986 2026 4059 imprope-
2209 3991 2495 4045 Dominus
2518 3991 2693 4047 etiam
2720 3991 2845 4062 ipse
2868 3995 3179 4063 postquam
3202 3990 3412 4046 exultat
3434 3993 3789 4045 sanctosser-

368 4084 520 4141 Pium
555 4078 900 4147 εῐθΐίὶίῖίιὶίδν
933 4078 1235 4134 militum"?
1277 4083 1355 4131 εει
1405 4076 1461 4129 in
1514 4076 1619 4130 000
1647 4091 1783 4142 mea,
1818 4092 1929 4129 non
1966 4075 2023 4130 in
2136 4080 2284 4135 vabit
2305 4097 2377 4135 ne
2399 4084 2640 4152 peccent
2660 4079 2824 4152 pedes
2844 4088 3156 4135 sanctorum
3185 4096 3431 4145 suorum,
3455 4078 3514 4133 id
3538 4080 3626 4133 est
3647 4077 3789 4131 ﬁnes

367 4191 461 4230 me
494 4169 811 4245 superbivi,
846 4168 948 4224 sed
992 4167 1049 4222 in
1088 4166 1365 4222 omnibus
1397 4180 1490 4219 me
1528 4168 1755 4237 gratam
1789 4163 2025 4220 exhibui
2136 4168 2422 4241 ipsorum,
2453 4169 2592 4241 quia
2614 4170 2685 4225 ad
2709 4170 2933 4225 bonum
2958 4170 3133 4225 ﬁnem
3167 4168 3448 4240 perducet
3475 4183 3593 4236 eos,
3617 4174 3667 4221 et
3692 4182 3786 4221 ex-

368 4263 506 4319 Deo.
2137 4257 2349 4331 posito,
2383 4260 2546 4330 impii
2574 4259 2929 4313 conticescent
2958 4275 3074 4313 non
3106 4258 3392 4313 audentes
3421 4255 3652 4322 mutire,
3685 4270 3789 4310 nec

438 4352 511 4407 Et
539 4351 736 4422 ipsum
772 4345 981 4411 ﬁlium,
1006 4362 1063 4401 os
1083 4360 1264 4399 meum
1286 4343 1438 4416 quod
1464 4341 1606 4397 mihi
1631 4341 2029 4413 priusimpro—
2137 4347 2424 4402 habentes
2456 4347 2676 4402 bonum
2711 4347 2865 4417 quod
2911 4346 3229 4418 proferant,
3255 4344 3426 4418 positi
3462 4346 3523 4399 in
3560 4342 3790 4399 tenebris

372 4438 719 4512 parantibus
745 4434 1099 4506 respondere
1129 4450 1244 4487 non
1267 4431 1539 4498 audebat,
1566 4431 1737 4486 modo
1769 4439 1846 4486 est
1884 4430 2027 4485 dila-
2138 4434 2374 4503 inferni,
2409 4437 2526 4507 jam
2564 4436 2960 4491 conticescent
2992 4451 3005 4489 :
3044 4438 3102 4489 ct
3142 4436 3274 4507 quia
3302 4433 3399 4489 ille
3432 4436 3657 4488 tantum
3689 4429 3789 4502 qui

370 4536 545 4585 totum
574 4542 738 4598 super
770 4525 1022 4580 inimicos
1051 4538 1215 4585 meos,
1241 4519 1379 4593 quia
1409 4518 1594 4574 habeo
1616 4518 1751 4590 quid
1790 4536 2028 4589 respon-
2139 4526 2228 4580 υίν·
2254 4528 2364 4595 est,
2397 4524 2744 4581 roborabimr
2772 4524 2831 4578 in
2865 4524 3083 4592 futuro,
3117 4527 3173 4578 et
3202 4522 3311 4578 hoc
3342 4522 3521 4577 robur
3546 4519 3656 4574 erit
3680 4534 3792 4575 ηοη

370 4618 539 4673 deam
573 4612 797 4669 aemula:
828 4616 886 4668 et
918 4610 1055 4666 ﬁliis
1086 4610 1251 4679 ejus:
1278 4608 1407 4663 ideo
1438 4606 1688 4695 exaltata
1720 4623 1874 4673 sum,
1900 4608 2032 4678 quia
2056 4622 2111 4695 Β
2139 4615 2201 4685 in
2231 4630 2330 4668 sua
2359 4612 2702 4683 fortitudine,
2736 4612 2837 4668 sed
2871 4612 2994 4667 Dei.

371 4706 559 4762 L'etata
586 4720 710 4758 sum
738 4703 798 4756 in
826 4700 1063 4755 salutari
1095 4706 1205 4765 tuo,
1231 4695 1285 4751 id
1321 4700 1431 4763 est,
1455 4694 1513 4749 in
1536 4693 1677 4763 ﬁlio,
1702 4711 1876 4766 quem
1906 4712 2032 4767 pro-
2087 4693 2096 4695 “
2212 4702 2315 4756 Vir
2344 4701 2583 4773 quidem
2614 4701 2782 4757 fortis
2824 4700 3147 4773 apparebit,
3182 4700 3281 4755 sed
3332 4698 3635 4753 adversarii
3675 4696 3793 4768 ejus

368 4792 536 4847 video
568 4790 887 4845 salutarem
920 4785 1119 4859 Populi
1152 4785 1261 4852 ῒιιί,
1294 4802 1397 4856 P0P
1427 4786 1481 4837 te
1512 4782 1668 4837 (ἴδιοι
2139 4794 2405 4863 expertes
2436 4789 2644 4845 divinae
2692 4789 3054 4844 fortitudinis
3091 4787 3486 4859 formidabant,
3516 4788 3574 4839 et
3603 4782 3793 4838 timidi

444 4882 567 4935 Non
592 4882 680 4934 est
701 4880 964 4932 sanctus.
986 4876 1053 4929 Et
1076 4872 1215 4946 quia
1238 4872 1400 4927 dedit
1420 4872 1761 4933 salutarem,
1787 4888 1889 4943 per
1918 4871 2029 4927 hoc
2141 4879 2511 4951 apparebunt
2542 4882 2677 4935 ante
2706 4879 3018 4945 Dominum,
3040 4885 3091 4933 οι
3109 4877 3233 4948 ipse
3264 4875 3519 4932 existens
3542 4874 3598 4928 in
3624 4872 3789 4939 αειις,

376 4971 637 5041 apparet,
655 4966 811 5037 quod
831 4981 937 5019 non
975 4970 1054 5018 est
1081 4961 1297 5033 aliquis
1326 4968 1546 5014 sanctus
1574 4967 1635 5014 ut
1662 4967 1741 5015 est
1768 4962 2029 5015 Dominus
2140 4968 2347 5025 amabit
2377 4984 2480 5038 per
2500 4968 2705 5022 tubam
2728 4966 3061 5037 archangeli
3086 4963 3442 5020 horribilitcr
3460 4978 3621 5033 super
3651 4962 3793 5032 ipso;

374 5058 471 5129 qui
504 5055 876 5110 tantumdem
909 5051 1115 5106 valeat.
1140 5049 1287 5105 Vere
1331 5066 1444 5103 non
1476 5052 1567 5103 est
1608 5064 1771 5119 mque
1816 5048 2032 5120 aliquis
2140 5057 2342 5113 dicens
2367 5073 2378 5109 :
2406 5059 2499 5122 Ite,
2523 5054 2820 5120 maledicti,
2846 5056 2901 5109 in
2926 5056 3107 5125 ignem
3127 5060 3397 5109 wtcrnum
3418 5048 3791 5122 (Matth.xxv).

375 5146 838 5212 sanctus,ncque
884 5140 1033 5195 enim
1078 5145 1158 5193 est
1210 5138 1356 5192 alius
1401 5144 1557 5191 crtra
1601 5143 1668 5190 te.
1703 5134 1914 5192 Nullus
1944 5142 2035 5191 est
2138 5146 2241 5201 vel
2273 5148 2588 5215 antequam
2620 5143 2812 5198 veniat
2838 5144 2907 5198 ad
2932 5141 3079 5197 illud
3099 5141 3411 5214 judicium,
3440 5140 3497 5193 in
3520 5137 3629 5192 hoc
3648 5151 3796 5208 pm}.

376 5236 642 5296 sanctus,
667 5228 779 5282 nisi
813 5245 915 5299 per
945 5234 1012 5291 te,
1045 5233 1097 5280 et
1124 5243 1230 5280 non
1264 5232 1342 5279 est
1368 5223 1583 5295 aliquis
1612 5224 1771 5293 fortis
1798 5224 1857 5277 in
1888 5225 1933 5278 d:

2236 5235 2293 5288 ιιί
2326 5233 2615 5289 intonabit
2644 5233 2701 5287 in
2727 5231 2907 5301 ccclis,
2932 5232 2988 5287 id
3014 5234 3103 5287 est
3131 5247 3235 5302 per
3252 5226 3567 5301 apostolos,
3591 5224 3687 5297 qui
3708 5224 3793 5279 eis

378 5318 470 5371 dis
504 5316 827 5381 beneﬁciis,
861 5319 1070 5387 potens
1099 5316 1241 5369 sicut
1271 5318 1415 5367 Deus
1445 5319 1644 5367 noster.

2143 5321 2511 5395 praedicando
2544 5320 2982 5377 annuntiabunt
3012 5320 3269 5374 futuram
3304 5315 3624 5372 miseriam.

386 5398 393 5401 ⁴
448 5407 597 5475 Ergo
628 5403 814 5467 nolite,
841 5408 900 5457 tu
950 5401 1163 5455 aemula
1193 5405 1248 5454 et
1280 5401 1405 5454 Filii
1444 5398 1745 5465 Philistaei,
1768 5416 1917 5470 quos

2238 5414 2285 5467 Et
2323 5427 2437 5465 non
2479 5409 2699 5465 mirum
2750 5409 2800 5464 si
2860 5406 3320 5472 formidaverint,
3344 5404 3483 5478 quia
3537 5403 3795 5458 Dominus

374 5491 577 5560 telligo
601 5487 990 5545 devinccndos
1022 5490 1079 5543 in
1114 5486 1433 5542 sacerdotis
1465 5486 1567 5541 ﬁlii
1602 5486 1739 5551 mei,
1773 5491 2038 5562 multipli—
2145 5499 2203 5555 in
2238 5499 2338 5554 illo
2386 5497 2609 5569 judicio
2658 5496 2933 5569 judicabit
2978 5513 3163 5552 omnes
3206 5497 3342 5567 ﬁnes
3394 5501 3574 5560 ωννω,
3609 5490 3665 5544 id
3706 5493 3798 5544 est

374 5590 497 5630 care
523 5574 771 5643 loquitur
788 5578 1049 5632 sublimia
1070 5576 1427 5661 sicutusquc
1446 5574 1563 5629 huc
1581 5575 2035 5644 gloriantes.Non
2148 5590 2558 5661 cujuscunque
2604 5584 2759 5639 modi
2814 5583 3102 5652 homines,
3136 5589 3193 5639 et
3223 5585 3333 5639 hoc
3365 5599 3467 5655 per
3496 5579 3707 5645 ﬁlium;
3741 5582 3797 5632 et

377 5662 615 5713 tantum
643 5672 786 5711 "om
806 5678 919 5718 non
945 5659 1374 5729 muml’licetiS’
1399 5663 1496 5717 sed
1517 5661 1695 5718 etiam
1718 5673 1896 5721 τ’σιθνίι
1913 5686 2038 5739 (11182
2148 5659 2258 5733 hoc
2290 5675 2433 5731 dicit
2463 5691 2475 5728 :
2511 5675 2574 5729 Et
2604 5673 2755 5728 dadit
2788 5674 3079 5745 imperium
3112 5674 3227 5745 regi
3254 5688 3354 5728 suo
3382 5668 3633 5739 Christo,
3658 5674 3706 5723 et
3734 5665 3793 5722 in
