3942 6380
364 419 482 484 ’103

786 419 1195 481 IlAYMONIS
1227 414 1774 478 HALBERSTA'I‘.
1809 411 2055 473 EPISO.
2090 413 2261 474 OPP.
2298 415 2499 475 PARS
2532 416 2580 476 Ι.
2611 450 2690 460 -
2719 418 3128 479 COMMENT.
3163 418 3360 480 BIBL.

3660 422 3776 483 ’704

365 556 477 633 ipsi
509 556 831 629 rapuerunt
859 552 933 607 ab
963 549 1267 623 Egyptiis,
1302 547 1619 620 implebitur
1663 546 1854 602 anima
1893 562 2015 603 mea
2040 545 2100 615 Α
2129 549 2348 607 Pharao
2403 567 2529 607 eum
2557 550 2812 608 curribus
2861 558 2914 608 et
2957 550 3231 625 equitibus
3272 554 3390 626 ejus
3440 554 3497 608 in
3528 570 3697 623 mare,
3728 562 3781 612 et

365 648 482 705 illis
513 644 741 718 spoliis,
774 646 971 697 votum
1001 656 1199 695 meum
1231 636 1474 693 satiabo.

434 739 505 794 Et
551 750 729 806 super
776 732 937 804 ipsos
988 728 1305 800 evaginabo,
1340 743 1456 781 non
1487 725 1780 781 retraham
1823 726 1896 780 ab
1927 743 2016 781 oc-

364 826 582 883 cisione
632 822 878 896 gladium
934 836 1118 876 meum
1147 836 1165 873 :
1224 825 1274 874 et
1332 816 1619 887 interﬁciat
1674 830 1761 872 eos
1816 832 2014 871 manus

361 933 496 973 mea.

433 1005 562 1076 Ipse
593 1003 676 1058 ita
706 1000 1077 1073 disponebat,
1110 998 1211 1053 sed
1242 997 1471 1069 spiritus
1503 1003 1628 1051 tuus
1676 993 1762 1049 vel
1815 994 2007 1062 turbo,

358 1095 513 1166 ﬂavit
542 1090 869 1154 immissus,
897 1096 949 1144 et
983 1088 1198 1161 cperuit
1223 1102 1311 1142 eos
1344 1088 1536 1152 mare,
1567 1083 1838 1139 submersi
1883 1091 2015 1138 sunt

360 1184 519 1257 quasi
544 1180 833 1254 plumbum
863 1180 922 1233 in
950 1179 1111 1249 aquis
1139 1174 1561 1232 vehementibus.

430 1275 501 1329 Et
531 1269 671 1344 quia
701 1269 786 1324 ita
809 1267 1036 1323 fortiter
1065 1263 1261 1338 egisti,
1292 1281 1325 1319 0
1354 1265 1600 1325 Domine,
1635 1265 1759 1334 quis
1807 1263 2012 1318 similis

360 1363 442 1420 tui
474 1364 536 1417 in
553 1359 808 1433 fortibus,
837 1357 896 1411 id
927 1360 1038 1422 est,
1072 1353 1223 1409 inter
1251 1352 1474 1407 fortes?
1504 1354 1560 1406 et
1593 1354 1799 1422 praeter
1848 1351 2010 1406 forti-

359 1451 649 1517 tudinem,
666 1449 788 1520 quis
814 1445 1138 1516 nuzgniﬁcus
1168 1445 1257 1497 est
1284 1441 1487 1496 similis
1505 1442 1588 1495 tui
1618 1442 1677 1494 in
1695 1442 2014 1495 sanctitate?

360 1545 420 1598 et
449 1539 584 1614 quis
614 1538 697 1593 ita
723 1538 813 1592 est
841 1533 1108 1591 terribilis
1160 1540 1320 1604 atque
1350 1528 1672 1597 laudabilis,
1705 1537 1757 1585 et
1801 1530 2010 1600 faciens

358 1629 647 1686 mirabilia
677 1626 831 1681 sicut
863 1628 924 1679 tu
946 1623 975 1677 ?

430 1721 501 1775 Et
529 1718 589 1771 in
618 1715 718 1770 illa
748 1711 1154 1770 submersione
1179 1708 1489 1772 ertendisti,
1513 1706 1571 1761 id
1601 1710 1712 1777 est,
1747 1707 2013 1780 magniﬁ-

358 1807 502 1865 casti
537 1820 766 1861 manum
813 1809 984 1868 tuam,
1020 1800 1077 1855 id
1130 1802 1238 1866 est,
1292 1796 1686 1869 operationem
1737 1799 1923 1865 tuam,
1952 1801 2012 1853 et

2126 639 2351 697 reduxit
2376 658 2541 714 super
2567 658 2656 698 eos
2683 643 2948 697 Dominus
2977 659 3151 714 aquas
3178 644 3371 699 maris.

2197 730 2325 785 Filii
2357 734 2554 786 autem
2588 731 2766 787 Israel
2797 732 3248 789 ambulaverunt
3294 750 3401 805 per
3443 733 3665 790 siccum
3713 733 3773 789 in

2123 819 2316 876 medio
2346 820 2495 891 ejus.

2192 909 2515 983 Allegorice
2545 914 2736 983 potest
2766 910 2900 984 legi.
2932 911 3054 967 Vox
3085 912 3348 969 ﬁdelium
3380 912 3439 967 in
3478 913 3773 985 baptismo

2122 996 2588 1072 puriﬁcatol-um,
2623 1004 2681 1056 et
2710 1001 2781 1056 de
2812 1000 3063 1072 diabolo,
3096 1006 3155 1057 et
3181 1001 3457 1057 vitiorum
3504 1002 3775 1059 destruc—

2121 1089 2280 1145 tione
2311 1089 2497 1145 Deum
2527 1089 2987 1162 gloriﬁcantium
3022 1106 3035 1147 :
3066 1091 3183 1147 Nos
3213 1090 3522 1164 purgatiin
3551 1092 3772 1164 baptis-

2122 1182 2276 1235 mate
2307 1183 2612 1235 cantemus
2645 1179 2913 1247 Domino,
2940 1180 3191 1253 gloriose
3220 1179 3377 1236 enim
3425 1180 3772 1253 magniﬁca-

2121 1274 2216 1324 tus
2247 1272 2335 1324 est
2352 1268 2411 1323 in
2430 1268 2538 1323 hac
2556 1273 2759 1324 nostra
2778 1269 3154 1337 recreatione,
3169 1268 3302 1342 plus
3320 1286 3495 1341 quam
3508 1269 3567 1325 in
3581 1271 3773 1342 prima

2120 1357 2409 1414 creatione
2445 1375 2456 1413 :
2492 1358 2623 1413 ideo
2653 1363 2979 1427 cantemus,
3014 1359 3153 1431 quia
3176 1375 3417 1431 equum,
3448 1359 3507 1414 id
3537 1364 3646 1428 est,
3678 1364 3770 1417 to-

2119 1452 2239 1504 tam
2275 1447 2611 1520 superbiam
2643 1447 2883 1516 diaboli,
2916 1451 2975 1504 et
3004 1447 3201 1520 ipsum
3232 1447 3534 1504 diabolum
3566 1466 3770 1506 ascen-

2120 1555 2313 1594 sorem
2345 1538 2526 1609 hujus
2555 1537 2714 1608 equi,
2747 1537 2962 1608 dejecit
2999 1537 3058 1592 in
3113 1553 3293 1604 mare,
3329 1538 3469 1609 quia
3513 1542 3769 1610 potesta-

2118 1631 2235 1684 tem
2268 1643 2447 1699 quam
2478 1626 2781 1682 exercebat
2808 1643 2986 1699 super
3008 1629 3195 1682 totum
3212 1625 3538 1683 humanum
3555 1642 3767 1701 genus,

2117 1717 2177 1772 in
2209 1715 2518 1788 baptizatis
2551 1715 2827 1788 perdidit.

2191 1805 2490 1862 Fortitudo
2522 1821 2653 1860 mea
2680 1809 2738 1859 et
2765 1804 2895 1861 laus
2926 1820 3059 1861 mea
3087 1804 3392 1874 Dominus,
3409 1805 3564 1862 sicut
3600 1824 3769 1881 expo-

356 1895 654 1953 devoravit
684 1910 783 1948 eos
816 1895 993 1958 terra,
1025 1889 1084 1944 id
1116 1892 1225 1956 est,
1259 1903 1396 1959 spes
1444 1890 1630 1955 terrae,
1664 1886 1805 1958 quia
1848 1887 2006 1942 vide-
2039 1922 2090 1988 B
2120 1896 2299 1951 situm
2331 1897 2420 1950 est
2452 1910 2464 1948 ε
2499 1897 2556 1949 et,
2584 1892 2710 1965 ipse
2741 1910 2877 1949 cum
2908 1893 2988 1949 sit
3017 1897 3243 1951 οι-θαιοι-
3270 1894 3557 1963 omnium,
3582 1895 3768 1952 factus

353 1987 499 2043 bant
530 1989 745 2041 terram
774 1981 1017 2037 nudam.

426 2075 555 2130 Dux
585 2071 768 2127 fuisti.
803 2070 906 2125 llic
938 2067 1147 2139 incipit
1177 2066 1483 2121 ostendere
1515 2065 1917 2138 prophetando
1943 2085 2011 2122 ex

352 2166 541 2237 parte,
576 2159 831 2233 qualiter
858 2174 959 2213 eos
992 2173 1095 2228 per
1124 2156 1422 2211 desertum
1452 2155 1713 2209 traduxit
1742 2171 1931 2226 usque
1950 2155 2008 2210 in

351 2256 571 2307 terram
626 2246 1095 2322 promissionis:
1159 2248 1216 2299 et
1274 2242 1487 2316 populo
1547 2244 1834 2311 traducto,
1894 2244 2012 2300 dua:

353 2342 524 2415 fuisti
552 2342 612 2394 in
640 2336 1022 2393 misericordia
1052 2342 1145 2389 tua
1168 2334 1367 2405 populo
1396 2350 1557 2404 quem
1585 2333 1880 2388 redemisti.

426 2432 493 2485 Et
517 2429 749 2502 portasti
778 2443 905 2482 eum
954 2426 1016 2479 in
1044 2422 1368 2493 fortitudine
1396 2429 1490 2477 tua
1518 2422 1588 2477 ad
1636 2422 2010 2479 habitaculum

350 2527 602 2577 sanctum
631 2525 806 2585 tuum,
841 2514 899 2570 id
930 2516 1040 2581 est,
1074 2513 1132 2567 in
1173 2511 1557 2577 Hierusalem,
1593 2511 1692 2567 ubi
1743 2512 2007 2567 sanctiﬁ-

350 2609 526 2666 caris.

425 2699 498 2754 Et
526 2694 759 2754 interim
792 2694 936 2748 dum
959 2689 1281 2746 transirent
1310 2705 1414 2760 per
1429 2688 2011 2755 desertum,asccndc-

353 2795 491 2845 runt
531 2785 726 2860 populi
771 2783 834 2839 in
882 2796 1215 2845 occursum,
1247 2781 1305 2833 et
1352 2782 1772 2833 nocumentum
1823 2778 1928 2845 eis,
1960 2786 2014 2835 et

350 2878 489 2935 irati
508 2883 638 2932 sunt
667 2874 822 2947 quod
856 2870 1175 2927 transirent
1203 2869 1351 2923 fines
1381 2883 1583 2922 eorum
1609 2884 1621 2921 :
1655 2871 1713 2922 et
1741 2867 2009 2922 determi-

353 2971 460 3024 nat
492 2965 593 3038 qui
625 2962 848 3038 populi,
882 2959 1124 3027 scilicet,
1157 2958 1367 3014 dolores
1399 2957 1751 3013 obtinuerunt
1788 2957 2009 3013 habita-

355 3064 496 3116 tores
526 3054 853 3110 Philistiim.

424 3146 489 3201 Et
541 3152 670 3200 tunc
712 3140 1023 3199 eonturbati
1066 3146 1197 3195 sunt
1232 3139 1511 3210 principes
1558 3136 1745 3204 Edam,
1788 3135 1847 3189 id
1898 3138 2010 3204 est,

2121 1989 2210 2041 est
2240 1987 2528 2050 creatura,
2561 1981 2762 2038 valens
2794 1982 2941 2039 mihi
2972 1983 3033 2037 in
3062 1987 3339 2040 aeternam
3371 1984 3642 2041 salutem.

2194 2077 2308 2131 Iste
2338 2075 2494 2129 Deus
2524 2089 2713 2140 meus,
2745 2077 2803 2128 et
2832 2066 3170 2144 gloriﬁcabo
3199 2089 3359 2142 eum,
3393 2074 3546 2131 Deus
3586 2075 3772 2147 patris

2121 2164 2235 2220 mei
2264 2162 2508 2218 Abrahae
2540 2165 2596 2217 et
2626 2161 2875 2217 aliorum
2909 2179 2922 2217 :
2956 2160 3044 2217 vel
3076 2165 3252 2233 caput
3280 2160 3516 2230 Christi,
3552 2162 3652 2235 qui
3682 2167 3771 2218 est

2120 2257 2284 2326 pater
2311 2250 2739 2323 baptizatorum
2773 2267 2785 2306 :
2818 2252 2974 2306 unde
3020 2250 3162 2306 dicit
3203 2251 3520 2323 Apostolus
3553 2268 3566 2307 :
3601 2252 3772 2326 Caput

2121 2343 2326 2399 Christi
2352 2343 2493 2396 Deus
2525 2340 2572 2411 (Ι
2600 2340 2722 2395 Cor.
2755 2342 2856 2410 x1).
2891 2339 3176 2396 Dominus
3207 2340 3376 2411 quasi
3424 2340 3514 2396 vir
3551 2358 3769 2415 pugna-

2119 2436 2213 2488 tor
2241 2428 2612 2501 omnipotens
2653 2445 2865 2485 nomen
2915 2428 3022 2497 eis,
3052 2444 3262 2485 currus
3310 2428 3532 2486 scilicet
3581 2430 3769 2486 deter-

2121 2520 2366 2577 minatio
2394 2522 2504 2585 est,
2540 2517 2676 2590 quis
2708 2516 2785 2572 sit
2815 2534 3092 2573 assensor
3133 2534 3356 2586 currus,
3391 2517 3446 2572 id
3492 2522 3600 2585 est,
3636 2518 3770 2577 illos

2120 2609 2330 2677 malos,
2364 2607 2463 2679 qui
2498 2605 2669 2661 multi
2701 2610 3134 2679 congregantur
3170 2606 3227 2661 in
3274 2606 3479 2662 eadem
3528 2606 3766 2676 militia,

2120 2700 2191 2755 ad
2226 2696 2583 2771 portandum
2616 2694 2999 2763 Pharaonem,
3035 2695 3092 2750 id
3124 2698 3231 2762 est,
3263 2693 3581 2750 Beelzebub
3604 2696 3765 2767 prin-

2119 2788 2307 2859 cipem
2340 2783 2785 2851 daemoniorum,
2818 2787 2877 2839 et
2906 2798 3140 2839 omnem
3180 2783 3497 2840 exercitum
3529 2785 3676 2856 ejus,
3710 2784 3765 2839 id

2119 2879 2231 2945 est,
2261 2875 2516 2931 minores
2548 2873 2834 2945 diabolos,
2867 2873 3111 2945 projecit
3137 2860 3197 2928 in
3246 2889 3426 2941 mare,
3462 2873 3601 2946 quia
3638 2873 3763 2945 jam

2119 2982 2237 3022 non
2268 2964 2488 3020 habent
2517 2966 2744 3018 tantam
2776 2961 3098 3019 efﬁcaciam
3130 2962 3376 3018 nocendi
3405 2961 3467 3017 in
3513 2962 3764 3035 baptiza-

2122 3056 2223 3111 tis.

2191 3142 2373 3200 Electi
2404 3140 2700 3221 principes
2730 3142 2861 3213 ejus
2892 3140 3185 3197 submersi
3216 3144 3358 3197 sunt
3386 3140 3446 3197 in
3478 3139 3623 3196 mari
3651 3139 3764 3195 Ru-

358 3237 776 3298 ldumzeorum,
812 3229 913 3301 qui
945 3230 1017 3285 de
1048 3230 1201 3284 Esau
1241 3227 1673 3282 descenderunt
1704 3242 1715 3280 :
1769 3225 2012 3282 robustos
2048 3296 2083 3305 _
2122 3235 2249 3301 bro,
2283 3233 2343 3287 in
2375 3231 2665 3305 sanguine
2693 3230 2932 3286 Christi,

355 3323 509 3381 Moab
538 3296 777 3378 obtinuit
805 3296 1005 3375 tremor
1032 3317 1152 3373 illis
1173 3314 2013 3386 transeuntibus,obriguerunt
2041 3296 2084 3363 α
2194 3296 2442 3378 Dextera.
2479 3296 2656 3387 ᾧῃαεί
2702 3320 2962 3375 diceret:
3016 3319 3122 3376 Per
3168 3318 3381 3375 Filium
3430 3322 3596 3374 tuum
3647 3317 3766 3373 huic

353 3413 566 3469 timore
594 3424 779 3465 omnes
811 3407 1137 3462 habitatores
1166 3405 1451 3461 Chanaan.

425 3502 613 3556 Irruat
630 3513 796 3569 super
821 3512 928 3551 eos.
964 3493 1370 3566 Prophetando
1401 3490 1747 3563 dicit,quasi
1768 3492 2006 3547 diceret:

356 3586 475 3661 Ipsi
510 3585 803 3641 timebunt
831 3586 888 3638 et
911 3582 1021 3637 hoc
1053 3581 1326 3647 concedo,
1362 3583 1540 3634 irruat
1576 3596 1740 3650 super
1778 3595 1866 3635 eos
1895 3582 2009 3650 for-

354 3675 506 3733 mido
536 3673 775 3742 mentis,
805 3679 857 3727 et
882 3688 1051 3743 pavor
1080 3668 1340 3741 corporis
1370 3669 1449 3724 im
1476 3667 1856 3739 magnitudine
1886 3668 2009 3723 bra—

355 3766 473 3823 Chii
502 3766 586 3820 tui
615 3763 673 3818 in
707 3779 923 3835 magna
954 3758 1317 3815 fortitudine.

426 3856 497 3911 Et
522 3870 623 3909 oro
656 3855 723 3907 ut
752 3854 958 3907 contra
986 3848 1163 3905 Israel
1202 3849 1340 3919 ﬁant
1383 3846 1688 3902 immobiles
1738 3848 1899 3918 quasi
1929 3848 2010 3902 la-

352 3946 466 4019 pis,
491 3944 660 3999 donec
684 3946 1045 4014 pertranseat,
1081 3939 1139 3993 id
1170 3942 1281 4009 est,
1314 3954 1416 4009 per
1444 3935 1571 3991 loca
1617 3953 1820 3991 eorum
1850 3940 2011 3991 tran-

357 4038 484 4091 seat
509 4031 747 4106 populus
778 4038 923 4098 tuus,
958 4028 1208 4094 Domine,
1240 4030 1297 4082 et
1328 4043 1445 4082 non
1476 4027 1706 4079 tantum
1752 4042 1855 4096 per
1886 4024 2014 4080 loca

357 4123 649 4196 quaedam,
692 4120 794 4176 sed
850 4119 1019 4175 donec
1072 4116 1313 4171 omnino
1379 4122 1724 4188 pertranseat
1777 4116 2013 4187 populus

356 4223 483 4271 tuus
514 4214 615 4268 iste
646 4226 805 4283 quem
845 4207 1137 4282 possedisti
1166 4221 1353 4277 usque
1400 4204 1461 4260 in
1496 4208 1714 4259 terram
1761 4202 2012 4278 promis-

358 4301 561 4359 sionis.

429 4392 500 4447 Et
526 4389 682 4447 sicut
712 4404 835 4453 oro,
867 4386 952 4441 ita
977 4387 1096 4453 fiet,
1117 4383 1258 4456 quia
1286 4387 1351 4439 tu
1382 4382 1693 4439 introduees
1713 4397 1800 4437 eos
1823 4380 1882 4434 in
1909 4384 2017 4435 ter-

359 4498 486 4538 ram
518 4476 929 4551 promissionis
958 4483 1010 4531 et
1038 4473 1286 4529 firmiter
1309 4471 1589 4547 plantabis
1610 4473 1671 4526 in
1699 4477 1878 4526 monte
1907 4469 2019 4525 hx-

359 4570 608 4627 reditatis
635 4575 767 4634 tuae,
801 4584 929 4638 quae
959 4566 1241 4619 montana
1287 4561 1503 4618 Judaaze
1534 4560 1777 4627 scilicet,
1810 4558 1870 4613 in
1917 4560 2014 4631 ﬁr-

2119 3411 2320 3468 omnia
2348 3413 2622 3483 operatus
2651 3426 2714 3465 es
2749 3425 2761 3464 :
2806 3410 3042 3465 dextera
3087 3412 3189 3465 tua
3236 3408 3526 3480 percussit
3568 3405 3764 3461 inimi-

2120 3518 2277 3569 cum,
2309 3499 2367 3555 id
2395 3505 2505 3567 est,
2540 3498 2840 3554 diabolum
2874 3515 2887 3553 :
2935 3502 2994 3554 et
3037 3497 3097 3552 in
3148 3496 3525 3554 multitudine
3573 3494 3766 3568 gloria

2120 3594 2257 3657 tuae,
2288 3588 2346 3643 id
2379 3592 2492 3656 est,
2526 3588 2585 3642 in
2618 3586 2929 3659 multiplici
2962 3586 3149 3659 gloria
3178 3584 3517 3653 nativitatis,
3550 3583 3766 3657 passio-

2122 3677 2234 3744 nis,
2287 3675 2750 3743 resurrectionis,
2808 3675 3131 3748 deposuisti
3180 3674 3543 3731 adversarios
3600 3690 3759 3729 meos

2122 3767 2414 3839 malignos
2443 3764 2709 3838 spiritus.

2193 3853 2626 3911 Misisti.Adbuc
2657 3853 2914 3909 ostendit
2942 3853 3233 3925 quomodo
3264 3852 3534 3925 deposuit
3558 3853 3615 3907 et
3634 3851 3768 3907 sub-

2122 3942 2329 4000 mersit
2362 3960 2375 3998 :
2405 3941 2620 3997 misisti
2648 3942 2796 3998 iram
2828 3945 3012 4009 tuam,
3048 3958 3175 4013 quas
3219 3939 3514 3997 devoravit
3556 3957 3657 3996 eos
3683 3939 3768 3994 si-

2122 4036 2222 4089 cut
2251 4030 2533 4102 stipulam
2567 4047 2580 4086 :
2615 4035 2675 4086 et
2706 4031 2766 4085 in
2799 4029 3022 4103 Spiritu
3053 4033 3257 4086 sancto
3301 4028 3638 4085 ministrare
3682 4027 3769 4083 tui

2124 4121 2362 4189 furoris,
2395 4119 2549 4175 sicut
2575 4123 2665 4175 est
2695 4119 2967 4175 minister
2995 4118 3342 4191 gratiarum,
3372 4121 3581 4190 praeter
3605 4115 3770 4173 abla-

2121 4216 2243 4267 tam
2276 4212 2624 4282 potestatem
2656 4209 2715 4263 in
2747 4208 3063 4280 baptismo,
3098 4209 3459 4280 congregatae
3490 4222 3667 4279 super
3694 4205 3776 4278 ip-

2124 4317 2222 4356 sos
2254 4298 2544 4371 malignos
2572 4297 2816 4369 spiritus
2846 4300 2904 4353 et
2933 4295 3332 4368 multiplicatae
3360 4305 3499 4352 sunt
3526 4294 3773 4367 aquaaﬁd

2124 4392 2231 4456 est,
2265 4386 2698 4455 tribulationes,
2730 4386 2888 4458 quod
2922 4386 3033 4442 erit
3062 4385 3122 4441 in
3155 4385 3374 4454 futuro,
3406 4383 3637 4458 quando
3660 4386 3777 4439 tor-

2125 4478 2466 4550 quebantur
2495 4475 2556 4530 in
2586 4474 2835 4531 inferno.

2196 4566 2308 4621 Sed
2342 4564 2579 4620 interim
2608 4567 2744 4620 ante
2773 4563 2931 4619 diem
2952 4562 3163 4635 judicii
3182 4562 3345 4620 stetit
3372 4561 3549 4629 unda,
3572 4564 3633 4616 et
3651 4576 3775 4633 pro-

359 4660 607 4715 missimo
657 4656 967 4713 habitacula
1012 4662 1123 4719 tua,
1157 4650 1298 4724 quod
1346 4657 1628 4722 ορθναηιεδ
1657 4665 1732 4715 ϐας,
1766 4649 2013 4715 Domine,
2046 4671 2093 4735 Β
2122 4654 2358 4727 longata
2386 4657 2495 4721 est,
2530 4653 2690 4707 unda
2720 4652 2931 4723 ﬂuens,
2953 4652 3011 4707 id
3042 4657 3152 4720 est,
3188 4666 3426 4724 poenam
3456 4649 3771 4716 inundans,

361 4748 517 4821 quod
548 4751 613 4801 tu
643 4744 761 4800 illis
792 4740 1153 4816 praeparasti.

433 4838 499 4895 Et
523 4834 667 4892 illud
698 4832 1074 4889 habitaculum
1123 4830 1263 4901 quod
1293 4837 1351 4885 tu
1393 4828 1512 4883 illis
1540 4826 1757 4893 dedisti,
1790 4835 1869 4882 est
1894 4843 2019 4883 saw

362 4928 639 4982 ctuarium
670 4932 845 4990 tuum,
880 4921 1124 4987 Domine,
1158 4919 1298 4990 quia
1329 4917 1412 4972 ibi
1442 4914 1840 4972 sanctiﬁcabis
1879 4916 2019 4987 quod

361 5017 726 5086 ﬁrmaverunt
751 5026 951 5067 manus
981 5017 1112 5077 tua),
1147 5012 1215 5063 ut
1245 5005 1510 5079 quandiu
1555 5004 1859 5059 obedircnt
1886 5005 2018 5073 tibi,

364 5104 612 5159 ﬁrmiter
641 5101 786 5156 illud
832 5101 1144 5155 tenerent:
1178 5101 1237 5152 et
1284 5097 1396 5152 iste
1446 5096 1712 5153 Dominus
1760 5093 1859 5165 qui
1904 5095 2020 5150 ista

363 5192 565 5248 omnia
619 5192 896 5261 operatus
944 5190 1054 5256 est,
1090 5186 1339 5258 regnabit
1384 5187 1446 5242 in
1493 5191 1784 5248 aeternum,
1818 5182 1875 5237 id
1905 5188 2019 5257 est,

365 5286 652 5355 quantum
684 5277 900 5348 aliquis
930 5280 1126 5349 potest
1154 5276 1410 5349 cogitare
1456 5281 1510 5331 et
1536 5273 1686 5328 ultra
1714 5289 1890 5343 quam
1923 5272 2019 5327 ali-

364 5370 499 5440 quis
531 5371 726 5441 potest
756 5367 1029 5437 cogitare.

434 5460 504 5514 Et
532 5470 857 5528 possumus
888 5454 1028 5510 certi
1049 5472 1176 5509 esse
1208 5453 1361 5525 quod
1396 5452 1518 5507 haec
1550 5449 1905 5522 omniaquae
1928 5452 2025 5505 ad-

363 5542 477 5599 huc
527 5544 775 5606 restant,
810 5542 1192 5614 cperabitur:
1245 5542 1401 5614 quod
1452 5544 1646 5614 potest
1690 5539 1869 5595 videri
1922 5556 2025 5612 per

361 5629 726 5701 principium
756 5644 1018 5699 Operum,
1054 5635 1120 5685 ut
1160 5629 1438 5685 exhibitio
1486 5628 1914 5701 praeteritorum
1946 5627 2025 5683 sit

361 5714 655 5770 certitudo
692 5711 1020 5774 futurorum
1057 5735 1068 5771 :
1102 5718 1212 5772 hoc
1245 5718 1385 5774 dicit
1418 5736 1429 5772 :
1460 5719 1740 5790 Ingressus
1770 5725 1848 5774 est
1875 5719 2025 5773 enim

2124 4744 2267 4816 quia
2293 4743 2559 4798 nondum
2590 4740 3179 4814 torquentur.Adhuc
3193 4742 3773 4812 augmentatpmnam

2127 4835 2501 4899 reservatam,
2538 4831 2807 4897 dicendo,
2840 4831 3059 4904 abyssi,
3081 4830 3139 4885 id
3170 4834 3277 4896 est,
3308 4827 3420 4883 illa:
3452 4826 3778 4900 profundis-

2124 4922 2290 4997 simae
2322 4937 2503 4994 poenae
2534 4924 2919 4993 congregatae,
2957 4920 3015 4974 id
3046 4924 3155 4987 est,
3189 4920 3491 4974 reservata:
3536 4919 3591 4971 et
3621 4914 3777 4971 mul-

2127 5009 2403 5083 tiplicatze
2435 5008 2495 5063 in
2527 5009 2722 5064 medio
2755 5008 2924 5064 mari.

2198 5100 2269 5153 Et
2282 5099 2433 5167 ideo,
2446 5097 2587 5169 quia
2605 5096 2753 5151 vidit
2774 5095 3045 5152 diabolus
3065 5095 3127 5151 in
3144 5094 3254 5151 hoc
3268 5092 3537 5167 presenti
3549 5107 3783 5165 poenam

2129 5186 2395 5254 dilatam,
2427 5185 2622 5241 dixit:
2659 5185 2985 5257 Persequar
3031 5184 3180 5239 istos
3228 5199 3377 5256 quos
3427 5181 3593 5237 video
3638 5179 3782 5235 mihi

2130 5276 2555 5341 subtractos,et
2586 5274 3082 5345 comprehendam
3115 5290 3219 5345 per
3248 5274 3512 5346 peccata:
3531 5267 3784 5325 dividam

2131 5364 2339 5437 spolia,
2374 5364 2433 5418 id
2465 5367 2576 5433 est,
2604 5363 2853 5419 virtutes
2884 5364 3146 5418 auferam
3182 5380 3195 5417 :
3231 5360 3587 5434 implobitur,
3604 5357 3659 5415 id
3678 5362 3785 5425 est,

2133 5453 2471 5521 satiabitur,
2499 5452 2698 5508 anima
2728 5469 2880 5523 mea,
2912 5452 2970 5507 id
3002 5454 3111 5519 est,
3148 5449 3505 5507 desiderium
3560 5464 3780 5514 meum,

2132 5542 2273 5613 quia
2304 5541 2437 5597 nolo
2468 5545 2535 5596 ut
2566 5540 2625 5594 in
2656 5540 2783 5595 loco
2814 5541 2971 5595 unde
3002 5539 3204 5607 cecidi,
3241 5537 3698 5595 substituuntur.

2204 5631 2274 5684 Et
2303 5629 2349 5684 si
2385 5647 2499 5685 non
2533 5632 2732 5700 potero
2782 5628 3228 5701 deceptionibus
3275 5627 3576 5700 prolicere,
3604 5625 3788 5697 evagi-

2136 5720 2401 5791 naboper
2430 5734 2592 5774 meos
2625 5716 2927 5774 ministros
2957 5716 3220 5789 gladium
3254 5716 3545 5783 meum,ut
3565 5716 3783 5770 terrore
