3942 6408
162 513 275 573 709

1201 512 1607 575 COMMENT.
1657 513 1734 572 IN
1781 511 2112 572 CAN'I‘ICA
2157 515 2526 585 AL.QUU'I‘.

3456 521 3571 578 ’710

169 662 225 701 se
256 644 594 700 habiturum
643 645 896 710 divitias,
933 645 1030 700 illo
1084 646 1406 715 interfecto,
1451 646 1811 717 recognoscit
1841 649 1893 712 Α
1928 645 2337 716 imputari,qui
2373 645 2418 698 si
2451 664 2562 700 non
2600 649 3262 716 peccareut,custodiret
3295 653 3574 708 eosEnu—

168 750 477 804 pauperem
511 750 660 798 esse,
693 739 748 788 et
781 734 908 788 ideo
945 734 1086 788 nihil
1121 752 1248 789 esse.
1287 735 1596 789 lucratum.

234 823 404 877 Vianz.
439 823 582 877 Vere
616 823 926 877 exsultatio
959 842 1158 878 eorum
1189 823 1381 878 inanis
1414 831 1521 890 est,
1553 825 1688 894 quia
1718 841 1817 894 per

166 911 423 968 medium
447 930 646 966 eorum
672 918 1110 983 persecutorum
1135 915 1311 982 fecisti
1340 916 1492 983 cquis
1511 913 1700 977 tuis,id
1727 917 1816 964 est

169 1000 382 1057 Sanctis
409 1005 463 1054 te
495 1001 870 1069 ferentibum,
889 1003 1032 1054 viam
1057 1006 1112 1053 et
1146 1002 1459 1054 transitum
1485 1004 1541 1054 in
1568 1003 1728 1062 mari,
1761 1001 1812 1052 id

169 1093 253 1142 est
283 1089 340 1142 in
374 1090 620 1157 mundo,
654 1089 898 1154 scilicet,
933 1092 990 1143 in
1024 1091 1134 1143 luto
1182 1107 1452 1160 aqimrum
1495 1091 1813 1149 multarum,

170 1177 224 1231 in
255 1176 379 1231 loco
416 1178 512 1231 ubi
548 1182 686 1231 sunt
724 1195 886 1249 aqum
940 1178 1158 1246 multm,
1191 1179 1454 1232 carnales
1506 1178 1816 1246 concupis-

173 1265 389 1332 centiae,
426 1284 552 1337 qum
586 1273 869 1336 generant
901 1266 1110 1330 lutum,
1149 1268 1203 1320 in
1255 1285 1368 1338 quo
1419 1267 1592 1338 pedes
1644 1268 1817 1318 all‘ec—

174 1354 395 1408 tionum
429 1355 775 1424 inﬁguntur,
812 1356 910 1408 sed
945 1356 1133 1409 sancti
1169 1356 1454 1409 bonarum
1507 1355 1705 1426 planta
1737 1354 1818 1407 af-

174 1443 485 1497 fectionum
519 1442 711 1497 lutum
746 1443 1084 1514 hujusmodi
1119 1445 1519 1514 egrediuntur.

238 1531 460 1586 Audiri.
479 1531 654 1596 Quasi
689 1531 924 1598 diceret,
947 1533 1132 1586 sancti
1166 1537 1490 1597 transeunt,
1509 1533 1608 1586 sed
1631 1537 1821 1584 tamen

175 1620 226 1674 in
258 1619 370 1675 hac
400 1620 494 1674 via
544 1619 903 1674 tribulantur
949 1621 1234 1692 graviter;
1265 1621 1373 1675 hoc
1414 1622 1553 1675 dicit
1587 1638 1598 1674 :
1635 1620 1825 1673 malini

175 1709 305 1779 quid
341 1708 404 1763 in
438 1708 546 1763 hac
576 1708 670 1762 via
699 1713 902 1763 contra
933 1713 1310 1764 transimntes
1342 1709 1826 1769 maehinentur,et

174 1805 355 1853 renter
378 1813 550 1863 meus,
570 1796 626 1850 id
658 1803 745 1852 est
777 1797 1092 1852 infirmitas
1126 1799 1318 1852 carnis
1357 1816 1517 1860 mem,
1545 1797 1827 1850 conturba-

176 1895 254 1941 tus
283 1895 367 1942 est
394 1904 463 1942 ex
495 1885 808 1958 fragilitate
839 1887 1034 1942 carnis
1065 1905 1226 1950 mea),
1261 1892 1317 1942 et
1349 1889 1496 1941 labia
1541 1903 1660 1939 mea
1700 1902 1826 1939 con-

175 1981 530 2039 tremuerunt,
567 1974 623 2028 id
655 1979 742 2028 est
773 1975 829 2028 in
864 1975 1070 2029 timore
1102 1975 1294 2030 carnis
1335 1976 1830 2030 annuntiaveruut

174 2066 418 2120 verbum
449 2063 552 2118 Dei
581 2081 614 2118 a
646 2079 766 2118 voce
797 2063 1028 2118 illorum
1061 2065 1280 2129 audita,
1313 2064 1368 2118 id
1403 2069 1491 2119 est
1523 2061 1831 2117 intellectis

178 2171 325 2226 quas
357 2152 440 2207 illi
475 2152 901 2224 prmparabant.

243 2240 614 2312 Ingrediatur.
647 2239 792 2294 Caro
825 2239 1157 2304 timuit,scd
1193 2245 1386 2294 tamen
1422 2258 1534 2294 non
1562 2239 1689 2293 ideo
1715 2257 1832 2293 ces-

180 2331 341 2394 sabo,
375 2329 574 2400 potius
607 2327 950 2398 ingrediatur
986 2329 1210 2399 putrebo
1264 2330 1437 2383 etiam
1489 2329 1690 2383 subter
1739 2343 1832 2381 me

182 2417 476 2489 corruptio
503 2417 563 2472 in
592 2416 802 2471 ossibus
832 2419 968 2470 meis
999 2434 1186 2488 usque
1228 2418 1404 2470 etiam
1457 2418 1527 2470 ad
1579 2435 1712 2470 ossa
1739 2435 1750 2480 ;
1786 2425 1837 2469 et

181 2507 308 2579 ipsa
339 2507 589 2579 putredo
623 2505 797 2559 etiam
831 2506 1013 2560 subter
1041 2523 1126 2560 me
1171 2514 1388 2566 scatent.
1424 2505 1530 2559 hoc
1564 2511 1670 2568 est,
1702 2509 1834 2557 ante

184 2596 583 2667 permitterem
616 2610 710 2647 me
755 2593 835 2647 ita
883 2593 1083 2665 affligi,
1118 2598 1182 2647 ut
1227 2611 1454 2648 vermes
1485 2594 1554 2647 de
1598 2609 1837 2664 corpore

190 2701 315 2738 meo
349 2683 680 2737 et‘fluerent.

254 2772 391 2826 Ideo
424 2771 631 2842 patior,
657 2779 717 2825 ut
743 2773 798 2824 in
829 2770 917 2824 die
946 2769 1316 2825 tribulationis
1339 2771 1572 2841 quando
1609 2770 1686 2822 illi
1719 2786 1837 2839 per-

188 2865 487 2915 secutores
529 2860 958 2930 torquebantur
1011 2860 1066 2913 in
1117 2859 1364 2928 inferno,
1410 2862 1740 2930 reqzii'¢.'.s‘('(iiii
1792 2865 1842 2911 et

188 2947 477 3004 ascendam
508 2948 567 3002 in
600 2947 810 3002 malum
844 2947 913 3001 ad
948 2949 1213 3018 populum
1242 2950 1543 3001 accinctum
1596 2956 1842 3002 nostrum

191 3039 260 3091 ad
295 3036 655 3091 consortium
691 3034 1060 3106 illorum,qui
1083 3037 1316 3089 fuerunt
1348 3035 1598 3106 populus
1623 3039 1841 3101 noster,

192 3127 248 3180 id
287 3130 376 3180 est
407 3123 652 3179 nobisin
688 3124 799 3177 {ide
832 3129 888 3176 et
909 3124 1186 3194 operibus
1217 3123 1458 3190 similes,
1479 3123 1580 3194 qui
1607 3125 1843 3176 fuerunt

189 3215 248 3270 in
286 3214 393 3268 hac
422 3213 517 3270 via
549 3213 696 3268 bene
727 3211 1008 3266 succincti
1043 3216 1098 3266 et
1128 3212 1457 3283 przeparati.

269 3303 534 3358 Ficus.Et
557 3317 690 3358 vere
721 3300 1094 3368 tribulantur,
1123 3301 1322 3355 omnia
1352 3301 1506 3354 enim
1545 3301 1696 3354 bona
1716 3318 1842 3371 quis

1927 742 2107 788 Inerat
2146 741 2338 788 autem
2377 735 2467 787 hic
2503 736 2727 805 Moyses
2762 737 2910 788 bona
2943 756 3068 807 quae
3105 739 3257 792 Deus
3300 741 3433 793 fecit
3465 743 3569 809 eis,

1927 829 1980 876 et
2006 844 2032 876 e
2062 829 2258 875 contra
2286 823 2436 876 mala
2457 842 2581 893 quas
2600 825 2706 894 ipsi
2736 826 3114 879 rmliliiilerunt
3134 827 3398 894 ei,ctiam
3423 836 3575 900 post-

1927 929 2102 981 qurun
2140 917 2222 964 tot.
2255 912 2526 982 periculis
2559 918 2786 982 ereptos
2820 915 3045 968 induxit.
3078 916 3133 969 in
3174 922 3384 971 terram
3436 937 3573 990 pro-

1931 1001 2251 1062 missionis,
2286 1002 2436 1053 unde
2472 1008 2812 1055 meruerunt
2844 1004 3097 1072 graviter
3143 1005 3358 1076 puniri,
3393 1011 3448 1060 et
3499 1009 3571 1062 ab

1928 1088 2195 1140 hostibus
2229 1088 2576 1141 conculcari.
2616 1090 2672 1142 lu
2709 1091 2899 1160 prima
2942 1097 3101 1162 parte
3151 1094 3405 1147 ostendit
3453 1094 3574 1148 haec

1931 1177 2180 1252 quarqhic
2213 1178 2399 1245 (lueet,
2434 1178 2597 1231 valde
2629 1196 2756 1229 esse
2792 1179 2980 1248 utilia,
3017 1183 3168 1234 unde
3219 1188 3337 1236 tam
3397 1185 3575 1254 majo-

1932 1283 2060 1318 rum
2095 1284 2269 1334 quam
2309 1266 2596 1319 minorum
2627 1266 2850 1320 invocat.
2883 1269 3444 1334 testimonia;etlioc
3466 1276 3579 1332 est..-

2005 1355 2216 1410 Audite.
2249 1355 2388 1414 eali,
2424 1371 2548 1424 qua’
2590 1357 2800 1426 loquar,
2834 1357 3024 1410 audiat
3070 1367 3215 1412 terra
3265 1361 3425 1414 verba
3467 1362 3577 1415 oris

1931 1444 2091 1496 mei:
2143 1443 2308 1512 quasi
2362 1443 2621 1497 diceret:
2675 1447 2889 1498 Omnes
2940 1446 3202 1512 audiant,
3255 1452 3311 1502 et
3368 1465 3580 1518 cogno-

1935 1537 2164 1584 scentes
2195 1549 2392 1584 verum
2417 1549 2545 1584 esse,
2577 1533 2916 1602 approbent,
2951 1538 3006 1588 et
3056 1536 3302 1605 posteris
3353 1554 3582 1590 annun-

1934 1621 2101 1673 tient.

2006 1712 2325 1763 Coneresrat
2373 1711 2427 1762 in
2469 1711 2716 1778 plumam
2767 1711 3012 1765 doctrina
3060 1730 3176 1766 mea.
3232 1714 3376 1766 Ecce
3425 1715 3578 1784 quod

1939 1797 2078 1850 utile
2111 1802 2218 1858 est,
2255 1799 2428 1849 corda
2459 1799 2793 1852 auditorum
2837 1799 3057 1853 sterilia
3106 1817 3476 1854 concrescere
3507 1802 3582 1856 Ia-

1937 1886 2102 1938 citet
2136 1885 2457 1949 t'eeundari,
2511 1886 2664 1940 sicut
2715 1904 2866 1956 aqua
2915 1892 3170 1953 terram;
3202 1890 3340 1956 ﬂuat
3386 1897 3448 1943 ut
3496 1906 3583 1944 ros

1937 1975 2211 2044 eloquium
2245 1990 2424 2026 meum
2457 1974 2526 2026 ad
2571 1974 2880 2028 utilitatem
2929 1975 3141 2030 iterum
3194 1981 3581 2045 terrenorum,

1942 2063 2038 2133 qui
2074 2063 2143 2114 de
2168 2061 2410 2130 judieiis
2447 2063 2538 2116 Dei
2568 2063 2715 2116 male
2747 2063 3026 2117 sentiunt.

2015 2152 2181 2217 Quasi
2213 2151 2384 2203 imber
2423 2167 2587 2220 super
2635 2152 2875 2216 herbam,
2908 2160 2959 2207 et
3004 2156 3162 2223 quasi
3205 2156 3376 2210 stille’
3423 2171 3586 2226 super

1940 2240 2213 2308 gramina,
2245 2240 2375 2308 quia
2422 2256 2613 2292 nomen
2649 2240 2869 2293 Domini
2909 2241 3204 2305 invocabo,-
3236 2243 3403 2312 quasi
3440 2242 3588 2297 dice-

1943 2331 2026 2379 ret
2062 2343 2073 2381 :
2109 2327 2323 2379 Omnes
2355 2326 2554 2380 audire
2587 2326 2829 2393 debetis,
2855 2328 2994 2398 quia
3023 2327 3301 2384 invocabo
3332 2329 3590 2385 testimo-

1946 2415 2108 2468 nium
2141 2432 2340 2468 eorum
2377 2433 2502 2484 qua:
2534 2416 2685 2481 dico,
2719 2434 2929 2470 nomen
2963 2418 3213 2471 Domini.

2021 2503 2290 2558 l)a!e.llic
2327 2504 2530 2574 incipit
2563 2522 2968 2575 narraregquze
3003 2506 3153 2559 bona
3184 2506 3592 2578 fecitillis,un-

1949 2594 2017 2646 de
2052 2593 2213 2663 prius
2245 2592 2451 2646 invitat
2483 2610 2580 2646 eos
2631 2593 2702 2646 ad
2755 2595 2900 2646 bene
2949 2596 3344 2665 operandum;
3380 2601 3437 2650 et
3487 2597 3593 2652 hoc

1949 2687 2037 2734 est.
2071 2697 2082 2734 :
2121 2683 2248 2734 Date
2278 2682 2736 2750 imamiﬁrentiam
2766 2683 2870 2734 Deo
2903 2691 3102 2744 nostro,
3138 2684 3190 2736 id
3225 2689 3313 2737 est
3341 2684 3596 2740 extollite

1950 2775 2235 2840 quantum
2270 2770 2338 2821 ad
2373 2786 2492 2832 vos,
2526 2786 2659 2821 eum
2695 2768 2793 2838 qui
2829 2770 2885 2822 in
2920 2789 2980 2823 se
3013 2788 3263 2840 magnus
3295 2778 3404 2837 est,
3439 2775 3593 2842 quod

1950 2857 2192 2920 debetis,
2229 2858 2366 2926 quia
2387 2857 2584 2909 omnia
2611 2874 2770 2925 opera
2805 2858 2901 2911 Dei
2927 2860 3160 2927 perfecta
3190 2867 3336 2925 sunt,
3373 2860 3429 2913 in
3463 2877 3595 2913 om-

1952 2947 2126 2999 nibus
2177 2963 2302 3014 qua:
2351 2945 2486 3000 fecit
2531 2949 2618 2997 est
2664 2946 2957 3014 perfectio,
2990 2954 3040 3000 ct
3091 2962 3274 3000 omnes
3326 2948 3433 3002 via?
3477 2950 3592 3019 ejus

1952 3035 2166 3105 quibus
2197 3033 2350 3086 venit
2375 3033 2446 3085 ad
2479 3032 2746 3086 homines
2777 3038 2915 3086 sunt
2935 3034 3147 3104 judicia
3190 3039 3343 3088 recte
3393 3035 3594 3108 dispo-

1954 3123 2088 3185 sita,
2120 3121 2224 3175 etsi
2257 3122 2520 3191 quaedam
2552 3121 2797 3175 occulta.

2024 3217 2167 3266 Deus
2198 3211 2394 3279 ﬁdelis,
2426 3218 2477 3263 et
2502 3210 2702 3280 absque
2741 3211 2857 3265 ulla
2908 3214 3194 3282 iniquitate
3227 3232 3244 3265 :
3293 3231 3596 3270 commen-

1955 3303 2050 3355 det
2081 3300 2440 3368 cum,justus
2473 3298 2646 3352 etiam
2680 3304 2767 3352 est
2800 3299 2976 3365 Deus,
3005 3309 3053 3355 et
3101 3310 3274 3355 rectus
3327 3303 3433 3357 hoc
3483 3309 3591 3373 est,

189 3394 250 3448 in
283 3392 391 3447 hoc
424 3391 645 3445 mundo
691 3393 1056 3456 amaverunt,
1090 3389 1167 3443 ibi
1218 3390 1461 3460 perdent
1496 3406 1506 3442 :
1543 3389 1694 3460 quod
1747 3407 1842 3442 ex-
1874 3391 1917 3457 C
1955 3389 2056 3445 vim
2088 3390 2236 3459 ejus.

191 3480 464 3554 sequitur
493 3496 595 3552 per
625 3483 821 3550 partes
871 3483 1282 3532 terrenorum:
1334 3480 1492 3532 Ficus
1541 3479 1688 3532 enim
1734 3495 1845 3532 non

187 3571 425 3641 ﬂorebit,
459 3577 510 3624 ct
539 3585 648 3624 non
677 3570 784 3623 erit
808 3583 1026 3638 germen
1060 3569 1116 3621 in
1147 3569 1342 3620 vineis.

263 3659 579 3714 Mentietur
595 3673 743 3728 opus
775 3657 956 3720 olivae,
973 3660 1030 3710 et
1062 3672 1196 3710 arva
1218 3672 1331 3708 non
1360 3655 1601 3710 all‘erent
1622 3655 1842 3710 cibum.

267 3746 625 3803 Abscindetur
653 3745 718 3800 de
764 3746 901 3801 ovili
926 3761 1110 3816 pecus,
1141 3752 1190 3798 et
1236 3760 1346 3798 non
1392 3746 1498 3798 erit
1538 3753 1846 3799 armentum

196 3840 258 3892 in
284 3838 524 3908 prwscpi
529 3835 645 3889 bus.

262 3927 337 3980 Eo
365 3932 569 3979 autem.
603 3923 689 3977 Illi
723 3923 848 3978 suis
888 3922 1057 3977 bonis
1106 3920 1349 3992 perditis
1401 3922 1842 3986 contristantur,

191 4031 284 4085 ego
316 4021 499 4068 autem
529 4013 737 4083 adepta
768 4011 1130 4066 bcatttudine
1160 4009 1399 4080 gaudebo
1431 4013 1489 4063 in.
1519 4011 1764 4073 Domino,
1797 4018 1849 4065 et

190 4102 472 4156 exsultatio
507 4103 562 4156 in
595 4101 698 4154 Deo
729 4101 856 4154 Iesu
884 4116 1022 4154 meo.

261 4191 335 4245 Et
363 4189 520 4244 idem
551 4190 689 4243 Deus
720 4190 984 4243 Dominus
1013 4192 1100 4242 est
1147 4185 1407 4257 fortitudo
1454 4202 1574 4240 mea
1625 4185 1681 4238 in
1735 4185 1845 4241 hoc

192 4277 490 4350 praesenti,
523 4285 573 4333 et
591 4285 754 4349 ponet
786 4277 842 4331 in
875 4277 983 4331 hac
1013 4276 1131 4330 vita
1157 4275 1315 4346 pedes
1345 4291 1488 4330 meos
1527 4277 1686 4346 quasi
1727 4292 1845 4330 cer-

191 4384 388 4424 vorum
419 4385 437 4420 :
470 4366 550 4421 ita
581 4365 694 4421 cito
727 4366 1038 4420 ascendere
1073 4365 1262 4430 faciet,
1299 4365 1451 4418 sicut
1501 4381 1703 4417 cervus
1730 4363 1845 4418 cito

193 4455 479 4522 ascendit,
495 4463 546 4510 et
564 4454 789 4509 deducet
815 4471 901 4509 me
931 4455 1103 4509 victor
1123 4453 1182 4507 in
1217 4453 1413 4507 futuro
1443 4469 1608 4523 super
1636 4454 1846 4508 excelsa

194 4543 325 4599 caeli
358 4545 414 4598 in
444 4544 677 4614 psalmis
706 4550 1008 4597 canentem.

697 4684 1066 4741 CANTICUM
1103 4683 1346 4739 MOYSI.

264 4810 496 4876 Audite,
530 4811 670 4865 caeli.
725 4809 1071 4864 Praedixerat
1119 4809 1403 4862 Dominus
1453 4810 1632 4879 (De-ut.
1671 4815 1848 4876 xxxu)

199 4901 440 4972 Moysen
484 4899 836 4953 moriturum
887 4914 1035 4965 esse,
1086 4900 1141 4950 et
1204 4901 1334 4967 post
1381 4900 1627 4949 mortem
1679 4915 1846 4951 suam

194 4987 374 5045 Israel
409 4986 468 5041 in
503 4991 716 5041 terram
752 4985 1162 5057 promissionis
1207 4984 1628 5044 inducendum,
1663 4990 1718 5038 et
1766 4987 1845 5039 ibi

190 5081 598 5149 peccaturum,
614 5081 677 5130 ut
708 5081 764 5129 et
794 5074 1014 5130 alienos
1043 5074 1182 5128 deos
1215 5073 1500 5138 adoraret,
1526 5090 1705 5144 quare
1739 5074 1845 5128 mi-

189 5164 457 5220 rabiliter
488 5164 642 5220 Deus
674 5181 772 5219 eos
805 5163 1091 5236 afﬂigeret
1117 5180 1127 5217 :
1154 5179 1335 5234 quare
1368 5178 1439 5215 ne
1459 5161 1756 5217 videretur
1779 5182 1847 5219 ex

188 5253 538 5326 impotentia
572 5254 665 5309 Dei
697 5253 963 5324 esse,qui
997 5251 1160 5323 prius
1192 5253 1518 5321 protexerat
1556 5267 1673 5319 eos,
1695 5269 1844 5323 prce-

188 5345 347 5416 cepit
382 5342 665 5398 Dominus
697 5341 1058 5412 scribi,illud
1093 5339 1429 5410 contingere
1460 5344 1696 5411 propter
1721 5358 1848 5412 pec-

186 5437 320 5487 cata
351 5449 479 5497 sua,
501 5448 616 5486 non
646 5435 881 5502 propter
910 5429 1009 5484 Dei
1043 5427 1586 5498 impotentiam,qui
1609 5446 1846 5498 peccan-

184 5525 276 5576 tes
308 5519 539 5592 afﬂigit,
573 5525 630 5575 et
656 5520 729 5574 ab
763 5517 1018 5573 inimicis
1051 5515 1338 5586 permittit
1387 5515 1716 5571 conculcari
1743 5537 1754 5585 ;
1790 5523 1846 5574 et

178 5609 313 5666 ideo
347 5609 532 5664 scribi
562 5607 764 5673 voluit,
798 5612 864 5662 ut
904 5606 1083 5662 etiam
1134 5605 1204 5660 de
1256 5603 1639 5675 sequentibus
1689 5606 1843 5662 idem

183 5699 543 5765 crederetur,
577 5698 730 5768 quod
763 5697 1000 5768 quando
1033 5694 1378 5766 puniuntur,
1393 5696 1451 5748 et
1479 5710 1513 5748 a
1545 5693 1658 5748 Deo
1679 5696 1843 5750 dese-

182 5793 418 5857 runtur,
454 5803 558 5861 pro
590 5785 843 5861 peccatis
874 5788 962 5842 est
991 5799 1193 5840 eorum
1228 5800 1240 5839 :
1277 5798 1463 5856 neque
1510 5783 1681 5841 debet
1729 5787 1843 5846 Deo

2024 3479 2122 3533 V'el
2153 3479 2238 3549 sij
2253 3484 2419 3532 ustus
2450 3482 2507 3532 ct
2541 3483 2753 3544 rectus,
2787 3489 3142 3549 peccaverunt
3171 3483 3225 3535 ei
3253 3481 3391 3553 quia
3422 3483 3599 3537 etiam

1955 3571 2036 3624 illi
2072 3569 2169 3641 qui
2197 3567 2346 3638 justi
2396 3567 2686 3633 videntur,
2729 3574 3062 3639 peccatores
3111 3574 3250 3624 sunt
3299 3587 3600 3642 compara-

1953 3659 2107 3713 tione
2141 3675 2153 3713 :
2186 3666 2236 3712 et
2263 3674 2394 3726 non,
2427 3657 2481 3711 id
2516 3662 2622 3724 est,
2649 3658 2916 3727 nunquid
2949 3658 3126 3712 etiam
3157 3660 3293 3714 Filii
3321 3661 3436 3731 ejus
3463 3664 3603 3714 sunt

1957 3751 2012 3803 in
2046 3747 2338 3801 sordibus?
2377 3748 2526 3799 Sunt
2577 3746 2798 3816 utique,
2842 3747 3017 3800 etiam
3051 3746 3133 3800 illi
3182 3748 3282 3817 qui
3330 3749 3605 3803 videntur

1956 3837 2079 3890 filii.
2117 3836 2215 3889 Vel
2267 3837 2350 3889 sic
2386 3851 2396 3888 :
2431 3835 2640 3888 Justus
2689 3840 2798 3900 est,
2833 3840 3027 3889 rectus
3074 3839 3162 3887 est
3203 3835 3510 3900 Dominus,
3545 3841 3602 3889 et

1954 3943 2066 3980 non
2123 3924 2222 3976 t’ilii
2276 3925 2659 3993 peccaverunt
2688 3922 2761 3985 ei,
2796 3926 2852 3974 ct
2880 3921 2963 3975 illi
2999 3939 3109 3974 non
3145 3921 3246 3974 filii
3277 3923 3406 3991 ejus
3455 3927 3594 3976 sunt

1955 4015 2011 4067 in
2045 4013 2336 4067 sordibus.

2027 4101 2304 4156 Generutio
2333 4115 2502 4169 prava
2532 4106 2580 4151 et
2605 4114 2878 4167 perversa.
2915 4097 3237 4167 Increpatio
3272 4115 3285 4153 :
3321 4100 3486 4170 quasi
3513 4099 3599 4153 di-

1954 4198 2106 4244 ceret
2139 4205 2151 4242 :
2189 4187 2271 4242 Illi
2306 4203 2420 4240 non
2456 4185 2556 4238 filii
2591 4189 2728 4238 sunt
2777 4202 2950 4255 prava
3000 4186 3314 4256 generatio,
3349 4188 3592 4243 ha’ccine

1955 4279 2132 4334 reddis
2164 4277 2409 4338 Domino,
2438 4275 2635 4345 popule
2660 4275 2821 4329 stulte
2849 4282 2899 4329 et
2937 4276 3245 4346 insipiens?
3278 4275 3430 4331 Mala
3479 4277 3590 4332 sci-

1953 4368 2087 4422 licet
2118 4371 2173 4420 et
2205 4380 2496 4436 perversa.

2026 4454 2283 4526 Nunquid
2313 4470 2421 4508 non
2471 4453 2585 4523 ipse
2612 4460 2690 4508 est
2715 4453 2876 4508 Pater
2922 4457 3093 4526 tuus?
3125 4455 3299 4520 Quasi
3334 4455 3552 4510 diceret
3584 4472 3596 4510 :

1956 4548 2079 4602 Non
2115 4545 2354 4598 deberes
2385 4542 2504 4597 hmo
2533 4542 2791 4606 reddere,
2824 4542 2962 4612 quia
3011 4542 3178 4596 Pater
3229 4547 3367 4597 tuus
3418 4543 3604 4599 multa

1955 4635 2090 4690 fecit
2121 4633 2222 4687 tibi
2253 4649 2265 4696 ;
2299 4635 2356 4685 et
2386 4630 2494 4684 hoc
2541 4634 2630 4684 est
2663 4647 2676 4683 :
2729 4632 2826 4700 qui
2869 4630 3107 4700 possedit
3153 4639 3202 4686 te
3249 4633 3520 4702 regendo,
3553 4641 3604 4688 et

1877 4757 1924 4819 Β
1957 4726 2084 4795 fecit
2111 4731 2162 4777 et
2184 4722 2386 4776 creavit
2415 4728 2480 4774 te.
2519 4719 2910 4791 I’rmposterus
2942 4721 3102 4773 ordo.

2030 4812 2286 4867 Memento
2316 4809 2529 4864 dierum
2559 4810 2910 4879 antiquorum
2941 4809 2997 4862 in
3032 4809 3246 4878 quibus
3269 4810 3420 4864 bona
3449 4809 3605 4864 exhi-

1958 4902 2102 4966 buit,
2149 4903 2319 4968 cogita
2368 4900 2737 4968 generatiom's
2779 4899 3030 4968 singulas
3082 4899 3300 4969 quibus
3349 4897 3600 4971 singulis

1958 4995 2102 5046 bene
2135 4990 2285 5043 fecit.

2025 5082 2312 5151 Interroga
2341 5085 2549 5148 patrem
2581 5084 2754 5135 tuum,
2785 5084 2838 5130 et
2865 5075 3217 5130 annuntiabit
3245 5075 3344 5130 tibi
3372 5076 3603 5146 majores

1955 5179 2070 5226 tuos
2096 5174 2225 5240 post
2255 5165 2568 5228 Abraham,
2609 5167 2786 5230 Isaac,
2822 5164 3031 5219 deinde
3067 5165 3265 5230 Jacob,
3301 5169 3356 5217 et
3387 5162 3470 5216 sic
3502 5179 3605 5233 per

1955 5257 2208 5330 singula,
2242 5264 2292 5311 et
2318 5255 2498 5308 dicent
2523 5253 2623 5308 tibi
2655 5253 2807 5305 bona
2839 5269 2966 5323 qua:
3001 5252 3133 5306 fecit
3165 5251 3444 5321 antiquis.

2027 5345 2260 5418 Quando
2293 5341 2811 5398 dividebat.Suhdit
2843 5358 2968 5412 qua}
3001 5341 3156 5408 fecit,
3174 5339 3396 5394 scilicet
3417 5355 3601 5410 quan-

1953 5437 2024 5490 do
2057 5434 2392 5488 Altissimus
2426 5431 2720 5485 dividebat
2747 5435 2980 5499 gentes:
3016 5446 3128 5482 non
3161 5433 3294 5482 ante
3324 5427 3604 5482 constitu-

1954 5525 2170 5579 tionem
2202 5520 2379 5574 turris
2412 5519 2628 5589 legitur
2645 5519 2794 5571 facta
2826 5517 3031 5572 divisio
3050 5517 3444 5589 gentium,sed
3465 5519 3602 5569 tunc

1953 5612 2126 5684 cmpit
2149 5627 2161 5664 ε
2184 5613 2240 5664 et
2272 5612 2414 5678 quot
2450 5608 2683 5660 fuerunt
2705 5605 2897 5674 capita
2927 5611 2983 5659 et
3015 5605 3309 5676 principes
3329 5605 3385 5658 in
3407 5604 3604 5676 gigan-

1951 5701 2110 5756 tibus
2126 5697 2262 5765 illis,
2279 5701 2364 5750 tot
2379 5693 2694 5750 divisiones
2715 5692 3053 5764 linguarum
3075 5693 3235 5747 facta:
3260 5691 3477 5747 suntin
3495 5690 3599 5749 eis.

1954 5792 2017 5850 In
2050 5789 2308 5860 Hebrwo,
2330 5788 2386 5843 et
2416 5783 2476 5838 in
2506 5782 2631 5840 suis
2662 5782 2945 5840 remansit
2965 5781 3168 5857 lingua
3198 5780 3603 5856 Hebraea,quia
