3942 6362
171 414 296 474 713

1460 418 1869 481 COMMENT.
1917 424 1993 483 IN
2040 425 2336 490 ISAIAM.

3479 437 3595 498 7M

168 561 322 619 mihi
359 565 426 620 in
453 563 727 620 thesauri:
755 566 912 635 meis,
937 565 995 621 id
1027 572 1117 621 est
1147 566 1205 621 in
1236 569 1479 623 secretis
1510 569 1840 641 dispositio-
1869 557 1924 624 Λ
2030 561 2151 617 ι’ίινο
2180 579 2273 632 ego
2318 566 2377 618 in
2421 572 2704 621 atomum.
2738 565 2881 621 Ecce
2921 567 3330 637 juramentum
3383 569 3508 640 Dei,
3542 574 3599 624 et

168 651 382 708 nibus.

238 741 538 812 Tempore
567 743 983 798 convenienter
1011 765 1046 798 a
1076 761 1168 798 me
1198 743 1484 816 disposito
1517 755 1575 800 ut
1623 747 1840 801 labatur

157 844 256 900 pes
287 845 507 896 eorum,
540 835 782 901 peccent
812 830 871 886 in
902 832 1194 903 praesenti.

231 918 414 974 Juxta
441 925 524 973 est
551 917 687 986 dies,
721 916 782 973 id
820 923 910 974 est
953 937 1131 992 prope
1183 926 1292 988 est,
1323 931 1375 976 et
1418 930 1656 993 t'mpara
1707 922 1833 993 qui-

159 1004 276 1060 bus
343 1005 664 1080 punienter
717 1008 983 1078 festinant
1037 1010 1243 1080 adesse,
1275 1009 1333 1064 id
1383 1016 1470 1064 est
1517 1012 1833 1082 appropin-

163 1098 383 1165 quant.

233 1181 486 1249 Videbit,
523 1184 582 1239 id
620 1189 730 1253 est,
763 1184 942 1240 videri
986 1187 1168 1256 faciet,
1203 1188 1357 1258 quod
1411 1187 1710 1242 infirmata
1757 1188 1834 1243 sit

165 1287 415 1337 manus,
439 1272 497 1328 id
529 1278 622 1329 est
651 1274 932 1346 operatio,
958 1274 1045 1329 vel
1067 1277 1136 1330 ad
1164 1277 1598 1331 defendendum
1631 1283 1835 1332 contra

163 1359 396 1430 hostes,
429 1369 484 1417 et
526 1362 707 1418 clausi
755 1363 909 1418 inter
957 1380 1182 1431 muros,
1215 1370 1280 1420 ut
1327 1365 1706 1420 defenderent
1745 1384 1829 1433 se,

161 1449 421 1519 scilicet,
451 1450 721 1506 fortiores
747 1451 958 1507 residui
988 1452 1246 1508 minores
1289 1458 1346 1508 ct
1397 1453 1741 1522 debiliores;
1776 1458 1833 1509 et

163 1536 369 1594 dicent
399 1537 524 1594 hac
554 1538 817 1595 videntes
850 1555 864 1595 :

233 1626 446 1684 levabo
472 1627 544 1684 ad
573 1628 770 1684 aetum
797 1645 1046 1697 manum,
1077 1629 1184 1684 hoc
1230 1630 1300 1685 de
1349 1629 1579 1684 Christo
1626 1648 1827 1685 ascen-

160 1716 363 1783 dente,
391 1715 483 1774 vel
515 1717 588 1774 de
619 1717 747 1774 suis
775 1734 926 1790 quos
955 1720 1270 1774 ascendere
1301 1719 1459 1774 facit.

1950 653 2228 722 supponit
2258 652 2396 723 quid
2422 654 2586 723 jurat
2615 654 2722 709 sic.

2019 741 2081 793 Si
2109 758 2324 809 acucro,
2360 743 2514 812 quod
2547 758 2676 796 vere
2707 741 2836 796 erit.

2019 830 2090 883 De
2120 847 2313 884 (ται)νέ
2349 833 2667 896 occisorum,
2701 831 2943 898 scilicet,
2977 831 3278 887 inebriabo
3328 833 3596 905 sagittas,

1945 926 1996 971 et
2021 917 2086 971 de
2117 921 2425 990 captivitate
2453 922 2667 990 rapitis,
2700 920 2754 972 id
2786 924 2897 986 est,
2929 920 3027 992 qui
3059 925 3149 975 est
3177 925 3353 992 caput
3390 921 3593 976 inimi-
3695 965 3708 974 .

1945 1024 2146 1062 corum
2173 1024 2186 1061 ε
2210 1009 2421 1079 capitis
2442 1008 2570 1062 dico
2593 1008 2786 1062 nudati
2815 1012 2954 1062 tunc
2982 1008 3140 1062 omni
3175 1012 3458 1080 potestate
3483 1025 3594 1064 sua

1945 1097 2173 1167 privati.
2205 1096 2394 1151 Verba
2425 1102 2612 1152 tracta
2640 1101 2778 1152 sunt
2807 1097 2878 1152 de
2909 1096 3018 1152 hoc
3049 1097 3206 1169 quod
3237 1095 3448 1168 captivi
3471 1101 3594 1152 ton-

1945 1185 2237 1240 debantur
2267 1189 2323 1238 et
2351 1185 2774 1240 vendebantur.

2017 1275 2087 1327 La
2097 1273 2272 1343 uitato,
2308 1282 2512 1344 gentes,
2540 1275 2804 1344 populum
2831 1274 2968 1346 ejus,
2993 1275 3121 1346 quia
3141 1274 3464 1344 sanguinem
3483 1288 3592 1328 ser-

1944 1379 2134 1417 vor-um
2165 1379 2391 1417 suorum
2429 1363 2740 1417 ulriscetur.
2774 1362 2838 1417 Et
2883 1362 3179 1417 vindictam
3225 1361 3486 1417 retribuet
3531 1363 3592 1416 in

1944 1451 2118 1506 hostes
2145 1469 2353 1516 eorum,
2385 1460 2436 1506 et
2461 1454 2732 1522 propitius
2761 1454 2866 1506 erit
2895 1460 3058 1507 terra:
3096 1452 3288 1523 populi
3313 1453 3425 1507 sui.
3453 1449 3592 1506 Glo-

1945 1543 2029 1596 ria
2063 1541 2215 1596 Patri
2246 1546 2302 1596 et
2335 1540 2478 1595 Filio
2506 1545 2562 1594 et
2609 1539 2852 1612 Spiritui
2901 1545 3126 1610 sancto,
3157 1540 3314 1595 sicut
3360 1543 3486 1596 erat
3531 1538 3592 1594 in

1941 1629 2250 1702 principio,
2278 1634 2335 1683 et
2366 1645 2542 1699 nunc,
2570 1633 2626 1683 et
2657 1645 2907 1700 semper,
2941 1633 2997 1684 et
3027 1628 3086 1683 in
3119 1627 3331 1684 saecula
3359 1625 3596 1684 saeculo-

1943 1735 2096 1772 rum.
2127 1719 2333 1772 Amen.

1354 2049 2208 2180 ΗΑΥΜθΝ
2228 2050 2402 2174 IS

1355 2250 2044 2306 IIALBERSTATENSIS
2083 2247 2407 2305 EPISCOPI

943 2384 2101 2504 COMMENTARlORUM
2195 2388 2326 2503 IN
2411 2386 2843 2503 ISAIAM

1554 2581 1868 2666 LIBRI
1925 2580 2210 2666 TRES

167 2727 269 2794 Ab
309 2730 553 2795 eodem
592 2734 864 2796 auctore
901 2731 1066 2795 dum
1105 2732 1386 2807 viveret,
1433 2732 1805 2796 multorum
1843 2732 2382 2814 additione,quae
2421 2732 2489 2795 in
2531 2731 2680 2795 aliis
2710 2731 3054 2814 plerisque
3091 2731 3590 2814 exemplaribus

251 2827 752 2906 desiderantur,
800 2829 1047 2912 passim
1084 2828 1474 2913 locupletati
1528 2833 1594 2894 et
1650 2829 2123 2911 recognitione
2179 2834 2523 2912 postrema
2580 2829 2664 2892 ad
2721 2847 3032 2910 unguem
3087 2830 3343 2914 ubique
3401 2848 3590 2895 reco-

255 2927 459 3009 gniti.

927 3039 1211 3110 (Coloniae,
1237 3057 1338 3113 per
1364 3039 1646 3096 honestum
1674 3041 1846 3095 civem
1869 3040 2093 3096 Petrum
2124 3039 2390 3108 Quentelt,
2421 3054 2567 3094 anno
2599 3037 2731 3093 1531
2765 3039 2837 3108 a.)

1153 3287 1648 3328 REVERENDISSIMO
1688 3287 1747 3326 IN
1785 3287 2026 3327 CHRISTO
2067 3287 2231 3325 PATRI
2269 3286 2339 3325 AC
2377 3286 2598 3326 DOMINO

1615 3398 1689 3457 D.
1727 3397 2146 3460 GUTBERTO

715 3527 776 3584 In
808 3528 1026 3584 Dorren
1061 3528 1216 3601 apud
1246 3527 1464 3601 Anglos
1495 3527 1769 3602 episcopo
1794 3527 2283 3601 praestantissimo
2314 3530 2433 3586 sive
2461 3529 2697 3604 praesuli
2732 3529 3052 3586 Duraeensi

1464 3670 1689 3711 SUMME
1725 3670 2132 3712 AUCTORITATIS
2171 3673 2306 3714 νηιο
2400 3725 2414 3734 ⁸

1090 3779 1337 3841 Parens
1381 3780 1734 3854 QUBNTELL,
1766 3777 2239 3861 chalcograp/ms
2278 3781 2668 3844 σοιοηιέηειζς.

1727 3913 1794 3974 S.
1842 3915 1912 3974 P.
1960 3915 2035 3975 D.

232 4059 950 4133 FranciscusgBirckman,
984 4059 1324 4133 bibliopola,
1358 4061 1693 4116 communis
1725 4077 1824 4115 no-
1852 4050 1898 4116 Β
1927 4061 1948 4099 ε

2018 4045 2124 4126 ivis
2155 4050 2350 4100 autem
2384 4045 2748 4133 temporibus
2781 4044 2982 4133 omnia
3007 4042 3274 4126 ejusdem
3295 4042 3415 4133 divi
3441 4042 3588 4118 Hay-

161 4140 289 4192 ster
317 4135 462 4190 dum
491 4131 634 4189 vixit
662 4132 910 4197 amicus,
945 4131 1290 4204 priusquam
1325 4139 1548 4188 natura:
1592 4137 1823 4203 Deoque

156 4207 515 4272 concedens,
547 4204 724 4260 rebus
752 4204 930 4258 etiam
960 4204 1260 4258 excederet
1293 4204 1590 4270 humanis,
1626 4204 1825 4258 attulit

155 4295 366 4334 secum
396 4293 467 4332 ex
493 4273 705 4348 Anglia
731 4279 832 4330 tuo
863 4275 1099 4348 nomine
1129 4281 1313 4348 atque,
1354 4276 1530 4348 etiam
1563 4292 1631 4328 ex
1661 4292 1821 4348 eom-

156 4349 448 4405 missione
478 4345 948 4418 tute—reverenda
981 4345 1351 4418 piatcrnitatis
1381 4347 1737 4418 llayymonem
1763 4346 1821 4400 in

157 4421 378 4502 Isaiam
397 4417 765 4502 prophetam,
783 4418 854 4499 ab
871 4416 1148 4502 omnibus
1167 4433 1403 4502 sacrarii
1413 4416 1821 4502 nilitterarum

157 4487 449 4568 studiosis
464 4487 706 4568 jamdiu
727 4488 1148 4568 desideratum,
1173 4493 1239 4543 ut
1261 4489 1410 4568 typis
1430 4487 1603 4568 illum
1624 4505 1823 4542 exara-

156 4559 726 4645 rem_poiitioribus.
762 4561 900 4645 Tua}
922 4631 936 4645 ‘
959 4559 1142 4645 igitur
1196 4559 1556 4645 c'cisitudinli,
1590 4564 1823 4645 tuaeque

155 4629 543 4707 pientissimte
557 4630 892 4707 paternitati
904 4629 1203 4707 doctorem
1220 4629 1386 4707 illum
1406 4629 1821 4707 orthodoxam,

157 4701 429 4762 omnium
461 4701 675 4774 litteris
705 4706 881 4774 atque
911 4701 1132 4774 linguis
1161 4701 1581 4774 extollendum,
1615 4701 1673 4755 in
1705 4701 1822 4755 cla-

157 4721 429 4762 ommum
461 4719 675 4759 litteris
705 4719 881 4827 atque
914 4719 1132 4774 unguis
1161 4719 1581 4772 exrouenaum,
1615 4719 1673 4755 in
1705 4719 1822 4755 cla-

156 4775 382 4833 rissimi
400 4774 485 4830 tui
512 4773 768 4830 nominis
810 4774 1023 4828 andem
1046 4789 1112 4828 ac
1134 4772 1405 4843 gloriam,
1413 4775 1541 4844 jam
1565 4789 1768 4826 recens
1789 4789 1825 4827 a

152 4866 250 4905 me
279 4861 590 4914 excusnm,
621 4843 922 4901 humiliter
951 4860 1018 4900 ac
1051 4849 1378 4899 reverenter
1409 4843 1637 4898 dedico.
1671 4844 1822 4898 Suc-

227 5013 250 5040 ι
279 4996 522 5054 Titulus
553 4995 831 5052 editionis
862 4995 1178 5052 rarissimze
1201 5011 1380 5066 quam
1407 4993 1822 5066 sequimur.Ad

159 5069 382 5127 calcem
414 5069 642 5142 paginae
674 5067 794 5142 haec
825 5072 1105 5140 praeterea
1134 5063 1820 5142 de'auctore'nostrole-

197 5147 384 5198 untur
414 5136 434 5196 Ξ
467 5136 706 5195 «Ῥοιτο
737 5140 807 5194 de
825 5136 1074 5194 “auctore
1106 5154 1220 5192 ηοη
1253 5143 1342 5191 est
1372 5137 1524 5209 quod
1560 5136 1817 5209 dubites,

182 5207 363 5287 ector,
397 5228 534 5266 cum
566 5211 730 5287 §._in
756 5211 987 5287 Christo
1019 5209 1187 5287 Pater
1218 5207 1404 5287 atque
1431 5207 1821 5287 doctissimus

149 5285 245 5340 vir
271 5278 536 5342 Joannes
565 5281 1024 5348 Tritenhemius,
1045 5281 1241 5336 Abbas
1270 5278 1818 5351 Spanhemensis,in

1935 4116 2124 4172 monis
2155 4135 2350 4188 opera,
2373 4123 2430 4172 et
2460 4115 2566 4172 has
2594 4132 2828 4188 quoque
2849 4115 2908 4170 in
2932 4115 3143 4188 Isaiam
3160 4115 3586 4188 enarrationes,

1936 4206 2049 4242 non
2081 4187 2137 4242 in
2173 4185 2347 4266 parva
2376 4185 2680 4266 (utaiunt)
2704 4185 2911 4266 forma,
2937 4186 3038 4240 sed
3061 4185 3121 4240 in
3144 4185 3365 4266 majore
3388 4186 3586 4266 potius

1935 4277 2000 4314 ac
2052 4257 2239 4330 magis
2288 4260 2540 4331 egregia,
2577 4275 2794 4330 perque
2844 4263 3037 4331 tomos
3087 4273 3223 4331 non
3252 4257 3590 4331 indeCenter

1935 4326 2233 4396 distincta,
2265 4326 2351 4386 ad”
2372 4326 2716 4402 ampliorem
2748 4334 2860 4402 tua:
2893 4327 3262 4402 celsitudinis
3305 4326 3589 4402 honorem

1931 4403 2124 4457 libens
2150 4399 2523 4475 impressero.
2537 4401 2740 4457 Valeat
2760 4399 3587 4475 feliciterinChristoB.T.P.,

1933 4475 2026 4530 cui
2061 4480 2119 4529 et
2147 4469 2298 4529 hanc
2337 4473 2608 4545 opellam,
2642 4489 2677 4528 a
2706 4488 2799 4527 me
2848 4470 3192 4545 suppliciter
3235 4469 3588 4545 dedicatam,

1935 4545 2068 4601 boni
2103 4539 2391 4608 consulat:
2417 4539 2680 4616 mihique
2713 4539 3300 4616 parcatIsiveltitulo
3321 4539 3588 4616 ejusdem

1931 4617 2018 4671 vel
2050 4617 2278 4698 honori,
2311 4616 2456 4698 mihi
2483 4611 2666 4698 nunc,
2699 4611 3072 4698 prohndolorl
3110 4611 3446 4698 incognitis,
3472 4629 3589 4668 non

1931 4706 2000 4743 ex
2031 4688 2190 4742 omni
2224 4693 2386 4760 parte
2410 4683 2814 4760 satist‘ecerim.
2839 4684 3091 4760 (Spioniae
3113 4700 3180 4760 ex
3199 4683 3437 4739 officina
3457 4700 3594 4760 nos-

1934 4766 2025 4814 tra
2068 4755 2370 4827 litteraria,
2401 4763 2610 4830 quarto
2662 4758 2801 4813 Idus
2853 4755 3219 4825 Februarias,
3254 4771 3408 4811 anno
3457 4759 3592 4826 post

1933 4831 2232 4887 Christum
2267 4837 2471 4887 natum
2508 4831 2669 4886 1531.

1933 5003 2041 5041 suo
2089 4987 2158 5042 de
2208 4982 2620 5040 ecclesiasticis
2679 4979 3070 5054 scriptoribus
3119 4977 3277 5034 libro
3321 4981 3588 5054 testetur,

1937 5060 2292 5139 ilaymonem
2354 5055 2695 5136 episcopum
2751 5049 3300 5139 iialberstatoiisem'
3352 5055 3472 5134 tres
3525 5049 3587 5105 in

1936 5121 2144 5183 Isaiam
2181 5129 2360 5183 libros
2391 5121 2722 5197 scripsisse,
2758 5125 2838 5179 ita
2861 5123 3210 5194 incipientes
3235 5138 3247 5177 :
3274 5121 3445 5177 Isaias
3461 5137 3588 5193 pro-

1929 5201 2093 5272 pheta
2122 5201 2298 5254 nobili
2325 5200 2608 5270 prosapia,
2639 5201 2748 5251 etc.
2785 5219 2814 5244 ››

1456 5459 2308 5506 W—

481 5865 755 5929 ΡΑτιωι..
800 5863 1008 5929 CXVI.

3189 5850 3271 5915 23
