3944 6436
80 381 161 436 205
1152 360 1162 373 ’
1433 354 1705 427 commas

1922 370 2081 427 GEN.

83 500 346 573 conjungit
371 515 387 566 ;
414 502 484 553 ut
512 512 652 569 quas
682 497 851 570 prius
880 498 1155 570 proxima
1205 512 1279 553 ex
1317 493 1697 566 cognatione,

77 593 122 649 id
144 594 216 646 est
238 590 480 657 cognita
511 603 619 660 per
647 588 1246 660 praedestinationem
1298 587 1509 652 fuerat,
1542 586 1701 657 post-

78 680 286 737 modum
311 678 445 749 jam
487 677 811 748 conjuncta
870 678 931 733 in
985 693 1190 733 arnore
1223 676 1507 732 continuo
1552 687 1702 728 uxor

76 770 176 826 ﬁat.
206 771 389 834 Quam
439 766 504 823 in
536 770 775 823 tantum
805 766 1031 834 dilexit,
1082 772 1147 823 ut
1177 766 1448 822 dolorem
1493 763 1598 836 qui
1629 777 1702 818 ex

75 863 231 915 morte
257 856 464 913 matris
493 860 849 924 accesserat,
894 860 1269 929 temperaret.
1313 854 1465 921 Quia
1491 844 1566 909 ex
1617 851 1703 908 lu-

76 965 156 1005 cro
183 950 395 1003 sanctae
442 944 717 1002 Ecclesiae
770 946 1131 1018 Redemptor
1168 948 1370 1001 noster
1399 959 1536 1000 eam
1565 957 1702 1015 quae

76 1053 133 1094 ex
153 1035 467 1109 perditione
501 1037 841 1108 Synagogae
863 1035 1131 1091 accidere
1160 1035 1372 1108 potuit,
1403 1032 1702 1089 tristitiam

73 1126 311 1183 detersit:
346 1125 498 1181 dum
529 1126 690 1181 enim
752 1124 1017 1181 Rebecca
1069 1124 1477 1196 conjungitur,
1530 1120 1705 1178 dolor

74 1216 135 1272 de
161 1215 352 1295 matris
378 1220 570 1270 morte
589 1218 961 1287 amputatur.
997 1215 1150 1281 Quia
1174 1213 1324 1269 dum
1355 1216 1566 1269 sancta
1597 1212 1701 1267 Ec-

72 1304 223 1360 clesia
250 1321 318 1360 ex
343 1303 673 1375 gentilitate
697 1304 943 1361 veniens
963 1320 1157 1377 usque
1189 1304 1268 1360 ad
1297 1304 1536 1359 thorum
1564 1317 1704 1357 con-

74 1393 445 1468 templationis
486 1393 855 1466 perducitur,
898 1393 1107 1449 Judaea
1137 1408 1248 1467 pro
1285 1391 1473 1449 nihilo
1522 1390 1706 1448 habe-

74 1489 166 1539 tur.

131 1572 489 1645 Interpretari
534 1587 784 1646 quoque
823 1572 957 1646 ipsa
1001 1558 1217 1629 eorum~
1252 1570 1503 1628 nomina
1532 1586 1706 1626 cura-

69 1679 201 1718 mus.
226 1666 383 1719 lsaac
411 1665 594 1734 risus,
628 1663 893 1719 Rebecca
916 1668 1120 1719 autem
1131 1664 1436 1733 patientia
1468 1660 1704 1717 dicitur.

70 1753 216 1808 Risus
241 1768 376 1808 vero
400 1768 476 1808 ex
507 1752 711 1808 laetitia
733 1757 840 1817 est,
865 1753 1156 1825 patientia
1189 1758 1392 1808 autem
1420 1751 1495 1807 de
1526 1750 1712 1806 tribu-

3374 371 3480 432 206

1818 490 1935 548 bus
1961 494 2235 553 additum
2266 500 2372 553 est.
2393 495 2548 563 Quid
2566 499 2654 552 est
2673 496 2841 569 quod
2856 498 3076 567 plenus
3089 498 3317 555 dierum
3342 497 3485 555 dici-

1813 584 1944 640 tur?
1972 586 2035 641 Id
2066 592 2172 659 est,
2193 587 2342 643 lucis
2367 592 2423 643 et
2466 586 2582 643 diei
2616 587 2904 660 operibus
2927 586 3142 660 plenus
3171 588 3476 645 occubuit.

1883 675 2037 741 Quid
2066 682 2155 734 est
2181 677 2349 752 quod
2385 678 2525 734 dicit
2572 677 2876 751 Scriptura
2904 677 2981 733 de
3026 677 3165 733 ﬁliis
3222 677 3480 735 Ismael:

1812 766 2261 824 Habitaverunt
2289 768 2364 824 ab
2398 768 2575 824 Evila
2602 781 2789 839 usque
2818 768 2962 837 Sur,
3001 782 3138 840 quae
3169 773 3254 825 est
3270 773 3487 827 contra

1813 856 2032 925 faciem
2058 857 2330 928 Egypti
2345 858 2374 913 ?
2406 857 2566 913 Evila
2594 861 2685 913 est
2711 857 2877 929 regio
2909 872 3100 930 quam
3128 856 3338 914 circuit
3351 856 3485 915 Phi-

1821 960 1934 1001 son
1960 946 2035 1002 de
2072 946 2357 1019 paradiso
2408 947 2623 1015 ﬂuens,
2657 945 2815 1006 dicta
2844 945 2920 1003 de
2979 946 3254 1020 quodam
3300 946 3484 1018 Evila,

1814 1039 2033 1107 nepote
2066 1040 2204 1105 Noe,
2236 1039 2398 1093 etest
2428 1036 2687 1093 solitudo
2720 1041 2930 1094 contra
2960 1037 3176 1094 faciem
3215 1036 3483 1111 Egypti.

1816 1128 1927 1183 Sur
1956 1139 2202 1199 quoque
2233 1131 2321 1183 est
2349 1126 2612 1183 solitudo
2641 1126 2795 1183 inter
2824 1126 3014 1184 Cades
3049 1132 3106 1184 et
3136 1126 3349 1196 Barad,
3379 1142 3483 1184 ex-

1811 1216 2065 1273 tendens
2120 1215 2427 1273 desertum
2483 1232 2684 1290 usque
2742 1216 2821 1274 ad
2867 1232 3038 1274 mare
3095 1216 3367 1274 Rubrum
3431 1215 3490 1273 et

1814 1307 2055 1381 Egypti
2089 1306 2369 1364 conﬁnia.

1887 1396 2043 1463 Quid
2069 1402 2156 1454 est
2185 1395 2353 1471 quod
2381 1395 2599 1453 dicitur
2641 1396 2717 1453 de
2751 1394 3004 1452 lsmaele
3037 1394 3207 1470 quod
3258 1395 3490 1454 duode-

1816 1485 1933 1543 cim
1962 1490 2307 1558 generasset
2330 1487 2636 1560 principes
2660 1487 2689 1542 ‘l
2740 1483 2853 1542 Vel
2899 1486 3090 1542 duces
3120 1484 3490 1556 regionibus,

1818 1575 1913 1632 vel
1957 1575 2235 1633 tribubus
2286 1576 2539 1633 nomina
2597 1574 2915 1632 dederunt.
2975 1573 3281 1647 Signiﬁcat
3325 1574 3493 1649 quod

1823 1664 2043 1736 singuli
2070 1665 2333 1721 ﬁliorum
2364 1664 2632 1722 Ismaelis
2692 1680 2724 1721 e
2779 1664 3007 1738 quibus
3056 1663 3495 1738 primogenitae

1824 1756 1954 1826 ejus
1986 1754 2096 1811 fuit
2124 1755 2440 1826 Nabejoth,
2457 1771 2492 1812 a
2521 1770 2644 1829 quo
2667 1754 2865 1811 omnis
2890 1754 3058 1825 regio
3087 1754 3167 1812 ab
3188 1754 3490 1827 Euphrate

67 1840 278 1898 latione.
310 1845 372 1898 Et
394 1842 683 1915 quamvis
728 1849 935 1898 sancta
962 1842 1255 1898 Eccelesia
1288 1842 1419 1912 jam
1460 1839 1714 1897 ccclestis
1754 1840 1796 1895 Β
1826 1860 2019 1918 usque
2052 1844 2131 1901 ad
2159 1860 2327 1902 mare
2360 1844 2631 1901 Rubrum
2662 1843 3016 1901 Nabathena
3073 1859 3268 1917 usque
3308 1841 3492 1899 hodie

74 1932 134 1986 sit
159 1931 351 2001 gaudii
380 1931 896 2004 contemplatione
937 1948 1254 2005 suspensa,
1285 1931 1469 1987 habet
1513 1934 1717 1986 tamen

70 2020 241 2077 adhuc
282 2020 455 2094 quod
481 2020 666 2076 tristis
697 2021 909 2092 [Petr.,
938 2021 1122 2092 triste]
1153 2021 1228 2077 de
1276 2019 1548 2077 mortalis
1591 2035 1718 2075 car-

66 2110 143 2164 nis
166 2110 427 2183 pondere
444 2109 676 2166 toleret.
707 2112 878 2167 Isaac
905 2127 1044 2167 vero
1090 2115 1148 2166 et
1206 2110 1477 2166 Rebecca
1518 2108 1723 2181 jungi_

68 2202 164 2265 tur,
184 2198 241 2255 id
267 2200 551 2269 est,risus
579 2204 638 2256 et
667 2200 956 2271 patientia
1001 2200 1401 2273 permiscetur
1428 2200 1492 2271 [Ζ
1503 2241 1538 2269 .,
1582 2197 1722 2254 mis.

64 2289 247 2361 celur],
278 2290 422 2362 quia
448 2290 515 2345 ﬁt
540 2288 602 2345 in
626 2295 835 2345 sancta
868 2290 1126 2347 Ecclesia
1186 2290 1304 2346 hoc
1336 2288 1505 2363 quod
1530 2288 1717 2360 scrip-

66 2381 173 2432 tum
195 2383 307 2435 est:
331 2380 449 2450 Spe
480 2385 683 2435 autem
713 2381 1065 2450 gaudentes,
1088 2381 1153 2435 in
1187 2380 1582 2435 tribulatione
1603 2391 1716 2448 pa-

65 2468 456 2535 tientes(Rom.
483 2484 583 2535 xu,
621 2469 727 2540 l2);
756 2474 819 2526 ut
846 2470 1006 2525 hanc
1037 2474 1093 2525 et
1118 2484 1415 2541 prospera
1451 2469 1527 2524 de
1579 2482 1719 2523 con-

65 2556 427 2630 templatione
456 2558 780 2629 lastiﬁcent,
815 2563 872 2616 et
903 2559 1103 2615 adhuc
1128 2558 1387 2615 adversa
1419 2557 1493 2614 de
1524 2557 1713 2613 tribu-

63 2643 256 2702 latione
276 2648 656 2720 perturbent.

659 2825 899 2883 CAPUT
938 2829 1086 2883 XXV

123 3006 277 3062 Vens.
307 3011 499 3063 l-5.—
534 3006 756 3063 Deinde
789 3006 1057 3079 sequitur
1096 3006 1350 3079 qualiter
1382 3006 1705 3074 Abraham,

62 3100 275 3152 mortua
298 3098 508 3159 Saraa,
540 3095 743 3161 aliam,
772 3095 1047 3151 videlicet
1078 3097 1418 3165 Cethuram,
1450 3095 1705 3164 duxerit,

1826 1935 2062 2003 dicitur,
2096 1951 2233 2009 quae
2259 1950 2401 2008 pars
2432 1933 2665 1991 Arabiae
2703 1938 2810 1991 est.
2841 1936 2994 1991 Nam
3037 1937 3095 1990 et
3122 1932 3363 1990 familiae
3389 1946 3492 1990 eo-

1827 2041 1985 2093 rum,
2016 2024 2459 2098 oppidaque,et
2488 2024 2655 2097 pagi,
2677 2040 2748 2080 ac
2769 2023 3003 2080 munita
3033 2022 3296 2091 castella,
3314 2026 3373 2078 et
3388 2021 3492 2078 tri-

1826 2113 1944 2170 bus
1972 2114 2192 2170 horum
2223 2112 2626 2186 appellatione
2643 2112 3138 2169 celebrantur.Ab
3163 2125 3290 2167 una
3300 2126 3374 2166 ex
3398 2109 3492 2167 his

1830 2202 2096 2260 Cedarin
2117 2202 2351 2259 deserto
2376 2200 2803 2269 Eoduma,alia
2822 2199 3081 2272 regio,et
3111 2199 3385 2256 Hemana
3412 2196 3493 2256 ad

1828 2297 2126 2363 austrum,
2149 2296 2205 2349 et
2222 2291 2482 2349 Cedema
2502 2291 2580 2348 ad
2597 2289 2950 2348 orientalem
2983 2288 3232 2365 plagam
3253 2287 3489 2345 dicitur.

1899 2382 2051 2449 Quid
2083 2387 2171 2438 est
2199 2381 2362 2455 quod
2395 2381 2613 2437 dicitur
2648 2381 2724 2437 de
2746 2377 3017 2450 lsmaele,
3072 2394 3277 2437 coram
3307 2378 3494 2435 omnii

1828 2477 1932 2531 bus
1951 2473 2255 2544 fratribus
2275 2474 2399 2528 suis
2424 2470 2699 2540 obiit,vel
2724 2470 2831 2544 qui
2845 2474 2988 2526 sunt
3000 2469 3220 2541 fratris
3241 2467 3490 2525 nomine

1824 2564 2073 2621 censiti‘?
2101 2562 2162 2618 id
2192 2565 2298 2633 est,
2340 2562 2403 2618 in
2431 2561 2719 2618 manibus
2752 2559 3029 2616 omnium
3057 2557 3321 2615 ﬁliorum
3355 2572 3493 2615 suo-

1821 2670 1959 2710 rum
1988 2655 2261 2709 mortnus
2289 2655 2396 2719 est,
2430 2647 2849 2723 superstitibus
2878 2647 3157 2706 omnium
3185 2646 3412 2719 liberis,
3432 2649 3492 2704 et

1818 2744 1990 2801 nullo
2016 2744 2188 2817 prius
2233 2745 2427 2799 morte
2476 2744 2795 2814 praerepto.
2849 2743 3081 2797 Fratres
3132 2741 3338 2796 autem
3376 2751 3490 2810 pro

1820 2834 1957 2890 ﬁliis
2003 2832 2314 2907 appellari,
2347 2830 2538 2889 Jacob
2587 2845 2833 2904 quoque
2865 2828 2945 2888 ad
2974 2827 3181 2886 Laban
3209 2826 3493 2885 demons-

1819 2929 1933 2981 trat
1954 2923 2193 2979 dicens:
2227 2924 2509 2979 Ponatur
2537 2936 2743 2978 coram
2766 2920 3075 2992 fratribus
3120 2919 3368 2982 nostris,
3420 2923 3492 2974 ut

1815 3015 2088 3085 judicent
2117 3015 2278 3069 inter
2296 3027 2423 3068 nos.
2458 3014 2573 3068 Nec
2603 3010 2766 3066 enim
2806 3009 3065 3081 legimus
3095 3006 3247 3066 alios
3274 3007 3488 3066 fratres

1814 3104 2001 3160 Jacob
2030 3103 2113 3159 ibi
2137 3102 2384 3169 habere,
2416 3099 2678 3173 exceptis
2716 3098 2918 3156 liberis
2942 3098 3090 3155 suis.

62 3199 305 3242 uxorem.
331 3190 451 3244 Cur
482 3186 789 3242 Abraham
817 3191 951 3258 post
980 3186 1353 3258 promissum
1384 3186 1497 3240 sibi
1519 3190 1575 3241 et
1604 3202 1708 3240 na-
1746 3204 1787 3257 ο
1890 3193 2183 3260 Quaeritur
2206 3207 2329 3264 quo
2360 3191 2488 3246 ierit
2530 3189 2795 3245 Rebecca
2853 3190 3233 3259 interrogare
3278 3184 3483 3242 Domi-

60 3279 169 3329 tum
199 3275 386 3344 Isaac,
422 3277 487 3333 in
518 3293 644 3350 quo
675 3276 726 3332 ei
756 3276 1169 3348 multiplicatio
1209 3277 1394 3350 prolis
1429 3280 1486 3333 et
1531 3275 1709 3331 bene-

57 3364 219 3423 dictio
248 3369 522 3436 gentium
546 3368 851 3441 promissa
903 3372 995 3423 est
1032 3384 1069 3424 a
1122 3369 1263 3439 Deo,
1308 3367 1489 3423 aliam
1522 3366 1710 3423 voluit

60 3455 255 3513 ducere
287 3459 588 3515 uxorem?
610 3461 736 3514 Non
766 3463 1012 3530 propter
1027 3458 1541 3525 incontinentiam,
1568 3473 1707 3512 cum

60 3546 216 3601 etiam
244 3554 400 3604 esset
428 3548 831 3619 grandaevus;
888 3548 992 3603 sed
1024 3549 1175 3605 sicut
1224 3553 1382 3619 Agar
1409 3554 1466 3605 et
1494 3546 1710 3604 Ismael

60 3635 378 3703 signiﬁcant
397 3637 682 3695 carnales
718 3637 936 3693 Veteris
971 3638 1352 3707 Testamenti,
1388 3638 1473 3694 sic
1517 3643 1573 3694 et
1604 3641 1707 3695 Ce-

60 3728 173 3781 tura
197 3732 251 3784 et
269 3728 372 3784 ﬁlii
395 3729 537 3799 ejus
566 3727 911 3797 signiﬁcant
942 3728 1272 3798 haereticos,
1330 3729 1435 3801 qui
1481 3745 1543 3784 se
1592 3727 1711 3783 exi-

58 3816 280 3873 stimant
308 3819 616 3891 pertinere
657 3817 737 3873 ad
794 3822 1026 3874 Novum
1065 3822 1531 3875 Testamentum.
1594 3818 1711 3876 Sed

59 3909 303 3980 utrmque
379 3906 746 3965 concubinae
811 3906 1111 3965 dicuntur.
1176 3909 1269 3965 Sic
1344 3908 1506 3965 enim
1568 3908 1711 3966 dioi-

59 3998 182 4050 tur:

117 4085 281 4143 Vsus.
316 4094 371 4155 ο,
401 4094 544 4145 7.-
568 4087 745 4144 Filiis
777 4093 976 4145 autem
1018 4089 1492 4146 concubinarum
1526 4090 1711 4162 largi»

59 4180 136 4229 tas
164 4184 242 4232 est
268 4192 557 4235 munera.
592 4176 731 4235 Sola
774 4179 959 4234 Saraa
985 4194 1224 4251 semper
1256 4195 1413 4236 uxor
1439 4186 1709 4237 vocatur.

59 4263 182 4327 Quae
208 4271 296 4322 est
323 4267 442 4324 ista
491 4266 776 4337 Cethura,
804 4270 908 4323 aut
938 4266 1098 4323 unde
1128 4283 1320 4337 genus
1352 4268 1521 4325 duxit
1550 4269 1580 4325 ‘I
1608 4268 1712 4324 Ce-

56 4352 213 4411 thura
264 4356 702 4430 interpretatur
733 4358 1039 4427 copulata,
1086 4362 1191 4413 aut
1244 4359 1388 4425 vita,
1414 4373 1602 4431 quam
1632 4356 1712 4414 ob

59 4458 285 4501 causam
318 4447 719 4520 suspicantur
767 4445 997 4501 Hebraei
1042 4445 1324 4503 eamdem
1354 4463 1483 4504 esse
1530 4452 1709 4519 Agar,

1816 3301 1982 3351 num,
2019 3298 2154 3339 cum
2199 3281 2458 3352 parvuli
2484 3282 2549 3336 in
2599 3285 2771 3336 utero
2807 3280 2937 3349 ejus
2976 3277 3437 3334 collidebantur
3459 3277 3489 3332 γ

1816 3374 1987 3430 Forte
2015 3372 2095 3429 ad
2121 3369 2326 3428 locum
2375 3368 2479 3426 ubi
2506 3384 2676 3426 aram
2716 3368 3104 3424 constituerat
3154 3364 3486 3435 Abraham,

1818 3479 1990 3520 orare
2019 3460 2202 3531 venit,
2228 3458 2325 3517 vel
2354 3459 2535 3517 etiam
2567 3462 2737 3516 erant
2765 3456 2953 3532 aliqui
2977 3456 3127 3514 tales
3174 3455 3357 3514 etiam
3384 3453 3487 3512 illo

1818 3558 2089 3626 tempore
2127 3550 2404 3609 homines
2440 3548 2560 3620 Dei,
2592 3548 2654 3605 in
2704 3547 2931 3622 quibus
2960 3551 3168 3621 posset
3206 3550 3361 3604 Deus
3401 3545 3491 3603 in-

1816 3641 2126 3713 terrogari.

1890 3735 1980 3787 An
2011 3726 2674 3787 secunduznhistoriam
2697 3722 2798 3782 vel
2822 3723 3005 3782 etiam
3037 3721 3490 3795 allegoriamin-

1818 3819 2210 3892 telligendum
2235 3817 2517 3892 est,quod
2540 3815 2834 3875 Dominus
2844 3812 3156 3888 respondit
3181 3810 3486 3869 Rebeccae:

1818 3912 1974 3968 Dure
2002 3916 2204 3980 gentes
2233 3910 2297 3965 in
2348 3914 2517 3964 utero
2559 3910 2661 3963 tuo
2706 3909 2872 3976 sunt,
2919 3908 2975 3961 et
3029 3902 3149 3959 duo
3165 3900 3388 3972 populi
3414 3914 3490 3958 ea:

1820 4006 2029 4058 ventre
2048 4000 2166 4056 duo
2197 3997 2567 4068 dividentur,
2591 3995 2978 4067 populusque
3002 3992 3295 4064 populum
3322 4004 3493 4061 supe-

1822 4090 2004 4161 rabit,
2034 4095 2090 4147 et
2122 4104 2326 4159 major
2352 4088 2567 4145 serviet
2590 4086 2863 4143 minori?
2879 4081 3227 4140 Secundum
3253 4083 3491 4138 utrum-

1823 4197 1942 4254 que
1972 4178 2249 4235 modum.
2265 4175 2611 4249 Spiritaliter
2622 4190 2765 4231 vero
2784 4172 2867 4230 sic
2884 4170 3033 4230 solet
3055 4169 3303 4242 intelligi
3325 4165 3497 4245 quod

1827 4269 2056 4327 dictum
2080 4271 2190 4336 est,
2204 4270 2271 4324 ut
2299 4269 2455 4323 Esau
2474 4266 2772 4337 ﬁguratus
2794 4262 3075 4336 sitmajor
3086 4259 3354 4337 pepulus
3369 4258 3492 4330 Dei,

1825 4362 1944 4418 hoc
1972 4363 2062 4416 est
2090 4356 2447 4415 Israeliticus
2472 4354 2811 4413 secundum
2842 4369 3107 4412 carnem.
3143 4354 3257 4409 Per
3305 4349 3496 4409 Jacob

1833 4456 2037 4509 autem
2058 4450 2356 4521 ﬁguratur
2386 4447 2655 4503 Christus
2684 4445 2747 4502 in
2765 4445 2996 4520 populo
3024 4443 3360 4502 Christiano
3411 4457 3499 4499 se-

60 4548 195 4604 ίῖυεε,
246 4539 439 4637 Saraa
479 4540 752 4637 mortua,
802 4535 878 4591 de
914 4536 1277 4637 concubina
1321 4536 1607 4637 transiret
1754 4572 1799 4629 Β
1831 4540 2103 4599 cundum
2130 4536 2500 4612 spiritualem
2542 4536 2896 4637 progeniem
2952 4537 3354 4634 propagatus.
3381 4529 3502 4590 Sed
3534 4564 3541 4571 ς

59 4636 307 4683 uxorem.
344 4629 415 4685 Et
440 4627 690 4684 videtur
717 4625 975 4700 depositi
998 4625 1129 4699 jam
1158 4626 1415 4683 Abrahae
1441 4625 1715 4684 excusari

58 4718 205 4779 tetas,
225 4731 303 4773 ne
334 4734 531 4775 senex
570 4720 714 4791 post
751 4721 1007 4773 mortem
1035 4717 1241 4773 uxoris
1278 4716 1495 4774 vetulae
1545 4717 1718 4775 novis

60 4811 327 4871 arguatur
355 4808 596 4882 nuptiis
649 4805 978 4864 lascivisse.
1038 4810 1244 4866 Fertur
1301 4825 1546 4883 quoque
1577 4807 1722 4882 quia

55 4892 144 4949 ﬁlii
174 4896 460 4969 Abrahae,
486 4897 598 4972 qui
637 4897 692 4953 ei
730 4896 805 4953 de
838 4896 1095 4955 Cethura
1120 4899 1245 4955 nati
1275 4903 1434 4960 sunt.
1467 4914 1724 4972 occupa-

62 4993 251 5043 verunt
279 4989 580 5046 Arabiam
611 5004 804 5061 usque
834 4987 914 5044 ad
947 4990 1131 5046 maris
1176 4990 1357 5046 Rubri
1380 4989 1597 5047 littora.
1631 4988 1723 5045 Di-

62 5076 191 5134 citur
205 5086 410 5138 autem
432 5097 602 5137 unus
632 5097 707 5137 ex
735 5080 993 5153 posteris
1023 5080 1302 5152 Abrahae,
1328 5081 1432 5154 qui
1462 5081 1724 5154 appella-

62 5164 215 5224 batur
235 5176 442 5244 Asser,
474 5171 728 5229 duxisse
751 5170 1042 5227 adversus
1080 5171 1331 5245 Libyam
1370 5172 1719 5240 exercitum,

66 5262 112 5312 et
146 5258 223 5317 ibi
251 5263 429 5321 victis
461 5262 751 5320 hostibus
772 5260 1143 5329 consedisse,
1167 5263 1419 5335 ejusque
1452 5265 1724 5336 posteros

64 5360 126 5402 ex
151 5353 389 5410 nomine
422 5352 595 5411 atavi
624 5351 888 5409 Africam
941 5368 1353 5426 nuncupasse.
1386 5351 1547 5409 Alios
1572 5366 1725 5425 quo-

65 5452 165 5510 que
190 5440 343 5500 ﬁlios
364 5442 638 5501 Abrahae
664 5458 740 5498 ex
765 5441 1023 5500 Cethura
1052 5457 1383 5518 occupasse
1434 5441 1617 5498 Indiae
1640 5457 1729 5498 re-

71 5528 252 5596 giones
280 5534 633 5591 aestimatur
662 5533 774 5603 [Z.,
808 5532 1151 5606 aestimant].

126 5621 273 5680 νίας.
306 5629 546 5682 8-25.——
568 5623 714 5679 Hinc
742 5623 1011 5697 sequitur
1031 5622 1287 5696 qualiter
1306 5621 1613 5679 Abraham
1631 5622 1731 5680 de-

74 5708 249 5767 ﬁciens
281 5721 573 5772 mortuus
606 5718 715 5770 cst.
752 5714 1073 5779 Quomodo
1126 5713 1405 5769 convenit
1452 5713 1728 5777 Abrahae,

74 5801 175 5857 tam
203 5812 405 5865 sancto
434 5806 601 5873 viro,
636 5810 693 5862 et
744 5805 1025 5874 deﬁciens
1054 5810 1329 5861 mortuus
1360 5808 1446 5861 est
1467 5804 1496 5859 Ἰ
1541 5803 1605 5859 In
1633 5806 1736 5860 He-

76 5886 211 5951 braeo
234 5911 355 5956 non
384 5896 682 5966 habetur,
702 5894 1004 5967 deﬁciens,
1031 5893 1137 5952 sed
1165 5910 1202 5953 a
1232 5896 1359 5953 LXX
1398 5893 1735 5967 Interpreti—

1832 4631 2014 4689 etiam
2043 4627 2327 4687 historica
2354 4624 2722 4701 proprietate
2749 4625 2867 4682 hoc
2914 4638 3283 4697 responsum
3336 4619 3502 4676 inve-

1830 4722 1991 4779 nitur
2019 4735 2149 4776 esse
2180 4716 2571 4793 completum,
2604 4714 2711 4772 ubi
2738 4713 3006 4790 populus
3038 4710 3239 4783 Israel,
3263 4710 3382 4767 hoc
3411 4709 3504 4765 est

1828 4809 2014 4868 Jacob
2045 4808 2245 4866 minor
2273 4805 2463 4875 ﬁlius,
2491 4804 2799 4878 superavit
2816 4802 3137 4868 Idumaeos,
3166 4798 3229 4854 id
3251 4800 3344 4854 est
3355 4810 3503 4868 gen-

1831 4906 1953 4958 tem
1977 4915 2167 4973 quam
2196 4893 2557 4971 propagavit
2588 4896 2766 4965 Esau,
2781 4906 3005 4964 eosque
3029 4889 3298 4945 fecerunt
3316 4884 3505 4943 tribu-

1832 4991 2015 5048 tarios
2048 5005 2156 5064 per
2175 4985 2388 5044 David.
2406 4984 2524 5043 Sed
2544 4986 2758 5057 postea
2773 4979 3022 5038 Idumaei
3040 4976 3506 5045 rebellaverunt,

1836 5086 1893 5138 et
1917 5079 2137 5153 jugum
2158 5075 2551 5135 lsraeliticum
2582 5088 2620 5130 a
2649 5071 2879 5129 cervice
2925 5085 3039 5128 sua
3064 5068 3510 5144 deposuerunt.

1911 5170 2026 5228 Sed
2057 5165 2493 5242 requirendum
2524 5167 2631 5234 est,
2672 5160 2824 5238 quid
2877 5165 2967 5220 est
3004 5159 3174 5235 quod
3227 5156 3508 5233 superius

1835 5261 2073 5333 dicitur,
2122 5261 2610 5330 Deprecatusque
2676 5258 2761 5312 est
2821 5253 2997 5313 Isaac
3036 5251 3357 5309 Dominum
3390 5262 3511 5319 pro

1834 5364 2028 5408 uxore
2053 5362 2185 5417 sua,
2205 5362 2270 5404 eo
2296 5345 2459 5419 quod
2481 5348 2629 5402 esset
2658 5343 2904 5412 sterilis,
2921 5344 2979 5399 et
2991 5338 3264 5413 reliqua?
3277 5338 3361 5394 Ea
3373 5349 3514 5408 qua

1838 5438 2029 5498 sancti
2058 5437 2171 5494 viri
2196 5433 2430 5494 orando
2464 5431 2752 5506 efﬁciunt,
2798 5432 2882 5491 ita
2910 5426 3342 5505 praedestinata
3376 5425 3521 5483 sunt

1835 5535 1901 5588 ut
1918 5525 2200 5603 precibus
2221 5522 2789 5583 obtineantur.Nam
2808 5519 2942 5596 ipsa
2961 5531 3210 5594 quoque
3235 5510 3524 5590 perennis

1840 5619 2010 5692 regni
2063 5614 2515 5691 praedestinatio
2545 5611 2627 5670 ita
2660 5614 2750 5668 est
2798 5611 2879 5669 ab
2920 5608 3341 5684 omnipotente
3402 5606 3527 5663 Deo

1845 5708 2159 5783 disposita,
2192 5710 2259 5763 ut
2288 5703 2368 5762 ab
2400 5703 2515 5760 hoc
2546 5700 2713 5757 electi
2745 5716 2819 5756 ex
2846 5700 3055 5758 labore
3087 5694 3374 5757 orationis
3398 5710 3533 5769 per-

1850 5799 2093 5859 veniant
2120 5799 2309 5870 [Petr.
2331 5810 2449 5851 om.
2478 5786 2813 5861 orationis],
2833 5796 3134 5862 quatenus
3164 5783 3533 5860 postulando

1827 5891 2176 5957 mereantur
2194 5884 2466 5957 accipere
2493 5876 2665 5955 quod
2684 5875 2769 5932 eis
2811 5879 3198 5953 omnipotens
3217 5875 3377 5930 Deus
3395 5875 3541 5932 ante
