3942 6362
173 423 292 481 717

1246 426 1650 488 COMMENT.
1698 428 1776 487 IN
1819 426 2113 489 ISAIAM.
2149 465 2227 474 —
2259 432 2401 493 LIB.
2450 435 2496 494 Ι.

3477 443 3597 505 ’718

1489 661 1819 745 LIBER
1877 662 2315 753 PRIMUS

711 913 947 969 CAPUT
988 914 1298 970 PRIMUM.

240 1002 411 1056 Visio
438 1001 745 1069 lsaim,ﬁlii
786 1004 964 1057 Amos
990 1019 1003 1059 :
1032 1020 1209 1075 quam
1240 1004 1384 1058 vidit
1413 1023 1589 1076 super
1616 1007 1833 1062 Judam

168 1095 227 1146 et
287 1090 681 1156 Hierusalem,
714 1089 773 1144 in
832 1090 1041 1145 diebus
1094 1092 1263 1163 Osire,
1291 1094 1589 1166 Joatham,
1620 1096 1831 1165 Achaz,

167 1179 667 1251 Ezechiaa,regum
697 1179 1017 1235 Juda.Mos
1046 1185 1103 1235 et
1131 1182 1347 1236 usitata
1369 1186 1833 1239 consuetudoost

1863 918 1920 985 Α
1950 939 2081 975 nem
2109 940 2122 977 :
2148 924 2228 979 ita
2250 930 2379 996 post
2402 929 2927 999 prmvaricationem
2947 931 3143 1003 populi
3165 934 3366 989 eadem
3392 951 3600 994 rursus

1946 1012 2002 1064 in
2041 1013 2439 1070 testimonium
2471 1022 2638 1072 vocat
2690 1019 2868 1074 Isaias
2902 1037 2915 1075 :
2949 1024 3014 1075 ut
3054 1027 3266 1077 cuncta
3310 1024 3600 1080 elementa

1944 1108 2301 1169 cognoscant
2339 1105 2499 1175 justo
2549 1107 2734 1162 Deum
2775 1108 2833 1162 in
2868 1108 3147 1165 ultionem
3180 1112 3594 1169 mandatorum

1944 1205 2184 1242 suorum
2219 1191 2291 1244 ad
2324 1191 2689 1247 iracundiam
2723 1201 2971 1251 motum.
2996 1197 3415 1255 Metonomicos
3434 1218 3589 1269 vero,

167 1269 557 1340 scriptorum,
576 1268 678 1340 qui
709 1268 881 1324 nobis
906 1285 1105 1323 sacras
1134 1269 1360 1325 litteras
1394 1272 1835 1340 ministrant,ut
1944 1276 2000 1329 id
2033 1282 2123 1331 est
2154 1296 2257 1350 per
2284 1279 2405 1333 hanc
2436 1298 2563 1352 qua:
2595 1284 2896 1339 continent
2941 1301 3010 1341 ea
3057 1302 3184 1357 qua:
3217 1268 3595 1345 continentur

165 1358 410 1429 quando
441 1357 515 1412 ab
545 1356 745 1428 aliquo
777 1372 978 1411 eorum
1012 1364 1284 1413 narratur
1330 1358 1571 1431 aliquid,
1593 1378 1725 1415 cum
1759 1363 1830 1416 ad

164 1446 440 1518 seipsum
469 1444 714 1515 venerit,
747 1445 831 1500 sic
862 1445 933 1500 de
965 1463 1027 1501 se
1058 1451 1340 1518 tanquam
1373 1448 1444 1503 de
1476 1448 1587 1503 alio
1627 1450 1830 1521 loqua-

1941 1366 2316 1439 accipientes,
2378 1386 2696 1441 possumus
2753 1390 2869 1427 non
2927 1374 3246 1447 incongrue
3311 1378 3593 1435 cmlorum

1943 1454 2179 1509 nomine
2210 1474 2499 1527 supernas
2530 1459 2941 1533 angelieasque
2987 1462 3233 1519 virtutes
3280 1466 3543 1538 accipere
3576 1484 3589 1523 :

164 1540 287 1590 tur.
322 1534 420 1590 Sic
450 1532 588 1589 fecit
619 1532 833 1599 Moses,
865 1534 966 1605 qui
998 1534 1144 1608 dixit
1174 1552 1187 1589 :
1223 1537 1359 1592 Erat
1396 1542 1593 1592 autem
1641 1538 1831 1594 Moses
1940 1548 2268 1615 perterram
2284 1550 2478 1602 autem
2496 1532 2956 1612 bomines,terrze
2975 1532 3592 1612 scilicethabitatores.

161 1624 255 1679 vir
283 1622 665 1679 mitissimus.
700 1622 824 1677 Non
855 1623 1003 1678 dixit
1034 1640 1046 1679 :
1072 1625 1244 1679 Eram
1294 1642 1399 1696 ego
1450 1627 1826 1683 mitissimus.

159 1714 257 1768 Sic
277 1712 459 1768 etiam
480 1711 591 1767 Job
616 1710 795 1767 dicit:
818 1711 939 1780 Vir,
964 1712 1396 1783 inquiens,crat
1417 1714 1475 1769 in
1500 1720 1654 1770 terra
1684 1717 1828 1784 Ilus,

1951 1633 2061 1699 Qui
2096 1634 2517 1706 praecipiuntur
2544 1637 2749 1692 audire
2776 1642 2834 1693 et
2852 1639 3098 1694 auribus
3121 1641 3439 1714 percipere,
3457 1660 3597 1715 quo-

1939 1723 2097 1776 niam
2114 1722 2399 1778 Dominus
2432 1723 2663 1780 locutus
2697 1730 2805 1792 est,
2827 1726 2937 1782 hoc
2967 1729 3121 1797 quod
3150 1729 3438 1801 propheta
3458 1733 3597 1788 sub-

164 1800 411 1858 nomine
437 1800 571 1857 Job.
596 1800 692 1856 Sic
721 1800 928 1856 beatus
960 1801 1290 1872 Matthaaus,
1323 1807 1380 1857 et
1403 1804 1830 1877 Joannes,apo—
1936 1810 2130 1864 infert.
2152 1812 2261 1865 Sed
2296 1812 2682 1868 subnectatur
2709 1814 2850 1885 quid
2896 1814 3183 1871 Dominus
3209 1800 3299 1872 est
3335 1816 3588 1876 locutus.

161 1890 360 1946 stolas
389 1905 627 1963 quoque
657 1888 1003 1945 Paulus.Sic
1034 1889 1285 1962 denique
1308 1891 1488 1947 Isaias
1520 1893 1823 1964 propheta,

161 1979 272 2052 qui
298 1978 493 2035 noluit
522 1978 716 2033 dicere
740 1994 753 2032 :
776 1977 935 2033 Visio
975 1995 1153 2050 quam
1189 1996 1296 2051 ego
1337 1980 1517 2036 Isaias
1541 1982 1657 2036 vidi
1683 2000 1696 2037 :
1724 1984 1823 2038 sed

160 2068 252 2125 sic
282 2083 348 2124 se
377 2066 630 2124 inseruit
657 2066 848 2122 ordini
880 2067 1233 2123 narrationis
1264 2085 1403 2136 sum,
1438 2074 1718 2142 tanquam
1738 2088 1825 2127 re-

1937 1922 1963 1947 ‹‹
1992 1898 2167 1953 Filios
2194 1899 2443 1954 enutrivi
2477 1905 2536 1955 et
2579 1901 2845 1971 exaltavi,
2875 1902 2987 1973 ipsi
3018 1907 3215 1957 autem
3246 1909 3591 1976 spreverunt

1937 2004 2048 2041 me.
2076 2010 2102 2035 »
2138 1986 2421 2058 Populum
2453 1988 2791 2044 Judmorum
2823 2006 2974 2061 quos
2994 1992 3295 2047 communi
3318 1992 3446 2067 lege
3466 2012 3591 2051 ser-

1934 2093 2033 2130 vos
2065 2076 2398 2131 considerat
2425 2077 2798 2149 omnipotens
2827 2078 3002 2146 Deus,
3020 2078 3169 2135 filios
3200 2080 3477 2153 dignatus
3497 2088 3590 2140 est

162 2174 299 2213 rum
332 2161 634 2229 gestarum
669 2155 921 2228 scriptor
951 2172 965 2211 :
1002 2173 1117 2211 non
1168 2160 1449 2229 tanquam
1500 2159 1591 2214 sui
1639 2160 1825 2230 ipsius
1934 2163 2225 2235 appellare
2250 2180 2262 2218 :
2287 2182 2403 2219 non
2444 2165 2636 2220 solum
2666 2166 2723 2219 in
2748 2166 2858 2221 hoc
2880 2166 3143 2233 loco,sed
3171 2168 3441 2226 etiamin
3471 2172 3587 2227 Ex-

163 2246 534 2318 praadicator.
562 2244 675 2300 Sed
705 2243 805 2344 qui
840 2245 911 2299 de
942 2261 1003 2300 se
1034 2235 1446 2345 inprimordio
1478 2247 1561 2302 ita
1590 2249 1828 2304 silenter
1855 2280 1901 2345 Β
1935 2252 2427 2318 odo,ubidicitad
2449 2254 2808 2309 Pharaonem
2834 2272 2846 2309 :
2869 2279 2893 2303 α
2914 2255 3154 2312 Dimitte
3177 2257 3364 2314 ﬁlium
3386 2277 3588 2317 meum

162 2332 829 2406 loquitur,postremoin
852 2333 1235 2404 sequentibus
1255 2335 1481 2389 roborat
1494 2338 1824 2401 us,tiducia-

161 2422 299 2477 liter
327 2421 597 2494 loquens,
621 2420 763 2476 dicit
791 2420 1105 2476 Dominum
1138 2439 1200 2476 se
1228 2422 1463 2477 vidisse.
1488 2425 1823 2480 Notandum

161 2512 421 2583 denique
449 2514 558 2577 est,
594 2526 661 2565 ac
691 2510 938 2582 dignum
970 2511 1240 2581 qumsitu,
1270 2528 1452 2583 quare
1499 2513 1655 2568 dicat
1686 2531 1822 2586 pro-

162 2600 345 2672 pheta
367 2616 381 2653 :
400 2598 563 2654 Visio
595 2599 758 2654 Isaia:
783 2590 887 2653 filii
917 2601 1115 2665 Amos,
1138 2616 1316 2670 quam
1348 2600 1492 2655 vidit
1521 2619 1699 2673 super
1725 2603 1823 2658 Ju-

162 2689 300 2744 dam
350 2691 410 2743 et
460 2686 823 2743 Hierusalem
856 2703 1030 2742 :cum
1082 2687 1207 2759 ipse
1267 2688 1323 2742 in
1371 2690 1658 2760 principio
1704 2708 1816 2746 non

162 2780 360 2833 narret
380 2775 796 2848 hujuscemodi
816 2775 1070 2831 visiones
1090 2792 1237 2847 quas
1258 2777 1421 2841 vidit,
1442 2778 1593 2833 sicut
1619 2779 1818 2833 Daniel

161 2867 325 2936 (Dan.
342 2865 626 2938 x),neque
647 2864 802 2919 dicat
821 2863 961 2936 quid
983 2864 1228 2919 viderit:
1260 2866 1360 2919 sed
1388 2866 1587 2920 statim
1621 2868 1817 2921 subin-

164 2955 334 3021 ferat,
361 2953 638 3026 inquiens
663 2970 678 3020 ;
703 2975 730 3003 «
751 2952 919 3021 Audi,
944 2952 1177 3019 ccelum,
1203 2957 1258 3008 et
1284 2954 1526 3009 auribus
1563 2956 1815 3026 percipe,

161 3048 378 3099 terra.»
398 3043 523 3108 Et,«
547 3041 760 3096 Audite
780 3042 1023 3096 verbum
1047 3041 1302 3109 Domini,
1319 3043 1610 3114 principes
1629 3044 1815 3099 Sodo-

161 3146 454 3199 morum,»
485 3134 809 3201 caateraque
830 3129 923 3184 his
941 3129 1197 3184 similia?
1217 3131 1299 3185 Ad
1320 3132 1475 3201 quod
1500 3132 1813 3187 dicendum

162 3224 249 3275 est
275 3237 288 3275 :
313 3218 453 3275 Tria
476 3235 693 3292 genera
720 3234 850 3273 esse
881 3217 1194 3274 visionum.
1224 3219 1523 3291 Siquidem
1556 3221 1812 3292 primum

164 3324 348 3381 genus
378 3306 621 3363 visionis
651 3306 948 3379 corporale
977 3311 1085 3373 est,
1122 3324 1238 3378 quo
1268 3308 1533 3363 videmus
1579 3308 1813 3379 cmlum,

164 3402 220 3452 et
237 3400 542 3465 terram,et
561 3395 762 3451 omnia
780 3394 1465 3468 corporalia.Secundum
1487 3398 1810 3469 spirituale,

161 3502 278 3558 quo
307 3485 578 3541 videmus
610 3484 670 3540 in
708 3483 955 3539 somniis
1002 3486 1524 3552 moutes,arbores,
1544 3485 1813 3543 homines

158 3573 532 3631 ambulantes
564 3577 742 3645 atque
772 3573 925 3628 inter
954 3590 1015 3629 se
1045 3573 1393 3628 dimicantes
1418 3591 1430 3629 :
1455 3579 1513 3629 et
1533 3575 1811 3648 evigilan-

1934 2341 2389 2413 primogenitum
2406 2342 2595 2414 (Exod.
2613 2348 2750 2410 1v).»
2772 2344 2919 2399 Istos
2936 2344 3227 2416 siquidem
3241 2347 3392 2404 ﬁlios
3404 2350 3591 2405 omni-

1934 2436 2140 2502 potens
2172 2431 2326 2485 Deus
2374 2431 2643 2502 piissima
2675 2432 3052 2489 miseratione
3082 2436 3381 2506 enutrivit,
3412 2442 3590 2510 atque

1932 2520 2226 2587 exaltavit,
2259 2520 2515 2574 educens
2546 2538 2646 2574 eos
2676 2521 2747 2575 de
2793 2522 3072 2578 servitute
3103 2524 3263 2596 gravi
3294 2526 3587 2599 [Egyptia-

1932 2626 2085 2677 rum,
2106 2609 2204 2663 ubi
2238 2609 2568 2663 serviebant
2594 2608 2653 2663 in
2684 2608 2809 2664 luto
2838 2615 2896 2665 et
2927 2610 3229 2668 lateribus.
3250 2614 3360 2670 Sed
3384 2614 3468 2671 illi
3488 2617 3587 2673 be-

1932 2697 2273 2751 neﬁciorum
2298 2698 2427 2766 ejus
2448 2696 2659 2768 ingrati
2684 2704 3028 2769 spreverunt
3058 2699 3248 2767 illum,
3272 2704 3403 2774 ejus
3433 2722 3585 2776 prae-

1928 2789 2093 2855 cepta
2124 2784 2424 2851 calcando,
2454 2801 2766 2855 servosque
2796 2787 2924 2856 ejus
2971 2788 3285 2858 prophetas
3316 2796 3582 2849 contem-

1929 2873 2223 2940 nendo,ac
2252 2873 2392 2925 deos
2417 2871 2681 2943 gentium
2714 2873 2924 2927 surdos
2944 2878 3002 2927 et
3025 2879 3221 2931 mutos
3255 2877 3578 2935 adorando.

1926 2962 1985 3016 Si
2018 2960 2151 3031 quis
2180 2977 2316 3031 ergo
2344 2959 2553 3031 quierit
2579 2961 2873 3031 quomodo
2904 2962 3582 3038 enutriverit_eos,atque

1925 3047 2281 3117 exaltaverit,
2309 3046 2733 3101 animadvertat
2763 3047 3015 3119 qualiter
3043 3048 3104 3104 in
3131 3049 3318 3123 signis
3348 3057 3406 3107 et
3435 3070 3573 3125 pro-

1925 3136 2098 3208 digiis
2121 3135 2323 3190 multis
2344 3134 2605 3189 eduxerit
2625 3152 2725 3189 eos
2746 3136 2817 3190 de
2838 3136 3103 3208 Egypto,
3121 3138 3396 3212 siccoque
3427 3143 3575 3213 pede

1925 3243 2085 3281 mare
2108 3224 2357 3279 transire
2386 3224 2585 3278 fecerit
2607 3224 2797 3296 (Exod.
2823 3229 2961 3294 xw),
2987 3226 3260 3283 inimicos
3286 3244 3490 3285 eorum
3514 3231 3573 3287 in

1924 3315 2069 3386 ipsis
2099 3314 2266 3386 aquis
2296 3313 2687 3381 involvens,et
2716 3315 3009 3386 quomodo
3049 3332 3154 3388 per
3182 3319 3577 3392 quadraginta

1925 3420 2112 3458 annos
2142 3419 2361 3458 manna
2391 3402 2475 3456 eis
2507 3402 2951 3471 ministraverit,
2976 3402 3216 3461 illorum
3239 3423 3430 3464 mores
3453 3425 3581 3481 pra-

1922 3511 2046 3559 vos,
2078 3492 2719 3564 murmurationesque,
2754 3496 2930 3565 atque
2960 3493 3571 3569 rebelliones,patien-

1920 3581 2151 3636 tissime
2182 3580 2439 3635 tolerans
2470 3581 2646 3651 (Dcut.
2676 3584 2801 3650 vm)
2826 3598 2840 3636 :
2866 3598 3091 3638 necnon
3122 3587 3179 3639 et
3199 3586 3579 3656 quemadmo-

156 3668 246 3720 tes
285 3663 630 3736 ignoramus
644 3642 885 3735 penitus
916 3662 1054 3734 quid
1085 3662 1259 3718 fuerit
1286 3662 1430 3718 illud
1463 3642 1810 3736 quodvvidi-
1842 3642 1886 3711 ο
1924 3671 2066 3726 dum
2097 3669 2376 3726 deleverit
2404 3642 2631 3743 septem
2662 3642 2867 3742 gentes
2898 3688 2932 3726 a
2962 3671 3109 3728 facie
3132 3642 3583 3743 illorum,intro-

157 3768 313 3809 mus.
345 3751 611 3809 Tertium
639 3766 773 3807 vero
795 3768 982 3824 genus
1012 3751 1254 3808 visionis
1283 3758 1372 3807 est
1401 3754 1810 3824 intellectualc,

156 3858 273 3914 quo
331 3839 604 3897 consistit
650 3840 1079 3897 rationabilitas
1138 3841 1369 3912 animm,
1400 3846 1457 3897 et
1506 3860 1611 3913 per
1655 3845 1809 3915 quod

156 3931 579 4001 cognoscentes
610 3930 927 3983 amatorem
957 3928 1650 4001 nostrum,intclligimus
1671 3931 1811 4003 quid

156 4017 478 4074 debeamus
498 4015 663 4087 loqui
686 4015 1014 4072 secundum
1035 4017 1164 4087 ejus
1183 4016 1541 4074 voluntatem
1559 4036 1572 4073 :
1590 4020 1811 4091 Spiritu

154 4109 359 4163 sancto
391 4104 564 4161 nobis
594 4103 705 4159 hoc
730 4104 789 4158 in
822 4109 1019 4159 mente
1050 4105 1359 4161 revelante.
1401 4106 1612 4163 Videre
1653 4108 1811 4163 enim

154 4211 309 4268 saape
339 4194 580 4267 ponitur
598 4210 703 4266 pro
725 4191 1252 4266 intelligere.Undo
1274 4195 1532 4251 solemus
1572 4196 1813 4252 interro-

154 4300 295 4358 gare
336 4282 615 4355 aliquem,
650 4287 848 4339 utrum
896 4284 1089 4339 videat
1137 4283 1247 4339 hoc
1294 4285 1381 4340 vel
1430 4285 1815 4357 illud,id,est

154 4376 357 4428 utrum
380 4371 689 4445 intelligat.
707 4371 1004 4445 Propheta:
1026 4374 1385 4445 quoquc,qui
1408 4374 1814 4447 intelligebant

153 4477 224 4517 ea
254 4477 383 4533 quae
413 4464 662 4517 ventura
691 4465 879 4529 erant,
911 4466 968 4517 et
1020 4466 1288 4532 poterant
1330 4464 1557 4517 dicere:
1590 4483 1612 4511 α
1648 4463 1811 4519 Oculi

155 4549 343 4606 nostri
367 4565 603 4622 semper
623 4549 696 4606 ad
718 4550 1033 4606 Dominum
1058 4550 1445 4623 (Psal.xxxv).-
1476 4553 1562 4620 Et,
1591 4574 1618 4602 ‹‹
1641 4554 1725 4608 Ad
1760 4558 1813 4608 te

153 4638 337 4695 levavi
350 4637 553 4694 oculos
567 4655 730 4695 meos
746 4640 916 4711 (Psal.
934 4640 1208 4711 Lxxx1v),»
1224 4639 1281 4694 id
1295 4645 1383 4694 est
1394 4640 1594 4696 oculos
1621 4642 1813 4698 cordis

153 4728 292 4783 mei.
326 4728 397 4781 Et
426 4744 562 4782 cum
597 4727 932 4799 Psalmista,
968 4749 995 4779 ‹‹
1027 4729 1300 4797 Audiam,
1333 4730 1542 4801 inquit,
1561 4731 1700 4802 quid
1724 4730 1814 4785 lo—

152 4820 373 4888 quatur
391 4815 453 4871 in
479 4832 573 4871 me
597 4816 884 4872 Dominus
906 4817 1060 4873 Deus
1077 4817 1323 4889 (lbid.).»
1350 4818 1436 4872 llli
1460 4819 1665 4890 utique
1690 4836 1815 4891 pro-

150 4906 344 4978 phetae
376 4904 543 4976 prius
573 4905 836 4963 videntes
868 4906 1336 4978 appellabantur,
1368 4906 1426 4961 id
1459 4912 1567 4978 est,
1602 4908 1818 4962 intelli-

1922 3761 2145 3815 ducens
2157 3776 2256 3815 eos
2278 3759 2337 3812 in
2359 3762 2575 3814 terram
2591 3759 2870 3814 omnibus
2884 3759 3416 3834 meliorem,utpote
3432 3762 3582 3819 lacte

1922 3854 1980 3906 et
2012 3848 2184 3904 melle
2216 3850 2552 3902 manantem
2584 3850 2768 3915 (Deut.
2790 3850 2871 3916 v1)
2903 3847 3207 3920 multaque
3236 3848 3331 3908 his
3361 3849 3584 3906 similia

1921 3936 2159 4001 recolat,
2176 3953 2302 4007 quae
2334 3935 2507 3989 modo
2539 3934 2886 4006 perlongum
2917 3938 3007 3990 est
3028 3935 3581 3994 retexere.Prudens

1921 4030 2117 4080 autem
2150 4023 2330 4077 lector
2359 4022 2555 4094 sagaci
2591 4026 2787 4076 mente
2817 4021 3148 4093 prmvideat,
3184 4022 3399 4081 melius
3447 4039 3579 4082 esse

1914 4115 2082 4186 juxta
2103 4111 2447 4167 chraieam
2468 4110 2772 4165 veritatem
2794 4109 3129 4181 legendum,
3149 4109 3303 4166 filios
3325 4112 3577 4169 enutrivi

1922 4218 2099 4274 quam
2147 4198 2345 4271 genui,
2376 4202 2522 4253 teste
2572 4197 2743 4253 beato
2795 4198 3169 4270 Hieronymo,
3200 4216 3274 4254 ne
3311 4199 3579 4257 videatur

1922 4290 2067 4346 illud
2100 4305 2228 4344 esse
2259 4286 2619 4343 contrarium
2669 4286 2825 4358 quod
2877 4286 3135 4344 Joannes
3182 4288 3484 4362 apostolus
3514 4289 3576 4346 in

1921 4377 2170 4451 epistola
2189 4394 2298 4432 sua
2319 4375 2435 4431 ait:
2463 4399 2488 4425 ‹‹
2515 4375 2621 4440 Qui
2664 4380 2840 4431 natus
2869 4381 2960 4431 est
2985 4393 3054 4431 ex
3073 4377 3210 4446 Deo,
3228 4395 3341 4434 non
3374 4382 3579 4450 peccat

1923 4470 1967 4541 (ι
1990 4470 2145 4525 Joan.
2178 4470 2286 4534 III).
2324 4488 2352 4513 »

1994 4580 2021 4606 ‹‹
2051 4554 2331 4628 Cognovit
2358 4554 2463 4609 bos
2495 4569 2892 4624 possessorem
2917 4559 3188 4620 suum,et
3208 4555 3413 4612 asinus
3434 4573 3575 4629 prte-

1922 4662 2059 4718 sepe
2092 4643 2311 4699 domini
2341 4643 2452 4697 sui.
2474 4641 2650 4697 Israel
2673 4659 2807 4698 vero
2839 4659 2953 4697 non
2976 4645 3246 4714 cognovit
3274 4649 3452 4713 me,et
3475 4662 3578 4717 po-

1924 4734 2099 4807 pulus
2132 4749 2300 4787 meus
2349 4748 2441 4785 me
2486 4748 2599 4785 non
2651 4730 2953 4785 intellexit.
2989 4753 3017 4779 ››
3047 4732 3131 4786 Ad
3162 4732 3579 4789 contumeliam

1922 4824 2286 4887 Judzeorum,
2321 4820 2420 4893 qui
2472 4819 2850 4875 rationabiles
2896 4837 2931 4875 a
2979 4820 3095 4875 Deo
3143 4822 3320 4877 creati
3352 4822 3580 4879 ratione

1924 4912 2248 4967 debuerant
2278 4909 2384 4976 uti,
2418 4909 2595 4963 bruta
2624 4914 2682 4963 et
2714 4908 3081 4964 insensibilia
3110 4910 3580 4984 stultissimaque

144 4997 375 5066 gentes.
416 4993 753 5049 Istiusmodi
813 5010 952 5067 ergo
1009 4995 1238 5067 generis
1290 4995 1575 5051 visionem
1627 4996 1809 5052 Isaias
1844 5013 1889 5075 ι)
1918 4998 2199 5056 animalia
2217 4998 2671 5052 adducunlurin
2696 4998 3294 5071 testimonium,quod
3318 4998 3419 5055 illa
3439 5000 3582 5056 iece-

147 5081 317 5149 vidit,
350 5082 411 5135 id
454 5087 563 5152 est,
598 5084 820 5156 Spiritu
871 5088 1073 5139 sancto
1125 5086 1360 5139 afﬂatus
1391 5085 1675 5140 intellexit
1708 5102 1720 5140 :
1755 5090 1815 5140 et

146 5170 299 5226 vidit
328 5187 461 5242 quae
482 5176 728 5227 ventura
749 5177 916 5228 erant
948 5172 1162 5245 popqu
1204 5191 1331 5241 suo,
1356 5177 1413 5227 et
1452 5174 1631 5228 dixit:
1656 5173 1815 5229 Visio

146 5259 413 5326 Isaiae,id
444 5264 535 5316 est
562 5260 919 5330 intellectus,
953 5279 1127 5334 quem
1162 5262 1444 5317 intellexit
1475 5268 1679 5317 contra
1706 5264 1816 5318 Ju-

138 5349 290 5404 dam
321 5352 381 5404 et
408 5348 796 5406 Hierusalem.

221 5459 251 5485 «ι
266 5436 442 5504 Audi,
461 5437 696 5507 coelum,
715 5443 774 5494 et
803 5440 1047 5496 auribus
1066 5440 1316 5513 percipe,
1332 5444 1513 5496 terra:
1533 5442 1812 5513 quoniam

146 5525 446 5582 Dominus
478 5525 711 5584 locutus
742 5533 850 5585 est.
884 5550 913 5578 »
947 5528 1112 5583 Sicut
1152 5530 1340 5585 Moses
1376 5530 1550 5601 (Deut.
1575 5534 1701 5598 xxx)
1725 5529 1812 5584 in-

143 5614 381 5671 vocavit
400 5615 616 5672 cmlum
638 5622 695 5674 et
714 5621 930 5673 terram
955 5617 1014 5671 in
1040 5618 1444 5673 testimonium
1459 5620 1694 5691 quando
1711 5636 1815 5691 per

146 5719 286 5766 eum
321 5703 487 5762 dedit
518 5706 804 5769 Dominus
835 5707 1323 5780 benedictionem,
1355 5712 1413 5765 et
1453 5708 1811 5769 maledictio-

1924 5090 2044 5145 rint
2065 5104 2190 5158 quae
2221 5085 2317 5140 isti
2354 5103 2469 5140 non
2503 5085 3023 5153 fecerunt,seilicet
3056 5092 3121 5142 ut
3150 5092 3445 5160 pastorem
3478 5104 3583 5144 nu-

1926 5178 2307 5248 tritoremque
2340 5192 2513 5231 suum
2551 5177 3222 5248 recognoscersnt,quod
3251 5178 3453 5249 utique
3472 5178 3581 5234 bos

1923 5274 1979 5323 et
2002 5267 2205 5322 asinus
2232 5265 2386 5320 facit.
2410 5264 2615 5319 Altiori
2656 5269 2850 5319 autem
2884 5265 3203 5333 intellectu,
3229 5284 3333 5339 per
3351 5267 3578 5336 bovem,

1923 5356 2024 5429 qui
2048 5359 2322 5411 assuetus
2341 5358 2428 5409 est
2444 5354 2901 5425 ferrojugum,et
2921 5359 3011 5410 est
3033 5356 3321 5411 mundum
3335 5354 3580 5428 animal,

1923 5446 2295 5518 signiﬁcatur
2326 5442 2578 5516 populus
2615 5441 2987 5511 Israelitieus,
3017 5443 3116 5515 qui
3141 5443 3288 5517 legis
3333 5444 3582 5516 portavit

1914 5535 1980 5606 ju
1988 5552 2128 5607 gum
2140 5534 2361 5601 ,mundi
2375 5532 2632 5604 tiamque
2646 5531 2862 5587 mentis
2884 5549 2951 5588 ac
2964 5534 3224 5605 corporis
3244 5532 3579 5590 custodivit.

1920 5624 2137 5679 Asinus
2148 5640 2281 5679 vero
2300 5622 2554 5678 lascivus
2575 5626 2630 5678 et
2652 5622 2998 5677 immundus
3019 5624 3121 5694 qui
3144 5622 3417 5679 similiter
3431 5639 3582 5681 onus

1920 5717 2135 5788 portat,
2152 5712 2448 5788 signiﬁcat
2478 5710 2756 5787 gentilem
2773 5710 3061 5788 populum
3090 5713 3347 5791 pondere
3372 5727 3582 5794 peccaj
