3960 6392
422 455 544 515 719

848 457 1258 519 HAYMONIS
1290 455 1833 517 HALBERSTAT.
1866 448 2069 512 EPIS(

2257 449 2316 507 P.
2349 450 2552 511 PARS
2583 452 2632 510 Ι.
2669 484 2746 494 -
2776 450 3185 513 COMMEN'I‘.
3218 451 3420 512 BIIIL.

3721 454 3834 512 720

423 588 622 643 torum
652 592 979 660 gravatum.
1012 588 1292 659 Cognovit
1337 604 1473 659 ergo
1524 588 1631 643 bos
1675 601 2074 660 possessorem
2101 580 2157 649 Α
2186 582 2430 637 vestris:
2457 583 2736 655 quoniam
2759 584 2961 640 omnia
2980 584 3249 640 membra
3268 588 3464 641 vestra
3502 585 3674 657 plena
3701 592 3839 642 sunt

424 675 695 740 suum,id
728 680 818 730 est
845 676 1033 731 Judaei
1057 675 1155 747 qui
1188 678 1421 731 credere
1442 675 1758 731 noluerunt
1778 676 1836 730 in
1865 675 2076 731 Filium

423 763 523 819 Dei
557 767 953 835 cognoverunt
984 764 1174 831 illum,
1200 783 1234 819 a
1265 781 1379 836 quo
1409 763 1468 818 in
1504 766 1771 837 patribus
1802 765 1926 819 suis
1948 781 2078 834 pos-

423 851 569 906 scssi
602 850 854 905 fuerant.
889 851 977 906 Illi
1010 852 1211 923 utique
1243 854 1314 906 de
1345 853 1562 924 quibus
1605 853 1870 924 loquitur
1892 870 1904 908 :
1930 853 2078 919 Quia

423 955 543 994 una
572 938 665 994 die
696 939 1073 995 crediderunt
1103 942 1213 995 tria
1244 940 1431 996 millia
1481 942 1554 997 ad
1602 942 2075 1013 praedicationem

422 1025 844 1099 apostolorum,
879 1027 996 1083 alia
1025 1030 1119 1083 die
1152 1030 1412 1101 quinque
1458 1028 1665 1097 millia,
1698 1035 1755 1086 et
1802 1031 2078 1103 deinceps

421 1114 611 1171 multa
649 1115 858 1173 millia.
893 1118 1173 1189 Cognovit
1199 1123 1255 1173 et
1284 1119 1487 1174 asinus
1533 1136 1790 1190 praesepe
1830 1120 2074 1187 domini,

420 1205 655 1275 quando
684 1204 937 1277 gentiles
956 1206 1334 1262 crediderunt
1350 1208 1697 1279 mysterium
1729 1208 2080 1264 incarnatio-

419 1290 513 1347 nis
534 1292 665 1349 Filii
688 1293 790 1349 Dei
818 1310 831 1350 :
857 1295 1150 1366 qui,sicut
1176 1296 1235 1350 in
1259 1296 1570 1369 Evangelio
1593 1296 2077 1368 legitur,quando

418 1385 597 1439 natus
626 1386 735 1450 est,
770 1383 1091 1439 reclinatus
1125 1388 1216 1440 est
1242 1402 1277 1439 a
1305 1389 1491 1441 matre
1529 1385 1590 1440 in
1620 1387 1923 1458 praesepio.
1945 1387 2078 1443 Istis

418 1474 617 1526 autem
648 1472 1139 1544 cognoscentibus
1181 1473 1369 1529 Deum
1419 1474 1646 1530 Patrem
1680 1491 1816 1530 cum
1850 1474 1992 1531 Filio
2022 1479 2080 1531 et

419 1557 642 1631 Spiritu
673 1564 897 1629 sancto,
934 1561 1111 1616 Israel
1142 1579 1257 1616 non
1290 1563 1562 1635 cognovit
1600 1580 1736 1618 eum
1761 1580 1774 1618 :
1802 1563 2076 1620 Pharisaei

416 1647 659 1718 scilicet,
689 1650 916 1718 scribae,
951 1649 1170 1723 aliique
1213 1651 1574 1715 Judazorum,
1608 1650 1708 1723 qui
1741 1651 2079 1707 maluerunt

414 1734 477 1790 in
506 1735 851 1794 infidelitate
882 1739 1253 1811 mori,quam
1284 1739 1345 1794 in
1371 1739 1675 1795 Christum
1698 1740 2077 1807 credere.Qui

415 1823 595 1880 Israel
625 1825 1034 1898 appellantur:
1060 1845 1178 1883 non
1210 1829 1369 1900 quod
1399 1828 1519 1884 veri
1542 1834 1740 1885 essent
1762 1830 2071 1886 Israelita:

412 1913 696 1984 quoniam
726 1914 914 1970 Deum
946 1920 1145 1971 mente
1172 1933 1289 1972 non
1310 1916 1604 1973 videbant.

491 2019 516 2051 ι
545 2001 642 2057 Va:
673 2002 835 2075 genti
882 2004 1216 2076 peccatrici,
1250 2005 1468 2077 populo
1517 2007 1679 2079 gravi
1740 2007 2070 2079 iniquitate,

411 2090 624 2147 semini
655 2092 1087 2164 nequam,ﬁliis
1116 2094 1436 2150 sceleratis.
1466 2117 1493 2144 »
1527 2096 1649 2150 Non
1679 2096 1793 2152 alia
1823 2113 1968 2169 gens
2015 2100 2074 2152 et

412 2178 566 2235 alius
595 2180 853 2253 populus
883 2181 979 2237 hic
1008 2182 1316 2255 accipitur,
1336 2183 1455 2239 sed
1486 2184 1612 2255 ipse
1644 2184 1819 2240 Israel
1851 2190 1907 2240 et
1929 2203 2073 2257 gens

414 2267 765 2339 appellatur,
799 2274 856 2324 et
879 2269 1156 2341 populus,
1188 2276 1245 2326 et
1274 2271 1378 2325 filii
1431 2271 1719 2327 scelerati.
1751 2272 1870 2344 Vae,
1903 2278 2072 2328 aeter-

413 2371 559 2410 num
590 2356 1382 2431 supplicium,zeternamque
1415 2360 1853 2417 damnationem
1882 2366 2070 2417 sonat.

413 2444 604 2500 Judaei
634 2446 907 2518 ergo,qui
941 2448 1238 2519 quondam
1271 2448 1375 2503 filii
1408 2449 1509 2504 Dei
1544 2454 1683 2504 sunt
1708 2450 2071 2522 appellati,in

416 2534 726 2606 praeceptis
755 2535 941 2606 patris
973 2534 1065 2590 sui
1098 2536 1198 2591 Dei
1230 2537 1655 2609 omnipotentis
1678 2539 2071 2606 ambulantes,

414 2638 572 2676 nunc
603 2638 805 2677 semen
839 2640 1116 2695 nequam,
1150 2623 1373 2696 ﬁliique
1423 2624 1689 2681 scelerati
1711 2626 2006 2696 dicuntur,
2041 2645 2076 2683 a

410 2713 711 2770 voluntate
738 2715 840 2770 Dei
872 2715 1171 2770 deviantes
1207 2732 1220 2770 :
1255 2717 1635 2788 minaturque
1681 2717 1765 2773 eis
1797 2722 2073 2773 aeternam

411 2803 1298 2876 damnationem,aeternumque
1321 2804 1627 2861 interitum
1652 2823 1665 2860 :
1690 2823 1756 2861 eo
1788 2808 1943 2879 quod
1979 2822 2075 2861 no-

408 2889 1003 2964 luerantcognoscere
1030 2890 1243 2947 Filium
1258 2893 1381 2959 Dei,
1402 2893 1730 2949 venientem
1752 2895 1825 2950 ad
1845 2896 2072 2951 redem-

407 2979 669 3052 ptionem
692 2997 863 3037 suam
889 2980 947 3035 in
972 2982 1284 3036 mundum.
1303 2982 1398 3037 Sic
1420 2983 1595 3038 etiam
1622 2984 1694 3038 ab
1732 2984 1858 3056 ipso
1884 2985 2077 3041 Salva-

411 3072 537 3125 torc
568 3067 674 3123 ﬁlii
706 3068 943 3137 diaboli,
976 3073 1033 3125 et
1062 3070 1361 3141 genimina
1391 3072 1746 3143 viperarum,
1772 3078 2073 3143 vocantur,

413 3157 646 3213 dicente
676 3156 777 3213 illo
809 3158 869 3213 in
899 3159 1210 3231 Evangelio
1246 3178 1259 3215 :
1296 3184 1323 3209 «
1358 3159 1475 3216 Vos
1526 3178 1595 3216 ex
1641 3166 1806 3232 patre
1845 3162 2075 3220 diabolo

412 3247 941 3320 estis(Joan.vm).»
965 3248 1055 3316 Et,
1081 3268 1101 3295 α
1128 3248 1437 3303 Genimina
1456 3250 1812 3320 viperarum,
1846 3252 2079 3325 fugitea

411 3338 662 3392 ventura
688 3334 777 3390 ira
808 3335 1011 3405 (Matth.
1044 3352 1113 3402 v;
1148 3338 1277 3390 Luc.
1312 3336 1417 3407 in),
1456 3359 1483 3385 »
1541 3360 1568 3387 «
1630 3338 2079 3410 Dereliquerunt

414 3420 1321 3492 Dominum,blasphemaverunt
1336 3430 1607 3478 sanctum
1623 3426 1801 3480 Israel
1829 3443 1841 3481 :
1871 3428 2081 3483 abalie-

416 3509 540 3566 nati
571 3512 720 3565 sunt
748 3513 1092 3564 retrorsum.
1115 3531 1142 3558 ››
1166 3510 1483 3566 Dominum
1510 3512 1693 3567 Deum
1716 3514 2080 3586 omnipoten-

416 3601 537 3653 tem
594 3595 1055 3667 dereliquerunt,
1088 3598 1324 3669 quando
1374 3599 1766 3655 adoraverunt
1811 3602 1985 3671 idola,
2019 3608 2079 3660 et

416 3680 654 3759 quando
685 3684 898 3741 Filium
929 3686 1063 3757 ejus
1093 3702 1207 3740 non
1242 3693 1608 3759 receperunt.
1628 3688 2075 3761 Blasphemave-

412 3778 556 3831 runt
576 3778 849 3831 sanctum
874 3774 1136 3839 Israel,id
1158 3775 1575 3841 est,Christum
1597 3776 1808 3833 Filium
1825 3779 1925 3835 Dei
1940 3780 2073 3847 vivi,

411 3865 649 3938 quando
663 3864 936 3921 dixerunt
959 3863 1101 3933 illi,«
1121 3864 1485 3921 Daemonium
1509 3866 1879 3941 habes(loan.
1896 3874 2069 3939 vni).-

410 3956 500 4023 Et,
534 3978 562 4005 «
595 3953 1007 4011 Sﬁmaritanus
1036 3971 1098 4009 es
1130 3954 1336 4024 (lbid.).
1375 3978 1402 4004 »
1436 3956 1505 4009 Et
1543 3955 1802 4029 insuper,
1837 3960 2073 4030 quando

410 4043 587 4100 livido
631 4060 730 4099 ore
779 4042 1295 4100 conclamaverunt
1333 4044 1636 4101 dicentes:
1671 4068 1699 4095 ‹‹
1732 4046 1858 4101 Non
1891 4048 2072 4103 habe-

411 4150 547 4189 mus
578 4149 773 4206 regem
797 4132 909 4189 nisi
934 4133 1221 4189 Caesarem
1247 4132 1410 4202 (Ibid.
1434 4151 1588 4188 xix.»
1611 4135 1682 4189 Et
1702 4135 1921 4203 aliter,«
1938 4137 2075 4193 Cru-

412 4221 890 4294 ciﬁge,cruciﬁgc
911 4220 1094 4278 istum
1117 4221 1325 4292 (Matth.
1358 4240 1538 4291 xxv";
1570 4225 1702 4279 Luc.
1732 4231 1918 4295 xxm);
1944 4249 1972 4275 ››
1994 4231 2071 4293 ct,

411 4332 441 4361 α
475 4310 714 4367 Dimitte
763 4310 936 4365 nobis
990 4311 1316 4366 Barabbam
1348 4311 1559 4380 (Ibid).
1599 4335 1625 4361 ››
1657 4313 2074 4386 Blasphemare

412 4404 613 4457 autem
646 4403 737 4455 est
768 4415 781 4454 :
815 4398 1236 4454 contumeliam
1265 4398 1353 4454 vel
1377 4400 1707 4456 convicium
1727 4402 1964 4475 aliquod
1993 4404 2075 4460 in-

409 4488 579 4544 ferre.
609 4487 758 4556 Quia
786 4504 918 4544 vero
943 4487 1385 4559 dereliqucrunt
1414 4489 1687 4556 Deum,et
1708 4490 2077 4564 blasphema-

410 4581 620 4634 verunt
648 4576 972 4644 Christum,
1010 4576 1324 4634 abalienati
1358 4583 1501 4634 sunt
1532 4581 1938 4648 retrorsum,id
1962 4586 2070 4651 est,

2105 1949 2153 2014 B

2185 669 2547 728 vulneribus.
2578 672 2863 728 Adhibuit
2911 672 3126 744 saepius
3155 674 3541 744 curationem,
3575 676 3627 730 ei
3670 677 3837 732 modo

2187 758 2410 815 nullam
2434 767 2661 832 partem
2695 761 2923 816 invenio
2956 779 3083 833 qua:
3116 780 3232 817 non
3265 762 3345 818 sit
3365 764 3494 833 jam
3542 781 3836 835 percussa,

2187 846 2475 919 plenaque
2498 848 2817 922 plagis.Vel
2841 854 2996 905 certe
3018 855 3213 921 potest
3231 850 3481 923 intelligi
3502 852 3617 907 ita:
3644 852 3842 908 Nullas

2187 935 2417 991 invenio
2458 936 2685 1009 plagas,
2720 954 2908 1008 neque
2940 937 3062 993 ulla
3090 937 3343 1011 ﬂagella,
3376 940 3590 1011 quibus
3622 941 3841 1012 possim

2186 1024 2455 1097 frangere
2484 1025 2763 1081 duritiam
2795 1026 2989 1082 cordis
3024 1026 3198 1082 vestri
3231 1044 3245 1082 :
3281 1027 3419 1100 quia
3460 1045 3574 1100 quo
3622 1030 3843 1100 majora

2186 1118 2330 1167 sunt
2356 1117 2666 1179 tormenta,
2683 1132 2749 1169 eo
2772 1114 3032 1187 amplius
3052 1116 3265 1171 crescit
3284 1116 3839 1188 impietas,murmu-

2187 1200 2356 1267 ratio,
2388 1206 2566 1274 atque
2597 1203 2876 1274 superbia
2907 1203 3266 1260 rebellionis.
3291 1205 3515 1270 Quibus
3534 1205 3725 1261 verbis
3741 1207 3845 1262 sic-

2190 1294 2258 1345 ut
2305 1291 2512 1347 beatus
2542 1291 2931 1364 Hieronymus
2960 1293 3043 1348 ait
3074 1309 3087 1347 :
3121 1293 3596 1349 Auimadverte’re
3636 1311 3835 1367 possu-

2188 1395 2323 1435 mus
2351 1379 2567 1436 ideirco
2599 1381 2783 1436 Deum
2816 1386 3118 1453 percutere
3148 1382 3579 1455 delinquentes,
3612 1385 3673 1438 ut
3715 1400 3843 1439 cor-

2187 1468 2483 1540 rigatzut
2530 1487 2645 1525 non
2699 1474 2820 1525 tam
2872 1488 3045 1542 paena
3102 1470 3180 1526 sit
3236 1470 3321 1527 eis
3381 1471 3641 1538 afﬂictio,
3665 1489 3842 1545 quam

2187 1558 2717 1625 emendatio.Quod
2754 1576 2871 1615 non
2898 1560 3075 1616 fuerit
3104 1560 3269 1616 locus
3300 1563 3494 1632 aptus,
3510 1561 3568 1616 in
3600 1578 3716 1633 quo
3741 1578 3844 1634 po-

2186 1646 2398 1701 tuisset
2440 1646 2527 1702 eis
2575 1647 2932 1703 medicinam
2981 1647 3280 1704 salubrem
3324 1648 3556 1720 inferre,
3590 1650 3846 1706 declarat

2186 1748 2322 1788 cum
2353 1733 2549 1789 infert.
2576 1757 2603 1784 ‹‹
2639 1739 2825 1791 Omne
2856 1740 3034 1808 caput
3064 1735 3436 1810 languidum,
3459 1742 3516 1794 et
3544 1754 3716 1795 omne
3748 1756 3846 1795 cor

2186 1832 2461 1878 moerens.
2480 1844 2508 1871 ››
2539 1822 2685 1889 Quia
2714 1823 2898 1897 igitur
2929 1810 3310 1882 inter/omnes
3333 1842 3543 1883 sensus
3563 1827 3843 1899 corporis,

2186 1913 2245 1965 et
2273 1910 2427 1965 inter
2473 1910 2674 1966 omnia
2716 1913 3006 1984 membra,
3038 1912 3536 1987 principalitatem
3567 1916 3847 1988 quodam-

2186 1999 2360 2054 modo
2390 1999 2617 2055 obtinet
2646 2005 2845 2072 caput,
2876 2001 2935 2056 in
2960 2003 3134 2058 corde
3156 2019 3389 2075 quoque
3417 2004 3732 2076 requiescit
3750 2006 3847 2061 do-

2182 2087 2373 2143 ctrina
2392 2092 2449 2143 et
2471 2088 2761 2161 sapientia
2784 2107 2797 2144 :
2825 2107 2942 2145 non
2969 2092 3432 2165 incompetenter
3449 2092 3845 2166 metaphorice

2182 2193 2286 2249 per
2315 2182 2492 2249 caput
2519 2177 2815 2249 principes
2841 2196 2876 2234 a
2906 2180 3123 2259 quibus
3150 2180 3372 2254 regitur
3394 2181 3671 2253 populus,
3692 2182 3846 2237 sicut

2182 2283 2216 2320 a
2235 2265 2422 2337 capite
2445 2267 2711 2322 membra
2735 2284 2747 2322 :
2773 2271 2832 2323 et
2847 2284 2952 2340 per
2970 2285 3071 2323 cor
3091 2268 3507 2343 intelliguntur
3526 2271 3843 2343 sapientes,

2183 2355 2586 2427 doctoresque.
2633 2356 2839 2423 Omne,
2892 2357 3104 2429 inquit,
3156 2364 3333 2430 caput
3372 2357 3747 2431 languidum,
3781 2364 3842 2415 et

2183 2460 2356 2497 omne
2387 2460 2486 2498 cor
2515 2461 2768 2501 mmrens
2798 2450 2906 2515 est,
2928 2445 3035 2501 hoc
3064 2452 3172 2514 est,
3197 2464 3232 2503 a
3260 2446 3632 2519 principibus
3654 2466 3846 2521 usque

2184 2533 2255 2587 ad
2290 2533 3104 2607 mendicum,cxtremamque
3135 2534 3397 2607 plebem;
3434 2541 3493 2591 et
3523 2553 3558 2592 a
3586 2537 3846 2593 doctori-

2185 2620 2299 2677 bus
2314 2639 2503 2693 usque
2519 2623 2591 2677 ad
2620 2623 2958 2695 imperitum
2981 2628 3155 2695 atque
3167 2622 3469 2679 indoctum
3483 2622 3848 2697 vulgus,non

2184 2714 2274 2765 est
2309 2711 2534 2767 sanitas
2552 2712 2804 2769 mentis:
2832 2712 2931 2768 sed
2949 2728 3153 2768 omnes
3183 2712 3465 2768 inﬁrmati
3495 2718 3636 2769 sunt
3655 2713 3716 2768 in
3741 2713 3847 2769 im-

2184 2798 2503 2871 pietatibus
2522 2800 2999 2874 suis,omnesque
3017 2801 3329 2859 tabescunt
3349 2802 3409 2856 in
3430 2801 3845 2873 iniquitatibus

2185 2888 2331 2945 suis.
2364 2889 2527 2945 Sicut
2573 2907 2709 2963 ergo
2767 2890 2969 2947 laetitia
3026 2891 3210 2947 animi
3267 2891 3564 2947 interdum
3613 2889 3845 2947 dolores

2184 2978 2445 3050 corporis
2474 2982 2791 3051 temperat;
2822 2984 2880 3035 et
2908 2978 2959 3035 si
2990 2979 3063 3035 ad
3113 2979 3550 3052 aegrotationem
3583 2978 3844 3051 corporis

2185 3068 2424 3123 accedat
2444 3066 2694 3141 languor
2724 3067 2958 3136 mentis,
2978 3068 3316 3140 duplicatur
3344 3067 3685 3137 infirmitas;
3711 3072 3770 3123 et
3791 3066 3841 3123 si

2185 3159 2363 3227 caput
2382 3155 2862 3222 doluerit,omnia
2882 3155 3102 3211 membr
3117 3172 3151 3210 a
3165 3154 3382 3211 debilia
3403 3159 3542 3212 sunt
3563 3172 3577 3211 :
3600 3154 3684 3211 ita
3705 3170 3845 3226 quo-

2188 3261 2301 3316 que
2331 3243 2546 3317 populo
2570 3244 2906 3301 infirmante
2927 3245 2987 3300 in
3009 3261 3140 3301 suns
3158 3244 3581 3316 impietatibus,
3607 3244 3655 3300 si
3681 3244 3837 3317 prin‘

2107 3318 2150 3385 C
2188 3333 2347 3405 cipes
2388 3338 2445 3389 et
2482 3335 2749 3390 doctores
2799 3338 3018 3390 statum
3069 3334 3441 3389 rectitudinis
3487 3337 3840 3399 servassent,

2187 3426 2487 3495 utcunque
2504 3423 2791 3479 medelam
2811 3423 3023 3480 salutis
3043 3427 3366 3479 mereretur
3386 3423 3540 3478 idem
3563 3421 3836 3494 populus.

2186 3511 2299 3566 Sed
2333 3512 2612 3582 quoniam
2643 3511 2823 3567 simul
2857 3528 3065 3567 omnes
3108 3511 3398 3568 debilitati
3446 3516 3603 3577 sunt,
3624 3510 3839 3565 idcirco

2185 3598 2530 3671 prolongata
2545 3605 2634 3656 est
2664 3601 2736 3655 ab
2763 3599 2849 3656 eis
2880 3599 3063 3670 salus,
3091 3618 3109 3656 ι
3167 3599 3461 3655 medicina
3483 3598 3836 3655 animarum.

2185 3684 2348 3741 Unde
2378 3690 2435 3740 et
2465 3686 2733 3758 sequitur
2764 3703 2777 3742 :
3026 3700 3045 3711 ‘

2257 3797 2283 3823 ‹‹
2317 3776 2365 3828 Α
2389 3773 2591 3846 planta
2621 3775 2790 3847 pedis
2818 3792 3008 3847 usque
3056 3775 3129 3829 ad
3178 3775 3454 3830 verticem
3506 3793 3620 3833 non
3662 3779 3753 3831 est
3779 3776 3835 3831 in

2184 3879 2250 3918 eo
2282 3862 2571 3920 sanitas.»
2606 3864 2809 3919 Servat
2840 3862 3272 3935 metaphoram,
3296 3869 3353 3919 et
3391 3864 3553 3933 dicit,
3586 3881 3619 3920 a
3638 3863 3835 3936 planta

2182 3952 2348 4025 pedis
2368 3968 2557 4023 usque
2578 3952 2649 4006 ad
2672 3950 2966 4007 verticem.
2987 3952 3048 4007 Id
3068 3956 3159 4007 est
3179 3953 3251 4006 ab
3280 3952 3631 4009 humillimis
3653 3969 3837 4024 usque

2181 4044 2255 4099 ad
2288 4058 2575 4109 summos,
2609 4045 2667 4096 et
2698 4041 2771 4096 ab
2800 4040 3068 4097 extremis.
3105 4058 3294 4112 usque
3343 4043 3415 4098 ad
3450 4042 3688 4115 primos,
3724 4059 3835 4097 non

2181 4150 2310 4189 esse
2334 4133 2591 4204 aliquem
2625 4130 2875 4187 sanitate
2906 4130 3121 4186 mentis
3165 4132 3491 4187 florentem.
3525 4154 3553 4182 «
3586 4130 3837 4204 Vulnus,

2182 4229 2240 4280 et
2268 4224 2434 4295 livor,
2467 4226 2524 4276 et
2568 4220 2742 4293 plaga
2790 4224 3026 4276 tumens
3061 4237 3074 4276 :
3110 4237 3227 4276 non
3278 4225 3368 4275 est
3411 4220 3834 4292 circumligata,

2182 4330 2289 4370 nec
2319 4315 2522 4368 curata
2551 4309 2964 4378 medicamine,
3001 4325 3191 4381 neque
3222 4310 3342 4365 fota
3380 4309 3524 4365 oleo.
3552 4331 3579 4358 ››
3610 4308 3836 4365 Vulnus

2182 4401 2415 4474 proprie
2445 4404 2553 4467 cst,
2568 4399 2724 4471 quod
2758 4399 2824 4453 fit
2851 4415 2987 4454 cum
3020 4397 3439 4454 baculo.Livor
3476 4402 3670 4455 autem
3710 4414 3834 4454 ver-

2180 4490 2479 4548 beratione
2501 4489 2821 4561 virgarum.
2842 4486 3021 4560 Plaga
3050 4503 3286 4559 quoque
3316 4491 3572 4553 tumens,
3605 4487 3729 4542 sive
3750 4488 3834 4542 in-

2183 4580 2413 4649 ﬂata,lit
2435 4578 2784 4651 plerumque
2804 4575 3375 4648 gladio,plerumque
3394 4575 3837 4632 baculo.Notan-

408 4680 547 4720 cum
579 4664 925 4721 debuissent
953 4680 1195 4737 gressus
1225 4682 1469 4736 operum
1504 4683 1749 4722 suorum
1784 4668 1855 4723 ad
1907 4674 2068 4725 ante-
2100 4688 2148 4753 D
2182 4670 2348 4735 dum,
2380 4668 2537 4740 quod
2569 4667 2690 4722 haec
2719 4666 2895 4722 verba
2924 4665 3260 4737 specialiter
3297 4666 3590 4738 pertinent
3617 4665 3689 4721 ad
3726 4666 3835 4721 Do-

408 4752 565 4810 riora
592 4752 864 4825 dirigere,
898 4757 955 4808 et
987 4756 1271 4825 praecepta
1296 4755 1715 4811 mandatorum
1756 4757 1856 4811 Dei
1880 4758 2069 4830 sequi,

408 4841 735 4899 secundum
767 4842 922 4912 quod
955 4840 1041 4896 eis
1086 4841 1311 4896 dictum
1360 4847 1470 4912 est,
1505 4867 1533 4891 ‹‹
1570 4843 1706 4900 Post
1751 4845 2068 4904 Dominum

406 4929 592 4987 Deum
619 4934 877 4985 vestrum
924 4929 1221 4985 ambulate
1252 4930 1394 5000 (Ose.
1423 4936 1500 4999 x1)
1533 4949 1546 4987 :
1585 4956 1612 4982 ››
1663 4932 1837 4989 alieni
1887 4953 1921 4991 a
1956 4939 2067 4993 Deo

406 5018 785 5088 eil‘ecti,retro
818 5019 1084 5074 conversi
1118 5024 1258 5075 sunt
1290 5020 1360 5075 ad
1396 5020 1739 5092 iniquitates
1773 5040 1951 5080 suas:
1983 5028 2065 5082 fa-

407 5107 633 5163 cientes
657 5110 863 5162 contra
884 5106 939 5161 id
964 5107 1121 5179 quod
1147 5108 1409 5180 prmcipit
1429 5108 1727 5168 Salvator:
1752 5112 1853 5179 Ne,
1869 5130 2070 5187 appre-

406 5193 592 5252 henso
624 5199 841 5264 aratro,
873 5195 1150 5266 respiciat
1181 5198 1316 5268 quis
1344 5203 1477 5269 post
1511 5203 1761 5271 tergum.

478 5308 507 5336 «
546 5285 736 5355 Super
764 5300 879 5354 quo
910 5285 1234 5356 percutiam
1265 5304 1367 5342 vos
1398 5286 1575 5358 ultra,
1611 5288 1893 5347 addentes
1924 5310 2068 5365 prae-

404 5371 866 5430 varicationem?
898 5395 925 5423 ››
956 5373 1079 5427 Vox
1128 5373 1229 5429 Dei
1278 5376 1699 5449 omnipotentis
1730 5380 1801 5433 ad
1835 5380 2068 5438 Judaeos

403 5461 824 5529 vecordes,per
849 5461 1194 5534 Prophetam
1216 5463 1512 5535 loquentis
1537 5482 1549 5520 :
1576 5468 1764 5539 Super
1785 5486 1920 5541 quo,
1948 5471 2067 5528 sive

402 5547 463 5605 in
493 5565 618 5621 quo
650 5546 778 5599 loco
811 5552 1135 5617 percutiam
1163 5568 1264 5607 vos
1297 5553 1469 5623 ultra,
1504 5556 1603 5626 qui
1653 5557 1868 5613 additis
1910 5578 2063 5616 sem—

399 5650 503 5705 per
518 5631 1063 5708 prmvaricationem
1077 5637 1104 5690 Ἰ
1123 5639 1201 5691 Ac
1216 5640 1265 5693 si
1290 5642 1509 5698 diceret
1529 5643 1663 5700 aliis
1675 5646 1867 5701 verbis
1896 5664 1909 5702 :
1935 5649 2061 5705 Non

2183 4759 2328 4814 mini
2360 4758 2701 4827 adventum,
2724 4759 2781 4810 et
2810 4755 2882 4810 ad
2915 4753 3187 4810 ultimam
3208 4755 3591 4811 vastationem
3611 4754 3835 4812 Judaeo-

2177 4865 2333 4904 rum.
2366 4845 2670 4917 Siquidem
2719 4843 2892 4916 plaga
2942 4841 3262 4916 impietatis
3312 4859 3533 4909 eorum,
3568 4859 3670 4917 pro
3720 4860 3834 4917 qua

2177 4936 2339 4993 ducti
2370 4938 2510 4991 sunt
2539 4935 2599 4989 in
2622 4933 2997 5005 Babylonem,
3014 4938 3216 5005 postea
3238 4937 3439 4989 curata
3468 4937 3574 5001 est,
3601 4934 3831 5005 quando

2177 5028 2288 5085 sub
2318 5023 2633 5081 Zorobabel
2656 5022 2907 5094 aliisque
2932 5022 3184 5078 ducibus
3227 5022 3442 5079 reversi
3472 5026 3611 5077 sunt
3641 5022 3713 5078 de
3739 5040 3828 5078 ca-

2178 5116 2461 5189 ptivitate,
2493 5112 2897 5184 templumque
2928 5113 3308 5183 postmodum
3341 5111 3829 5167 remdiﬁcaverunt

2178 5207 2225 5278 (1
2253 5204 2411 5260 Esdr.
2445 5203 2522 5275 v).
2556 5205 2921 5274 Quapropter
2967 5201 3041 5256 ad
3074 5205 3395 5257 extremam
3437 5199 3825 5272 captivitatem

2180 5293 2483 5351 referenda
2501 5295 2985 5363 sunt,postquam
3010 5289 3240 5346 nullum
3266 5290 3590 5346 remedium
3614 5305 3828 5345 merue-

2178 5384 2455 5440 runt.Scd
2469 5380 2816 5454 impleturin
2832 5379 2917 5435 eis
2936 5380 3091 5451 quod
3106 5379 3201 5435 hic
3213 5379 3356 5435 dicit
3368 5380 3676 5452 Propheta:
3692 5377 3825 5434 Vul-

2176 5491 2290 5530 nus
2313 5472 2633 5541 malitim,et
2660 5468 2806 5524 livor
2830 5468 3184 5540 iniquitatis,
3195 5466 3483 5541 plagaquc
3495 5469 3823 5525 Judaaorum

2172 5569 2431 5631 tumens,
2465 5561 2522 5616 id
2562 5562 2673 5628 est,
2706 5562 3015 5630 peccatum
3064 5556 3299 5612 illorum
3355 5557 3624 5613 inflatum
3656 5560 3823 5627 atque

2171 5655 2516 5718 distentum,
2530 5665 2646 5705 non
2678 5652 2767 5702 est
2787 5646 3262 5719 circumligatum
3285 5644 3726 5701 linteaminibus
3742 5648 3821 5698 at-

395 5718 637 5783 ίανεηίο
673 5731 850 5788 quam
894 5723 1246 5780 medianam
1294 5731 1516 5802 Ροεείω
1561 5733 1838 5791 adhibere
1868 5735 2059 5813 Plagis
2169 5760 2282 5821 que
2313 5739 2571 5800 fasciolis
2601 5736 2954 5811 orationum,
2990 5718 3096 5796 nec
3128 5740 3401 5796 curatum
3424 5734 3618 5809 aliqno
3641 5732 3820 5792 medi-
