3960 6378
145 471 256 528 721

1226 473 1629 533 COMMENT.
1679 474 1756 532 ΙΝ
1804 473 2096 534 ISAIAM.
2132 509 2207 518 ——
2251 476 2398 534 LIB.
2448 476 2495 536 Ῑ.

3451 485 3568 545 ’722

137 601 370 658 camine
403 601 692 659 bonorum
725 621 990 675 cpernm,
1026 623 1212 677 neque
1246 607 1452 673 fotum,
1491 607 1544 662 id
1581 613 1686 670 est,
1712 625 1801 662 ca-
1830 609 1882 674 Α
1916 607 2020 660 rha
2043 607 2264 663 similes
2281 627 2567 665 essemus.
2589 637 2614 659 ››
2641 613 2750 666 [loc
2773 612 2841 667 de
2862 612 3122 685 reliquiis
3145 616 3568 693 apostolorum,

133 691 388 747 lefacum
416 690 500 747 vel
534 697 806 748 curatum
839 693 963 748 oleo
995 695 1369 766 pmnitentim.
1407 697 1517 751 Nec
1558 697 1797 767 mirum,

131 782 177 838 si
215 781 455 837 illorum
491 781 664 854 plaga
696 799 808 838 non
851 788 941 839 est
975 790 1194 851 curata,
1231 787 1448 858 quippe
1501 805 1634 841 cum
1685 787 1795 859 ipsi

131 870 473 942 piissimum
509 871 804 926 medicum
838 874 908 927 ad
939 889 998 927 se
1030 875 1279 928 missum
1314 877 1686 946 peremerint.

203 983 230 1008 «ι
266 961 449 1015 Terra
499 965 692 1015 vestra
741 962 971 1016 deserta
1008 986 1031 1008 υ
1070 962 1287 1016 scilicet
1335 964 1442 1017 erit
1474 989 1498 1010 ‹‹
1535 964 1796 1020 civitates

129 1054 335 1103 vestrae
369 1064 668 1103 succensae
700 1049 841 1120 igni.
869 1051 1183 1120 Hegionem
1210 1058 1460 1106 vestram
1488 1071 1678 1107 coram
1707 1073 1798 1108 vo-

132 1136 221 1191 bis
253 1136 431 1190 alieni
464 1137 745 1192 devorant
781 1161 806 1184 ››
843 1156 943 1209 pro
975 1156 1040 1193 eo
1071 1141 1225 1210 quod
1275 1144 1362 1194 est
1412 1142 1794 1206 devorabunt,

136 1251 159 1273 ‹‹
193 1230 252 1280 et
282 1225 654 1280 desolabitur
683 1226 834 1282 sicut
855 1227 908 1280 in
936 1229 1204 1283 vastitate
1238 1229 1452 1286 hostili.
1489 1256 1511 1277 υ
1539 1233 1663 1284 llam.
1686 1233 1795 1286 sub

136 1313 473 1386 Babyloniis
505 1331 571 1368 ex
595 1320 757 1386 parte
785 1316 1077 1388 completa
1101 1322 1260 1382 sunt,
1278 1317 1534 1373 incensis
1558 1320 1798 1374 civitati-

134 1404 262 1469 bus,
301 1402 667 1458 Hierusalem
691 1406 988 1471 subversa,
1006 1410 1060 1459 et
1083 1407 1472 1461 Samaritanis
1498 1410 1794 1479 regionem

133 1507 331 1544 eorum
368 1489 782 1558 incolentibus,
819 1497 1054 1564 totaque
1102 1499 1255 1549 terra
1306 1500 1459 1549 terra
1508 1497 1790 1564 desolata,

132 1577 428 1633 intantum
455 1579 847 1635 utaleonibus
870 1585 1344 1637 vastaretur.Sed
1371 1584 1600 1654 plenius
1619 1591 1793 1656 atque

133 1669 450 1740 perfectius
481 1669 591 1724 sub
626 1669 1019 1725 Romanorum
1043 1673 1292 1727 adventu
1318 1674 1607 1745 completa
1631 1681 1790 1740 sunt,

132 1776 255 1829 qua:
287 1758 543 1813 vastatio
578 1775 764 1829 usque
797 1761 866 1814 ad
915 1761 1090 1815 finem
1143 1763 1344 1816 mundi
1403 1765 1788 1833 permanebit,

131 1848 552 1920 regionemque
571 1847 908 1903 Judzeorum
936 1848 1108 1904 alieni
1138 1868 1331 1906 coram
1357 1851 1440 1906 eis
1463 1855 1787 1907 comedent.

197 1962 224 1986 ‹‹
251 1938 326 1992 Et
350 1936 792 2008 derelinquetur
816 1935 935 1992 filia
958 1939 1095 1993 Sion
1125 1944 1186 1993 ut
1209 1941 1619 1995 umbraculum
1643 1942 1696 1994 in
1717 1941 1793 1994 vi-

133 2043 256 2093 nea,
293 2029 356 2081 ct
386 2025 541 2081 sicut
564 2026 864 2096 tugurium
895 2027 948 2080 in
973 2028 1459 2092 cucumerario,et
1483 2029 1634 2082 sicut
1656 2029 1793 2083 civi-

131 2118 216 2169 tas
236 2131 370 2186 quze
401 2116 683 2168 vastatur.
715 2138 738 2160 ››
763 2114 1100 2169 Similitudo
1133 2117 1476 2171 vastationis
1511 2117 1706 2186 templi
1737 2122 1794 2171 et

130 2201 497 2258 Hierusalem
530 2202 786 2258 sumitur
803 2204 865 2257 al'
897 2203 1293 2275 agricolis,qui
1316 2205 1576 2275 quandiu
1601 2206 1790 2274 vinea,

132 2294 302 2366 plena
333 2297 425 2347 est
457 2292 605 2357 uvis,
643 2309 838 2364 ponun
897 2295 1170 2349 custodes
1205 2295 1258 2348 in
1309 2296 1688 2349 umbraculis.
1728 2297 1790 2349 In

126 2381 532 2438 cucumerario
573 2398 804 2453 quoque
833 2386 960 2450 (oro
995 2400 1110 2453 quo
1161 2384 1540 2454 Septuaginta
1594 2402 1788 2455 pomo-

127 2489 250 2527 rurn
285 2471 620 2526 custodiam
653 2471 1099 2541 transtulerunt)
1136 2473 1282 2526 ﬁunt
1308 2473 1562 2543 tuguria,
1587 2474 1641 2527 id
1666 2478 1775 2539 est,

122 2575 305 2630 parva:
339 2556 574 2624 casulee,
608 2561 843 2629 propter
867 2559 1135 2613 ardorem
1169 2559 1310 2613 solis
1341 2577 1404 2614 ac
1438 2560 1631 2615 radios
1683 2563 1786 2616 de-

125 2648 452 2714 clinandos,
487 2647 737 2717 indeque
768 2646 850 2701 vel
888 2647 1153 2702 homines
1177 2649 1260 2702 vel
1289 2649 1566 2703 bestiolas
1601 2650 1778 2720 repel-

125 2735 272 2802 lunt,
307 2753 436 2807 qua:
471 2751 678 2790 nocere
712 2735 898 2790 solent
919 2736 1070 2789 natis
1097 2737 1658 2806 frugibusﬂollectis
1681 2756 1779 2792 au-

129 2829 240 2879 tem
277 2823 614 2879 istiusmodi
642 2824 950 2885 fructibus,
971 2829 1025 2878 et
1051 2825 1293 2878 custode
1318 2827 1790 2897 recedente,quia

132 2930 242 2968 non
280 2912 457 2966 habet
489 2912 644 2982 quod
681 2911 834 2966 ultra
866 2912 943 2965 ibi
979 2918 1186 2974 servet,
1223 2918 1526 2967 remanent
1567 2915 1790 2969 arentia

134 3001 484 3056 umbracula
499 3001 810 3055 fructicum
826 3000 1156 3072 casulceque
1170 3003 1790 3058 (lestructhimiliter

132 3091 506 3161 omnipotens
536 3089 688 3144 Deus
718 3091 1006 3145 desertam
1034 3091 1167 3144 fecit
1191 3090 1549 3145 llierusalem
1569 3097 1623 3145 et
1643 3095 1788 3146 tem-

131 3179 320 3251 plum,
354 3177 636 3250 pOpulum
670 3195 903 3250 quoque
929 3179 1341 3251 dereliquit,eo
1363 3181 1517 3250 quod
1549 3197 1660 3234 non
1686 3181 1790 3235 fer-

131 3272 212 3324 ret
237 3269 367 3339 jam
401 3268 629 3320 fructus
665 3265 798 3320 boni
832 3268 1045 3338 operis,
1072 3269 1242 3338 cujus
1270 3273 1466 3323 custos
1490 3271 1786 3339 quondam

1910 695 2277 768 aliorumque
2321 698 2603 766 fidelium,
2637 705 2725 754 est
2776 702 3246 773 intelligendum,
3283 706 3383 777 qui
3437 713 3570 779 post

1911 784 2138 838 Domini
2175 787 2486 841 adventum
2511 788 2883 843 crediderunt
2907 809 2974 845 ex
2994 791 3236 858 Judaeis,
3254 795 3326 848 de
3350 795 3567 866 quibus

1910 873 2122 927 dicitur
2154 873 2210 928 in
2243 877 2482 930 Actibus
2517 878 2909 947 apostolorum
2942 882 3074 945 (Act.
3111 885 3174 950 ιι)
3210 899 3222 936 :
3261 885 3414 954 quod
3449 903 3568 941 una

1908 963 1999 1016 die
2031 964 2402 1018 crediderunt.
2437 966 2545 1019 tria
2580 967 2777 1032 millia,
2805 969 3031 1023 aliadie
3064 970 3324 1042 quinque
3356 973 3562 1044 millia,

1907 1056 1963 1104 et
1994 1051 2270 1123 deinCeps
2302 1054 2485 1107 multa
2511 1055 3009 1126 millia.l§gregius
3042 1077 3270 1131 quoque
3295 1063 3567 1132 prmdica—

1909 1143 2016 1208 tor,
2054 1140 2108 1192 in
2145 1142 2400 1211 Epistola
2432 1144 2502 1195 ad
2541 1144 2832 1198 Romanos
2865 1148 2933 1199 de
2968 1147 3173 1202 iisdem
3200 1149 3462 1221 reliquiis
3484 1151 3565 1208 ita

1906 1227 2202 1298 loquitur:
2233 1253 2258 1277 «
2287 1230 2566 1302 Iteliquize
2601 1235 2924 1288 secundum
2973 1235 3315 1292 electionem
3364 1239 3563 1310 gratias

1907 1316 2076 1369 salva!
2111 1318 2272 1371 factae
2305 1325 2446 1372 sunt
2479 1322 2653 1386 (Itum.
2679 1325 2781 1388 x1.)
2810 1349 2832 1366 η
2859 1323 3007 1377 Dicit.
3033 1342 3168 1396 ergo
3192 1326 3477 1398 PrOpheta
3496 1346 3565 1384 ex

1906 1421 2156 1474 persona
2187 1406 2689 1478 sua,ali«’)rumque
2728 1408 2986 1463 fidelium
3021 1428 3088 1464 ex
3121 1413 3323 1467 eadem
3357 1413 3560 1484 plebe:

1907 1492 2024 1546 Nisi
2055 1493 2339 1548 Dominus
2363 1496 2742 1562 exercituum,
2765 1498 2854 1550 cui
2883 1498 3142 1553 serviunt
3163 1501 3450 1557 exercitus
3463 1519 3565 1557 an-

1904 1580 2530 1654 gelorum,reliquisset
2551 1586 2719 1639 nobis
2739 1587 3024 1652 semen,in
3047 1589 3330 1659 apostolis
3343 1605 3568 1646 eorum-

1903 1687 2014 1739 que
2035 1671 2570 1740 sequacibus,sirut
2589 1674 2902 1727 StHlUlllllil‘
2923 1679 2977 1727 et
2996 1677 3377 1732 Gomorrhita:
3399 1696 3567 1750 prop-

1903 1762 1989 1812 ter
2010 1765 2244 1829 peccata
2261 1778 2367 1813 sua
2386 1778 2450 1832 pe
2461 1762 2609 1814 rieru
2621 1764 2788 1825 nt,ila
2801 1768 2855 1815 et
2869 1763 3059 1817 munis
3078 1769 3276 1819 nostra
3290 1766 3564 1838 prosapia

1902 1852 2138 1917 peccato
2175 1849 2546 1902 inlitleritatis
2572 1850 2815 1920 perdita,
2838 1853 3070 1921 penitus
3089 1860 3555 1910 consumeretur.

1976 1959 2000 1983 ‹‹
2033 1936 2240 1990 Audite
2272 1938 2514 1990 verbum
2541 1939 2794 2002 Domini,
2814 1940 3107 2010 principes
3129 1942 3555 1998 Sodomorum:

1906 2023 2186 2094 pereipite
2218 2025 2463 2077 auribus
2519 2025 2704 2094 legem
2757 2027 2855 2080 Dei
2910 2028 3114 2092 nostri,
3150 2029 3403 2100 populus
3447 2032 3557 2086 Go-

1907 2112 2173 2165 morrhm.
2215 2137 2239 2158 ››
2274 2114 2533 2166 Traditio
2565 2115 2901 2169 Judzeorum
2928 2121 3034 2181 est,
3053 2121 3116 2170 ut
3142 2118 3346 2172 beatus
3371 2119 3562 2175 lliero-

1905 2217 2118 2271 nymus
2149 2200 2308 2264 dicit,
2342 2203 2412 2255 ob
2445 2203 2591 2256 duas
2623 2221 2832 2258 causas
2869 2205 3075 2258 Isaiam
3111 2207 3453 2277 prophetam
3479 2208 3562 2264 in-

1906 2291 2209 2343 terfectum
2243 2307 2368 2343 esse
2406 2307 2418 2344 :
2449 2291 2531 2345 vel
2566 2293 2721 2362 quod
2754 2293 3049 2364 principes
3082 2296 3475 2350 Sodomorum
3506 2301 3563 2352 et

1907 2378 2412 2433 Gomorrlncorum
2446 2399 2542 2433 eos
2574 2381 2971 2451 appellaverit,
3002 2382 3086 2435 vel
3131 2383 3284 2454 quod
3336 2383 3562 2440 dicente

1905 2466 2148 2520 Domino
2182 2468 2250 2521 ad
2291 2469 2486 2522 Mosen
2516 2486 2526 2520 :
2555 2495 2578 2516 ‹‹
2608 2471 2730 2524 Non
2765 2470 2919 2524 enim
2952 2470 3170 2525 videbit
3197 2488 3287 2525 me
3311 2473 3484 2528 homo
3507 2479 3564 2530 et

1901 2555 2049 2609 vivet
2083 2557 2272 2626 (lirari.
2310 2562 2526 2624 xxxiii),
2564 2581 2589 2606 ››
2628 2558 2736 2612 iste
2784 2577 2964 2613 ausus
3014 2566 3103 2614 est
3154 2562 3345 2615 dicere
3381 2579 3393 2616 :
3425 2562 3558 2617 Vidi

1903 2644 2216 2698 Dominum
2252 2647 2491 2700 sabaoth
2529 2649 2827 2702 sedentem
2883 2667 3058 2718 super
3105 2649 3318 2704 solium
3370 2651 3560 2706 excel-

1903 2735 2318 2788 sum.l‘ossunt
2341 2739 2534 2788 autem
2561 2736 2676 2790 lure
2701 2738 2874 2790 verba
2901 2738 3096 2791 referri
3123 2739 3194 2792 ad
3227 2738 3460 2792 Judceos
3490 2740 3556 2794 il-

1903 2821 2015 2875 lius
2039 2823 2318 2894 temporis
2346 2841 2357 2876 ε
2383 2825 2482 2878 sed
2512 2824 2925 2895 spccialiterad
2953 2826 3177 2880 scribas
3201 2831 3257 2880 et
3277 2827 3556 2884 harisaeos

1901 2911 2210 2982 pertinent,
2245 2916 2298 2965 et
2331 2912 2612 2982 populum
2648 2913 2729 2966 sic
2762 2912 3152 2968 clamantem:
3181 2938 3205 2962 ‹‹
3243 2913 3551 2987 Cruciﬁge,

1899 2999 2173 3071 crucil'ige
2205 3001 2381 3067 (Joan.
2414 3005 2528 3067 XIX)
2560 3025 2586 3047 ››
2625 3000 2817 3055 talem.
2855 3001 3150 3072 Principes
3182 3018 3317 3073 ergo
3369 3003 3552 3058 Sodo-

1901 3104 2127 3141 morum
2159 3093 2215 3142 et
2244 3088 2493 3159 populus
2525 3089 2857 3143 Gmnorrhae
2892 3090 3108 3145 idcirco
3157 3089 3551 3162 appellantur,

1899 3177 2037 3247 quia
2063 3177 2216 3231 sicut
2249 3177 2560 3231 Sodomitae
2593 3183 2649 3232 et
2679 3178 3059 3233 Gomorrbita}
3093 3178 3322 3251 publice
3353 3197 3557 3251 pecca-

1899 3265 2056 3330 banl,
2093 3265 2414 3336 cogitantes
2446 3266 2755 3321 consilium
2792 3267 3116 3339 pessimum
3140 3272 3342 3323 contra
3362 3267 3552 3323 virum

125 3357 249 3430 ipse
287 3357 494 3420 fuerat,
530 3355 766 3425 quando
797 3356 1024 3410 fructus
1057 3357 1343 3410 bonorum
1375 3375 1618 3428 operum
1651 3375 1780 3428 pro-
1815 3353 1854 3419 C
1888 3355 2117 3426 justum
2146 3355 2388 3422 Loth,et
2407 3357 2531 3411 sine
2557 3357 2752 3428 aliquo
2775 3357 3134 3412 verecundia:
3163 3358 3372 3413 rubore
3392 3357 3547 3414 dixe-

123 3447 366 3502 ferebat.
403 3445 564 3511 Quod
599 3449 793 3498 autem
824 3444 992 3498 vinea
1022 3444 1350 3517 appellatus
1384 3446 1460 3499 sit
1491 3446 1641 3500 idem
1680 3464 1782 3517 po-

123 3536 322 3608 pulus,
382 3533 642 3588 ostendit
701 3533 852 3587 idem
914 3534 1198 3605 propheta
1251 3534 1450 3600 Isaias,
1504 3534 1778 3605 inquiens

123 3623 296 3697 paulo
323 3621 568 3677 inferius
602 3639 614 3676 :
652 3645 678 3671 «
707 3621 889 3676 Vinea
920 3622 1076 3676 enim
1108 3623 1337 3677 Domini
1370 3624 1648 3686 Sabaoth,
1681 3625 1780 3679 do-

123 3731 254 3768 mus
291 3709 470 3766 Israel
501 3715 591 3766 est
613 3711 806 3782 (Infra,
838 3713 915 3778 v).
946 3733 971 3758 ››
994 3712 1062 3765 Et
1087 3711 1395 3765 Psalmista
1421 3729 1432 3765 :
1460 3735 1483 3758 ‹ι
1514 3711 1780 3778 Vincam,

124 3800 336 3874 inquit,
371 3800 441 3853 de
473 3799 715 3870 Egypto
749 3799 1099 3854 transtulisti
1125 3801 1352 3867 (Psalm.
1381 3803 1591 3867 LXXIX.)
1618 3822 1643 3848 ››
1672 3801 1787 3854 Ista

122 3891 294 3944 vinea
324 3887 586 3960 quandiu
607 3887 935 3942 uberrimos
959 3887 1155 3942 attulit
1181 3887 1639 3948 fructusdiabuit
1661 3907 1789 3943 cus-

125 3979 322 4033 todem
353 3977 424 4031 de
457 3992 572 4048 quo
605 3975 747 4030 dicit
778 3975 1088 4030 Psalmista
1113 3993 1125 4030 :
1152 4000 1178 4024 ‹‹
1207 3977 1327 4030 Nisi
1355 3976 1639 4031 Dominus
1661 3993 1787 4031 cus-

121 4065 363 4122 todierit
394 4064 710 4130 civitatem,
744 4064 964 4118 frustra
1005 4063 1249 4135 vigilant
1297 4065 1394 4134 qui
1445 4065 1789 4120 custodiunt

123 4172 278 4213 eam.
302 4154 475 4222 (Psal.
499 4152 684 4223 cxxvx)
714 4175 738 4200 ››
766 4152 1082 4223 Postquam
1109 4152 1306 4206 amisit
1331 4154 1554 4207 fructus
1580 4153 1785 4220 bonos,

122 4241 441 4313 dereliquit
483 4241 667 4308 illam,
702 4245 766 4295 ut
817 4241 940 4311 ipse
992 4239 1277 4295 Dominus
1324 4241 1543 4296 Judzeis
1594 4241 1782 4296 dicit:

122 4356 151 4383 «
185 4331 580 4401 Relinquetur
607 4328 791 4394 vobis,
828 4328 1040 4399 inquit,
1077 4329 1289 4383 domus
1319 4332 1511 4384 vestra
1555 4330 1787 4386 deserta

121 4420 576 4491 (Matth.xxm.)n
593 4417 770 4472 Vocat
788 4422 984 4472 autem
1003 4419 1271 4472 eumdem
1298 4418 1579 4489 populum
1606 4418 1785 4474 tiliam

122 4509 285 4574 Sion,
305 4511 372 4562 ut
393 4506 665 4562 ostendat
689 4507 961 4561 affectum
997 4505 1245 4577 piissimi
1267 4506 1448 4578 patris
1469 4525 1529 4562 se
1551 4507 1784 4563 habere.

121 4598 238 4652 Nec
266 4596 486 4651 mirum
522 4595 568 4650 si
605 4595 740 4650 Sion
773 4594 1102 4666 appellatur
1131 4593 1272 4662 filia,
1307 4613 1442 4650 cum
1475 4596 1653 4650 etiam
1688 4597 1788 4651 Ba-

1895 3449 2032 3502 runt
2061 3462 2072 3498 :
2107 3469 2131 3492 ‹‹
2167 3445 2325 3498 Educ
2358 3446 2511 3499 viros
2543 3447 2640 3517 qui
2679 3446 2926 3517 ingressi
2963 3450 3102 3501 sunt
3133 3449 3202 3502 ad
3237 3451 3311 3516 te,
3347 3451 3412 3502 ut
3440 3447 3549 3503 ab-

1895 3537 2133 3587 utamur
2162 3533 2246 3586 eis
2277 3533 2429 3598 (Gen.
2462 3536 2598 3604 xxx),
2628 3558 2653 3581 ››
2689 3535 2767 3588 ita
2791 3539 2849 3589 et
2873 3536 2964 3589 isti
2990 3535 3392 3607 cogitaverunt
3414 3552 3553 3591 con-

1895 3620 2092 3674 silium
2123 3622 2444 3692 pcssimum
2472 3628 2675 3676 contra
2694 3622 3005 3676 Dominum
3032 3623 3329 3677 Christum
3351 3622 3548 3678 dicen-

1894 3714 2002 3773 tes,
2045 3710 2286 3764 exclusa
2341 3711 2497 3764 omni
2561 3712 2926 3779 \«'t::recumlia,
2983 3711 3181 3766 Venite
3229 3711 3555 3782 cogitemus

1895 3803 2097 3851 contra
2121 3799 2352 3868 justum
2383 3800 2784 3870 cogitationes,
2811 3804 2864 3853 et
2888 3817 3023 3853 reus
3045 3803 3134 3853 est
3154 3799 3381 3863 mortis,
3401 3799 3552 3852 mul-

1895 3891 2070 3957 taque
2107 3887 2197 3939 his
2230 3886 2465 3940 similia.
2501 3887 2660 3940 Unde
2692 3886 2833 3940 dicit
2855 3887 3004 3941 idem
3033 3885 3319 3956 Propheta
3341 3884 3398 3936 in
3422 3901 3554 3938 con-

1896 3973 2278 4045 sequentibus
2303 3991 2316 4027 :
2344 3973 2715 4044 Iniquitatem
2742 3991 2910 4027 suam
2945 3974 3099 4028 sicut
3130 3973 3385 4027 Sodoma
3414 3989 3554 4044 pra:-

1896 4064 2254 4133 dicaverunt,
2289 4080 2391 4116 nec
2423 4063 2874 4117 absconderunt.

1967 4175 1990 4199 ‹‹
2028 4154 2151 4217 Quo
2173 4151 2318 4204 mihi
2348 4151 2784 4205 multitudinem
2803 4149 3170 4204 victimarum
3194 4153 3547 4219 vestrarum,

1896 4241 2038 4295 dicit
2070 4239 2398 4293 Dominus?
2423 4240 2544 4293 »Αο
2566 4239 2612 4293 si
2637 4238 2855 4294 diceret
2882 4255 2894 4292 :
2922 4238 2994 4292 Ut
3019 4238 3159 4309 quid
3183 4238 3324 4293 mihi
3351 4238 3550 4295 multiv

1895 4327 2157 4383 tudinem
2177 4327 2544 4382 victimarum
2565 4327 2784 4382 offertis
2799 4328 2824 4382 ’Β
2841 4330 2923 4382 Au
2941 4326 3162 4398 putatis
3181 4344 3271 4383 me
3289 4327 3550 4401 indigere

1895 4417 2030 4472 his?
2057 4419 2243 4489 Atque
2275 4417 2544 4488 protinus
2570 4418 2807 4472 subdit:
2837 4442 2860 4465 ‹‹
2891 4417 3102 4472 Plenus
3121 4433 3274 4483 sum,
3304 4439 3331 4466 ι)
3356 4415 3411 4471 id
3437 4421 3547 4485 est,

1895 4506 2060 4561 nulla
2091 4522 2151 4561 re.
2183 4506 2435 4577 indigeo.
2462 4529 2487 4553 «
2526 4506 2651 4560 Mea
2681 4509 2769 4559 est
2801 4505 2958 4560 enim
2980 4509 3224 4573 terra,et
3246 4503 3550 4576 plenitudo

1895 4596 2023 4666 ejus
2054 4595 2276 4664 »(Psal.
2325 4594 2504 4664 xxm).
2559 4593 2660 4648 Vel
2712 4593 2885 4648 etiam
2947 4593 3102 4665 quod
3152 4593 3293 4647 dicit
3340 4593 3552 4665 plenus

120 4685 295 4758 bylon
330 4683 653 4755 sepissime
690 4683 808 4739 tilia
838 4687 1229 4754 nuncupetur.
1255 4683 1471 4738 Omnes
1491 4685 1646 4738 enim
1677 4703 1776 4741 na-
1820 4722 1865 4786 Β
1899 4700 2051 4750 sum,
2074 4683 2182 4738 sub
2206 4683 2313 4737 hoc
2339 4699 2512 4737 sensu
2539 4685 2729 4754 potest
2760 4681 2942 4752 accipi
2971 4699 2983 4735 :
3012 4684 3076 4734 ut
3093 4679 3320 4735 dicatur
3341 4679 3551 4752 plenus

118 4779 254 4829 tura
275 4772 381 4828 ﬁlii
405 4772 503 4827 Dei
529 4789 759 4837 sumus,
776 4773 875 4826 sed
897 4775 1092 4826 nostro
1111 4772 1249 4825 vitio
1275 4771 1446 4827 alieni
1467 4773 1777 4828 efficimur.

122 4860 424 4917 Moraliter
457 4864 652 4914 autem
687 4877 789 4932 per
819 4860 1114 4931 Sionqua:
1138 4859 1553 4931 interpretatur
1573 4879 1785 4933 specu-

119 4950 281 5015 latio,
308 4953 364 5004 et
399 4949 633 5004 nomine
662 4950 844 5004 vineae
867 4953 1158 5014 censetur,
1182 4966 1501 5020 possumus
1524 4951 1785 5022 accipere

122 5041 384 5094 animam
421 5037 766 5110 quamlibet,
803 5055 930 5108 qua:
965 5037 1020 5090 in
1056 5037 1550 5107 contemplatione
1574 5039 1670 5094 Dei
1694 5040 1786 5094 de-

121 5128 216 5183 bet
247 5126 593 5190 consistere,
629 5127 877 5181 atl‘erens
929 5127 1155 5180 fruetus
1206 5127 1614 5196 acceptabiles.
1650 5131 1782 5192 Quae

122 5217 322 5271 anima
354 5213 620 5287 quandiu
652 5215 1080 5270 rationabiliter
1099 5215 1237 5269 vivit
1261 5216 1786 5286 proferendo,scili-

120 5311 209 5361 cet
234 5305 467 5360 fructus
499 5305 705 5369 bonos,
731 5304 903 5359 habet
935 5305 1236 5359 custodem
1272 5304 1487 5359 mentis
1511 5305 1780 5359 Deum.Si

118 5399 320 5450 autem
352 5393 495 5448 vitia
527 5397 584 5448 et
612 5397 850 5464 peccata
882 5393 1108 5447 fructus
1139 5392 1419 5446 virtutum
1455 5393 1782 5463 deprtedata

116 5483 337 5538 fuerint
367 5480 540 5553 quasi
569 5482 835 5552 quaedam
860 5480 1117 5536 bestiola:
1143 5480 1571 5550 derelinquitur
1591 5498 1624 5536 a
1642 5499 1778 5536 cus-

115 5573 249 5627 tode
283 5572 426 5638 Deo,
461 5574 520 5625 et
550 5571 750 5624 omnia
784 5569 944 5624 illius
976 5569 1324 5642 rediguntur
1354 5570 1425 5622 ad
1469 5569 1740 5624 nihilum.

189 5682 217 5713 α
247 5660 372 5716 Nisi
410 5659 698 5714 Dominus
730 5659 1090 5713 exercituum
1125 5657 1458 5728 reliquisset
1492 5659 1658 5713 nobis
1690 5677 1778 5713 se-

115 5767 268 5819 men,
299 5748 479 5820 quasi
527 5747 782 5802 Sodoma
831 5747 1171 5813 fuissemus,
1207 5750 1263 5800 et
1311 5747 1479 5816 quasi
1531 5747 1776 5801 Gomor-

1898 4789 2052 4838 sum,
2077 4772 2132 4825 id
2166 4776 2273 4837 est,
2297 4771 2353 4824 in
2381 4770 2681 4825 fastidium
2705 4773 2848 4824 aunt
2870 4769 3010 4823 mihi
3034 4767 3282 4822 victima:
3302 4771 3507 4824 vestrae
3533 4787 3547 4838 ;

1895 4861 2033 4932 quia
2065 4878 2179 4915 non
2212 4861 2433 4915 offertis
2463 4877 2562 4914 eas
2597 4858 2848 4930 simplici
2882 4862 2937 4913 et
2967 4874 3114 4930 pura
3144 4861 3357 4912 mente.
3389 4879 3417 4906 ‹‹
3445 4859 3552 4913 Ho-

1892 4949 2154 5004 locausta
2185 4949 2457 5013 arietum,
2491 4952 2548 5001 et
2577 4947 2806 5018 adipem
2854 4946 3186 5018 pinguium,
3219 4949 3277 5000 et
3307 4945 3549 5018 sangui-

1895 5055 2026 5091 nem
2061 5036 2401 5102 vitulorum,
2437 5041 2492 5091 et
2525 5053 2832 5108 agnorum,
2867 5040 2924 5090 et
2956 5036 3251 5089 hircorum
3301 5033 3481 5088 nolui.
3518 5057 3546 5083 ››

1893 5125 2263 5180 Continentia
2290 5125 2469 5196 hujus
2499 5125 2738 5197 capituli
2764 5142 2948 5196 usque
2970 5126 3038 5178 ad
3066 5140 3198 5179 cum
3218 5123 3546 5194 locum,ubi
3631 5191 3646 5198 τ

1895 5216 1976 5270 ait
2001 5231 2012 5269 :
2037 5215 2303 5270 Judicate
2336 5213 2580 5286 pupillo,
2613 5213 2902 5268 defendite
2933 5213 3188 5282 viduam,
3215 5211 3439 5283 respuit
3462 5228 3547 5266 sa-

1893 5303 2111 5358 crificia
2138 5304 2497 5372 Judceorum,
2527 5306 2582 5357 et
2614 5303 2781 5356 docet
2811 5302 3203 5357 obedientiam
3224 5297 3542 5372 Evangelii.

1891 5393 1960 5446 Et
1992 5409 2094 5463 per
2123 5391 2232 5445 hoc
2264 5392 2417 5461 quod
2450 5391 2591 5445 dicit
2621 5389 2802 5460 nolui,
2827 5391 3000 5444 verbo
3025 5388 3298 5461 prieteriti
3320 5390 3545 5460 tempo-

1891 5482 1970 5535 ris
2017 5485 2206 5542 utens,
2241 5479 2497 5533 ostendit
2545 5496 2847 5549 nunquam
2898 5497 2957 5532 se
3009 5478 3362 5533 delectatum
3415 5495 3544 5532 esse

1889 5568 2172 5625 sacrificio
2200 5569 2559 5623 Judznorum.
2591 5567 2956 5637 Maximeque
2986 5566 3327 5622 adveniente
3369 5566 3546 5622 sacri-

1889 5658 2020 5713 ﬁcio
2053 5674 2217 5722 novo,
2253 5674 2354 5727 pro
2390 5655 2571 5711 nihilo
2599 5657 2940 5726 deputatum
2963 5659 3049 5709 est
3071 5654 3426 5709 sacrificium
3448 5671 3543 5711 ve—

1890 5752 2006 5803 tus.
2041 5745 2174 5801 Sola
2206 5745 2361 5799 enim
2396 5746 2548 5800 bona
2579 5744 2844 5799 voluntas
2877 5761 3010 5800 cum
3064 5743 3174 5798 fide
3221 5743 3543 5815 purissima
