3960 6396
363 488 486 554 723

367 716 653 787 prmeepta
684 730 798 768 non
833 713 1071 779 faciant,
1102 712 1306 768 volunt
1350 713 1517 768 illum
1571 713 1802 786 placare
1848 712 2026 768 variis

368 801 539 858 donis
554 805 730 873 atque
746 801 1116 869 muneribus,
1132 819 1262 874 qua:
1281 803 1354 857 de
1373 802 1581 874 rapina
1602 801 2024 874 acquisierunt.

435 915 465 942 ‹‹
497 892 640 947 Cum
688 889 968 947 veniretis
1022 894 1157 946 ante
1203 895 1587 963 conspectum
1638 908 1858 956 meum,
1892 890 2028 961 quis

366 979 635 1052 quzesivit
666 978 789 1035 haec
815 980 888 1034 de
919 979 1195 1035 manibus
1216 981 1446 1047 vestris,
1473 985 1537 1035 ut
1560 979 1943 1035 ambularetis
1968 979 2025 1033 in

361 1066 527 1124 atriis
556 1067 749 1123 meis?
781 1090 809 1118 n
842 1067 1079 1124 Hostias
1109 1073 1166 1123 et
1197 1068 1488 1124 sacriﬁcia
1536 1069 1877 1124 Judzeorum
1910 1085 2026 1121 non

361 1155 629 1229 quzesivit
659 1157 877 1213 idcirco
907 1157 1280 1229 omnipotens
1307 1158 1484 1223 Deus,
1519 1162 1584 1212 ut
1618 1158 1743 1229 ipse
1786 1157 1907 1212 illis
1940 1158 2026 1211 in-

363 1245 608 1318 digeret,
644 1247 745 1302 sed
795 1263 867 1302 ne
919 1245 1092 1301 idolis
1140 1246 1540 1313 immolarent,
1573 1250 1631 1302 et
1661 1250 1727 1300 ut
1756 1263 1858 1318 per
1897 1263 2027 1300 car-

365 1333 530 1390 nales
561 1334 905 1408 typicasque
925 1336 1270 1404 medicinas,
1288 1337 1358 1391 ad
1384 1336 1690 1409 spiritualc
1708 1353 2030 1408 verumque

368 1423 729 1480 sacriﬁcium
763 1424 996 1479 facilius
1024 1424 1414 1497 pervenirent.

441 1535 469 1561 ‹‹
504 1510 587 1569 Ne
617 1512 877 1568 offeratis
902 1513 1059 1568 ultra
1080 1512 1435 1569 sacriﬁcium
1457 1513 1693 1569 frustra.
1720 1514 2027 1569 Incensum

371 1600 732 1657 abominatio
763 1604 853 1657 est
882 1601 1052 1668 mibi,
1088 1625 1116 1651 »
1149 1601 1207 1656 id
1239 1605 1347 1670 est,
1372 1602 1629 1657 detestor
1647 1606 1704 1658 et
1724 1620 1826 1675 pro
1850 1602 2030 1657 nihilo

375 1689 592 1760 deputo
620 1689 764 1745 illud
793 1705 806 1745 :
830 1689 971 1761 quia
990 1706 1107 1744 non
1132 1690 1195 1744 ﬁt
1216 1691 1441 1745 munda
1462 1690 1805 1746 intentione.
1832 1714 1856 1741 (ι
1884 1692 2030 1746 Neo-

375 1777 654 1845 meniam,
687 1780 745 1832 et
774 1777 1108 1843 sabbatum,
1141 1782 1199 1833 et
1226 1778 1570 1834 festivitates
1612 1779 1757 1835 alias
1800 1797 1915 1834 non
1950 1780 2029 1836 fe-

374 1883 522 1933 ram,
556 1886 585 1916 n
623 1865 680 1921 id
712 1869 821 1938 est,
855 1882 971 1921 non
1017 1866 1322 1923 sustinebo
1372 1867 1445 1922 ad
1493 1867 1603 1923 hoc
1650 1871 1717 1923 ut
1764 1868 2033 1940 placeant

373 1948 542 2009 mihi.
576 1954 693 2010 Neo
724 1970 962 2022 novum,
989 1970 1201 2011 menne
1225 1954 1442 2011 dicitur
1461 1955 1622 2011 luna.
1642 1957 1781 2013 Inde
1803 1974 2034 2030 compo-
2066 1991 2112 2058 Β

368 2043 530 2099 nitur
559 2043 671 2099 hoc
709 2042 946 2109 nomen,
978 2047 1044 2100 ut
1090 2044 1322 2100 dicatur
1377 2046 1699 2101 Neomenia
1749 2046 2034 2102 festivitas

377 2150 537 2191 novae
568 2132 745 2201 lunae,
768 2148 946 2205 quam
980 2132 1278 2189 celebrant
1296 2134 1483 2189 Judaei
1506 2134 1690 2190 initiis
1713 2135 2031 2191 mensium.

439 2246 468 2271 «
505 2220 697 2294 Iniqui
744 2225 886 2277 sunt
933 2226 1121 2278 ccetus
1166 2222 1369 2290 vestri,
1402 2223 1680 2279 calendas
1726 2227 1951 2279 vestras
1978 2226 2036 2278 et

367 2309 752 2367 solennitates
794 2314 1020 2366 vestras
1069 2311 1251 2366 odivit
1280 2312 1481 2367 anima
1509 2328 1661 2367 mea.
1698 2314 1869 2368 Facta
1899 2317 2040 2367 sunt

369 2398 519 2455 mihi
551 2398 818 2456 molesta.
859 2421 886 2448 ››
917 2399 1283 2456 Subauditur
1306 2402 1508 2457 omnia
1537 2401 1651 2456 ista
1695 2417 1823 2473 quae
1874 2420 2031 2457 com-

371 2488 747 2544 memoravit.
781 2488 1167 2557 Festivitates,
1200 2489 1665 2563 inquit,vestras,
1698 2508 1814 2546 non
1847 2508 2029 2560 meas,

371 2576 553 2633 odivit
583 2577 782 2633 anima
813 2595 962 2644 mea,
996 2578 1135 2651 quia
1164 2577 1317 2634 male
1348 2579 1663 2634 abutimini
1695 2578 1933 2635 eis.Non
1966 2584 2033 2635 ut

372 2666 530 2723 Deus
561 2667 821 2723 animam
853 2667 1085 2735 habeat,
1110 2669 1209 2723 sed
1236 2672 1435 2724 nostro
1457 2668 1720 2740 loquitur
1738 2669 2034 2737 affectu,et

372 2771 556 2813 more.
589 2755 661 2812 Et
689 2753 806 2812 tale
840 2758 948 2825 est,
982 2769 1050 2813 ac
1080 2754 1129 2812 si
1162 2755 1418 2813 diceret:
1444 2756 1640 2815 Coetus
1667 2757 1845 2814 vestri
1867 2762 1924 2813 et
1945 2775 2034 2813 so-

370 2843 706 2903 lemnitates
733 2847 938 2901 vestrae
971 2862 1085 2901 non
1118 2843 1469 2917 placuerunt
1497 2844 1663 2913 mihi,
1697 2861 1887 2918 neque
1920 2845 2034 2903 ista

372 2952 503 3008 quae
531 2934 1005 3001 commemoravi,
1040 2936 1141 2990 sed
1172 2934 1369 3006 potius
1400 2935 1555 2991 facta
1575 2939 1714 2991 sunt
1738 2935 1883 2991 mihi
1906 2954 2030 2992 mo-

370 3022 523 3081 lesta
546 3042 560 3080 :
585 3022 864 3096 quoniam
899 3022 1106 3097 iniqua
1134 3028 1331 3079 mente
1361 3024 1603 3096 impleta
1629 3030 1769 3080 sunt
1791 3043 1824 3080 a
1842 3025 2026 3081 vobis.

372 3138 402 3165 ‹‹
441 3112 723 3178 Laboravi
754 3113 1076 3181 sustinens,
1101 3134 1129 3162 »
1152 3112 1209 3168 id
1238 3116 1351 3179 est,
1382 3112 1649 3169 laborare
1671 3131 1763 3169 me
1787 3114 2028 3183 fecistis,

366 3203 759 3276 exspectando
781 3202 1222 3258 conversionem
1245 3205 1303 3258 et
1322 3202 1726 3275 paenitentiam
1748 3207 2026 3259 vestram.

439 3316 469 3343 ‹‹
502 3294 575 3348 Et
613 3308 750 3347 cum
799 3290 1176 3347 extenderitis
1228 3307 1441 3346 manus
1491 3296 1735 3359 vestras,
1770 3296 2028 3348 avertam

788 492 1202 555 HAYMONIS
1232 491 1778 554 HALBERSTAT.
1812 489 2056 552 EPISC.
2091 488 2265 552 OPP.
2301 491 2503 553 PARS
2533 490 2582 551 Ῑ.
2618 521 2696 537 --
2724 488 3133 552 COMMENT.
3162 490 3367 554 BIBL.

368 624 596 682 liberat.
631 625 827 680 Potest
871 624 981 680 hoc
1013 627 1070 680 et
1098 625 1169 680 de
1200 624 1293 680 his
1342 624 1526 697 accipi
1577 623 1698 696 qui,
1745 641 1879 679 cum
1921 622 2022 678 Dei
2055 623 2109 688 Α

3670 491 3788 553 724

2215 645 2235 671 α
2274 623 2598 690 Lavamini,
2632 624 2835 679 mundi
2877 627 3080 680 estote.
3117 645 3145 674 »
3175 625 3254 680 Ac
3301 624 3348 681 si
3401 623 3618 681 diceret
3662 624 3791 681 aliis

2137 711 2327 767 verbis
2366 730 2376 768 :
2413 713 2521 767 Pro
2554 712 2830 768 omnibus
2862 730 2991 785 qua:
3024 713 3296 785 superius
3338 717 3792 769 commemorata

2138 805 2297 866 sunt,
2328 819 2456 873 quae
2488 801 2606 856 dixi
2639 802 2770 856 odio
2803 818 2896 856 me
2926 800 3466 874 babere.Evangelii
3485 800 3674 874 placet
3703 819 3790 858 re-

2138 889 2298 961 ligio,
2323 895 2387 944 ut
2410 889 2785 962 baptizemini
2810 890 2868 944 in
2900 890 3138 945 nomine
3159 891 3219 946 S.
3244 889 3793 947 Trinitatis.Idcirco

2138 977 2413 1033 lavamini
2449 979 2735 1050 sanguine
2766 983 2992 1047 meo,et
3012 995 3165 1051 aqua
3186 979 3792 1051 baptismatis.Mundi

2138 1071 2341 1133 estote,
2368 1072 2498 1139 post
2530 1067 2809 1139 baptismi
2844 1067 3090 1141 gratiam
3115 1072 3418 1124 manentes
3440 1068 3499 1122 in
3524 1068 3797 1125 innocen-

2138 1155 2220 1210 tia
2251 1156 2401 1210 vitze.
2425 1155 2527 1210 Vel
2554 1156 2732 1211 etiam
2762 1155 3036 1212 lavamini
3064 1173 3167 1229 per
3187 1156 3675 1228 pmnitentiam,et
3696 1174 3797 1231 per

2138 1244 2431 1317 lacrymas
2460 1245 2952 1317 compunctionis.
2987 1244 3190 1300 Mundi
3237 1248 3439 1313 estote,
3470 1263 3543 1301 ne
3576 1246 3793 1303 iterum

2140 1331 2530 1405 inquinemini
2563 1335 2784 1389 ruendo
2815 1334 2874 1389 in
2906 1333 3184 1406 laqueum
3216 1351 3568 1407 ccnnumquc
3600 1352 3798 1407 pecca-

2139 1426 2355 1477 torum.
2392 1445 2419 1472 «
2454 1423 2611 1477 Beati
2653 1423 2810 1478 enim
2859 1423 3080 1479 mundo
3129 1423 3323 1491 corde,
3356 1423 3633 1496 quoniam
3682 1422 3795 1497 ipsi

2140 1512 2325 1566 Deum
2350 1512 2634 1567 videbunt
2652 1512 2924 1582 (Matth.v)
2946 1535 2972 1561 »
2993 1511 3140 1568 Huic
3162 1512 3467 1569 sententia:
3486 1513 3801 1569 concordat

2140 1599 2471 1673 illud,quod
2491 1601 2777 1657 Dominus
2793 1602 2935 1657 dicit
2956 1601 3267 1675 Evangelia
3290 1601 3527 1658 cuidam
3550 1606 3755 1658 sanato
3782 1618 3795 1657 :

2141 1713 2169 1739 ‹‹
2204 1691 2349 1744 Ecce
2379 1707 2561 1745 sanus
2593 1690 2783 1747 factus
2812 1708 2899 1758 es,
2923 1691 3051 1762 jam
3092 1690 3213 1746 noli
3264 1707 3521 1763 peccare.
3558 1713 3586 1740 »
3618 1713 3645 1741 ‹‹
3677 1692 3802 1746 Au—

2144 1778 2288 1833 ferte
2346 1778 2569 1834 malum
2628 1778 3052 1853 cogitationum
3111 1784 3444 1837 vestrarum
3499 1781 3573 1836 ab
3615 1778 3802 1836 oculis

2143 1868 2312 1922 meis.
2344 1890 2370 1915 ››
2404 1868 2759 1940 Praeceperat
2791 1873 2856 1923 ut
2877 1869 3216 1924 lavarentur
3238 1873 3550 1942 essentque
3572 1868 3801 1938 mundi,

2147 1972 2303 2010 nunc
2320 1956 2488 2011 docet
2507 1957 3008 2027 quemadmodum
3027 1958 3105 2013 sit
3119 1957 3239 2013 illis
3253 1958 3544 2029 agendum
3566 1957 3801 2014 dicens:

2142 2044 2377 2099 Auferte
2420 2044 2643 2099 malum
2695 2045 3161 2117 cogitationnum
3210 2050 3561 2113 vestrarum,
3593 2062 3625 2103 ο
3656 2064 3803 2120 pra:-

2143 2132 2333 2187 sentia
2363 2149 2513 2201 mea,
2548 2137 2613 2188 ut
2643 2133 2693 2189 si
2726 2134 2996 2207 cogitatis
3028 2133 3251 2207 aliquid
3284 2134 3446 2204 mali,
3481 2153 3597 2191 non
3630 2136 3804 2208 perﬁ-

2144 2220 2334 2287 ciatis,
2371 2221 2681 2294 ipsamque
2710 2221 3127 2295 cogitationem
3179 2240 3418 2295 pravam
3472 2223 3741 2281 funditus
3770 2241 3804 2280 θ,

2144 2310 2421 2365 cordibus
2451 2310 2659 2365 vestris
2691 2311 3003 2378 eradicate,
3036 2316 3095 2367 et
3123 2312 3429 2368 destruite.

2214 2421 2240 2447 «
2278 2398 2568 2464 Quiescite
2599 2415 2768 2470 agers
2799 2415 3087 2471 perverse,
3121 2400 3329 2457 discite
3373 2400 3737 2457 benefacere.
3771 2423 3803 2453 ››

2146 2488 2260 2541 Hoc
2281 2490 2389 2553 est,
2408 2487 2563 2558 quod
2586 2486 2897 2542 Psalmista
2913 2488 3117 2543 eodem
3139 2504 3341 2558 sensu,
3359 2493 3419 2545 et
3440 2507 3556 2545 non
3578 2491 3809 2547 eisdem

2140 2576 2333 2631 verbis
2364 2575 2662 2647 praecipit:
2693 2597 2715 2627 ι
2742 2575 2998 2644 Declina,
3034 2575 3330 2649 inquiens,
3355 2594 3390 2633 a
3422 2577 3599 2645 malo,
3625 2582 3682 2633 et
3714 2579 3810 2634 fac

2140 2665 2362 2720 bonum
2380 2664 2786 2736 (Psalm.xxxn).
2807 2686 2828 2715 ι
2846 2664 3255 2737 Competenter
3274 2679 3412 2739 ergo
3434 2665 3808 2735 dicitur,di8-

2140 2752 2252 2812 cite
2281 2754 2789 2826 benefacere,quia
2805 2753 2993 2809 virtus
3015 2753 3169 2811 bona
3188 2754 3472 2811 discenda
3491 2758 3548 2810 et
3569 2753 3810 2811 imitan-

2140 2842 2215 2899 da
2245 2843 2477 2898 est.Nec
2502 2842 2720 2898 sufﬁcit
2737 2846 2969 2899 tantum
2991 2847 3203 2899 natura
3218 2843 3375 2899 bona
3392 2843 3464 2899 ad
3475 2841 3800 2915 justitiam,

2140 2932 2251 2987 nisi
2286 2932 2419 3004 quis
2449 2931 2755 2987 erudiatur
2781 2930 3056 3005 congruis
3096 2931 3450 3004 disciplinis.
3491 2951 3513 2981 ι
3547 2934 3801 2999 Quarite

2130 3020 2446 3092 judicium.
2464 3022 2553 3076 DA
2578 3021 2795 3093 quibus
2818 3022 3195 3093 quaerendum
3221 3020 3657 3093 estjudicium?
3679 3019 3800 3078 Uti-

2140 3127 2252 3183 que
2283 3127 2316 3165 a
2343 3108 2729 3181 sapientibus,
2763 3110 2900 3183 quia
2930 3127 3043 3166 non
3075 3110 3341 3166 omnium
3373 3115 3462 3166 est
3499 3111 3790 3182 judicare,

2140 3215 2330 3270 neque
2360 3198 2671 3254 consilium
2722 3198 2958 3255 salubre
3003 3200 3163 3254 dare.
3197 3199 3268 3253 Et
3313 3215 3510 3255 revera
3555 3199 3791 3254 nonnisi

2139 3288 2521 3359 sapientium.
2556 3308 2582 3338 σι
2600 3287 2915 3344 Subvenite
2936 3296 3275 3360 oppresSo,»
3298 3286 3356 3342 id
3387 3292 3498 3356 est,
3519 3288 3591 3343 de
3610 3304 3793 3343 manu

368 3379 572 3437 oculos
621 3395 785 3435 meos
825 3396 861 3434 α
896 3379 1080 3435 vobis.
1120 3401 1148 3428 ››
1181 3378 1345 3435 Oculi
1408 3380 1639 3435 Domini
1695 3380 2031 3453 signiﬁcant
2059 3363 2103 3430 (ἶ
2142 3376 2420 3449 potentis,
2471 3376 2810 3432 violentiam
2872 3376 3113 3449 pauperi
3164 3374 3489 3443 inferentis,
3548 3374 3795 3432 liberate

368 3470 702 3540 respectum
751 3465 1165 3521 misericordiaa
1204 3467 1354 3537 ejus,
1384 3466 1602 3538 quibus
1649 3468 1835 3524 oculis
1880 3469 2027 3524 vidit

369 3553 655 3629 populum
688 3554 1073 3609 Israeliticum
1106 3554 1165 3608 in
1188 3554 1450 3626 XEgypto,
1473 3554 1724 3627 ideoque
1747 3556 2025 3612 misertus

370 3648 464 3701 est
490 3643 643 3713 eius.
678 3642 842 3698 Unde
871 3646 929 3697 et
959 3641 1105 3697 dixit
1138 3659 1151 3698 :
1186 3666 1215 3693 ‹‹
1247 3643 1466 3698 Videns
1494 3643 1611 3699 vidi
1645 3644 2022 3701 afﬁictionem

370 3730 571 3807 populi
595 3730 732 3802 mei,
752 3735 807 3786 et
827 3730 1111 3803 gemitum
1134 3732 1263 3802 ejus
1284 3731 1502 3801 audivi,
1520 3736 1577 3787 et
1593 3733 1865 3788 descendi
1888 3733 2026 3789 libe-

372 3837 501 3877 rare
533 3837 670 3876 eum
694 3841 723 3869 »
745 3819 1053 3890 (Exod.m.)
1082 3820 1321 3886 Videns,
1345 3819 1558 3892 inquit,
1578 3821 1725 3877 vidit
1748 3838 1760 3877 :
1783 3822 1891 3877 hoc
1913 3827 2020 3891 est,

367 3909 485 3967 vidi
518 3912 576 3966 et
603 3908 885 3965 misertus
915 3926 1069 3964 sum.
1094 3909 1241 3964 Cum
1260 3926 1395 3982 ergo
1417 3911 1790 3966 extenderitis
1811 3928 2024 3968 manus

368 4002 594 4055 vestras
624 3998 697 4053 ad
730 4014 845 4069 me,
879 4002 1141 4071 tempore
1166 3997 1587 4065 tribulationis,
1624 4004 1689 4054 ut
1716 4017 1817 4056 vos
1847 4018 2022 4056 exau-

369 4087 528 4145 diam
548 4090 607 4144 et
624 4086 889 4153 liberem,
913 4092 1168 4152 avertam
1192 4086 1393 4143 oculos
1417 4089 1885 4157 meosavobis,id
1911 4094 2019 4157 est,

368 4180 701 4250 respectum
733 4175 1146 4232 misericordia
1176 4193 1316 4238 mea:
1346 4177 1606 4232 auferam
1640 4194 1674 4232 a
1701 4179 1929 4233 vobis.«
1956 4179 2027 4233 Et

369 4254 504 4323 cum
537 4263 1069 4336 multiplicaveritis
1098 4264 1443 4333 orationem,
1476 4283 1593 4321 non
1625 4267 1955 4322 exaudiam.
1992 4290 2019 4317 »ι

368 4354 509 4411 Tale
537 4354 696 4426 quod
727 4353 798 4409 ad
829 4352 1149 4409 Jeremiam
1171 4354 1242 4409 de
1262 4355 1465 4410 eodem
1490 4354 1706 4427 populo
1732 4356 1908 4411 dicit:
1934 4357 2022 4411 Tu

367 4460 505 4517 ergo
524 4441 643 4498 noli
668 4458 833 4498 orare
856 4459 960 4514 pro
981 4442 1235 4514 eis,quia
1256 4459 1371 4498 non
1384 4443 1692 4499 exaudiam
1708 4445 2024 4500 te.Reddit—

370 4547 484 4604 que
500 4547 742 4587 causam
760 4546 941 4602 quare
957 4535 1177 4587 avertat
1187 4531 1387 4587 oculos
1404 4548 1563 4587 suos.
1586 4554 1614 4583 ‹‹
1633 4532 1843 4589 Manus
1864 4534 2021 4589 enim

369 4624 573 4675 vestra:
592 4619 938 4693 sanguine,»
958 4620 1315 4675 subauditur
1330 4621 1747 4691 prophetarum
1766 4626 1823 4676 et
1837 4623 2025 4693 justo-

2134 3483 2292 3521 eum.
2330 3487 2358 3517 «
2387 3465 2656 3521 Judicate
2687 3465 2931 3537 pupillo,
2966 3487 2993 3514 ››
3026 3464 3135 3520 hoc
3165 3469 3274 3536 est,
3309 3465 3368 3520 in
3400 3463 3622 3536 judicio
3651 3465 3795 3519 sub—

2134 3554 2324 3610 venite
2353 3553 2460 3622 illi,
2495 3578 2522 3604 ‹‹
2557 3558 2614 3609 et
2644 3554 2938 3611 defendite
2966 3554 3206 3610 viduam
3230 3576 3257 3605 »
3280 3555 3351 3610 de
3382 3570 3559 3610 manu
3592 3553 3795 3609 fortio-

2135 3645 2217 3699 ris
2249 3644 2398 3714 ejus.

2209 3754 2237 3782 «
2269 3734 2337 3787 Et
2364 3732 2554 3787 venite
2584 3736 2641 3787 et
2669 3733 2897 3803 arguite
2928 3749 3043 3802 me,
3076 3732 3222 3788 dicit
3251 3732 3557 3788 Dominus.
3594 3752 3622 3780 »
3640 3730 3792 3787 Cum

2134 3820 2255 3877 haec
2278 3823 2498 3889 omnia,
2533 3822 2747 3893 inquit,
2785 3822 3056 3890 feceritis,
3092 3824 3324 3895 arguite
3355 3822 3531 3891 me,id
3565 3820 3792 3889 est,in-

2133 3915 2364 3982 crepate
2401 3928 2516 3976 me,
2549 3916 2606 3965 et
2644 3910 2870 3981 judicio
2920 3911 3256 3967 contendite
3304 3926 3557 3976 mecum,
3589 3909 3640 3966 si
3671 3926 3789 3966 non

2134 4000 2438 4055 reddidero
2467 4000 2632 4055 vobis
2664 3999 2922 4071 praemia,
2958 4017 3085 4072 qua:
3128 3999 3429 4072 pollicitus
3475 4016 3631 4055 sum.
3664 4022 3691 4049 ‹‹
3729 3997 3792 4055 Si

2133 4088 2353 4143 fuerint
2375 4092 2610 4160 peccata
2638 4093 2831 4144 vestra
2860 4094 2925 4144 ut
2954 4088 3284 4156 coccinum,
3313 4088 3482 4160 quasi
3515 4087 3614 4142 nix
3633 4086 3792 4143 deal-

2135 4177 2452 4233 babuntur.
2470 4178 2538 4231 Et
2554 4176 2602 4233 si
2623 4178 2842 4233 fuerint
2860 4178 3037 4233 rubra
3058 4178 3226 4250 quasi
3250 4175 3797 4243 vermiculus,velut

2132 4265 2268 4321 lana
2298 4265 2432 4320 alba
2459 4271 2652 4321 erunt.
2690 4290 2712 4318 ιι
2748 4267 2905 4321 Idem
2937 4271 3026 4321 est
3056 4266 3362 4321 coccinum
3393 4265 3516 4322 sive
3557 4280 3791 4331 coccus,

2132 4356 2286 4428 quod
2318 4360 2375 4410 et
2404 4355 2779 4411 vermiculus.
2819 4357 3069 4428 Ideoque
3099 4357 3255 4427 quod
3287 4354 3639 4428 intelligitur
3688 4370 3795 4424 per

2130 4447 2456 4511 coccinum,
2488 4446 2597 4501 hoc
2646 4450 2705 4501 et
2751 4462 2855 4517 per
2895 4445 3303 4515 vermiculum,
3332 4462 3525 4518 grave,
3559 4443 3788 4500 scilicet

2129 4539 2455 4606 peccatum,
2491 4539 2556 4588 ut
2586 4539 2674 4589 est
2706 4535 3113 4599 homicidium,
3138 4534 3516 4602 adulterium,
3536 4534 3789 4598 furtum,

2132 4626 2454 4693 caeteraque
2484 4622 2642 4678 talia.
2676 4624 2745 4677 Et
2793 4623 2949 4695 quod
3002 4624 3371 4696 signiﬁcatur
3418 4638 3522 4694 per
3570 4622 3791 4686 nivem,

371 4725 561 4775 rum,«
586 4707 1200 4780 plenae,sunt.»Judaai
1225 4708 1519 4779 siquidem
1543 4709 1852 4765 homicida:
1876 4728 2023 4765 sem-
2051 4732 2099 4797 D
2132 4712 2241 4766 hoc
2276 4728 2374 4783 per
2403 4710 2621 4777 lanam,
2654 4712 2924 4783 purgatio
2956 4712 3181 4768 scilicet
3213 4711 3586 4779 delictorum,
3612 4714 3672 4765 et
3692 4709 3797 4765 ab-

370 4814 475 4870 per
494 4796 731 4851 fuerunt
749 4796 934 4868 parati
959 4797 1031 4850 ad
1067 4797 1431 4852 fundendum
1464 4799 1811 4870 sanguinem
1836 4800 2025 4871 justo-

371 4885 776 4957 rum,insuper
803 4890 861 4940 et
890 4886 1079 4957 ipsius
1127 4885 1359 4941 Domini
1407 4887 1477 4941 ad
1528 4904 1591 4942 se
1640 4887 1827 4942 missi.
1862 4888 2026 4944 Unde

369 4974 637 5030 Salvator
666 4972 1027 5045 improperat
1060 4973 1175 5029 illis
1207 4974 1410 5029 dicens
1443 4991 1456 5030 :
1493 4999 1520 5025 «
1555 4977 1625 5030 Et
1652 4993 1754 5032 vos
1784 4976 2023 5048 implete

370 5077 714 5119 mensuram
747 5066 977 5133 patrum
1009 5066 1336 5117 vestrorum
1369 5062 1574 5133 (Matth.
1599 5068 1784 5135 XXIII.)
1808 5088 1834 5113 ››
1859 5067 2021 5132 Quod

369 5155 460 5207 est
490 5150 706 5214 dicere,
739 5152 893 5222 quod
927 5151 1010 5205 illi
1041 5151 1242 5207 minus
1276 5152 1557 5216 fecerunt,
1590 5170 1692 5209 vos
1734 5154 2019 5227 supplete.

366 5238 453 5294 Illi
486 5238 906 5294 interfecerunt
934 5255 1153 5308 servos,
1187 5256 1288 5295 vos
1320 5240 1631 5297 interﬁcite
1681 5242 2019 5299 Dominum.

365 5324 667 5383 Moraliter
691 5330 885 5383 autem
918 5345 1020 5401 per
1048 5345 1262 5383 manus
1293 5329 1577 5401 accipitur
1610 5331 1888 5402 operatio,
1923 5350 2024 5404 per

362 5413 719 5488 sanguinem
747 5432 882 5473 vero
903 5421 1231 5488 peccatum.
1258 5417 1418 5474 Unde
1442 5419 1753 5475 Psalmista
1776 5436 1787 5475 :
1813 5420 2022 5478 Libera

365 5516 480 5571 me,
513 5500 732 5571 inquit,
756 5504 827 5559 de
859 5504 1343 5578 sanguinibus,id
1367 5509 1560 5574 est,de
1584 5510 1857 5581 peccatis.
1887 5511 2019 5566 ldeo

365 5603 503 5660 ergo
527 5602 650 5641 non
676 5593 981 5647 exaudiam
1003 5610 1125 5656 vos,
1149 5593 1288 5663 quia
1310 5598 1568 5665 operatio
1597 5615 1882 5653 manuum
1906 5617 2028 5654 ves-

366 5675 596 5730 trarum
634 5671 803 5739 plena
832 5685 921 5735 est
952 5680 1204 5751 peccatis
1252 5687 1309 5736 et
1355 5683 1673 5754 impietate,
1709 5687 2024 5744 homicidio

369 5760 621 5819 scilicet,
655 5757 958 5830 adulterio,
992 5766 1392 5833 fornicatione,
1426 5774 1764 5844 ueterisque
1813 5776 1987 5831 vitiis.

2133 4799 2276 4855 lutio
2309 4798 2614 4855 scelerum.
2645 4800 2727 4866 Si,
2760 4800 2972 4872 inquit,
3012 4800 3262 4855 feceritis
3312 4816 3382 4856 ea
3425 4816 3553 4871 qua;
3588 4798 3811 4871 prisci:

2134 4889 2229 4960 pio
2258 4888 2443 4953 vobis,
2477 4892 2542 4942 ut
2578 4889 2863 4944 recedatis
2888 4906 2921 4945 a
2953 4888 3106 4944 malo
3155 4893 3213 4944 et
3266 4886 3492 4944 faciatis
3544 4887 3792 4953 bonum,

2133 4977 2497 5033 subveniatis
2528 4976 2748 5049 pupillo
2780 4982 2839 5033 et
2863 4977 3195 5033 defendatis
3234 4977 3639 5043 viduam,tunc
3665 4990 3800 5046 pec-

2132 5071 2261 5121 cata
2290 5070 2483 5121 vestra
2527 5065 2812 5121 immania
2859 5070 2916 5121 et
2962 5082 3141 5137 opera
3189 5064 3629 5131 scelestissima,
3661 5080 3795 5134 quae

2132 5156 2297 5227 prius
2327 5152 2651 5225 sanguinea
2680 5159 2847 5210 erant
2877 5159 2942 5210 ut
2974 5155 3303 5223 coccinum,
3331 5158 3387 5209 et
3418 5153 3595 5209 rubra
3620 5151 3794 5224 quasi

2131 5243 2508 5313 vermiculus,
2561 5260 2663 5315 per
2712 5243 3121 5315 pmnitentiam
3166 5248 3224 5299 et
3277 5242 3795 5315 compunctionem

2132 5332 2523 5405 lacrymarum
2555 5331 3010 5401 dealbabuntur,
3045 5338 3102 5388 et
3133 5336 3307 5388 erunt
3336 5331 3588 5388 candida
3633 5328 3801 5385 velut

2136 5421 2234 5477 nix
2264 5426 2320 5476 et
2351 5421 2506 5476 lana.

2203 5533 2229 5559 ‹‹
2267 5510 2323 5565 Si
2359 5509 2658 5566 volueritis
2693 5533 2719 5559 ››
2752 5510 3055 5567 ambulare
3088 5511 3145 5566 in
3178 5510 3482 5583 praeceptis
3535 5507 3700 5574 meis,
3735 5511 3800 5562 et

2140 5618 2162 5646 α
2196 5599 2244 5654 si
2292 5598 2675 5653 obaudieritis
2723 5598 2916 5655 verbis
2956 5601 3144 5655 meis:
3181 5600 3335 5654 bona
3376 5598 3596 5666 (istius)
3627 5600 3798 5651 terra;

2133 5688 2471 5742 comedetis.
2497 5709 2523 5734 ››
2543 5686 2827 5758 Vel,quod
2852 5689 3044 5759 majus
3070 5693 3177 5753 est,
3196 5690 3349 5744 bona
3372 5692 3537 5743 terra:
3562 5686 3633 5740 de
3660 5684 3797 5756 qui-

2137 5778 2248 5830 bus
2283 5775 2546 5847 psalmus
2579 5775 2721 5831 dicit
2755 5794 2766 5831 :
2803 5801 2830 5826 α
2867 5778 3048 5835 Credo
3081 5779 3276 5835 videre
3297 5779 3449 5835 bona
3475 5773 3795 5843 Domini,in
