3960 6406
143 501 278 564 729

1225 501 1628 565 CUMMENT.
1675 500 1754 562 ΙΝ
1796 497 2098 564 ISAIAM.
2127 504 2378 566 —.-LIB.
2425 503 2475 567 Ι.

3433 482 3572 572 τθσ

146 653 247 710 per
266 635 502 694 colles.»
521 635 624 693 Isti
646 635 950 694 novissimi
974 637 1099 693 dies
1121 637 1358 704 sunt,de
1377 637 1594 710 quibus
1614 637 1792 692 Jacob
1820 633 1880 702 Α
1907 637 1992 693 sic
2023 639 2460 697 ambulabimus
2481 641 2538 696 in
2561 640 2788 697 semitis
2808 641 2956 712 ejus,
2979 641 3034 698 id
3059 646 3168 709 est,
3191 641 3247 698 in
3273 642 3551 715 operibus

147 727 482 801 patriarcha
511 726 657 782 dixit
689 745 702 783 :
735 725 964 793 Venite,
989 727 1090 782 filii
1139 727 1341 792 Jacoh,
1374 728 1568 782 audite
1619 726 1792 782 Israel

147 822 374 890 patrem
403 820 696 883 vestrum;
730 821 788 871 et
817 817 1182 871 annuntiabo
1206 816 1370 872 vobis
1399 834 1525 888 qua:
1553 821 1796 870 ventura

145 911 282 963 sunt
310 907 370 960 in
402 905 742 960 novissimis
772 906 1000 970 diebus,
1026 905 1082 959 id
1115 909 1223 971 est,
1248 905 1306 959 in
1341 906 1658 959 novissima
1689 923 1793 959 sm-

143 995 254 1052 culi
285 999 472 1050 aetate.
500 995 570 1049 Et
611 993 881 1066 protinus
921 993 1230 1049 addiditzu
1257 995 1380 1049 Non
1421 995 1651 1049 deticiet
1677 995 1795 1048 dux

143 1085 212 1140 de
239 1084 418 1149 Juda,
439 1084 623 1140 donec
645 1083 838 1137 veniat
859 1082 959 1154 qui
995 1083 1318 1137 mittendus
1349 1089 1439 1137 est
1469 1085 1609 1150 (Dan
1654 1085 1736 1152 ιι).
1766 1105 1792 1129 υ

142 1173 478 1229 Notandum
508 1177 707 1227 autem
736 1172 915 1228 istum
948 1189 1076 1226 esse
1110 1176 1390 1237 montem,
1415 1189 1590 1243 quem
1621 1190 1794 1244 supe-

144 1261 262 1318 rius
278 1259 884 1334 appellavitVerbum.
901 1262 970 1316 Et
992 1261 1100 1316 iste
1117 1265 1207 1315 est
1227 1260 1502 1332 lapis,qui
1525 1261 1686 1316 visus
1707 1265 1798 1316 est

143 1350 366 1408 Danieli
409 1350 662 1406 crevisse
690 1349 750 1404 in
790 1355 1052 1406 montem
1096 1367 1402 1420 magnum,
1425 1354 1481 1404 et
1519 1349 1794 1422 implesse

141 1456 374 1498 omnem
397 1445 637 1495 terram.
665 1443 782 1495 Iste
803 1439 1019 1510 quippe
1041 1456 1232 1505 mons,
1261 1457 1430 1493 mons
1450 1440 1663 1494 domus
1684 1441 1793 1494 Do-

141 1531 280 1588 mini
310 1535 424 1597 est,
451 1530 506 1584 id
540 1534 648 1595 est,
675 1528 964 1590 Ecclesiae,
990 1545 1117 1600 qum
1167 1534 1256 1583 est
1304 1529 1517 1583 domus
1562 1528 1795 1583 Domini

139 1638 315 1692 supra
339 1618 640 1675 Christum
665 1618 1017 1683 fundata,de
1049 1635 1166 1688 quo
1191 1617 1682 1689 psalmographus
1703 1635 1792 1672 ce-

137 1708 277 1764 cinit
297 1725 350 1762 :«
377 1707 563 1764 Unam
587 1705 727 1778 petii
750 1723 784 1761 a
804 1705 1074 1764 Domino,
1099 1705 1251 1759 hanc
1275 1705 1590 1776 requiram,
1616 1711 1680 1760 ut
1706 1707 1793 1759 in-

136 1797 398 1853 babitem
429 1796 489 1851 in
521 1796 699 1851 domo
730 1793 961 1850 Domini
993 1794 1219 1865 (Psalm.
1255 1796 1430 1860 xxvn).
1457 1816 1484 1843 ››
1511 1795 1795 1864 Egregius

137 1904 370 1960 quoque
409 1885 756 1958 pmdicator
777 1885 848 1939 ad
873 1883 1247 1940 Timotheum
1275 1901 1288 1940 :
1321 1908 1341 1934 ε
1371 1885 1550 1950 Scito,
1574 1884 1791 1956 inquit,

1905 727 2084 792 illius,
2111 729 2393 785 imitando
2423 730 2612 786 illum.
2637 732 2746 786 Sed
2781 731 2944 803 prius
2973 733 3265 788 discendis
3285 738 3427 788 sunt
3446 733 3550 788 vim

1904 818 2222 884 Domini,id
2245 821 2637 887 est,mandata
2660 820 2912 886 illius,ut
2937 821 3142 875 beatus
3164 821 3550 894 Hieronymus

1905 906 2067 966 dicit.
2081 913 2136 961 et
2157 913 2356 979 postea
2374 908 2796 964 ambulandum
2823 927 2925 980 per
2940 909 3182 964 semitas
3200 911 3382 980 ejus.«
3405 911 3552 976 Quia

1904 995 1974 1050 de
2007 997 2143 1051 Sion
2177 997 2397 1052 exhibit
2427 998 2537 1062 lex,
2560 1003 2615 1051 et
2643 999 2883 1053 verbum
2915 998 3145 1054 Domini
3172 1000 3243 1053 de
3273 998 3550 1055 Hierusa-

1903 1084 2075 1140 lem.»
2101 1087 2177 1139 Ac
2200 1085 2248 1139 si
2271 1085 2520 1141 diceret:
2548 1087 2766 1141 Idcirco
2788 1103 2992 1142 omnes
3012 1093 3214 1160 gentes
3236 1086 3551 1159 populique

1906 1173 2074 1236 multi
2108 1179 2314 1228 mutuo
2341 1191 2402 1229 se
2423 1175 2835 1246 hortabantur,
2852 1181 2918 1230 ut
2937 1177 3174 1231 veniant
3194 1177 3266 1232 ad
3291 1181 3549 1232 montem

1906 1261 2158 1324 Domini,
2187 1268 2242 1316 ct
2274 1265 2594 1318 ascendant
2613 1265 2684 1318 ad
2711 1265 2951 1318 domum
2985 1265 3085 1320 Dei
3115 1266 3461 1338 Jacob,quia
3481 1266 3551 1321 de

1905 1349 2041 1404 Sion
2068 1351 2288 1406 exhibit
2315 1351 2426 1415 lex,
2446 1356 2503 1407 et
2529 1353 2768 1407 verbum
2801 1353 3032 1408 Domini
3064 1354 3136 1408 de
3166 1354 3550 1410 Hierusalem.

1907 1437 2013 1492 Per
2043 1439 2178 1494 Sion
2213 1440 2361 1511 (qua:
2399 1441 2813 1512 interpretatur
2840 1442 3184 1512 speeulatio)
3205 1447 3262 1497 et
3292 1460 3395 1514 per
3423 1442 3552 1498 Ilie-

1907 1527 2162 1582 rusalem
2189 1529 2336 1599 (qum
2369 1529 2790 1601 interpretatur
2818 1531 2963 1586 visio
2993 1531 3178 1602 pacis)
3214 1531 3559 1602 intelligitur

1906 1615 2202 1686 primitiva
2241 1617 2670 1690 Ecclesia,quze
2719 1619 2828 1674 fuit
2876 1619 2933 1673 in
2984 1619 3264 1691 apostolis
3310 1619 3557 1692 aliisque

1904 1705 2278 1760 credentibus
2309 1724 2377 1760 ex
2406 1707 2646 1774 Judzeis,
2671 1708 2742 1763 de
2781 1726 2898 1780 qua
2938 1708 3223 1780 processit
3249 1710 3320 1764 ad
3351 1726 3557 1764 omnes

1906 1793 2173 1849 nationes
2203 1795 2292 1849 lex
2323 1795 2547 1852 Veteris
2577 1797 2934 1852 Testamenti
2967 1797 3353 1868 spiritualiter
3383 1796 3556 1852 intel-

1905 1881 2071 1948 lecta,
2095 1888 2153 1937 et
2182 1885 2423 1938 verbum
2455 1883 2683 1939 Domini
2717 1885 2984 1940 doctrina
3011 1883 3328 1955 Evangelii.
3357 1885 3555 1940 Potest

137 1976 430 2049 quomodo
453 1979 508 2030 te
525 1977 791 2046 oporteat
809 1972 1112 2030 ambulem
1134 1973 1190 2028 in
1210 1974 1384 2028 domo
1407 1973 1793 2045 D0mini,qu:e
1824 1999 1872 2064 B
1903 1971 2079 2064 etiam
2107 1976 2165 2026 et
2194 1973 2264 2027 de
2294 1973 2548 2044 generali
2581 1973 2836 2029 Ecclesia
2864 1974 3132 2045 intelligi,
3157 1975 3226 2029 de
3258 1991 3375 2046 qua
3403 1991 3550 2045 quo-

137 2070 222 2121 est
275 2063 542 2121 Ecclesia
598 2061 700 2118 Dei
758 2061 868 2115 vivi
922 2062 967 2132 (1
1013 2064 1157 2118 Tim.
1191 2063 1297 2132 ιιι).
1331 2087 1350 2110 ι
1381 2063 1508 2134 Ipse
1563 2079 1796 2134 quoque
1824 2059 1865 2064 ”
1906 2059 2045 2114 tidie
2077 2065 2278 2115 manat
2308 2061 2418 2130 lex,
2450 2067 2507 2118 et
2535 2063 2799 2119 doctrina
2828 2063 3144 2136 Evangelii.

137 2153 406 2209 Christus
438 2168 608 2207 mons
653 2156 744 2206 cst
787 2155 845 2206 et
892 2151 1105 2207 domus
1137 2151 1259 2218 Dei,
1287 2153 1355 2206 de
1388 2169 1503 2223 qua
1532 2151 1747 2206 dicitur
1777 2167 1791 2206 :

144 2267 163 2292 -
188 2245 360 2298 Mons
393 2242 453 2296 in
475 2257 592 2312 quo
613 2239 1049 2312 beneplacitum
1078 2244 1166 2295 est
1189 2241 1326 2307 Deo,
1353 2241 1616 2296 habitare
1638 2240 1696 2295 in
1729 2257 1795 2295 eo

135 2333 366 2401 (Psalm.
410 2333 604 2398 van).
634 2352 662 2380 »
687 2329 796 2385 Sed
849 2329 985 2400 quis
1022 2329 1171 2384 vidit
1219 2347 1481 2401 unquam
1531 2335 1794 2384 montem

140 2437 318 2493 supra
344 2419 623 2475 verticem
659 2418 994 2474 montium?
1025 2419 1194 2474 Mons
1223 2419 1379 2474 enim
1410 2423 1499 2473 est
1529 2419 1798 2473 Christus

140 2512 200 2563 ut
239 2505 526 2562 diximus.
561 2506 790 2561 Montes
826 2523 960 2560 vero
1001 2506 1190 2577 angeli
1235 2511 1395 2569 sunt,
1419 2506 1798 2578 cmlestesque

141 2597 406 2662 vertices,
442 2593 718 2668 apostoli,
751 2594 1114 2665 patriarcha},
1149 2595 1466 2666 prophetzr,
1490 2599 1796 2666 martyres,

143 2685 532 2750 confessores,
557 2681 659 2754 qui
700 2683 968 2738 doctrina
1011 2701 1139 2749 sua,
1172 2684 1303 2750 fide,
1333 2688 1392 2738 et
1438 2683 1798 2755 Operatione,

145 2773 450 2847 signisque
481 2771 901 2827 miraculorum
953 2772 1180 2827 fortiter
1225 2773 1578 2826 micuerunt.
1611 2771 1799 2828 Colles

143 2879 276 2918 vero
309 2859 613 2932 simplices
643 2860 861 2932 quique
903 2865 962 2916 et
1005 2860 1226 2929 ﬁdeles,
1261 2865 1327 2916 ut
1356 2866 1495 2917 sunt
1523 2861 1796 2928 eremitze,

147 2949 758 3017 continentes,vidua3,
783 2952 840 3004 et
859 2948 1040 3017 vidui,
1064 2949 1318 3022 bonique
1341 2949 1796 3020 conjugati.0ui,

146 3040 279 3096 licet
293 3038 564 3096 doctrina
578 3042 636 3093 et
651 3037 837 3110 signis
857 3037 1275 3094 miraculorum
1293 3056 1407 3094 non
1428 3038 1798 3105 claruissent,

150 3131 263 3186 tide
295 3133 492 3184 tamen
525 3130 580 3182 et
627 3126 962 3199 Operatione
1015 3127 1253 3200 perfecti
1305 3128 1562 3184 fuerunt.
1597 3127 1678 3182 De
1708 3125 1800 3181 his

151 3217 455 3274 montibus
476 3214 843 3288 collibusque
861 3216 1173 3272 Psalmista
1188 3218 1478 3282 decantat,
1492 3215 1799 3286 inquiens:

149 3309 379 3364 Montes
401 3305 463 3360 in
497 3303 744 3360 circuitu
767 3305 916 3376 ejus.
941 3307 1012 3360 Et
1040 3305 1299 3361 Ecclesia
1327 3305 1384 3360 in
1406 3303 1642 3360 Cantico
1664 3321 1799 3358 can-

147 3396 398 3452 ticorum
425 3411 474 3450 :u
501 3395 646 3448 Ecce
667 3391 776 3449 iste
795 3393 952 3448 venit
971 3393 1186 3448 saliens
1216 3393 1276 3448 in
1300 3393 1626 3459 montibus,
1649 3397 1803 3447 tran-
1831 3365 1876 3432 θ

148 3485 474 3556 siliensque
532 3481 711 3538 colles
759 3481 989 3554 (Cantia.
1022 3485 1107 3550 ιι).
1133 3483 1353 3538 »Μοιιε
1409 3498 1545 3554 ergo
1589 3482 1802 3537 domus

146 3571 382 3630 Domini
407 3571 468 3626 in
487 3570 701 3627 vertice
723 3569 1011 3625 montium
1035 3575 1124 3625 est
1143 3573 1524 3642 przeparatus,
1540 3587 1605 3626 ac
1626 3586 1804 3641 super

145 3661 325 3718 colles
357 3659 928 3726 elevatus,Christus
958 3659 1225 3714 videlicet
1255 3675 1433 3730 super
1461 3675 1636 3730 quem
1671 3660 1800 3713 fun-

145 3751 283 3806 data
327 3753 421 3804 est
457 3747 735 3815 Ecclesia,
761 3765 796 3802 a
823 3748 940 3802 Deo
973 3747 1139 3802 Patre
1171 3751 1532 3818 prmparatus
1578 3751 1636 3802 et
1679 3747 1800 3803 ele-

142 3843 315 3894 vatus
363 3853 542 3909 super
589 3853 824 3892 omnem
874 3835 1290 3909 principatum,
1331 3839 1388 3891 et
1418 3835 1712 3905 virtutem,
1747 3840 1804 3892 et

144 3925 632 3984 dominationem.

216 4038 246 4067 a
268 4017 345 4071 Et
372 4015 562 4070 ﬂuent
583 4015 655 4070 ad
680 4031 816 4070 eum
839 4030 1044 4070 omnes
1066 4017 1289 4086 gentes,
1312 4018 1371 4070 et
1399 4013 1571 4068 ibunt
1600 4013 1802 4086 populi

142 4103 319 4160 multi
347 4106 407 4159 et
434 4101 668 4158 dicent:
699 4125 720 4152 υ
757 4101 1004 4158 Ι)οωίηο
1053 4101 1394 4158 adveniente
1446 4102 1506 4156 in
1557 4104 1798 4170 mundo,

141 4193 441 4264 ccelosque
473 4193 708 4262 peracta
751 4190 1152 4262 redemptione
1201 4193 1562 4262 penetrante,
1597 4207 1803 4246 omnes

140 4285 350 4354 gentes
370 4283 429 4335 et
459 4278 656 4352 populi
681 4281 752 4334 ad
781 4279 958 4335 fidem
983 4279 1112 4349 ejus
1133 4279 1656 4334 confluxerunt.De
1677 4279 1804 4350 qui-

141 4370 257 4426 bus
275 4372 336 4425 et
356 4367 583 4424 dictum
607 4369 797 4424 fuerat
816 4385 850 4423 a
871 4368 1040 4423 Patre
1059 4383 1071 4423 :
1087 4389 1113 4420 α
1131 4366 1370 4423 Postula
1390 4384 1424 4422 a
1443 4384 1556 4435 me,
1571 4371 1630 4422 et
1651 4367 1800 4423 dabo

139 4459 250 4514 tibi
280 4461 486 4531 gentes
520 4455 919 4512 hereditatem
950 4459 1112 4512 tuam
1143 4457 1373 4526 (Psalm.
1396 4459 1482 4525 ιι).
1505 4479 1532 4507 ››
1559 4457 1669 4512 Sed
1703 4455 1800 4512 isti

138 4547 347 4620 populi
371 4548 694 4617 gentesque
714 4561 1087 4617 nequaquam
1110 4545 1347 4618 propria
1367 4544 1554 4602 salute
1571 4549 1804 4603 conten-

137 4636 206 4701 ti,
231 4634 627 4692 hortabantur
654 4651 718 4690 se
746 4633 995 4690 invicem
1025 4634 1287 4690 dicentes
1312 4652 1361 4689 :«
1387 4633 1593 4690 Venite
1613 4639 1672 4690 et
1700 4653 1799 4691 as-

1977 2171 2002 2197 ‹‹
2031 2150 2099 2203 Et
2121 2150 2412 2219 judicabit
2436 2157 2660 2221 gentes,
2681 2158 2739 2208 et
2769 2157 2974 2225 arguet
3003 2153 3249 2225 populos
3274 2153 3550 2210 multos.»

1905 2237 2152 2302 Quidam
2179 2239 2290 2294 sub
2330 2258 2447 2294 uno
2478 2259 2655 2296 sensu
2699 2243 3031 2314 accipiunt:
3065 2244 3218 2314 quod
3259 2261 3442 2298 unum
3477 2243 3556 2298 sit

1909 2324 2166 2395 iudicare
2189 2331 2412 2397 gentes,
2435 2333 2493 2384 et
2511 2347 2752 2401 arguere
2774 2331 3018 2402 populos
3043 2331 3280 2386 multos.
3305 2333 3414 2388 Sed
3438 2347 3554 2387 me-

1907 2413 2021 2470 lius
2047 2421 2154 2480 est,
2178 2421 2242 2470 ut
2263 2417 2535 2473 distincte
2556 2418 2914 2490 accipiamus
2939 2437 3042 2492 per
3060 2425 3282 2489 gentes,
3309 2419 3556 2489 gentiles

1907 2504 2212 2559 credentes
2232 2511 2288 2559 et
2310 2524 2422 2561 non
2442 2508 2774 2573 credentes;
2794 2526 2897 2580 per
2917 2509 3163 2580 populos
3185 2509 3422 2576 multos,
3437 2509 3558 2566 sive

1910 2609 2014 2662 per
2036 2593 2318 2664 populum
2343 2595 2594 2650 multum
2609 2601 2696 2663 (ut
2713 2598 3094 2669 Septuaginta
3110 2597 3556 2669 transtulerunt)

1907 2681 2144 2738 Judmos
2176 2683 2528 2740 incredulos.
2561 2685 2797 2741 Judicat
2826 2704 2964 2757 ergo
2993 2687 3278 2742 Dominus
3297 2687 3557 2759 quotidie

1907 2774 2132 2841 gentes,
2159 2776 2215 2825 et
2236 2772 2530 2842 judicabit
2547 2773 2899 2844 generaliter
2927 2775 2986 2829 in
3017 2775 3110 2830 die
3131 2775 3362 2846 judicii,
3388 2775 3444 2830 id
3467 2778 3558 2832 est

1909 2858 2318 2914 discretionem
2342 2860 2513 2916 faciet
2536 2861 2687 2916 inter
2705 2863 3006 2917 credentes
3026 2867 3212 2917 etnon
3229 2863 3551 2919 credentes.

1907 2947 2087 3003 Aliter
2107 2949 2264 3002 enim
2287 2949 2716 3019 judicabuntur
2741 2951 3063 3014 credentes,
3087 2949 3257 3006 aliter
3284 2968 3398 3006 non
3430 2967 3552 3006 cre-

1910 3038 2114 3092 dentes
2139 3053 2150 3090 :
2175 3036 2315 3108 quia
2344 3037 2444 3109 qui
2479 3055 2592 3092 non
2622 3039 2966 3108 credit,jam
2991 3038 3296 3109 judicatus
3323 3043 3433 3094 est.
3457 3041 3556 3094 Ar-

1909 3130 2049 3196 guet
2069 3130 2264 3180 autem
2287 3125 2534 3196 populos
2556 3125 2794 3192 multos,
2810 3127 2867 3181 id
2890 3131 2978 3180 est
2997 3127 3302 3182 damnabit
3319 3127 3554 3183 Judaeos

1912 3212 2244 3268 incredulos
2275 3218 2332 3269 et
2360 3213 2643 3269 infideles.
2669 3238 2696 3263 ‹‹
2721 3215 2790 3268 Et
2811 3214 3146 3269 conﬂabant
3167 3214 3395 3287 gladios
3414 3233 3555 3272 suos

1911 3301 1971 3357 in
2010 3319 2292 3368 vomeres,
2325 3305 2383 3358 et
2427 3301 2660 3358 lanceas
2709 3319 2850 3358 suas
2903 3302 2992 3357 in.
3022 3301 3218 3358 falces.
3246 3326 3272 3352 ››
3297 3303 3414 3360 Hoc
3442 3308 3552 3371 est,

1911 3408 2084 3446 omne
2113 3391 2376 3446 studium
2416 3391 2668 3448 bellandi
2700 3395 2956 3447 vertetur
2991 3392 3048 3446 in
3092 3409 3334 3464 pacem:
3367 3398 3423 3448 et
3455 3411 3555 3465 pro

1909 3480 2224 3546 discordia,
2254 3481 2364 3536 erit
2395 3482 2452 3536 in
2486 3485 2606 3536 toto
2636 3481 2774 3536 orbe
2805 3481 3134 3537 concordia.
3163 3481 3352 3538 Gladii
3383 3481 3560 3555 siqui-

1909 3569 2043 3624 dem
2104 3571 2492 3626 mutabuntur
2536 3571 2596 3625 in
2643 3587 2927 3637 vomeres,
2959 3575 3015 3626 et
3069 3570 3283 3627 lanceae
3339 3589 3458 3628 sua)
3497 3571 3558 3627 in

1910 3657 2090 3713 falces
2123 3675 2137 3712 :
2173 3665 2236 3714 ut
2277 3659 2497 3715 amisso
2529 3660 2722 3714 furore
2754 3664 2813 3714 et
2851 3658 3126 3730 superbia
3156 3659 3556 3734 belligerandi,

1911 3747 2282 3819 agricultura:
2327 3748 2676 3804 deserviant.
2711 3747 3106 3819 Spiritualiter
3152 3751 3349 3804 autem
3379 3749 3556 3820 gladii

1912 3841 2220 3894 mutantur
2248 3837 2306 3890 in
2337 3853 2619 3901 vomeres,
2655 3840 2714 3890 et
2743 3834 2956 3890 lanceae
2987 3834 3045 3889 in
3084 3833 3299 3891 falces:
3323 3836 3558 3905 quando

1910 3927 1968 3980 et
1990 3923 2306 3980 seditiones
2326 3922 2753 3979 discordiarum
2775 3922 2946 3994 longe
2971 3921 3270 3993 pelluntur
3297 3938 3332 3976 a
3363 3922 3552 3990 nobis,

1910 4016 1968 4067 et
1996 4012 2213 4067 duritia
2261 4012 2454 4068 cordis
2498 4009 2712 4065 Christi
2758 4026 3008 4076 vomere,
3041 4009 3098 4063 id
3147 4013 3237 4064 est
3285 4009 3552 4065 admoni-

1910 4101 2066 4156 tione
2105 4099 2264 4155 verbi
2307 4099 2430 4164 Dei,
2473 4097 2763 4169 frangitur
2794 4114 2808 4154 :
2839 4095 3327 4168 eradicanturque
3372 4097 3554 4170 spinae

1907 4189 2204 4254 vitiorum,
2229 4192 2296 4242 ut
2325 4203 2522 4242 semen
2555 4183 2968 4241 sermonis‘Dei
2992 4189 3216 4240 crescat
3245 4184 3302 4239 in
3335 4185 3552 4257 fruges.

1909 4282 1964 4334 et
1981 4281 2184 4349 postea
2199 4275 2425 4331 labores
2443 4289 2725 4328 manuum
2745 4277 3079 4330 nostrarum
3096 4273 3550 4330 manducemus:

1909 4365 2251 4422 adveniente
2281 4368 2540 4434 tempore
2570 4362 2906 4432 messionis,
2926 4362 2983 4417 id
3006 4366 3115 4427 est,
3140 4361 3408 4418 mortis.«
3427 4362 3553 4417 Non

1909 4453 2124 4511 levabit
2170 4470 2316 4525 gens
2364 4454 2566 4506 contra
2601 4455 2833 4522 gentem
2865 4450 3150 4522 gladium,
3176 4467 3282 4506 nec
3327 4467 3552 4506 exerce-

1909 4543 2132 4599 buntur
2161 4541 2316 4597 ultra
2358 4540 2428 4595 ad
2471 4537 2792 4610 praelium.»
2818 4539 2898 4594 Ea
2926 4556 3054 4611 qua;
3099 4538 3372 4610 superius
3399 4540 3555 4594 dicta

1909 4635 2051 4688 sunt
2079 4632 2150 4686 de
2194 4628 2516 4684 mutatione
2563 4625 2914 4699 gladiorum,
2936 4631 2994 4682 et
3021 4643 3150 4698 quae
3189 4625 3364 4682 etiam
3397 4643 3555 4682 nunc

138 4723 466 4780 cendemus
488 4723 562 4777 ad
583 4725 841 4778 montem
867 4721 1119 4788 Domini,
1143 4727 1203 4778 et
1223 4723 1294 4778 ad
1317 4723 1558 4778 domum
1583 4723 1681 4778 Dei
1701 4724 1797 4780 Ja-
1829 4723 1878 4788 D
1907 4721 2206 4786 dicuntur,
2227 4723 2488 4788 tempore
2519 4715 2936 4771 incarnationis
2956 4715 3245 4786 completa
3273 4719 3432 4770 sunt.
3464 4715 3552 4771 Si-

138 4813 270 4881 cob,
293 4814 356 4868 et
381 4810 614 4866 docebit
633 4827 740 4866 nos
760 4811 886 4868 vias
906 4827 1045 4866 suas
1071 4814 1130 4866 et
1159 4810 1597 4866 ambulabimus
1617 4811 1677 4866 in
1709 4829 1798 4868 se-

139 4901 307 4956 mitis
337 4899 493 4970 ejus.
520 4920 549 4949 »
565 4899 706 4964 Quis
737 4900 815 4954 sit
857 4916 1029 4954 mons
1059 4900 1281 4955 Domus
1311 4899 1566 4966 Domini,
1585 4905 1643 4955 et
1671 4918 1799 4972 quae

139 4990 356 5045 domus
384 4987 510 5057 Dei,
533 4987 708 5059 paulo
730 4988 1003 5060 superius
1032 4987 1324 5044 diximus:
1349 4987 1615 5044 Christus
1637 4989 1800 5046 vide-

138 5076 278 5134 licet
301 5081 362 5132 et
389 5075 668 5132 Ecclesia.
695 5077 813 5132 Hoc
845 5080 1040 5132 autem
1071 5076 1656 5133 animadvertendum
1687 5082 1798 5146 est,

138 5165 280 5238 quia
301 5179 440 5219 cum
457 5163 722 5234 dixisset,
735 5165 1140 5220 Ascendamus
1157 5165 1228 5220 ad
1251 5165 1515 5231 domum,
1531 5167 1802 5237 protinus

137 5253 365 5308 curavit
382 5250 731 5307 subnectere
747 5252 818 5306 ad
837 5253 1009 5322 cujus
1023 5253 1664 5324 domum,aubjungcns
1677 5251 1798 5308 Dei.

134 5341 500 5412 Addiditque
523 5356 536 5394 :
556 5339 738 5410 Cujus
761 5340 902 5395 Dei?
922 5340 1245 5396 DeiJacob.
1271 5341 1431 5406 Quod
1455 5345 1544 5396 est
1567 5341 1756 5397 dicere
1781 5358 1793 5397 :

133 5429 218 5484 Ad
241 5430 494 5484 domum
518 5426 680 5482 illius
703 5429 830 5495 Dei,
850 5428 951 5500 qui
969 5433 1059 5484 est
1081 5428 1236 5484 Deus
1261 5429 1624 5484 credentium
1646 5430 1800 5485 sicut

134 5517 316 5573 Jacob
339 5515 614 5583 credidit,
635 5517 828 5572 venite
849 5521 906 5572 et
925 5517 1336 5572 ascendamus.
1362 5517 1679 5588 Postquam
1701 5535 1802 5573 au-

137 5609 248 5661 tem
264 5603 544 5662 venimus
565 5605 853 5660 credendo
871 5607 944 5660 ad
965 5609 1226 5660 montem
1251 5605 1505 5672 Domini,
1523 5610 1581 5660 et
1602 5623 1802 5662 ascen-

131 5694 402 5750 derimus
423 5692 496 5747 ad
521 5691 840 5748 Ecclesiam
863 5692 987 5762 Dei,
1013 5693 1242 5748 docebit
1272 5711 1376 5749 nos
1396 5693 1520 5748 vias
1547 5699 1706 5761 suas,
1737 5693 1796 5750 id

131 5787 238 5848 est,
258 5781 550 5839 mandata
576 5781 704 5835 vita:
747 5797 850 5853 per
888 5780 1294 5854 Evangelicam
1334 5781 1660 5838 doctrinam
1691 5801 1704 5839 :
1737 5787 1795 5840 et

1911 4809 2170 4882 quidem,
2195 4811 2259 4862 ut
2288 4804 2544 4861 historiae
2590 4803 2820 4871 divinae,
2851 4804 3218 4876 maximeque
3245 4803 3554 4876 gentilium

1907 4898 2168 4962 tradunt,
2199 4895 2257 4950 in
2291 4898 2412 4950 toto
2442 4893 2583 4949 orbe
2609 4888 2896 4948 terrarum
2934 4896 3098 4948 tanta
3127 4892 3238 4947 fuit
3266 4891 3556 4948 discordia

1909 4989 2043 5042 ante
2064 4983 2295 5040 Domini
2345 4981 2724 5046 nativitatem,
2749 4998 2934 5052 usque
2955 4981 3026 5036 ad
3065 4979 3410 5050 vigesimum
3451 4997 3552 5036 an-

1910 5091 2052 5130 num
2077 5069 2372 5128 Octaviani
2393 5069 2786 5143 Augusti,sub
2809 5086 2925 5140 quo
2943 5069 3227 5125 Dominus
3249 5074 3421 5125 natus
3442 5074 3551 5135 est,

1911 5167 1976 5218 ut
2001 5179 2115 5217 non
2148 5159 2582 5233 permitteretur
2603 5159 2673 5212 de
2699 5173 2875 5229 regno
2907 5158 2964 5212 in
2996 5175 3263 5230 regnum,
3285 5157 3344 5213 id
3373 5163 3464 5214 est
3483 5159 3556 5213 de

1863 5321 1879 5332 .
1910 5249 2206 5324 provincia
2234 5249 2293 5304 in
2325 5246 2682 5320 provinciam
2707 5246 2975 5312 transire,
2995 5246 3258 5302 accensis
3277 5247 3554 5302 omnibus

1906 5340 2102 5396 studio
2135 5336 2432 5412 praeliandi
2468 5353 2481 5391 :
2515 5353 2631 5391 non
2683 5335 2874 5392 solum
2921 5339 3126 5392 contra
3171 5339 3418 5401 exteras,
3450 5336 3552 5391 sed

1905 5429 2080 5486 etiam
2099 5431 2301 5482 contra
2315 5424 2534 5480 vicinas
2553 5424 2818 5480 nationes
2835 5429 2890 5479 et
2905 5423 3332 5480 civitates.0rto
3353 5429 3552 5480 autem

1906 5516 2152 5573 Domino
2177 5514 2490 5579 Salvatore,
2516 5513 2613 5584 qui
2647 5512 2799 5567 venit
2829 5529 3032 5584 pacem
3057 5513 3196 5568 dare
3225 5514 3466 5578 mundo,
3487 5517 3554 5568 ut

1906 5623 2013 5661 nos
2043 5601 2444 5660 reconciliaret
2473 5602 2588 5656 Deo
2621 5600 2796 5666 Patri,
2824 5605 2881 5656 et
2923 5600 2982 5654 in
3031 5602 3202 5671 cujus
3253 5601 3553 5658 nativitate

1905 5695 2062 5750 cives
2079 5689 2324 5764 angelici
2347 5693 2780 5757 cantaverunt,a
2802 5687 2996 5745 Gloria
3016 5689 3072 5743 in
3096 5689 3340 5746 excelsis
3359 5690 3476 5746 Deo
3496 5695 3552 5746 et

1905 5785 1964 5839 in
1997 5786 2151 5838 terra
2179 5796 2290 5854 pax
2321 5777 2662 5835 hominibus
2693 5777 2857 5834 bonae
2886 5776 3208 5836 voluntatis
3230 5780 3381 5850 (Luc.
3410 5784 3495 5848 ιι),
3523 5803 3550 5831 ››
