3960 6406
406 495 523 561 ’131

823 496 1237 558 HAYMONIS
1269 491 1812 555 HALBERSTAT.
1846 487 2294 552 EPISC.‘OPP.
2327 491 2553 555 PARS.
2587 493 2634 555 Ι.
2667 523 2747 541 -
2773 493 3183 561 COMMENT.
3216 494 3418 559 BIBL.

3709 496 3822 558 733

413 632 614 691 omnia
642 630 795 687 bella
823 631 1219 694 cessaverunt,
1244 629 1301 683 et
1320 642 1691 698 nequaquam
1726 624 1924 680 studio
1953 622 2067 678 bel-
2093 620 2152 690 Α
2180 640 2333 679 rum.
2369 625 2496 681 Non
2529 628 2684 699 quod
2734 628 2994 683 thesauri
3028 629 3202 684 ﬁnem
3254 646 3369 685 non
3419 628 3691 699 habeant,
3724 632 3820 687 sed

412 721 571 779 landi
622 722 924 792 cmperunt
954 734 1016 773 se
1047 734 1329 783 exercere,
1365 716 1468 771 sed
1498 715 1739 771 culturae
1792 729 2067 785 agrorum

412 810 721 869 deservire.
738 808 901 874 Quod
924 810 1119 861 autem
1143 805 1302 872 dicit,
1329 822 1434 859 nec
1466 803 1894 859 exercebuntur
1916 800 2069 857 ultra

410 901 481 957 ad
506 896 792 971 przelium,
808 895 1283 951 subaudiendum
1302 897 1410 960 est,
1426 893 1582 947 sicut
1601 891 1767 964 prius
1788 892 2063 946 fecerant.

411 990 688 1059 Legimus
718 983 874 1041 enim
908 983 1097 1039 multa
1122 982 1323 1055 przelia
1354 982 1727 1054 postmodum
1763 998 1889 1036 esse
1915 996 2069 1035 com-

408 1076 629 1132 missa:
656 1074 757 1129 sed
780 1090 895 1128 non
922 1076 1041 1127 tam
1065 1071 1284 1144 gravia,
1310 1070 1463 1126 sicut
1483 1073 1653 1124 antea
1677 1069 1932 1124 fuerunt.

480 1189 506 1215 α
541 1167 758 1220 Domus
788 1161 990 1228 Jacob,
1015 1161 1225 1228 venite,
1259 1164 1317 1214 et
1346 1157 1721 1213 ambulemus
1752 1157 1809 1211 in
1845 1156 2067 1212 lumine

408 1252 663 1312 Domini.
690 1273 718 1301 n
744 1252 882 1306 Post
900 1248 1260 1305 vocationem
1287 1246 1551 1320 gentium
1585 1250 1642 1301 et
1672 1245 2065 1301 ostensionem

407 1342 629 1400 montis
646 1338 1146 1409 Dei,c0nvertitur
1168 1336 1451 1409 prepheta
1468 1336 1539 1390 ad
1562 1335 1844 1407 pepulum
1867 1352 2063 1401 suum,

406 1433 505 1505 qui
536 1433 759 1488 Domus
787 1428 967 1485 Jacob
1000 1425 1425 1499 appellabatur,
1451 1442 1516 1479 eo
1550 1425 1703 1495 quod
1740 1424 1810 1478 de
1846 1422 2069 1478 familia

405 1522 587 1579 Jacob
608 1518 995 1584 descenderit,
1021 1517 1405 1586 hortaturque
1425 1531 1526 1569 eos
1546 1514 1859 1585 procedere
1890 1513 1960 1568 de
1991 1516 2066 1567 te-

407 1609 606 1668 nebris
629 1606 995 1663 inﬁdelitatis
1015 1609 1193 1677 atque
1214 1602 1448 1670 erroris,
1467 1606 1525 1657 et
1544 1601 1843 1674 suscipere
1865 1600 2067 1655 lumen

404 1700 693 1767 veritatis,
720 1699 779 1754 id
812 1700 919 1765 est,
944 1695 1267 1765 Christum,
1301 1693 1402 1766 qui
1434 1692 1618 1747 dixit:
1648 1693 1768 1763 Ego
1801 1708 1933 1746 sum
1969 1690 2067 1746 lux

406 1789 613 1846 mundi
640 1805 653 1844 :
679 1787 883 1859 sicque
913 1783 1217 1839 ambulare
1247 1782 1308 1837 in
1341 1780 1563 1836 lumine
1586 1779 1842 1846 Domini,
1864 1780 1922 1833 id
1954 1782 2063 1848 est,

403 1880 463 1935 in
498 1879 612 1934 ﬁde
636 1878 695 1933 et
726 1871 1030 1948 praeceptis
1061 1869 1293 1927 Domini
1325 1869 1664 1926 Salvatoris.
1686 1869 1825 1940 Vos,
1848 1868 2062 1940 inquit,

404 1960 619 2025 domus
647 1964 848 2029 Jacob,
874 1963 1088 2018 domus
1113 1959 1313 2033 populi
1349 1958 1485 2027 mei,
1512 1958 1702 2015 venite
1731 1975 1986 2025 mecum,
2010 1961 2067 2013 et

403 2055 622 2131 pariter
652 2052 1026 2110 ambulemus
1051 2049 1109 2105 in
1147 2048 1373 2104 lumine
1402 2046 1660 2114 Domini,
1682 2048 1754 2103 de
1776 2064 1891 2119 quo
1923 2045 2067 2102 dicit

403 2144 718 2203 Psalmista
741 2160 793 2199 :«
812 2138 1083 2197 Accedite
1105 2138 1177 2194 ad
1197 2153 1333 2193 eum
1355 2141 1412 2194 et
1432 2134 1873 2192 illuminamini.
1890 2136 2061 2207 (Psal.

402 2233 627 2305 χχχιιι.)
651 2252 679 2284 ο

477 2347 506 2375 ‹‹
533 2319 832 2393 Projecisti
851 2318 1008 2375 enim
1030 2316 1313 2389 populum
1336 2320 1531 2383 tuum,
1556 2315 1798 2369 domum
1821 2314 2062 2370 Jacob.»

404 2413 724 2484 Alloquens
746 2407 1048 2482 propheta,
1065 2409 1121 2461 et
1140 2406 1453 2461 exhortans
1476 2403 1757 2477 pepulum
1781 2419 1978 2476 suum,
1999 2406 2065 2458 ut

407 2501 781 2560 ambularent
798 2497 859 2552 in
892 2496 1005 2551 ﬁde
1026 2494 1259 2550 Domini
1284 2492 1622 2561 Salvatoris,
1646 2496 1957 2565 postquam
1980 2492 2064 2547 vi-

405 2592 494 2649 dit
514 2608 618 2664 per
633 2584 918 2661 Spiritum
933 2587 1205 2640 sanctum
1220 2582 1498 2637 duritiam
1517 2581 1750 2638 cordisJ
1760 2583 2061 2638 udzeorum

405 2685 465 2738 et
492 2677 870 2752 impaenitens
899 2690 1000 2729 cor
1028 2688 1231 2728 eorum
1257 2689 1270 2728 :
1297 2670 1490 2728 subito
1512 2671 1796 2727 convertit
1825 2670 2061 2727 oculum

406 2768 623 2827 mentis
646 2766 717 2823 ad
742 2766 949 2835 Deum,
972 2761 1172 2819 dicens
1199 2779 1212 2817 :
1243 2762 1374 2816 Ideo
1391 2761 1626 2834 (inquit)
1649 2760 1869 2831 hortor,
1894 2764 1959 2815 ut
1989 2762 2060 2816 ad

404 2864 461 2917 te
480 2858 738 2926 veniant,
763 2868 1114 2925 mecumque
1134 2854 1233 2906 tuo
1255 2850 1479 2906 lumine
1504 2851 1901 2923 perfruantur,
1923 2849 2063 2922 quia

401 2951 641 3023 propter
671 2942 1113 3001 multitudinem
1148 2945 1521 3013 peccatorum
1546 2939 1831 3012 reliquisti
1857 2958 1977 3007 eos,
2004 2943 2062 2995 et

402 3034 669 3108 abjecisti
704 3031 985 3107 populum
1018 3031 1315 3104 quondam
1352 3032 1540 3097 tuum,
1563 3030 1805 3084 domum
1838 3029 2063 3085 scilicet

403 3126 607 3184 Jacob.
642 3122 970 3194 Redditque
1018 3137 1258 3175 causam
1304 3136 1483 3192 quare
1540 3118 1849 3191 projecerit
1904 3117 2058 3174 illos.

407 3240 429 3266 «ι
456 3215 603 3283 Quia
624 3212 824 3285 repleti
853 3215 994 3267 sunt
1015 3214 1080 3266 ut
1102 3209 1265 3279 olim,
1281 3214 1338 3265 et
1358 3227 1612 3283 augures
1634 3210 1967 3265 habuerunt
1995 3212 2063 3264 ut

403 3302 777 3360 Philistiim.»
804 3300 971 3354 Hunc
1003 3297 1196 3353 locum
1222 3298 1361 3369 quia
1390 3297 1602 3353 diversi
1630 3297 1857 3352 diverso
1890 3297 2061 3353 modo

2094 1993 2143 2058 B

2176 715 2333 785 quod
2379 715 2807 787 possidentium
2857 717 3093 772 animus
3144 734 3260 773 non
3310 717 3824 791 impleatur,juxta

2176 801 2320 857 illud
2363 803 2777 861 Salomonism
2802 807 3025 861 Avarus
3055 823 3171 861 non
3219 806 3564 879 implebitur
3611 806 3825 863 divitiis

2177 892 2493 964 (Eodem).
2522 918 2544 946 ι
2583 894 2868 949 Thesauri
2916 894 3256 950 Judzsorum
3309 895 3604 967 siquidem
3653 896 3824 952 ﬁnem

2176 980 2492 1049 habebant,
2524 983 2623 1037 sed
2656 982 2948 1055 cupiditas
2981 982 3217 1039 illorum
3250 986 3365 1040 ﬁne
3396 986 3648 1041 carebat.

2253 1093 2274 1117 α
2310 1070 2379 1124 Et
2409 1071 2629 1143 repleta
2656 1077 2746 1126 est
2784 1076 2938 1127 terra
2965 1072 3094 1144 ejus
3124 1072 3312 1145 equis,
3345 1077 3402 1129 et
3433 1073 3828 1129 innumerabi-

2176 1158 2261 1213 les
2292 1158 2590 1231 quadriga:
2622 1161 2816 1231 ejus.»
2846 1161 2915 1215 Et
2944 1161 3052 1216 hoc
3083 1165 3288 1217 contra
3333 1165 3685 1234 przeceptum
3719 1162 3828 1218 Do-

2177 1248 2320 1303 mini
2354 1253 2501 1315 erat,
2525 1249 2623 1320 qui
2659 1249 2929 1321 prohibet
2959 1249 3017 1305 in
3051 1249 3176 1323 lege
3217 1250 3592 1323 multiplicari
3620 1269 3827 1307 currus

2176 1342 2233 1392 et
2263 1354 2467 1409 equos.
2503 1337 2806 1409 Siquidem
2842 1341 2899 1393 et
2947 1337 3049 1394 illa
3107 1340 3387 1395 animalia
3416 1340 3553 1395 data
3583 1344 3724 1395 sunt
3751 1341 3823 1394 ad

2176 1427 2535 1498 adjutorium
2586 1426 2868 1495 hominis,
2900 1445 3014 1482 non
3057 1429 3129 1484 ad
3171 1429 3529 1501 superbiam,
3560 1430 3659 1485 sed
3703 1430 3828 1502 ipse

2177 1517 2402 1571 abusus
2423 1520 2510 1571 est
2529 1514 2648 1571 illis
2670 1515 2728 1570 in
2751 1517 3049 1588 superbia.
3075 1517 3591 1589 Undejumentum
3616 1517 3829 1573 dicitur

2176 1606 2249 1660 ab
2280 1605 2633 1677 adjuvando,
2657 1603 2714 1659 id
2748 1609 2837 1661 est
2868 1622 2902 1660 a
2934 1606 3313 1662 sublevando.
3338 1607 3418 1662 De
3448 1606 3566 1663 illis
3591 1607 3691 1679 qui
3724 1625 3828 1663 su-

2175 1696 2351 1767 perbe
2381 1694 2475 1748 his
2505 1694 2922 1766 abutebantur,
2946 1695 3088 1750 dicit
3107 1694 3417 1751 Psalmista
3443 1712 3503 1751 :«
3528 1695 3596 1751 Hi
3623 1696 3680 1751 in
3703 1713 3831 1752 cur-

2176 1783 2362 1851 ribus,
2387 1786 2443 1838 et
2474 1782 2533 1837 hi
2565 1783 2623 1837 in
2657 1782 2826 1855 equis
2852 1799 2865 1838 :
2891 1800 2999 1840 nos
3024 1788 3223 1839 autem
3254 1784 3312 1839 in
3336 1784 3571 1840 nomine
3596 1784 3829 1841 Domini

2176 1871 2360 1928 nostri
2392 1870 2797 1927 invocabimus
2830 1873 3000 1940 (Psal.
3026 1875 3106 1942 x).
3137 1895 3165 1922 »

2252 1982 2281 2012 ‹‹
2296 1962 2368 2016 Et
2398 1960 2619 2033 repleta
2646 1964 2736 2016 est
2762 1964 2918 2016 terra
2947 1961 3076 2032 ejus
3107 1960 3310 2031 idolis;
3353 1978 3502 2035 Opus
3540 1980 3827 2019 manuum

2175 2066 2419 2106 suarum
2461 2050 2870 2119 adoraverunt,
2908 2052 3063 2123 quod
3097 2051 3359 2108 fecerunt
3387 2051 3553 2125 digiti
3599 2068 3825 2109 eorum.

2173 2141 2244 2195 Et
2276 2138 2599 2194 incurvavit
2629 2156 2690 2195 se
2720 2138 2917 2207 homo,
2949 2143 3007 2194 et
3034 2139 3383 2197 humiliatus
3413 2144 3502 2196 est
3526 2140 3630 2196 vir.
3657 2164 3686 2189 ››
3710 2142 3828 2197 Hoc

2172 2231 2280 2297 est,
2305 2231 2362 2283 et
2392 2228 2611 2283 inﬁrmi
2643 2228 2763 2284 sive
2820 2233 3111 2301 potentes,
3138 2230 3237 2303 qui
3294 2229 3677 2305 designantur
3726 2248 3829 2303 per

2174 2316 2473 2373 hominem
2505 2317 2606 2389 qui
2653 2317 2870 2373 dicitur
2899 2318 2971 2373 ab
3011 2318 3231 2374 humo:
3267 2323 3325 2374 et
3355 2318 3438 2375 illi
3469 2320 3567 2392 qui
3611 2320 3827 2376 debue-

2174 2411 2306 2463 rant
2334 2423 2464 2462 esse
2501 2407 2681 2462 fortes
2726 2410 2783 2463 et
2829 2406 3095 2472 virtuosi,
3120 2407 3218 2480 qui
3268 2407 3678 2482 intelliguntur
3725 2426 3830 2482 per

2171 2496 2364 2551 virum
2395 2494 2496 2567 qui
2529 2494 2745 2551 dicitur
2772 2513 2807 2551 a
2834 2495 3049 2551 virtute
3075 2513 3086 2552 :
3114 2513 3318 2554 omnes
3365 2496 3584 2570 pariter
3631 2498 3829 2553 incur-

2170 2584 2287 2640 vati
2347 2588 2508 2655 sunt,
2550 2587 2608 2640 et
2652 2583 2949 2640 humiliati
3005 2586 3078 2641 ad
3138 2587 3438 2642 adoranda
3492 2585 3666 2643 idola.
3709 2588 3831 2644 Hoc

2172 2691 2405 2746 quoque
2437 2672 2802 2745 temporibus
2836 2674 3000 2730 Isaia:
3036 2675 3259 2731 factum
3290 2680 3398 2732 est.

2244 2785 2272 2813 «
2306 2763 2388 2818 Ne
2421 2778 2557 2834 ergo
2589 2760 2856 2817 dimittas
2885 2760 2992 2817 eis.
3016 2783 3045 2812 »
3070 2763 3232 2828 Quod
3275 2762 3656 2836 Septuaginta
3683 2762 3831 2819 alio-

2171 2853 2346 2909 modo
2378 2850 2741 2923 interpretati
2775 2854 2934 2916 sunt,
2969 2850 3079 2906 sub
3110 2868 3362 2922 persona
3395 2850 3495 2909 Dei
3525 2852 3778 2909 dicentis
3814 2869 3828 2908 :

2171 2942 2253 2997 Ne
2282 2958 2418 3013 ergo
2449 2939 2743 2996 dimittam
2774 2938 2878 2994 eis.
2904 2941 3267 3011 Quapropter
3292 2940 3592 3011 geminam
3623 2941 3833 3013 recipit

2170 3029 2614 3103 expositionem.
2647 3028 2707 3083 Si
2754 3045 2890 3100 ergo
2921 3028 2993 3083 ad
3035 3044 3345 3099 personam
3396 3029 3499 3084 Dei
3554 3031 3829 3098 refertur,

2172 3124 2240 3175 ut
2260 3125 2411 3176 Deus
2431 3118 2666 3174 locutus
2691 3116 2895 3173 sithoc
2920 3134 2933 3173 :
2958 3115 3042 3172 ita
3061 3120 3149 3172 est
3175 3116 3624 3190 intelligendum
3646 3136 3659 3176 :
3688 3119 3829 3191 quia

2169 3214 2336 3266 tanta
2365 3210 2524 3265 mala
2555 3210 2837 3276 fecerunt,
2864 3225 2979 3263 non
3012 3225 3248 3281 parcam
3270 3208 3375 3275 eis,
3401 3225 3506 3264 nec
3526 3209 3825 3266 dimittam

2172 3298 2628 3356 innumerabilia
2657 3296 2879 3353 scelera
2908 3314 3131 3353 eorum.
3156 3296 3215 3353 Si
3239 3297 3523 3370 propheta
3541 3297 3827 3371 loquitur,

402 3392 715 3465 explanare
736 3388 1027 3455 nituntur,
1054 3365 1366 3442 dicendum
1391 3391 1481 3443 est
1493 3387 1665 3457 juxta
1686 3387 2061 3442 traditionem
2091 3365 2135 3432 α
2174 3390 2257 3447 sic
2288 3393 2377 3446 est
2424 3388 2798 3445 sentiendum
2835 3404 2848 3444 :
2882 3404 2954 3442 ne
2981 3403 3118 3460 ergo
3148 3365 3411 3442 dimittas
3457 3386 3542 3443 eis
3591 3365 3831 3459 peccata

404 3479 829 3552 magistrorum
855 3492 868 3530 ε
893 3480 949 3530 et
978 3475 1116 3546 quid
1163 3474 1449 3530 sincerius
1488 3474 1607 3529 illis
1638 3474 1829 3531 visum
1864 3477 2061 3533 fuerit.

405 3566 635 3639 Repleti
686 3568 827 3620 sunt
856 3563 1093 3635 (inquit)
1133 3562 1306 3619 idolis
1354 3563 1695 3618 inﬁdelitate
1745 3568 1802 3620 et
1848 3564 2066 3621 scelere

405 3660 782 3730 peccatorum
808 3657 872 3707 ut
892 3652 1033 3708 olim
1057 3670 1070 3708 :
1099 3652 1153 3707 id
1178 3657 1287 3720 est,
1311 3653 1464 3708 sicut
1483 3654 1778 3725 quondam
1808 3654 1865 3708 in
1898 3655 2064 3727 [Egy-

404 3750 522 3819 pto,
547 3761 614 3800 ac
639 3743 1017 3817 postmodum
1038 3741 1097 3796 in
1119 3746 1276 3797 terra
1296 3741 1768 3813 repromissionis
1792 3748 1905 3798 tem
1914 3743 2065 3815 pori-

404 3836 516 3892 bus
529 3833 827 3905 judicum,
852 3836 909 3887 et
928 3831 1292 3903 temporibus
1312 3831 1623 3886 Jeroboam
1646 3836 1819 3904 atque
1841 3832 2062 3904 Achab,

400 3929 458 3981 et
488 3939 744 3996 augures
777 3938 916 3976 suos
942 3925 999 3976 et
1019 3920 1250 3976 divinos
1279 3919 1614 3975 habuerunt
1637 3925 1699 3975 ut
1720 3921 2057 3990 Philistiim,

396 4013 486 4069 vel
520 4009 818 4068 Palaestini
843 4009 1017 4065 vicini
1050 4026 1275 4076 eorum,
1304 4026 1337 4063 a
1368 4008 1585 4080 quibus
1614 4027 1714 4065 eos
1743 4010 1834 4065 lex
1862 4010 2059 4082 prohi-

400 4100 850 4175 bet.Augurium
873 4097 1274 4166 estdivinatio,
1290 4102 1531 4170 sumpta
1545 4102 1602 4154 et
1617 4098 1771 4155 die-ta
1788 4117 1818 4155 a
1837 4118 1905 4173 ga
1916 4101 2058 4156 rritu

396 4192 615 4248 avium.
640 4190 781 4246 Inde
802 4188 1085 4244 dicuntur
1104 4206 1379 4261 augures,
1396 4205 1430 4242 a
1451 4188 1675 4260 garritu
1698 4187 1891 4244 avium
1915 4188 2059 4244 divi-

396 4279 695 4337 nationem
720 4275 1165 4334 sumentes.Cui
1185 4276 1589 4349 superstitioni
1617 4277 1869 4333 maxime
1892 4278 2062 4333 Palis-

394 4370 536 4426 stini
568 4369 722 4424 inter
751 4370 993 4422 caeteras
1034 4370 1240 4439 gentes
1284 4366 1464 4421 dediti
1514 4370 1699 4421 erant.
1724 4367 2057 4423 Notandum

395 4462 594 4513 autem
648 4454 1017 4528 temporibus
1049 4453 1219 4522 Osize,
1262 4454 1559 4525 Joatham,
1601 4458 1659 4509 et
1704 4454 1914 4523 Achaz,
1949 4456 2059 4511 sub

394 4544 613 4617 quibus
662 4541 845 4599 Isaias
893 4540 1281 4614 prophetavit,
1314 4542 1549 4597 Judznos
1579 4542 1858 4599 habuisse
1904 4542 2062 4600 idola

393 4632 549 4687 sicut
567 4631 866 4704 quondam
887 4630 1537 4702 habuerunt.Sequitur
1557 4648 1606 4686 :u
1626 4632 1695 4685 Et
1712 4631 1909 4703 pueris
1927 4632 2039 4688 alio.

2170 3478 2510 3550 corum,qui
2546 3480 2711 3532 tanta
2739 3474 2898 3532 mala
2929 3479 3430 3548 perpetraverunt.
3454 3476 3830 3532 Animadver—

2168 3570 2410 3624 tendum
2440 3570 2530 3623 est
2559 3570 2759 3622 autem
2802 3565 3150 3638 pr0phetam
3183 3582 3298 3621 non
3331 3565 3638 3637 imprecari
3667 3565 3830 3621 mala

2168 3661 2370 3713 contra
2392 3654 2675 3728 populum
2702 3671 2877 3709 suum
2905 3670 2917 3708 :
2944 3654 3043 3709 sed
3068 3652 3505 3709 subaudiuntur
3524 3670 3592 3709 ea
3614 3670 3743 3725 qua:
3767 3654 3829 3709 in

2168 3745 2409 3802 veritate
2430 3747 2569 3799 sunt
2593 3745 2942 3815 t'utura,quze
2964 3746 3130 3798 erant
3151 3742 3268 3798 illis
3296 3759 3455 3803 more
3478 3742 3829 3815 prophetau-

2167 3835 2243 3891 tis
2264 3833 2652 3906 praedicenda,
2673 3849 2708 3887 a
2729 3830 3010 3903 saperiori
3043 3830 3169 3886 loco
3192 3831 3290 3887 ubi
3324 3831 3558 3904 legitur,
3574 3830 3713 3903 quia
3734 3849 3828 3886 re-

2168 3922 2308 3996 pleti
2340 3924 2479 3977 sunt
2508 3924 2573 3975 ut
2600 3919 2760 3987 olim,
2781 3923 2838 3976 et
2865 3935 3121 3992 augures
3153 3918 3486 3975 habuerunt
3518 3923 3583 3975 ut
3612 3919 3825 3975 Philis-

2167 4010 2318 4079 tiim,
2334 4026 2523 4082 usque
2544 4009 2615 4064 ad
2641 4009 2819 4065 istum
2842 4026 2854 4063 :
2877 4008 2977 4081 qui
2999 4012 3122 4063 tam
3143 4008 3218 4063 ad
3237 4009 3472 4065 Judaeos
3493 4009 3743 4064 refertur
3759 4026 3827 4065 eo

2169 4100 2343 4156 modo
2365 4115 2480 4171 quo
2503 4098 2781 4166 diximus,
2798 4114 2977 4170 quam
3010 4098 3083 4152 ad
3106 4096 3391 4153 Chaldeos
3412 4097 3829 4169 Romanosque

2169 4190 2266 4263 qui
2302 4188 2459 4244 illius
2490 4188 2691 4261 populi
2744 4187 3170 4260 depraedatores
3220 4187 3473 4255 fuerunt,
3506 4202 3832 4258 eorumque

2168 4284 2381 4335 tearam
2413 4277 2783 4333 incoluerunt
2814 4275 3097 4342 dicentes,
3124 4274 3281 4348 quod
3313 4278 3570 4348 protecto
3598 4274 3805 4331 Judazo

2170 4385 2300 4423 rum
2333 4366 2569 4439 populo,
2596 4365 3009 4422 habitaverunt
3037 4363 3097 4419 in
3128 4365 3333 4421 Judaea
3362 4363 3697 4436 alienigena:
3720 4363 3829 4434 qui

2132 4500 2141 4505 .
2169 4456 2373 4529 repleti
2399 4460 2541 4511 sunt
2567 4455 2760 4523 idolis,
2784 4454 3233 4526 habueruntque
3253 4468 3526 4526 augures,
3550 4456 3607 4507 et
3624 4451 3832 4524 pueris

2171 4546 2379 4602 alienis
2412 4544 2806 4600 adhzeserunt.
2832 4545 2902 4599 Et
2929 4542 3152 4616 repleta
3180 4547 3270 4598 est
3299 4546 3452 4598 terra
3476 4542 3603 4613 ejus
3632 4540 3830 4612 equis,

2168 4640 2227 4692 et
2258 4632 2719 4691 innumerabiles
2739 4632 3037 4705 quadrigre
3070 4633 3219 4702 ejus.
3242 4632 3347 4687 Per
3371 4630 3525 4703 quod
3547 4629 3835 4702 designa-

393 4721 485 4777 nis
535 4721 930 4788 adhaeserunt,
958 4740 985 4771 n
1006 4718 1064 4774 id
1096 4724 1187 4776 est
1218 4736 1354 4775 cum
1387 4720 1589 4791 pueris
1621 4738 1655 4775 a
1684 4720 1800 4775 Deo
1851 4720 2060 4778 alienis
2089 4737 2137 4802 D
2167 4731 2265 4782 tur
2283 4724 2624 4780 Judmorum
2657 4722 3175 4793 Romanorumque
3208 4720 3469 4789 avaritia,
3493 4718 3708 4791 quibus
3732 4719 3831 4773 ni-

394 4809 663 4865 fornicati
690 4812 850 4863 sunt.
876 4809 1074 4863 Potest
1096 4812 1292 4862 autem
1319 4808 1550 4864 duobus
1572 4808 1761 4864 modis
1786 4809 2057 4884 intelligi,

390 4902 454 4953 ut
475 4915 609 4954 cum
634 4897 834 4969 pueris
859 4914 978 4952 suae
1004 4895 1197 4969 gentis
1221 4896 1526 4953 libidinem
1547 4914 1714 4954 suam
1740 4899 2058 4971 explerent,

389 4988 485 5060 qui
510 5004 614 5059 per
634 4985 744 5041 hoc
766 4984 965 5041 scelus
981 4984 1154 5041 alieni
1181 4989 1350 5040 erant
1366 5003 1400 5041 a
1416 4987 1701 5059 Deo,quia
1720 4988 1914 5044 omnis
1936 5007 2063 5061 pec-

388 5081 549 5131 cator
565 5075 735 5147 longe
753 5092 784 5129 a
800 5074 917 5129 Deo
936 5073 1137 5139 est,vel
1156 5074 1334 5129 etiam
1353 5092 1487 5130 cum
1511 5078 1711 5149 pueris
1726 5079 2056 5150 gentilium.

387 5162 448 5218 In
482 5167 715 5220 tantum
748 5162 906 5217 enim
940 5163 1285 5218 detestando
1310 5167 1367 5218 et
1390 5164 1682 5220 horrendo
1710 5165 1849 5221 vitio
1872 5167 2063 5241 deser-

385 5252 625 5309 viebant
645 5249 856 5317 Judzei,
880 5255 945 5305 ut
965 5251 1143 5306 etiam
1178 5269 1393 5324 pueros
1420 5253 1738 5324 gentilium
1774 5256 2062 5312 formosos
2100 5330 2109 5333 _

384 5342 670 5405 emerent,
691 5356 725 5392 a
741 5338 959 5408 quibus
978 5340 1395 5412 hujuscemodi
1415 5340 1721 5397 libidinem
1737 5344 2050 5416 explerent.

456 5453 484 5482 ‹‹
512 5426 761 5499 llepleta
793 5433 883 5482 est
935 5434 1087 5485 terra
1134 5435 1374 5503 argento
1424 5436 1481 5486 et
1528 5449 1693 5501 auro,
1729 5437 1788 5488 et
1822 5452 1934 5490 non
1969 5440 2059 5491 est

380 5518 516 5573 ﬁnis
550 5516 970 5571 thesaurorum
1003 5520 1152 5591 ejus.
1182 5543 1208 5568 ››
1233 5521 1387 5575 lntcr
1416 5525 1622 5577 caetera
1649 5522 1809 5593 vitia,
1838 5525 2056 5596 quibus

377 5603 573 5661 Judazi
599 5602 1026 5674 deserviebant,
1052 5608 1227 5662 etiam
1262 5609 1649 5667 immoderata
1678 5612 1922 5668 avaritia
1949 5632 2054 5669 cu-

376 5692 740 5758 piditasque
763 5687 1206 5760 signatur,dum
1230 5696 1447 5751 dicitur
1472 5715 1483 5752 :
1510 5700 1635 5756 Non
1668 5705 1758 5755 est
1784 5701 1916 5757 ﬁnis
1940 5703 2059 5759 the-

374 5782 713 5831 saurorum
761 5771 910 5841 ejus,
946 5778 1003 5832 id
1036 5785 1147 5845 est,
1170 5783 1423 5839 avaritiae
1456 5790 1513 5843 et
1543 5789 1880 5861 cupiditatis
1928 5791 2055 5847 illo-

2169 4814 2250 4870 hil
2283 4818 2373 4869 est
2403 4811 2656 4883 avarius,
2680 4814 2831 4868 teste
2874 4812 3042 4867 beato
3070 4811 3439 4882 Hieronymo.
3465 4807 3701 4880 Repleta
3731 4813 3835 4863 est

2170 4906 2327 4958 terra
2357 4916 2592 4973 quoque
2622 4898 2926 4955 Israelitici
2971 4896 3169 4970 populi
3220 4896 3390 4969 cquis
3421 4894 3833 4951 Chaldaeorum

2172 4992 2689 5061 Romanorumque
2710 4992 2767 5043 ct
2788 4988 3025 5043 fuerunt
3046 4984 3507 5042 innumerabiles
3528 4982 3832 5056 quadriga:

2170 5082 2321 5153 ejus,
2349 5079 2459 5135 hoc
2491 5082 2581 5134 est
2609 5076 2907 5133 vitiorum.

2245 5191 2274 5221 «
2298 5169 2607 5241 Ingredere
2629 5166 2687 5221 in
2709 5169 2957 5238 petram,
2982 5166 3338 5221 abscondere
3360 5163 3418 5217 in
3443 5163 3598 5218 fossa
3617 5160 3830 5227 humo,

2171 5276 2205 5315 a
2237 5257 2382 5313 facie
2410 5256 2640 5311 timoris
2663 5254 2916 5324 Domini,
2940 5259 2997 5310 et
3019 5272 3053 5309 a
3073 5253 3260 5326 gloria
3280 5251 3604 5323 majestatis
3632 5250 3830 5321 ejus.»

2165 5347 2287 5402 Vox
2320 5344 2615 5418 propheta:
2660 5343 2953 5399 hortantis
2984 5342 3268 5415 populum
3301 5359 3500 5412 suum,
3532 5344 3598 5395 ut
3630 5340 3829 5411 ingrc-

2166 5437 2364 5492 diatur
2382 5435 2441 5489 in
2467 5438 2715 5507 petram,
2739 5437 2796 5488 et
2818 5433 3214 5489 abscondatur
3235 5432 3291 5487 in
3318 5432 3492 5500 fossa,
3516 5435 3831 5500 coopertus

2166 5527 2418 5597 desuper
2445 5523 2647 5578 humo.
2671 5523 2751 5576 Ac
2792 5522 2839 5577 si
2888 5521 3105 5577 diceret
3134 5521 3266 5577 aliis
3295 5520 3522 5577 verbis:
3547 5519 3830 5575 Hortatus

2166 5631 2301 5670 sum
2350 5616 2417 5667 ut
2462 5610 2850 5667 ambularetis
2880 5610 2937 5664 in
2974 5610 3199 5666 lumine
3256 5609 3507 5677 Domini,
3532 5607 3632 5664 sed
3681 5604 3830 5678 quia

2168 5701 2439 5759 noluistis
2473 5700 2695 5769 audire,
2722 5717 2853 5755 ecce
2894 5699 3176 5755 denuntio
3201 5703 3259 5754 et
3289 5699 3508 5763 hortor,
3535 5700 3599 5752 ut
3628 5695 3827 5767 ingre-

2168 5790 2411 5849 diamini
2443 5790 2504 5846 in
2534 5793 2761 5862 petram
2792 5792 2850 5845 et
2881 5788 3325 5847 abscondamini
3357 5786 3601 5855 infossa,
3647 5782 3735 5841 vel
3758 5782 3825 5839 in
