3960 6442
382 469 502 531 735

801 470 1208 532 HAYMONIS
1240 470 1787 531 HALBEBSTAT.
1821 467 2064 530 EPiSC.
2099 468 2275 530 OPP.
2304 469 2532 531 PARS.
2567 469 2616 530 Ι.
2648 503 2726 513 -
2755 467 3164 531 COMMENT.
3197 469 3392 530 BIBL.

3687 470 3798 534 736

383 603 510 661 dies
540 601 806 659 vindicta:
829 601 1060 657 Domini
1085 601 1276 656 venit:
1303 602 1537 673 quando
1559 601 1714 657 sicut
1745 601 2038 674 Josephus
2070 604 2124 670 Α
2153 602 2306 674 quod
2340 605 2431 658 est
2450 601 2668 658 animal
2702 601 2924 658 lumine
2953 618 3159 658 carens
3189 601 3516 676 oculorum,
3539 607 3642 660 aut
3676 621 3800 660 ves-

382 697 606 759 narrat,
641 689 1086 747 advenientibus
1136 691 1439 758 Romanis,
1489 691 1575 746 illi
1633 691 2041 763 comprehensi

382 785 540 848 sunt,
576 780 676 852 qui
718 779 777 833 in
838 779 1108 850 portibus
1165 780 1704 851 commorabantur,
1748 796 2043 852 navesque

381 886 582 927 corum
615 885 931 923 succensae.
956 868 1238 939 Quodque
1268 867 1631 940 sequitur,et
1660 887 1838 941 super
1867 887 2042 926 omne

380 959 534 1033 quod
578 957 892 1030 pulchrum
924 961 1014 1012 est
1043 955 1194 1026 visu,
1230 957 1683 1029 intelligendum
1732 963 1824 1013 est
1865 975 2044 1030 super

377 1046 663 1120 templum
696 1051 754 1102 et
787 1045 1322 1113 sanctuarium,ubi
1355 1051 1481 1102 erat
1512 1047 1770 1102 maxima
1789 1047 2044 1120 pulchri-

377 1137 541 1203 tudo,
573 1140 632 1191 et
662 1153 840 1207 super
878 1152 1083 1191 omnes
1132 1135 1390 1208 virgines
1435 1139 1493 1191 et
1533 1137 1783 1207 juvenes
1817 1153 1830 1192 :
1865 1154 2043 1208 super

375 1243 547 1282 omne
577 1226 855 1297 quodque
887 1224 1042 1297 quod
1071 1223 1416 1280 delectabile
1447 1228 1571 1280 erat
1601 1225 1672 1280 ad
1695 1224 2036 1293 videndum,

375 1315 531 1371 diem
565 1313 804 1371 uliionis
833 1314 1062 1370 venisse
1098 1330 1111 1368 :
1147 1315 1384 1386 quando
1417 1313 1597 1368 simul
1647 1314 1847 1369 omnia
1886 1315 2041 1370 bona

376 1403 536 1459 illius
565 1403 764 1476 populi
797 1404 1099 1458 destructa
1129 1406 1186 1457 et
1215 1407 1494 1458 evacuata
1526 1407 1686 1458 sunt.

450 1518 477 1545 ‹‹
508 1495 579 1550 Et
609 1493 1016 1548 ineurvabitur
1046 1491 1383 1548 sublimitas
1415 1492 1819 1560 hominum,et
1847 1493 2038 1548 humi~

373 1582 617 1638 liabitur
646 1581 895 1637 altitudo
927 1580 1208 1636 virorum.
1235 1605 1262 1630 ››
1307 1580 1413 1635 Per
1460 1581 1810 1636 sublimitati
1846 1580 2035 1636 homi-

375 1691 538 1740 num,
575 1671 1070 1742 altitudinemque
1100 1671 1381 1736 virorum,
1415 1670 1602 1726 fastus
1653 1671 1947 1742 potentiae,
1981 1673 2038 1725 et

371 1761 648 1818 nobilitas
679 1761 911 1833 generis
943 1759 1248 1830 accipitur,
1270 1759 1424 1814 sicut
1457 1757 1629 1830 paulo
1653 1758 1925 1830 superius
1955 1759 2038 1814 di-

369 1856 528 1908 ctum
560 1853 668 1918 est,
685 1849 825 1922 quia
856 1847 1158 1903 incurvata
1181 1851 1238 1901 et
1269 1847 1583 1904 humiliata
1613 1852 1771 1916 sunt,
1797 1849 2032 1936 qwndo

369 1939 608 2013 quidam
641 1937 839 2006 occisi,
875 1936 1116 2010 quidam
1151 1953 1282 1992 vero
1314 1937 1372 1992 in
1407 1955 1605 1993 servos
1637 1941 1776 1992 sunt
1804 1955 2027 1993 venun-

367 2029 512 2086 dati.
1566 2019 1578 2034 ”

439 2142 467 2168 ‹‹
501 2119 572 2174 Et
602 2115 928 2173 elevabitur
956 2115 1243 2170 Dominus
1274 2114 1436 2170 solus
1469 2115 1527 2170 in
1551 2114 1643 2170 die
1665 2114 1857 2184 illa,et
1877 2114 2034 2170 idola

367 2206 608 2280 penitus
637 2207 1036 2261 conterentur.
1072 2225 1098 2252 η
1137 2204 1300 2269 Quod
1334 2207 1424 2258 est
1469 2207 1668 2275 aperte
1707 2203 1936 2258 dicere:
1966 2204 2030 2258 In

367 2297 462 2352 die
493 2294 616 2364 illa,
645 2293 757 2349 hoc
787 2297 896 2360 est,
913 2293 971 2348 in
1003 2295 1262 2364 tempore
1293 2291 1636 2348 vastationis
1665 2291 2026 2361 Judzeorum,

365 2383 688 2442 elevabitur
733 2382 1043 2450 Dominus,
1077 2380 1136 2436 id
1187 2385 1295 2449 est,
1330 2381 1596 2436 excelsus
1635 2385 1692 2436 et
1739 2380 2030 2453 gloriosus

366 2475 654 2546 fortisque
685 2471 993 2544 apparebit
1024 2487 1036 2526 :
1075 2487 1209 2525 eum
1242 2470 1549 2525 tradiderit
1579 2469 1851 2526 inimicos
1889 2487 2029 2527 suos

363 2564 601 2622 Judzeos
631 2562 689 2616 in
723 2578 822 2618 ore
854 2559 1035 2634 gladii
1059 2559 1463 2616 Chaldzeorum
1487 2560 2026 2632 Romanorumque,

364 2657 510 2710 tunc
543 2650 777 2724 penitus
807 2649 966 2705 idola
993 2651 1372 2704 conterentur
1389 2647 1730 2704 Juda-orum
1753 2665 1888 2704 cum
1911 2647 2031 2704 cul-

363 2741 592 2799 toribus
621 2739 946 2809 suis,Licet
979 2739 1036 2792 in
1068 2737 1300 2794 Domini
1323 2739 1575 2792 adventu
1611 2755 1726 2793 non
1759 2737 2032 2810 legantur

361 2831 553 2890 Judaei
577 2828 733 2886 idola
761 2827 1035 2900 coluisse,
1051 2831 1246 2882 tamen
1280 2827 1517 2900 quando
1555 2827 1831 2898 captivati
1883 2831 2031 2882 sunt

364 2941 401 2979 a
423 2919 730 2988 Chaldaeis,
753 2917 906 2975 idola
928 2917 1218 2984 colebant,
1235 2916 1390 2972 sicut
1418 2915 1701 2972 Ezechieli
1723 2921 2028 2972 ostensum

362 3015 478 3070 est.
513 3009 728 3079 (Επειδὴ.
762 3009 906 3080 vui),
940 3010 1306 3079 Quapropter
1336 3005 1477 3079 quia
1505 3023 1698 3062 sermo
1731 3005 2028 3078 propheti-

367 3119 475 3158 cus
505 3098 733 3155 mixtim
767 3097 1030 3170 loquitur
1057 3097 1130 3152 de
1163 3099 1412 3168 utraque
1441 3095 1774 3169 captivitate
1804 3099 1862 3150 et
1897 3111 2028 3150 vas-

366 3186 953 3260 tatione,specialiter
983 3186 1054 3241 ad
1089 3183 1338 3257 priorem
1363 3184 1734 3240 referendum
1754 3183 2028 3256 est,quod

371 3278 610 3344 dicitur,
652 3275 810 3332 idola
867 3274 1103 3348 penitus
1135 3278 1531 3330 conterentur.
1577 3273 1840 3329 Contrita
1889 3275 2030 3328 sunt

2058 1985 2106 2050 B

2152 689 2498 763 pertilionis,
2531 708 2660 764 quae
2691 696 2780 748 est
2829 691 2953 748 avis
2999 691 3280 766 lucifuga.
3311 693 3430 749 Ded
3477 693 3801 767 despective

2152 789 2329 852 atque
2363 781 2619 836 irrisorie
2653 781 2918 853 protulit,
2942 779 3100 837 idola
3138 788 3340 838 eurum
3392 782 3567 854 talpis
3592 788 3652 839 et
3681 802 3804 840 ves-

2150 869 2561 942 pertilionibus
2583 887 2957 943 comparans,
2974 888 3101 943 quae
3125 887 3260 927 cum
3283 871 3484 928 oculos
3502 873 3806 929 videantur

2151 957 2645 1025 habere,minime
2675 959 2895 1030 vident,
2915 959 3070 1017 sicut
3103 959 3414 1017 Psalmista
3443 961 3584 1018 dicit
3614 979 3628 1018 :
3661 985 3688 1012 ‹‹
3712 964 3804 1018 Si.-

2152 1048 2415 1104 mulacra
2451 1049 2714 1122 gentium
2749 1053 3059 1121 argentum
3101 1054 3159 1104 et
3196 1067 3429 1120 aurum,
3463 1067 3639 1124 Opera
3681 1069 3806 1106 ma-

2149 1153 2336 1190 nuum
2370 1135 2930 1192 hominum.0culos
2952 1136 3170 1192 habent
3190 1142 3381 1194 etnon
3419 1138 3802 1211 vident(l’.sal.

2149 1226 2330 1291 CXlll).
2369 1248 2396 1273 ››

2221 1335 2248 1361 ‹‹
2275 1311 2562 1378 Quiescite
2585 1329 2722 1385 ergo
2745 1313 2816 1368 ab
2838 1313 3076 1370 homine
3098 1316 3271 1386 cujus
3295 1315 3538 1388 spiritus
3558 1317 3619 1372 in
3650 1319 3806 1374 nari-

2148 1398 2261 1454 bus
2292 1399 2442 1470 ejus,
2469 1399 2608 1472 quia
2637 1399 2904 1457 excelsus
2937 1403 3304 1475 reputabitur
3335 1405 3516 1476 ipse.»
3539 1407 3810 1462 Conside-

2148 1505 2285 1542 rans
2317 1489 2600 1560 propheta
2634 1489 2814 1545 Isaias
2843 1491 3080 1548 Judazos
3111 1493 3376 1550 cencives
3399 1511 3536 1550 suos
3558 1497 3805 1568 perden-

2147 1577 2253 1631 dos
2283 1582 2521 1648 propter
2551 1578 2726 1646 mala,
2762 1597 2890 1652 quae
2923 1581 3155 1638 Christo
3187 1585 3412 1655 perﬁda
3443 1589 3634 1640 mente
3655 1585 3808 1641 intu-

2147 1663 2362 1733 lerunt,
2383 1667 2654 1722 hortatur
2683 1685 2782 1724 eos
2812 1669 3050 1726 dicens:
3079 1671 3224 1726 Ecce
3246 1673 3568 1746 prophetali
3593 1675 3803 1748 spiritu

2146 1755 2384 1826 praedixi
2415 1755 2598 1824 vobis,
2629 1775 2758 1829 qua:
2812 1759 3043 1816 evenire
3095 1766 3366 1832 possunt.
3411 1763 3616 1820 Moneo
3663 1781 3805 1838 ergo

2144 1847 2322 1916 atque
2351 1845 2644 1918 principio,
2675 1849 2740 1901 ut
2771 1847 3092 1919 quiescatis
3141 1850 3214 1906 ab
3265 1850 3503 1909 homine
3549 1853 3808 1921 Christo,

2145 1933 2246 2004 qui
2279 1935 2606 1990 secundum
2640 1952 2875 1991 carnem
2906 1937 3149 2009 quidem
3181 1939 3358 1996 homo
3391 1945 3482 1997 est
3509 1943 3812 2011 verus,ha~

2145 2022 2292 2077 hens
2325 2023 2585 2078 animam
2616 2028 2673 2079 et
2703 2023 2964 2096 spirans,
2995 2031 3052 2081 et
3083 2027 3335 2085 halitum
3365 2030 3605 2088 trahens
3644 2031 3808 2088 nari-

2143 2110 2276 2177 bus,
2309 2111 2464 2168 sicut
2495 2129 2602 2168 nos
2633 2113 2764 2186 puri
2796 2113 3070 2172 homines
3099 2117 3400 2190 spiramus
3447 2123 3506 2176 et
3532 2119 3804 2190 vivimus,

2142 2201 2244 2256 sed
2278 2203 2603 2257 secundum
2635 2202 2894 2258 divinam
2925 2205 3293 2276 majestatem
3326 2208 3592 2266 excelsus
3632 2227 3807 2283 repu-

2142 2293 2304 2346 tatur
2333 2291 2478 2363 ipse,
2513 2295 2570 2346 et
2600 2291 2877 2359 creditur,
2912 2293 3052 2364 quia
3082 2295 3327 2366 mqualis
3357 2301 3448 2353 est
3476 2299 3593 2356 Deo
3627 2299 3809 2356 Patri.

2140 2378 2347 2435 Cavete
2375 2397 2447 2457 ne
2477 2379 2786 2436 offendatis
2817 2398 2952 2436 eum
2983 2381 3042 2437 in
3071 2383 3292 2456 aliquo,
3317 2385 3458 2458 quia
3504 2387 3642 2444 licet
3684 2389 3809 2461 spi-

2141 2473 2228 2524 rct
2259 2474 2324 2524 ut
2357 2468 2553 2536 homo,
2586 2469 2740 2524 Deus
2770 2487 2940 2526 verus
2970 2474 3168 2526 tamen
3199 2475 3396 2530 est.Et
3437 2475 3485 2530 si
3525 2477 3812 2544 feceritis,

2136 2559 2372 2614 venient
2401 2557 2565 2614 vobis
2596 2575 2838 2630 propere
2867 2559 3068 2615 omnia
3109 2561 3266 2617 mala
3315 2564 3591 2636 superius
3619 2565 3806 2622 dicta.

2140 2647 2303 2714 Quod
2336 2647 2692 2719 Redemptor
2723 2651 2921 2704 noster
2951 2649 3217 2706 excelsus
3247 2651 3344 2717 sit,
3379 2651 3694 2709 Psalmista
3727 2655 3814 2712 in-

2140 2735 2314 2805 dicat,
2349 2737 2550 2791 dicens
2575 2754 2588 2792 :
2613 2735 2889 2794 Excelsus
2921 2737 3099 2810 sup'er
3128 2757 3334 2795 omnes
3365 2745 3569 2814 gentes
3601 2743 3809 2799 Domi-

2139 2843 2274 2892 nus,
2291 2829 2348 2880 et
2377 2841 2557 2896 super
2577 2825 2754 2881 cmlos
2784 2824 2974 2898 gloria
3000 2827 3237 2898 ejus.Et
3259 2830 3413 2900 quod
3449 2829 3611 2898 dicit,
3631 2833 3806 2902 cujus

2140 2913 2390 2986 spiritus
2425 2913 2482 2968 in
2534 2914 2778 2970 naribus
2825 2915 2976 2986 ejus,
3009 2915 3124 2971 tale
3172 2921 3267 2972 est
3314 2935 3383 2973 ac
3430 2917 3480 2974 si
3529 2919 3796 2977 diceret:

2139 3003 2202 3058 In
2235 3004 2408 3075 cujus
2436 3003 2680 3060 naribus
2710 3006 2800 3059 est
2823 3003 3020 3071 flatus,
3039 3005 3140 3077 qui
3173 3005 3521 3080 plerumque
3549 3008 3796 3082 spiritus

2139 3091 2490 3165 appellatur.
2779 3164 3012 3221 CAPUT
3051 3165 3130 3222 In

2209 3293 2237 3320 ‹‹
2261 3270 2408 3326 Ecce
2438 3270 2596 3326 enim
2623 3269 2957 3327 dominator
2987 3271 3272 3329 Dominus
3305 3273 3664 3337 exercituum
3699 3293 3802 3332 au-

368 3367 526 3424 enim
557 3364 713 3420 idola
739 3364 1075 3419 Judaeorum
1099 3362 1456 3432 aChaldzeis,
1471 3365 1529 3418 et
1561 3361 1796 3418 metalla
1824 3378 2029 3418 eorum
2062 3357 2105 3424 C
2142 3358 2288 3414 feret
2315 3359 2387 3414 ab
2418 3358 2782 3414 Hierusalem
2815 3363 2874 3416 et
2894 3377 2929 3416 a
2952 3361 3108 3416 Juda
3127 3360 3389 3418 validum
3411 3367 3469 3418 et
3499 3362 3729 3419 fortem.
3771 3387 3800 3414 υ

368 3457 431 3511 in
453 3453 807 3526 Babylonem
841 3451 1036 3506 ducta.

445 3565 473 3592 ‹‹
497 3543 567 3597 Et
598 3540 926 3595 introibunt
951 3538 1010 3593 in
1045 3537 1357 3610 speluncas
1379 3542 1764 3610 petrarum,et
1795 3539 1852 3594 in
1875 3556 2034 3594 vora-

369 3631 540 3705 gines
572 3633 760 3694 terrae,
794 3646 828 3684 a
862 3627 1005 3684 facie
1056 3625 1385 3682 formidinis
1416 3626 1670 3694 Domini,
1696 3631 1754 3682 et
1785 3645 1818 3682 a
1847 3627 2033 3700 gloria

373 3717 705 3791 majeztatis
734 3717 1036 3788 ejus,cum
1058 3715 1376 3771 surrexerit
1408 3720 1708 3788 percutere
1739 3719 1974 3772 terram.
2003 3740 2031 3766 »

371 3806 688 3866 Przesentia
717 3823 853 3862 cum
885 3803 1272 3878 sequentibus
1303 3805 1374 3860 ad
1411 3809 1723 3877 utramque
1752 3805 2030 3862 vastatio-

369 3916 500 3956 nem
533 3897 872 3954 Judaeorum
907 3893 1476 3968 pertinent,quando
1509 3894 1762 3966 effugere
1781 3894 2032 3951 nitentes

367 3988 468 4045 Dei
493 3985 1284 4052 vindietam,abscondebant
1303 4001 1366 4040 se
1397 3982 1457 4039 in
1479 3983 1779 4056 speluncis
1797 3988 1856 4040 et
1874 4001 2034 4040 vora-

367 4075 606 4151 ginibus
628 4079 814 4131 terrae.
830 4075 982 4130 Bene
999 4077 1195 4129 autem
1216 4072 1432 4128 dicitur
1457 4091 1470 4128 :
1495 4075 1539 4128 A
1561 4072 1746 4145 gloria
1760 4072 2029 4145 potentia

367 4164 624 4234 Domini,
655 4181 791 4220 cum
824 4162 1144 4219 surrexerit
1163 4165 1464 4234 percutere
1490 4163 2032 4230 terram.Quodam-

370 4255 540 4309 modo
573 4252 732 4308 enim
764 4251 1144 4324 omnipotens
1175 4251 1331 4307 Deus
1375 4250 1682 4322 consurgit
1729 4255 2032 4323 percutere

368 4345 634 4399 terrenos
675 4340 971 4407 homines,
1005 4343 1237 4394 terrena
1284 4338 1658 4394 solummodo
1706 4339 2032 4411 cogitantes

366 4434 426 4486 et
454 4433 802 4503 quaerentes,
836 4428 1074 4500 quando
1105 4427 1380 4484 severiter
1409 4445 1549 4483 suos
1594 4446 1697 4500 per
1727 4428 2031 4484 ministros

368 4535 599 4590 pmnam
632 4519 809 4574 infert
839 4517 977 4585 illis,
994 4515 1146 4572 sicut
1169 4535 1274 4589 per
1293 4516 1594 4573 Chaldaeos
1617 4517 2032 4589 Romanosque

367 4607 588 4664 Judmis
617 4606 836 4663 intulit.

439 4720 466 4795 ξι
504 4695 694 4798 Ιηῇάἰο
723 4694 884 4751 illa.»
909 4696 1025 4750 Hoc
1047 4694 1222 4794 estin
1241 4693 1916 4798 adventulghaldazorpm
1941 4695 2024 4750 vel
2059 4733 2106 4798 Β

367 4783 544 4840 etiam
563 4784 962 4838 Romanorum
982 4803 1004 4831 ι
1020 4783 1931 4855 projiciethomo(Judaeusﬁdola
1945 4802 2030 4840 ar-

367 4871 527 4944 genti
545 4871 634 4928 sui
646 4876 724 4939 ,et
737 4871 1054 4926 simulacra
1065 4869 1192 4926 auri
1206 4871 1295 4926 sui
1307 4889 1455 4944 ,quae
1471 4873 1685 4928 fecerat
1701 4871 1811 4928 sibi
1823 4918 1835 4942 ,
1854 4877 1918 4928 ut
1941 4873 2042 4929 ad~

367 4963 562 5016 oraret
581 4958 770 5031 talpas
789 4965 846 5015 et
856 4958 2035 5033 vespertiliones,etingredietursessuras

368 5053 673 5117 petrarum
694 5047 832 5102 etin
857 5065 1133 5104 cavernas
1157 5064 1432 5103 saxorum
1457 5067 1490 5104 a
1514 5049 1658 5104 facie
1700 5050 2032 5106 formidinis

368 5133 607 5191 Domini
640 5138 698 5189 et
733 5152 767 5189 a
797 5135 986 5208 gloria
1009 5135 1336 5206 majestatis
1369 5137 1671 5208 ejus,cum
1712 5138 2032 5194 surrexerit

364 5226 678 5294 percutere
710 5226 981 5278 terram.»
1007 5224 1373 5279 Subauditur
1391 5225 1844 5294 Judazorum,vel
1869 5227 2028 5298 ipsos

363 5308 609 5366 Judmos
640 5313 868 5366 terrena
899 5316 1212 5368 sectantes.
1246 5313 1340 5368 Sic
1393 5314 1608 5368 factum
1661 5317 1768 5379 est,
1795 5317 2032 5385 quando

359 5394 817 5471 superveniente
847 5399 1044 5456 hostili
1075 5401 1329 5455 exercitu
1356 5403 1727 5473 projecerunt
1749 5402 1902 5459 idola
1925 5421 2034 5460 sua

352 5480 585 5545 Judaei,
623 5480 1176 5565 absconderuntque
1207 5505 1268 5544 se
1300 5489 1357 5543 in
1391 5490 1759 5558 cavernis,ut
1779 5493 2032 5565 effugere

344 5569 616 5650 possent
650 5563 796 5625 iram
827 5574 1083 5630 Domini.
1113 5577 1275 5642 Quod
1309 5582 1504 5633 autem
1539 5580 1785 5650 dieit,ut
1819 5563 2032 5637 adora-

335 5666 432 5716 ren
449 5666 504 5740 t_
523 5649 810 5740 talpaset
835 5661 1295 5735 vespertiliones,
1310 5683 1424 5720 non
1447 5671 1536 5720 est
1556 5649 2031 5740 intelligendum,

323 5738 504 5802 quod
549 5732 882 5805 simulacra
931 5732 1216 5805 haberent
1263 5732 1332 5806 ad
1385 5732 1832 5812 similitudinem
1863 5732 2032 5830 talpae
2097 5831 2106 5839 ο

2139 3447 2263 3503 Vox
2292 3448 2586 3521 propheta
2617 3447 2893 3522 dirigitur
2939 3450 3012 3506 ad
3062 3450 3318 3519 Judaaos,
3351 3451 3452 3524 qui
3487 3453 3802 3509 Dominum

2143 3537 2434 3610 persecuti
2469 3541 2628 3592 sunt.
2663 3537 2830 3605 Quia,
2863 3537 3078 3611 inquit,
3106 3537 3383 3596 noluistis
3403 3541 3702 3613 quiescere
3723 3543 3800 3598 ab

2141 3626 2381 3682 homine
2411 3627 2585 3697 cujus
2617 3625 2860 3698 spiritus
2892 3625 2951 3682 in
2985 3627 3228 3684 naribus
3258 3629 3518 3702 ejus,qui
3539 3629 3804 3686 excelsus

2141 3715 2470 3770 credendus
2500 3718 2608 3783 est,
2647 3715 2749 3770 sed
2800 3716 3128 3772 econtrario
3163 3717 3404 3774 fudistis
3451 3718 3802 3792 sanguinem

2141 3801 2494 3868 innocentis,
2513 3819 2645 3858 ecce
2677 3801 3010 3858 dominator
3031 3803 3318 3862 Dominus
3343 3806 3566 3862 auferet
3583 3805 3657 3862 ab
3677 3805 3805 3862 Hie-

2140 3889 2397 3946 rusalem
2427 3889 2684 3946 validum
2707 3895 2764 3946 et
2792 3891 3388 3967 fortem,omnemque
3411 3893 3600 3950 virum
3625 3895 3802 3952 bella-

2139 3983 2324 4034 torem
2358 3996 2371 4034 :
2406 3983 2472 4034 ut
2501 3996 2672 4036 nemo
2703 3982 3136 4054 remaneat,qui
3169 3981 3422 4056 alicujus
3451 3982 3794 4053 sitvirtutis,

2139 4069 2240 4124 sed
2267 4085 2472 4124 omnes
2501 4067 2898 4143 sintlanguidi
2917 4074 2976 4126 et
2995 4070 3338 4129 imbecilles.
3360 4095 3386 4122 ‹‹
3413 4072 3596 4128 Omne
3619 4073 3800 4129 robur

2138 4157 2330 4230 panis,
2363 4161 2422 4214 et
2467 4174 2640 4214 omne
2679 4159 2860 4213 robur
2907 4176 3094 4231 aquae.
3123 4181 3152 4210 »
3185 4160 3482 4218 Subaudis
3511 4160 3735 4218 auferet
3763 4179 3800 4219 α

2138 4247 2294 4302 Juda
2323 4251 2380 4303 et
2405 4248 2478 4303 ab
2510 4246 2896 4304 Hierusalem.
2923 4248 3123 4305 Robur
3153 4249 3272 4306 sive
3317 4249 3596 4306 fortitudo
3625 4250 3797 4322 panis

2139 4340 2198 4391 et
2227 4353 2412 4408 aquae,
2432 4353 2536 4408 pro
2567 4335 2728 4392 omni
2759 4336 2889 4392 cibo
2921 4340 2979 4392 et
3008 4342 3150 4410 potu
3183 4337 3470 4412 accipitur
3494 4356 3507 4395 :
3534 4355 3658 4412 quae
3689 4339 3801 4395 Do-

2139 4425 2339 4480 minus
2369 4423 2618 4480 abstulit
2664 4442 2698 4481 a
2727 4425 2968 4498 Judazis,
3002 4426 3062 4481 in
3095 4430 3331 4482 tantum
3380 4431 3446 4483 ut
3475 4427 3627 4484 filios
3655 4444 3798 4486 suos

2141 4514 2294 4570 fame
2323 4518 2569 4588 urgente
2598 4515 3326 4588 comederent.Allegoriee
3349 4519 3545 4572 autem
3565 4531 3672 4588 per
3692 4533 3800 4588 pa-

2141 4620 2275 4659 nem
2291 4607 2348 4659 et
2361 4601 2804 4675 aquam,divina
2815 4603 3440 4677 accipiturScriptura:
3460 4621 3590 4678 quae
3603 4604 3662 4660 in
3673 4604 3798 4677 qui-

2139 4692 2392 4748 busdam
2413 4692 2558 4748 locis
2587 4691 2758 4750 cibus
2786 4696 2895 4759 est,
2917 4693 2977 4748 in
3008 4693 3369 4766 quibusdam
3399 4695 3798 4767 potus.Quam

2140 4781 2684 4838 abstulitDominus
2705 4781 3044 4839 aJudmiset
3063 4783 3306 4839 tradidit
3325 4781 3484 4838 illam
3498 4782 3798 4856 gentibus,

2147 4876 2214 4926 ut
2246 4871 2464 4927 faciant
2491 4870 2720 4926 fructus
2751 4871 2900 4943 ejus,
2935 4871 3088 4928 sicut
3115 4871 3242 4944 ipse
3290 4871 3468 4928 dicit:
3494 4895 3522 4922 ‹‹
3553 4871 3797 4928 Aulerc-

2142 4965 2242 5016 tur
2270 4977 2304 5016 a
2333 4960 2498 5016 vobis
2530 4975 2798 5033 regnum,
2830 4964 2888 5016 et
2917 4960 3156 5016 dabitur
3185 4960 3342 5034 genti
3375 4961 3604 5017 facienti
3640 4961 3795 5016 fruc-

2143 5053 2238 5106 tus
2269 5050 2398 5120 ejus
2431 5049 2634 5123 (Mauh.
2662 5049 2796 5120 xxu).
2834 5072 2860 5098 ››
2884 5049 3226 5122 Ubicnnque
3256 5049 3413 5106 enim
3460 5048 3656 5123 gravis
3705 5053 3795 5105 est

2141 5139 2214 5194 ad
2246 5137 2718 5210 intelligendum,
2740 5143 2951 5194 etcum
2973 5137 3323 5194 difficultate
3355 5137 3608 5194 sumitur
3626 5137 3793 5194 cibus

2139 5232 2228 5285 est
2262 5245 2274 5284 :
2311 5227 2450 5300 quia
2479 5227 2735 5298 quodam
2781 5227 2956 5283 modo
3001 5226 3334 5283 mandendo
3381 5225 3650 5300 glutitur.
3685 5225 3792 5282 Ubi

2139 5335 2274 5374 vero
2297 5316 2464 5374 facile
2485 5315 2854 5388 intelligitur,
2871 5319 3042 5388 potus
3059 5320 3166 5371 est.
3197 5319 3272 5370 De
3289 5314 3618 5371 istiusmodi
3644 5329 3792 5386 pane

2141 5410 2198 5463 et
2213 5423 2368 5478 aqua
2390 5409 2640 5461 testatur
2658 5406 2810 5461 alius
2835 5405 3120 5478 propheta
3142 5423 3155 5460 :
3185 5428 3212 5456 ‹‹
3231 5407 3374 5462 Ecce
3397 5404 3518 5461 dies
3540 5404 3790 5470 venient,

2141 5497 2284 5552 dicit
2315 5495 2622 5564 Dominus,
2651 5499 2708 5550 et
2760 5495 2992 5550 mittam
3043 5496 3260 5551 famem
3306 5494 3365 5550 in
3409 5499 3646 5565 terram,
3679 5509 3792 5549 non

2141 5585 2357 5641 famem
2407 5583 2578 5657 panis
2617 5600 2806 5656 neque
2855 5583 3012 5640 sitim
3055 5601 3244 5656 aqum,
3275 5584 3378 5640 sed
3427 5583 3642 5639 famem
3691 5599 3790 5638 au-

2141 5673 2338 5730 diendi
2367 5673 2608 5730 verbum
2641 5671 2743 5728 Dei
2773 5673 2974 5741 (Amos.
3007 5672 3150 5746 vm).
3185 5696 3212 5722 »

2214 5787 2239 5811 ‹‹
2277 5763 2506 5818 Fortem
2556 5764 2613 5816 et
2669 5759 2859 5816 virum
2918 5761 3279 5830 bellatorem,
3325 5763 3382 5818 et
3421 5759 3706 5832 judicem,
3737 5763 3788 5814 et
