3944 6406
443 360 549 414 207

438 480 663 536 saecula
693 477 987 551 disposuit
1012 473 1444 539 donare.Quod
1470 488 1611 528 vero
1658 471 1740 526 ita
1771 469 1848 524 sit
1878 465 2107 523 concite

442 570 603 625 valet
622 566 1056 641 probari.Certe
1086 562 1303 618 etenim
1334 561 1615 617 novimus
1643 559 1788 632 quia
1813 560 1892 614 ab
1921 554 2109 610 Abra-

444 658 589 725 ham
622 655 908 712 Dominus
959 652 1140 708 dixit:
1189 652 1253 706 In
1302 651 1475 705 Isaac
1508 648 1824 705 vocabitur
1871 646 1980 702 tibi
2024 659 2106 699 se-

449 764 601 803 men.
634 745 738 802 Cui
768 743 948 799 etiam
977 741 1209 797 dixerat
1237 757 1250 795 :
1283 741 1528 795 Patrem
1584 738 1915 794 multarum
1962 750 2105 805 gen-

449 838 593 893 tium
626 834 913 890 constitui
955 838 1028 887 te.
1089 829 1193 886 Cui
1235 845 1474 884 rursum
1532 825 1809 900 promisit
1850 824 2101 880 dicens:

446 924 806 981 Benedicam
838 922 965 991 tibi,
995 925 1047 977 et
1081 918 1500 987 multiplicabo
1532 932 1725 973 semen
1757 920 1923 970 tuum
1953 914 2106 968 sicut

445 1016 554 1070 stet
562 1016 650 1068 las
675 1013 831 1082 ca'li,
857 1017 910 1067 et
940 1011 1105 1065 velut
1132 1023 1381 1064 arenam
1406 1022 1535 1078 qua?
1562 1011 1643 1061 est
1676 1006 1737 1060 in
1763 1005 1961 1059 littore
1981 1018 2104 1057 ma-

444 1106 549 1160 ris.
584 1106 665 1158 Ex
695 1118 820 1174 qua
875 1116 939 1156 re
986 1103 1189 1171 aperte
1243 1101 1481 1151 constat
1535 1095 1680 1167 quia
1722 1093 2103 1165 omnipotens

444 1196 599 1249 Deus
624 1206 829 1246 semen
861 1188 1118 1244 Abrahae
1183 1184 1575 1257 multiplicare
1623 1198 1729 1255 per
1760 1186 1924 1237 Isaac
1954 1196 2105 1253 prae-

444 1282 867 1337 destinaverat.
903 1280 968 1332 Et
998 1282 1198 1331 tamen
1248 1274 1536 1345 scriptum
1571 1276 1687 1326 est:
1738 1273 2103 1340 Deprecatus

446 1378 527 1428 est
568 1373 737 1425 Isaac
758 1369 1079 1423 Dominum
1103 1380 1220 1434 pro
1250 1378 1440 1419 uxore
1475 1377 1606 1431 sua,
1647 1377 1711 1417 eo
1764 1360 1924 1432 quod
1960 1366 2103 1415 esset

446 1460 695 1515 sterilis.
739 1457 854 1524 Qui
880 1455 1189 1511 exaudivit
1244 1468 1399 1522 eum,
1433 1458 1484 1507 et
1538 1452 1698 1506 dedit
1754 1455 2101 1518 conceptum

445 1550 740 1604 Rebecca}.
764 1545 821 1600 Si
851 1560 993 1614 ergo
1023 1540 1435 1615 multiplicatio
1469 1539 1699 1607 generis
1726 1538 1981 1594 Abrahae
1998 1553 2105 1610 per

447 1638 614 1693 Isaac
642 1633 1060 1708 prtedestinata
1078 1630 1204 1699 fuit,
1237 1646 1342 1685 cur
1370 1630 1690 1699 conjugem
1721 1626 1979 1683 sterilem
2010 1642 2104 1681 ac-

448 1726 649 1798 cepit?
681 1723 795 1781 Sed
824 1722 1112 1778 nimirum
1172 1722 1408 1775 constat
1462 1718 1607 1790 quia
1660 1714 2102 1789 praedestinatio

1547 346 1903 411 ANGELOMI
1947 337 2405 398 LUXOVIENSIS
2443 339 2757 396 MONACHI

3771 336 3873 393 208

2221 478 2447 519 manna
2479 461 2645 518 cibos
2667 460 2940 519 carnium
2968 460 3153 534 petiit,
3183 476 3337 533 quos
3366 459 3652 516 lautiores
3696 466 3875 534 puta-

2215 552 2314 607 vit.
2342 555 2407 607 Et
2434 551 2630 625 prima
2650 551 2913 607 ﬁliorum
2944 549 3066 605 Heli
3099 549 3277 621 culpa
3314 548 3563 606 suborta
3591 556 3678 605 est
3707 551 3875 623 quod

2215 657 2287 696 ex
2319 657 2528 696 eorum
2555 645 2696 696 voto
2728 639 3052 696 sacerdotis
3096 655 3247 713 puer
3270 655 3394 694 non
3425 639 3679 712 antiquo
3708 656 3877 695 more

2214 732 2416 785 coctas
2448 729 2617 785 vellet
2644 729 2719 786 de
2738 728 3030 785 sacriﬁcio
3057 744 3268 784 carnes
3296 729 3589 801 accipere,
3615 728 3721 784 sed
3744 745 3877 784 cru-

2213 817 2323 874 das
2353 823 2665 890 quaereret,
2723 835 2878 892 quas
2910 817 3250 873 accuratius
3278 817 3606 874 exhiberet.
3645 820 3710 873 Et
3739 834 3879 873 cum

2212 907 2291 963 ad
2318 906 2694 964 Hierusalem
2725 907 2943 963 dicitur
2968 924 2980 961 :
3034 908 3179 963 Huc
3218 907 3343 976 fuit
3372 907 3665 978 iniquitas
3696 907 3882 963 Sodo-

2211 1012 2341 1063 mai,
2371 997 2587 1053 sororis
2615 1004 2750 1067 tum,
2769 997 3073 1066 superbia,
3105 997 3399 1052 saturitas
3423 997 3609 1067 panis
3625 996 3881 1053 etabun-

2211 1087 2429 1142 dantia
2458 1102 2634 1159 aqua:
2675 1086 2913 1155 (Ezech.
2966 1102 3083 1153 xvr,
3144 1087 3252 1157 49),
3295 1092 3498 1159 aperte
3544 1086 3882 1141 ostenditur

2212 1175 2377 1247 quod
2402 1174 2624 1231 idcirco
2655 1174 2909 1231 salutem
2948 1174 3206 1247 perdidit
3231 1175 3374 1247 quia
3403 1191 3545 1230 cum
3583 1174 3879 1248 superbiae

2211 1262 2353 1319 vitio
2374 1280 2725 1320 mensuram
2751 1263 3073 1319 moderatae
3092 1264 3426 1319 refectionis
3439 1265 3714 1320 excessit.
3736 1264 3880 1318 Hinc

2211 1352 2753 1426 primogenitorum
2781 1353 3032 1423 gloriam
3059 1357 3212 1410 Esau
3234 1354 3454 1424 amisit,
3486 1354 3636 1427 quia
3655 1370 3882 1425 magno

2213 1446 2361 1498 testu
2391 1442 2853 1498 desiderabilem
2881 1442 3106 1507 cibum,
3138 1442 3198 1497 id
3231 1448 3323 1498 est
3358 1442 3709 1498 lenticulam
3746 1458 3884 1499 con-

2214 1531 2462 1604 cupivit,
2497 1548 2708 1605 quam,
2737 1532 2885 1587 dum
2916 1531 3173 1587 venditis
3223 1532 3404 1587 etiam
3461 1532 3884 1605 primogenitis

2213 1621 2492 1693 prmtulit,
2516 1638 2639 1695 quo
2666 1622 2727 1678 in
2773 1621 2872 1677 illa
2901 1621 3168 1696 appetitu
3202 1621 3531 1692 anhelaret,
3564 1622 3879 1678 indicavit.

2213 1714 2414 1783 Neque
2436 1711 2596 1766 enim
2627 1712 2821 1779 cibus,
2849 1711 2951 1767 sed
2977 1711 3276 1784 appetitus
3297 1711 3358 1767 in
3381 1711 3521 1769 vitio
3560 1718 3670 1767 est.
3721 1713 3884 1769 Unde

447 1814 727 1888 precibus
757 1811 1059 1884 impletur,
1099 1808 1347 1881 quando
1377 1806 1425 1862 is
1470 1806 1532 1861 in
1575 1822 1697 1878 quo
1730 1808 1883 1861 Deus
1913 1804 2106 1859 multi-
2142 1819 2183 1873 Β
2213 1805 2268 1856 et
2291 1799 2575 1856 lautiores
2602 1799 2769 1856 cibos
2792 1800 3147 1873 plerumque
3180 1801 3308 1856 sine
3340 1800 3520 1873 culpa
3556 1803 3883 1872 sumimus,

447 1903 655 1977 plicari
686 1916 893 1957 semen
942 1899 1197 1954 Abrahae
1245 1895 1790 1969 praedestinaverat,
1830 1893 2098 1949 oratione

444 1990 700 2050 obtinuit
736 1993 801 2044 ut
827 1987 981 2043 ﬁlios
1010 1986 1233 2042 habere
1261 1985 1571 2058 potuisset.

516 2085 678 2136 Vens.
706 2078 1109 2134 25.—Factus
1141 2081 1223 2131 est
1264 2074 1428 2129 Esau
1462 2076 1555 2129 vir
1581 2088 1809 2144 gnarus
1844 2072 2105 2128 venandi

445 2177 496 2227 et
521 2172 693 2226 homo
723 2167 1043 2238 agricola;
1066 2164 1251 2220 Jacob
1285 2170 1480 2219 autem
1513 2164 1605 2217 vir
1648 2163 1903 2231 simplex
1939 2161 2101 2216 habi-

446 2262 595 2317 tavit
628 2260 689 2313 in
722 2255 1148 2313 tabernaculis.
1176 2252 1276 2308 Vel
1298 2252 1451 2308 sicut
1480 2252 1539 2307 in
1566 2250 1682 2307 alia
1711 2249 2101 2307 translatione

443 2348 677 2415 dicitur,
695 2345 1007 2402 habitabat
1029 2343 1208 2398 domi.
1230 2342 1383 2408 Quid
1408 2356 1514 2414 per
1534 2339 1916 2395 venationem
1944 2340 2101 2393 Esau

443 2438 559 2493 nisi
587 2452 795 2491 eorum
825 2433 948 2490 vita
976 2432 1269 2501 ﬁguratur
1297 2430 1401 2503 qui
1449 2428 1512 2485 in
1569 2428 1958 2484 exterioribus
2000 2443 2104 2484 vo-

442 2525 777 2598 luptatibus
808 2522 921 2577 fusi
953 2536 1199 2576 carnem
1229 2519 1602 2591 sequuntur?
1622 2518 1926 2583 Quietiam
1949 2517 2104 2589 agri-

448 2614 581 2670 cola
609 2628 742 2668 esse
772 2610 1149 2677 describitur,
1181 2608 1327 2681 quia
1366 2612 1666 2663 amatores
1695 2606 1875 2676 hujus
1907 2602 2110 2661 saeculi

448 2707 616 2759 tanto
642 2701 836 2771 magis
886 2698 1178 2754 exteriora
1235 2696 1502 2751 incolunt
1553 2699 1782 2767 quanto
1833 2695 2112 2750 interiora

450 2808 561 2851 sua
590 2790 816 2845 inculta
854 2786 1299 2859 derelinquunt.
1331 2785 1516 2841 Jacob
1569 2800 1711 2839 vero
1766 2784 2019 2856 simplex
2049 2787 2109 2841 in

450 2878 854 2937 tabernaculis
905 2876 1000 2931 vel
1046 2876 1110 2931 in
1173 2875 1357 2930 domo
1414 2873 1683 2929 habitare
1747 2872 2109 2945 perhibetur.

452 2970 604 3036 Quia
648 2967 933 3024 nimirum
990 2980 1201 3021 omnes
1255 2962 1359 3036 qui
1404 2963 1465 3018 in
1511 2962 1667 3018 curis
1724 2962 2113 3017 exterioribus

452 3057 652 3131 spargi
678 3055 998 3127 refugiunt,
1035 3053 1336 3125 simplices
1367 3052 1428 3108 in
1473 3051 1811 3121 cognitione
1842 3056 2021 3124 atque
2053 3052 2111 3107 in

452 3146 831 3204 conscientiae
864 3161 986 3200 sum
1017 3142 1388 3199 habitatione
1422 3141 1773 3197 consistunt.
1805 3145 1867 3196 in
1912 3141 2112 3196 taber-

450 3237 683 3294 naculis
714 3236 876 3291 enim
906 3237 1009 3291 aut
1064 3233 1126 3288 in
1159 3233 1344 3289 domo
1373 3230 1646 3286 habitare
1704 3234 1794 3284 est
1845 3245 1906 3284 se
1957 3228 2113 3285 intra

450 3312 667 3382 mentis
687 3329 912 3380 secreta
941 3321 1314 3393 restringere,
1344 3324 1401 3375 et
1430 3334 1822 3392 nequaquam
1851 3320 2111 3374 exterius

453 3398 560 3488 per
591 3412 889 3468 desideria
926 3411 1255 3483 dissipare;
1289 3425 1386 3477 ne,
1416 3409 1562 3463 dum
1594 3407 1672 3463 ad
1703 3408 1892 3463 multa
1952 3407 2112 3462 foras

454 3502 709 3568 inhiant,
742 3515 780 3555 a
810 3499 1018 3571 seipsis
1040 3497 1279 3554 alienati
1307 3496 1770 3567 cogitationibus
1805 3497 2108 3551 recedant.

528 3593 697 3646 Vens.
745 3588 934 3644 31-33.
972 3618 1042 3626 —
1066 3584 1333 3657 Denique
1374 3586 1642 3657 sequitur
1667 3584 1923 3656 qualiter
1954 3588 2112 3639 Esau

457 3677 854 3753 primogenita
887 3691 999 3730 sua
1022 3679 1265 3747 prOpter
1282 3673 1453 3728 lentis
1483 3672 1750 3727 edulium
1779 3672 2115 3727 Jacobven-

457 3768 627 3824 didit.
657 3769 799 3833 Quae
835 3770 974 3821 sunt
1015 3761 1417 3836 primogenita
1456 3779 1590 3833 quze
1650 3764 1803 3816 Esau
1849 3761 2113 3817 vendidit

453 3857 639 3914 Jacob
667 3855 831 3912 fratri
862 3856 1013 3909 suo?
1037 3852 1301 3909 Tradunt
1326 3851 1556 3905 Hebraei
1584 3866 1794 3905 omnes
1816 3852 2112 3922 primoge-

456 3947 612 4003 nitos
642 3944 811 4014 fungi
839 3942 1035 3999 ofﬁcio
1066 3940 1468 4008 sacerdotum,
1524 3945 1851 4010 antequam
1912 3942 2112 3995 Aaron

457 4035 520 4090 in
551 4033 959 4090 sacerdotium
989 4031 1325 4101 eligeretur,
1364 4032 1421 4084 et
1462 4026 1747 4083 habuisse
1794 4027 2113 4083 vestimen-

460 4126 587 4176 tum
620 4119 1013 4189 sacerdotale,
1045 4118 1267 4191 quibus
1324 4116 1516 4173 induti
1576 4116 1848 4173 victimas
1901 4116 2113 4172 oﬂ'ere-

458 4209 627 4275 bant,
670 4213 726 4263 et
749 4208 879 4263 hth
909 4223 1041 4262 esse
1072 4207 1428 4262 vestimenta
1460 4209 1613 4261 Esau
1642 4205 1865 4278 quibus
1893 4206 2113 4262 Rebec-

460 4313 532 4353 ca
561 4296 755 4352 induit
789 4295 973 4351 Jacob
999 4294 1187 4350 ﬁlium
1221 4312 1418 4363 suum,
1438 4312 1696 4368 quorum
1730 4295 1913 4351 odore
1944 4299 2115 4367 pater

458 4385 787 4441 delectatus
817 4383 1249 4439 benedictionis
1296 4384 1529 4440 initium
1578 4383 1810 4439 astruit.
1868 4387 1932 4439 Et
1984 4384 2112 4439 haec

459 4478 598 4530 sunt
627 4473 1028 4547 primogenita
1051 4488 1187 4544 quae
1218 4478 1460 4546 prOpter
1485 4473 1693 4528 vitium
1726 4471 1879 4541 gulae
1909 4472 2107 4543 perdi-

456 4564 560 4620 dit.
590 4562 705 4618 Sed
744 4560 1057 4617 sciendum
1087 4565 1174 4616 est
1195 4562 1338 4633 quia
1356 4560 1623 4633 quinque
1654 4575 1765 4615 nos
1791 4559 1989 4615 modis
2008 4576 2111 4629 gu-

453 4654 525 4709 lae
548 4653 759 4709 vitium
790 4655 993 4707 tentat.
1038 4649 1380 4722 Aliquando
1432 4665 1700 4722 namque
1763 4647 2106 4719 indigentiae

453 4748 727 4817 tempora
743 4739 1047 4813 praevenit,
1063 4738 1391 4811 aliquando
1413 4754 1549 4793 vero
1567 4742 1807 4810 tempus
1824 4753 1945 4793 non
1957 4754 2109 4810 prae-

452 4833 632 4900 venit,
667 4830 773 4887 sed
803 4830 969 4886 cibos
990 4827 1271 4885 lautiores
1287 4828 1519 4899 quaerit.
1551 4825 1892 4898 Aliquando
1910 4826 2112 4899 quaeli-

451 4920 551 4976 bet
573 4919 870 4977 sumenda
885 4919 1021 4987 sint,
1041 4916 1374 4991 praeparari
1396 4914 1734 4971 accuratius
1755 4915 2111 4987 expetit.Ali-

452 5009 699 5078 quando
730 5013 933 5063 autem
985 5013 1042 5063 et
1093 5005 1366 5079 qualitati
1424 5003 1698 5059 ciborum
1748 5008 1805 5059 et
1856 5003 2110 5076 tempori

453 5096 745 5164 congruit,
766 5096 869 5150 sed
885 5096 943 5150 in
965 5096 1097 5168 ipsa
1109 5094 1443 5167 quantitate
1462 5091 1739 5147 sumendi
1754 5108 2106 5149 mensuram

449 5182 784 5240 refectionis
816 5184 1063 5238 excedit.
1091 5188 1539 5253 Nonnunquam
1570 5197 1707 5236 vero
1732 5186 1787 5236 et
1811 5181 2103 5253 abjectius

449 5280 537 5331 est
562 5273 727 5347 quod
758 5273 1078 5329 desiderat.
1112 5278 1169 5327 et
1200 5276 1401 5327 tamen
1434 5272 1569 5343 ipso
1627 5275 1775 5327 aestu
1827 5272 2102 5327 immensi

447 5364 728 5419 desiderii
758 5362 1020 5419 deterius
1052 5364 1281 5434 peccat.
1317 5361 1457 5424 Quae
1514 5360 1789 5416 vitiorum
1832 5367 2104 5433 tempora

446 5452 659 5506 melius
690 5452 1086 5513 ostendimus,
1125 5449 1329 5505 sihzec
1382 5449 1670 5521 exemplis
1729 5449 2105 5506 evidentiori-

446 5536 561 5592 bus
584 5539 1013 5610 approbemus.
1044 5538 1239 5594 Mortis
1271 5538 1494 5611 quippe
1526 5539 1879 5595 sententiam
1911 5538 2101 5612 patris

446 5642 547 5681 ore
593 5627 890 5683 Jonathan
920 5627 1154 5693 meruit,
1186 5626 1330 5700 quia
1358 5627 1419 5683 in
1447 5632 1627 5698 gustu
1658 5627 1850 5684 mellis
1881 5628 2098 5685 consti-

446 5720 637 5770 tutum
668 5715 883 5772 edendi
912 5721 1145 5789 tempus
1199 5720 1530 5775 antecessit.
1591 5721 1657 5773 Et
1713 5735 1785 5773 ex
1841 5718 2102 5789 [Egypto

429 5805 703 5883 populus
733 5806 979 5863 eductus
1013 5807 1070 5861 in
1102 5824 1302 5864 eremo
1324 5807 1623 5875 occubuit,
1650 5807 1796 5879 quia
1819 5809 2102 5879 despecto

2213 1893 2270 1945 et
2298 1889 2654 1960 abjectiores
2685 1905 2809 1945 non
2841 1890 2967 1945 sine
3017 1894 3185 1945 reatu
3230 1890 3613 1946 conscientiae
3646 1891 3880 1961 degus-

2212 1982 2430 2058 tamus
2474 1978 2576 2034 Hic
2606 1978 2852 2051 quippe,
2887 1994 3069 2051 quem
3099 1977 3384 2046 diximus,
3415 1979 3752 2051 primatum
3788 1997 3889 2053 per

2210 2066 2553 2123 lenticulam
2582 2066 2864 2141 perdidit,
2900 2072 2958 2123 et
3006 2067 3159 2123 Elias
3213 2067 3273 2123 in
3323 2083 3527 2124 eremo
3595 2068 3889 2125 virtutem

2212 2156 2481 2229 corporis
2534 2172 2745 2212 carnes
2791 2155 3027 2213 edendo
3087 2156 3362 2213 servavit.
3398 2156 3565 2213 Unde
3616 2164 3675 2214 et
3736 2159 3888 2214 anti-

2210 2262 2369 2318 quus
2408 2245 2619 2313 hostis,
2653 2245 2798 2318 quia
2828 2261 2953 2301 non
3004 2245 3230 2315 cibum,
3264 2244 3369 2301 sed
3409 2245 3528 2301 cibi
3560 2250 3895 2320 concupis-

2211 2334 2465 2391 centiam
2498 2350 2627 2391 esse
2665 2350 2913 2390 causam
2934 2333 3343 2391 damnationis
3367 2334 3665 2405 intelligit,
3687 2343 3753 2393 et
3770 2339 3883 2410 pri-

2212 2440 2384 2481 mum
2425 2422 2537 2479 sibi
2566 2424 2876 2480 hominem
2903 2439 3025 2480 non
3069 2438 3269 2492 carne,
3305 2423 3409 2479 sed
3438 2439 3628 2497 pomo
3661 2426 3877 2481 subdi-

2215 2513 2320 2581 dit,
2350 2518 2407 2569 et
2436 2512 2772 2568 secundum
2802 2529 2923 2568 non
2955 2528 3154 2580 carne,
3218 2513 3322 2568 sed
3377 2528 3536 2585 pane
3590 2516 3886 2570 tentavit:

2218 2602 2358 2657 hinc
2407 2606 2499 2657 est
2524 2601 2691 2674 quod
2722 2601 3079 2675 plerumque
3110 2602 3303 2657 Adam
3348 2601 3530 2675 culpa
3570 2603 3891 2659 committi-

2221 2697 2335 2757 tur,
2368 2691 2545 2747 etiam
2575 2707 2713 2746 cum
2761 2690 2998 2762 abjecta
3033 2695 3090 2746 et
3118 2690 3258 2746 vilia
3286 2695 3632 2747 sumuntur.
3686 2695 3889 2765 Neque

2223 2779 2381 2835 enim
2419 2779 2613 2835 Adam
2646 2779 2827 2845 solus,
2859 2784 2925 2835 ut
2955 2795 2992 2835 a
3014 2779 3190 2835 vetito
3225 2795 3288 2835 se
3320 2796 3505 2852 pomo
3555 2782 3889 2854 suspende-

2222 2874 2328 2938 ret,
2358 2874 2724 2942 praeceptum
2753 2868 3172 2942 prohibitionis
3203 2868 3451 2941 accepit.

2817 3047 3047 3103 CAPUT
3072 3045 3273 3102 XXVI.

2296 3224 2399 3279 Hic
2424 3223 2775 3296 interposita
2801 3224 3009 3295 [Petr.,
3045 3222 3143 3279 Hic
3172 3223 3314 3280 item
3344 3223 3563 3296 posita]
3588 3229 3681 3281 est
3699 3226 3889 3282 histo-

2222 3313 2330 3369 ria.
2370 3312 2425 3369 Si
2456 3313 2562 3368 viri
2586 3312 2734 3385 justi
2764 3313 3041 3368 voluntas
3071 3312 3235 3369 bona
3264 3317 3371 3383 est,
3399 3312 3551 3386 quid
3578 3320 3670 3370 est
3722 3316 3889 3389 quod

2223 3404 2390 3458 Isaac
2421 3417 2544 3458 non
2579 3404 2757 3467 Esau,
2787 3418 2971 3474 quem
3002 3400 3190 3457 voluit
3211 3401 3319 3457 sed
3342 3402 3551 3474 Jacob,
3574 3419 3768 3476 quem
3791 3421 3890 3461 no-

2219 3491 2348 3559 luit,
2381 3491 2730 3547 benedixit?

2291 3580 2442 3635 Justi
2468 3578 2750 3647 hominis,
2781 3583 3079 3651 quantum
3109 3579 3189 3635 ad
3236 3579 3669 3637 conscientiam
3713 3586 3894 3656 perti-

2220 3674 2340 3738 net,
2373 3668 2648 3724 voluntas
2675 3668 2839 3724 bona
2869 3674 2955 3723 est
2987 3686 3001 3736 ;
3034 3673 3331 3741 quantum
3370 3674 3576 3726 autem
3602 3671 3683 3727 ad
3710 3688 3892 3745 praes-

2221 3759 2522 3830 cientiam,
2552 3758 2841 3814 immunis
2872 3763 2960 3814 est
2989 3758 3068 3815 ab
3095 3758 3365 3815 adversis
3389 3777 3401 3811 :
3432 3762 3587 3815 Deus
3612 3762 3781 3818 enim
3805 3779 3892 3818 so-

2220 3848 2314 3903 lus
2344 3851 2433 3903 est
2456 3847 2562 3920 qui
2592 3847 2667 3901 de
2720 3846 2934 3903 futuris
2980 3847 3231 3917 judicat.
3266 3852 3347 3904 Ac
3398 3864 3505 3921 per
3555 3850 3677 3905 hoc
3727 3855 3891 3907 Isaac

2216 3937 2440 4008 justus,
2480 3942 2776 4008 quantum
2816 3936 2894 3991 ad
2924 3942 3278 4008 praesentem
3333 3937 3784 3995 humanitatem
3810 3941 3890 3995 di-

2224 4040 2411 4095 gnum
2453 4032 2560 4092 est,
2602 4025 2896 4096 majorem
2940 4024 3132 4080 ﬁlium
3188 4040 3225 4082 a
3282 4040 3344 4081 se
3398 4025 3890 4085 benedicendum

2222 4115 2419 4183 magis
2451 4112 2717 4185 putabat.
2759 4113 2874 4169 Sed
2898 4114 3075 4182 Deus,
3106 4113 3211 4186 qui
3257 4114 3636 4172 occultorum
3688 4119 3893 4188 cogni-

2222 4206 2314 4258 tor
2342 4207 2451 4270 est,
2475 4201 2773 4258 minorem
2821 4201 3305 4259 benedictionem
3345 4204 3562 4260 mereri
3606 4208 3889 4271 ostendit,

2223 4296 2289 4347 ut
2311 4291 2372 4346 in
2397 4290 2813 4347 benedictione
2838 4306 2959 4347 non
2987 4291 3249 4347 hominls
3270 4292 3613 4350 ostenderet
3639 4310 3778 4351 esse
3795 4296 3891 4351 be-

2222 4379 2645 4446 nedictionem,
2690 4380 2795 4436 sed
2828 4380 2948 4435 Dei.
2979 4380 3118 4435 Ideo
3141 4380 3369 4437 dictum
3397 4384 3487 4437 est
3511 4382 3576 4438 in
3609 4385 3890 4439 Numeris

2223 4470 2301 4525 ad
2341 4472 2582 4541 Moysen
2628 4474 2685 4526 et
2729 4474 2929 4525 Aaron
2980 4470 3358 4526 sacerdotes:
3399 4472 3620 4528 Ponite
3671 4488 3889 4529 nomen

2222 4574 2416 4615 meum
2441 4574 2623 4628 super
2643 4560 2801 4627 filios
2826 4561 3054 4615 Israel:
3089 4574 3192 4630 ego
3222 4561 3513 4616 Dominus
3537 4562 3889 4619 benedicam

2223 4664 2317 4706 eos
2349 4649 2550 4718 (Num.
2602 4665 2682 4716 v1,
2714 4648 2827 4720 27).
2873 4648 3207 4705 Sacerdotis
3239 4654 3327 4705 est
3355 4649 3715 4707 benedicere
3744 4670 3759 4721 ;
3792 4652 3890 4707 Dei

2221 4742 2309 4794 est
2339 4737 2617 4794 effectum
2638 4737 2899 4794 tribuere
2927 4736 3379 4794 benedictionis.
3402 4738 3569 4794 Unde
3598 4739 3891 4797 intellexit

2220 4831 2389 4884 Isaac
2419 4843 2525 4900 per
2556 4827 2835 4900 spiritum
2865 4826 3221 4900 prophetiae,
3271 4843 3308 4884 a
3360 4828 3478 4883 Deo
3508 4827 3888 4886 benedictio-

2218 4932 2356 4972 nem
2391 4932 2570 4989 super
2592 4916 2885 4973 minorem
2909 4915 3099 4971 ﬁlium
3125 4916 3640 4988 prtedestinatam.

2290 5005 2476 5062 Dixit:
2510 5006 2806 5062 Benedicti
2828 5006 2902 5077 ei,
2926 5010 2979 5061 et
3012 5005 3125 5061 erit
3153 5006 3509 5061 benedictus.
3533 5006 3889 5078 Spiritaliter

2215 5110 2358 5151 vero
2390 5099 2553 5151 Isaac
2573 5094 2895 5150 Judaicum
2917 5093 3213 5167 populum
3230 5094 3590 5164 designavit,
3614 5096 3719 5167 qui
3746 5099 3886 5154 cali-

2216 5199 2367 5253 gans
2385 5183 2571 5239 oculis
2594 5189 2649 5239 et
2667 5184 3033 5256 prophetans
3053 5183 3114 5239 in
3142 5184 3419 5255 praesenti
3440 5182 3637 5240 ﬁlium
3656 5201 3789 5242 non
3808 5188 3886 5242 vi-

2214 5273 2318 5338 dit,
2352 5272 2445 5328 cui
2488 5278 2691 5328 tamen
2719 5272 2909 5328 multa
2950 5272 3011 5327 in
3042 5276 3354 5345 posterum
3397 5273 3692 5345 praevidit.
3729 5277 3883 5341 Quia

2213 5362 2499 5417 nimirum
2521 5361 2809 5417 Judaicus
2837 5360 3124 5435 populus,
3157 5361 3485 5433 prophetia:
3518 5363 3737 5433 spiritu
3762 5366 3883 5437 ple-

2213 5466 2348 5522 nus,
2380 5455 2436 5507 et
2465 5467 2679 5519 caecus,
2713 5466 2852 5507 eum
2884 5449 2958 5506 de
2980 5466 3102 5523 quo
3134 5451 3323 5507 multa
3354 5450 3414 5505 in
3460 5449 3667 5509 futuro
3718 5470 3879 5526 prae-

2212 5539 2379 5607 dixit,
2400 5540 2462 5595 in
2491 5540 2774 5613 praesenti
2803 5538 3067 5612 positum
3094 5554 3219 5596 non
3249 5538 3512 5610 agnovit.
3547 5541 3664 5606 Qui
3694 5543 3876 5599 etiam

2213 5628 2289 5683 ad
2319 5628 2725 5685 damnationis
2756 5645 2877 5683 sure
2905 5628 3217 5684 cumulum
3248 5644 3387 5684 eum
3418 5644 3607 5701 quem
3658 5637 3876 5687 natum

2211 5716 2937 5790 despiciunt,nasciturum
2951 5717 3128 5787 longe
3143 5721 3278 5773 ante
3295 5717 3749 5789 praesciverunt,
3772 5721 3875 5775 sed

2212 5804 2390 5862 etiam
2419 5806 2523 5863 ubi
2550 5811 2918 5865 nasceretur.
2949 5810 3100 5864 Nam
3126 5806 3205 5863 ab
3234 5806 3467 5863 Herode
3488 5809 3767 5882 requisiti
3792 5810 3880 5867 lo~
