3960 6402
170 492 268 550 737

165 710 293 766 feret
321 708 596 765 Dominus
629 708 705 764 ab
733 708 888 765 Juda
918 712 975 763 et
1005 708 1078 763 ab
1109 705 1493 763 Hierusalem.
1523 707 1647 762 Non
1681 708 1788 762 du-

168 799 332 864 bium,
363 797 498 870 quin
525 814 734 852 omnes
767 797 910 852 istos
943 796 1256 852 abstulerit
1287 795 1572 850 Dominus
1624 813 1657 850 a
1685 795 1790 850 Ju-

167 885 306 942 deis.
320 885 514 940 Virum
543 885 703 941 enim
736 883 1076 940 bellatorem
1107 889 1164 939 et
1186 885 1396 938 fortem
1430 901 1788 956 quemquam

167 992 266 1029 non
295 973 522 1041 habent,
557 973 659 1029 sed
693 990 899 1028 omnes
930 977 1071 1028 sunt
1101 971 1320 1027 inﬁrmi
1372 977 1430 1026 et
1479 972 1633 1044 pleni
1683 973 1792 1026 for-

166 1061 380 1118 midine.
414 1061 474 1117 In
506 1061 616 1117 hoc
648 1078 880 1134 quoque
905 1065 1148 1133 apparet
1177 1079 1276 1116 eos
1291 1061 1524 1132 judices
1555 1078 1668 1114 non
1695 1059 1793 1114 ha-

168 1151 301 1215 bere,
331 1150 464 1222 quia
493 1149 606 1222 ipsi
631 1149 981 1222 judicantur
1011 1166 1045 1203 a
1075 1149 1357 1204 Romanis
1401 1147 1788 1219 principibus.

166 1238 428 1310 Propheta
451 1255 646 1306 verus,
682 1255 973 1311 senexque
1005 1237 1264 1310 sapiens,
1285 1239 1410 1307 jam
1459 1237 1632 1290 desiit
1663 1254 1791 1292 esse

165 1342 220 1381 ex
249 1326 374 1382 illis.
404 1328 473 1382 Et
503 1345 618 1382 non
653 1326 842 1382 solum
876 1325 1044 1393 alios,
1077 1327 1177 1380 sed
1210 1325 1386 1380 etiam
1433 1325 1593 1396 ipsos
1639 1326 1788 1380 ario-

163 1413 240 1470 los
272 1419 391 1487 (pro
435 1416 654 1488 quibus
705 1414 1089 1486 Septuaginta
1143 1414 1372 1468 divinos
1422 1413 1791 1485 interpretati

165 1504 302 1574 sunt)
330 1503 574 1560 abstulit
602 1502 888 1558 Dominus
921 1503 994 1558 ab
1037 1502 1142 1558 eis.
1173 1500 1352 1557 Arioli
1407 1505 1602 1557 autem
1653 1507 1793 1557 sunt

164 1590 552 1660 incantatores,
580 1591 679 1664 qui
709 1592 1067 1664 quibusdam
1123 1590 1619 1645 incantationibus
1670 1607 1792 1646 rem

162 1684 442 1753 peragunt.
477 1681 585 1737 Per
608 1697 758 1752 quos
789 1681 968 1734 etiam
1013 1679 1360 1751 plerumque
1411 1679 1608 1734 futura
1648 1697 1791 1752 prae-

160 1768 426 1836 dicantur,
459 1769 618 1825 sicut
647 1769 717 1824 de
764 1767 1002 1823 Balaam
1035 1769 1222 1837 (Nam.
1273 1770 1430 1836 xxxv)
1480 1767 1662 1822 ariolo
1711 1767 1791 1822 le-

159 1855 352 1928 gimus,
383 1862 441 1914 et
482 1857 556 1913 de
606 1855 821 1912 divinis
869 1856 920 1926 (ι
947 1856 1076 1926 Reg.
1107 1859 1190 1924 γι)
1240 1855 1503 1927 quinque
1554 1855 1792 1909 urbium

159 1943 602 2003 Philistinorum.
653 1946 875 2000 Sensus
927 1949 1126 2000 autem
1177 1949 1286 2011 est,
1339 1944 1493 2016 quod
1554 1961 1688 1998 vera
1736 1947 1794 1998 et

159 2031 288 2088 falsa
315 2035 533 2106 pariter
552 2050 587 2090 a
606 2033 825 2090 Judaeis
857 2033 1221 2088 auferantur.

220 2145 245 2171 α
277 2122 600 2196 Principem
633 2138 810 2194 super
838 2121 1293 2195 quinquaginta,
1311 2127 1368 2177 et
1392 2120 1794 2176 bonorabilem

160 2208 326 2278 vultu,
349 2217 406 2268 et
434 2211 820 2268 consiliarum
853 2211 1176 2282 sapientem
1223 2212 1296 2266 de
1344 2209 1706 2276 architectis,
1739 2213 1796 2264 et

159 2300 482 2368 prudentem
514 2299 732 2370 eloquii
767 2299 1023 2372 mystici.
1058 2323 1085 2349 ››
1124 2300 1186 2355 In
1219 2299 1327 2354 hoc
1377 2299 1502 2354 loco
1551 2316 1585 2354 a
1632 2303 1796 2371 parte

159 2390 329 2443 totum
359 2389 735 2462 accipientes,
771 2405 874 2461 per
904 2387 1230 2460 principem
1273 2405 1453 2460 super
1503 2387 1792 2459 quinqua-

159 2473 432 2549 ginta(qui
449 2477 998 2550 quinquagenarius
1012 2478 1407 2548 nuncupatur)
1421 2493 1624 2530 omnes
1642 2474 1796 2546 prin-

161 2561 302 2634 cipes
331 2565 672 2622 Judmorum
705 2563 1091 2637 intelligimus
1117 2581 1246 2620 esse
1267 2563 1676 2620 ablatos.lnter
1694 2580 1796 2618 cae-

163 2652 300 2707 teras
329 2670 563 2727 quoque
594 2652 835 2725 gratias,
851 2654 1029 2709 etiam
1055 2653 1165 2708 hoc
1196 2653 1419 2708 auferet
1446 2653 1732 2708 Dominus
1762 2669 1796 2706 a

156 2735 392 2796 Judzeis:
428 2747 497 2798 ut
527 2740 758 2796 nullum
793 2741 1048 2796 habeant
1078 2740 1480 2796 honorabilem
1500 2739 1794 2812 vultu,qui

158 2841 248 2896 pro
279 2846 384 2885 sua
412 2830 742 2886 reverentia
771 2830 1116 2886 honoretur:
1137 2829 1368 2884 nullum
1392 2829 1790 2896 consiliarum,

153 2916 243 2969 sed
271 2924 481 2975 cuncta
514 2919 734 2974 facient
779 2919 1002 2990 absque
1049 2917 1312 2974 consilio.
1349 2917 1794 2988 Principemque

152 3004 446 3075 artiﬁcum,
465 3005 663 3080 qualis
695 3006 805 3062 fuit
830 3005 1081 3062 Beseleel
1101 3024 1114 3074 ;
1137 3010 1195 3061 et
1211 3006 1555 3078 prudentem
1575 3003 1792 3075 eloquii

155 3093 391 3164 mystici,
441 3096 505 3152 id
555 3099 662 3163 est,
713 3096 1063 3166 prudentem
1113 3095 1431 3161 doctorem,
1474 3094 1572 3165 qui
1624 3094 1794 3148 docet

152 3179 370 3254 eloquia
397 3184 654 3258 mystica
683 3183 802 3240 sive
831 3183 1062 3252 divina;
1087 3183 1194 3252 vel,
1225 3188 1291 3239 ut
1320 3183 1562 3255 quidam
1591 3182 1794 3238 volunt

149 3266 715 3346 dicere,prudentem
748 3273 1212 3345 auditorem,qui
1246 3273 1432 3344 possit
1462 3273 1792 3328 discernere

1197 485 1606 549 CGMMENT.
1654 487 1728 546 ΙΝ
1777 486 2067 548 ISAIAM.
2115 523 2191 531 ——
2235 488 2385 550 LIB.
2433 489 2480 549 Ι.

169 620 499 695 prophetam,
520 623 578 676 et
605 618 922 686 hariolum,
953 623 1010 675 et
1035 635 1257 678 senem.
1296 642 1317 668 ιι
1349 619 1644 674 Subaudis
1676 636 1780 674 au-
1817 625 1866 690 Α

1976 643 1996 667 ι
2033 620 2100 675 Et
2128 620 2309 675 irruet
2339 620 2716 693 populus,vir
2736 623 2806 677 ad
2835 623 3118 693 virum,et
3143 627 3550 699 unusquisque

1901 708 1971 762 ad
2003 709 2332 780 proximum
2365 727 2562 764 suum.
2580 710 3063 766 Tumultuabitur
3079 730 3225 784 puer
3243 719 3449 771 contra
3469 733 3553 771 se-

1901 801 2132 860 nem,et
2163 797 2440 866 ignobilis
2472 803 2675 852 contra
2707 798 2984 852 nobilem.
3009 823 3036 847 n
3067 801 3212 855 Cum
3239 804 3402 874 pueri
3427 804 3552 858 fue-

1901 883 2018 937 rint
2052 884 2347 956 principes
2375 902 2598 950 ecrum,
2617 891 2674 940 et
2696 885 3009 940 effeminati
3029 889 3247 943 fuerint
3267 890 3351 944 eis
3370 891 3552 946 domi-

1900 972 2044 1038 nati,
2081 977 2218 1026 tunc
2253 973 2455 1044 utique
2489 990 2593 1027 nec
2625 974 2831 1040 :rtatis,
2866 991 2970 1028 nec
3015 974 3321 1047 dignitatis
3369 979 3551 1035 ullius

1901 1061 2042 1114 ordo
2066 1061 2420 1114 servabitur:
2451 1061 2548 1115 sed
2585 1061 2770 1116 irruet
2799 1063 2918 1117 sive
2947 1071 3261 1137 consurget
3300 1065 3551 1138 populus

1901 1149 2180 1203 adversus
2212 1149 2618 1220 semetipsum,
2651 1149 2843 1205 soluto
2876 1152 3087 1206 fmdere
3119 1153 3279 1223 pacis
3301 1158 3357 1208 et
3375 1154 3552 1209 civili-

1901 1235 2037 1289 tatis
2059 1253 2071 1291 :
2092 1237 2180 1290 vir
2210 1237 2432 1291 scilicet
2463 1244 2668 1293 contra
2696 1239 2906 1306 virum,
2941 1247 2998 1294 et
3032 1243 3553 1314 unusquisquead-

1899 1341 2103 1378 versus
2124 1325 2451 1395 proximum
2475 1343 2672 1381 suum.
2691 1327 2840 1381 Puer
2859 1345 3093 1400 quoque
3115 1334 3278 1384 mtate
3293 1348 3552 1386 murmu-

1901 1412 2054 1466 rabit
2083 1418 2285 1467 contra
2316 1431 2537 1481 senem,
2572 1415 2690 1469 sive
2720 1415 2941 1470 stultus
2970 1421 3172 1472 contra
3189 1419 3548 1490 sapientem;

1901 1505 1959 1554 et
1985 1501 2263 1570 ignobilis
2295 1507 2498 1557 contra
2525 1503 2803 1558 nobilem.
2835 1504 2930 1559 Sic
2981 1505 3046 1559 fit
3095 1504 3441 1579 plerumque
3490 1507 3549 1562 in

1901 1595 2107 1644 sancta
2138 1590 2661 1663 Ecclesia,propter
2687 1598 2922 1664 peccata
2954 1593 3172 1666 populi.
3190 1596 3554 1652 Auferuntur

1900 1678 2056 1732 enim
2089 1677 2382 1749 principes
2411 1681 2484 1734 ad
2517 1679 2788 1734 bellanda
2820 1681 3018 1752 przelia
3067 1681 3298 1742 Domini
3349 1685 3550 1752 fortes,

1901 1771 2272 1838 rectoresque
2295 1767 2548 1838 religiosi
2563 1783 2581 1826 :
2596 1769 2694 1840 qui
2718 1767 2945 1840 plebem
2963 1770 3061 1825 Dei
3083 1772 3406 1828 secundum
3425 1774 3553 1845 ejus

1902 1854 2185 1926 placitum
2242 1860 2530 1910 noverunt
2576 1873 2795 1928 regere,
2837 1857 3159 1913 consiliarii
3213 1877 3468 1932 quoque,
3497 1867 3554 1916 et

1902 1943 2170 1998 doctores
2192 1944 2530 2014 prudentes.
2550 1945 2761 2016 Sicque
2781 1947 3164 2002 confunditur
3178 1949 3372 2004 omnis
3387 1951 3551 2018 ordo,

1903 2037 1960 2086 et
1990 2032 2295 2103 consurgit
2323 2033 2412 2086 vir
2440 2037 2644 2088 contra
2673 2034 2914 2089 fratrem
2947 2052 3122 2090 suum
3149 2052 3163 2090 :
3197 2053 3344 2108 puer
3371 2037 3556 2092 sumit

1905 2119 2211 2174 audaciam
2245 2121 2652 2175 murmurandi
2683 2127 2886 2176 contra
2934 2140 3156 2192 senem,
3190 2129 3248 2179 et
3278 2125 3554 2202 ignobilis

1905 2225 2132 2280 genere,
2166 2214 2223 2263 et
2251 2209 2688 2264 conversatione
2721 2228 2974 2277 morum,
3006 2216 3209 2267 contra
3239 2213 3516 2268 nobilem.

1976 2322 2002 2346 ‹‹
2038 2298 2451 2369 Apprehendet
2497 2299 2586 2354 vir
2635 2300 2870 2354 fratrem
2924 2317 3122 2367 suum,
3165 2302 3555 2358 domesticum

1905 2386 2088 2458 patris
2118 2387 2273 2453 sui,«
2301 2388 2357 2441 id
2391 2392 2500 2457 est,
2516 2389 2918 2454 vernaculum,
2937 2406 3108 2460 quem
3127 2394 3291 2460 pater
3309 2391 3440 2461 ejus
3457 2409 3558 2446 nu-

1904 2475 2250 2530 trivit.Dum
2283 2475 2486 2530 civitas
2520 2476 2881 2532 Hierusalem
2915 2477 3220 2533 obsidione
3240 2479 3560 2534 vallaretur

1905 2581 1939 2618 a
1961 2565 2221 2619 Romano
2251 2565 2729 2632 exercitu,Judmi
2765 2565 2916 2621 infra
2937 2566 3153 2621 mmnia
3169 2585 3286 2623 suae
3309 2567 3559 2623 civitatis

1903 2652 2186 2720 conclusi,
2219 2652 2277 2706 in
2312 2657 2430 2708 tres
2463 2658 2655 2724 partes
2687 2659 2854 2708 erant
2883 2655 3078 2709 divisi.
3110 2655 3220 2710 Alii
3263 2656 3557 2728 siquidem

1904 2741 2190 2812 templum
2224 2759 2536 2812 arcemque
2560 2742 2697 2796 Sion
2723 2743 3019 2812 tenebant,
3043 2743 3142 2796 alii
3163 2761 3296 2798 vero
3329 2748 3558 2814 partem

1903 2828 2262 2899 superiorem
2281 2829 2552 2895 civitatis,
2571 2834 2745 2900 atque
2776 2829 2873 2884 alii
2905 2830 3238 2885 inferiorem
3258 2848 3271 2885 :
3289 2836 3560 2902 etquem-

1901 2934 2132 2988 cunque
2155 2917 2289 2988 quis
2309 2917 2536 2972 volebat
2549 2917 2660 2972 sibi
2682 2917 3004 2988 principem
3020 2917 3555 2986 constituebat,non

1902 3005 2093 3061 solum
2105 3004 2481 3060 vernaculum
2497 3004 2680 3075 patris
2693 3005 2782 3059 sui
2796 3005 2914 3070 ,sed
2929 3004 3105 3060 etiam
3125 3004 3306 3060 alium
3320 3006 3552 3063 dicens:

1902 3117 1928 3142 «
1964 3093 2388 3148 Vestimentum
2412 3091 2518 3146 tibi
2550 3098 2657 3160 est,
2678 3093 2952 3164 princeps
2977 3097 3102 3148 esto
3128 3095 3548 3151 noster.Ruina

1901 3187 2094 3237 autem
2131 3181 2250 3236 hinc
2272 3181 2382 3236 sub
2414 3197 2593 3235 manu
2621 3185 2741 3235 tua.
2773 3201 2800 3232 ιο
2839 3182 2909 3235 Et
2937 3184 3028 3235 est
3059 3199 3269 3237 sensus
3306 3199 3318 3236 :
3356 3183 3546 3238 Habes

1901 3271 2096 3324 cibum
2131 3274 2189 3324 et
2216 3270 2653 3338 vestimentum,
2686 3275 2810 3326 esto
2841 3269 3011 3325 nobis
3043 3271 3314 3343 princeps
3349 3288 3362 3326 :
3418 3277 3549 3328 tan-

150 3359 612 3427 przedicationem
644 3362 907 3418 docentis
938 3380 951 3419 :
986 3361 1154 3418 illum
1189 3362 1414 3417 auferet
1443 3361 1516 3416 ab
1549 3360 1653 3416 eis.
1679 3361 1788 3416 Ad-
1826 3363 1868 3430 C
1898 3359 2224 3424 tummodo,
2259 3363 2324 3413 ut
2371 3357 2582 3414 liberes
2628 3376 2735 3414 nos
2781 3359 2856 3414 ab
2903 3359 3214 3430 ingruente
3265 3361 3440 3429 fame,
3492 3366 3551 3416 et

149 3447 407 3508 miranda
435 3455 531 3508 est
561 3451 721 3508 enim
753 3450 1046 3507 sententia
1074 3452 1385 3522 cujusdam
1429 3455 1608 3523 poeta:
1639 3450 1793 3506 Grie-

148 3533 195 3587 Ci
227 3553 240 3590 :
273 3538 371 3608 qui
405 3538 556 3594 dicit
587 3537 846 3610 primum
873 3554 1002 3594 esse
1032 3538 1268 3593 beatum
1301 3536 1403 3609 qui
1434 3554 1538 3610 per
1585 3554 1646 3591 se
1695 3553 1793 3591 sa-

148 3621 262 3693 piat
289 3643 302 3681 :
334 3627 694 3695 secundum,
729 3627 829 3699 qui
863 3627 1187 3699 sapientem
1218 3624 1442 3681 audiat.

211 3735 238 3762 «
270 3715 339 3770 Et
367 3717 524 3774 dabo
557 3731 771 3788 pueros
801 3713 1095 3787 principes
1125 3731 1350 3782 eorum,
1389 3718 1448 3769 et
1475 3713 1794 3770 effeminati

149 3798 608 3860 dominabuntur
634 3804 740 3860 eis.
760 3826 788 3852 »
823 3804 1122 3875 Loquente
1151 3819 1220 3859 ex
1246 3820 1498 3875 persona
1526 3819 1636 3858 sua
1669 3819 1796 3874 pro-

145 3887 310 3958 pheta
333 3908 405 3949 ea
434 3910 568 3966 quae
599 3892 874 3966 superius
917 3891 1079 3948 dicta
1129 3897 1289 3962 sunt,
1336 3893 1531 3948 subito
1581 3909 1794 3948 secun-

141 3974 274 4034 dum
305 3997 535 4037 morem
569 3980 1002 4054 propheticum,
1035 3979 1296 4052 loquitur
1315 3997 1385 4035 ex
1414 3997 1662 4052 persona
1686 3996 1795 4035 sua

142 4069 285 4124 Deus
309 4087 417 4142 per
443 4071 812 4144 prephetam,
827 4071 1029 4126 dicens
1053 4086 1066 4124 :
1091 4069 1252 4126 Dabo
1273 4087 1484 4142 pueros
1501 4069 1794 4142 principes

139 4169 359 4228 eorum,
392 4159 455 4215 id
487 4165 602 4225 est,
634 4159 886 4214 sublatis
920 4159 1013 4214 his
1062 4176 1212 4230 quos
1259 4163 1394 4213 ante
1439 4157 1791 4212 donaveram

138 4244 458 4320 principes,
510 4249 781 4306 videlicet
839 4247 1369 4321 quinquagenario,
1419 4263 1693 4318 seneque,
1735 4245 1794 4300 ét

137 4336 423 4404 prudente
455 4338 793 4394 consiliario
825 4355 840 4394 :
877 4354 980 4411 pro
1013 4337 1106 4393 bis
1135 4339 1286 4393 dabo
1317 4333 1795 4410 principeslasci-

134 4439 254 4493 vos,
286 4431 346 4482 et
375 4427 723 4497 dissolutos,
758 4445 920 4484 more
952 4427 1428 4500 puerorum.Non
1451 4425 1608 4481 enim
1651 4441 1788 4497 pue-

137 4527 231 4569 ros
261 4515 640 4573 solummodo
671 4521 840 4572 aetate
867 4517 1152 4572 debemus
1185 4515 1529 4588 intelligere,
1549 4515 1651 4568 sed
1677 4530 1794 4568 mo-

133 4600 295 4658 ribus
325 4609 387 4661 et
415 4605 879 4662 conversatione.
911 4606 992 4662 De
1028 4604 1244 4661 talibus
1275 4604 1474 4676 pueris
1511 4603 1793 4676 principi-

134 4687 242 4746 bus
271 4692 332 4748 in
366 4693 723 4751 Ecclesiaste
753 4693 1007 4767 legimus
1033 4710 1046 4750 :
1093 4716 1120 4743 «
1152 4693 1248 4747 Vae
1281 4692 1410 4759 tibi,
1443 4695 1599 4748 terra
1621 4693 1794 4764 cujus

131 4779 228 4836 rex'
262 4783 514 4854 juvenis
553 4789 642 4840 est
679 4783 949 4855 (Eccl.x)l
988 4784 1047 4839 id
1079 4787 1189 4850 est,
1215 4775 1558 4854 juveniliter
1587 4797 1789 4853 agens.

131 4868 291 4927 Talis
322 4871 445 4928 fuit
493 4873 750 4929 Roboam
785 4873 908 4946 qui,
944 4873 1218 4944 despecto
1267 4870 1509 4926 consilio
1559 4887 1790 4937 senum,

128 4965 372 5017 secutus
421 4967 518 5018 est
565 4962 812 5019 consilia
848 4963 1135 5032 juvenum
1185 4960 1288 5031 (ιιι
1328 4961 1454 5031 Reg.
1486 4963 1610 5027 xu).
1643 4959 1791 5026 Non,

129 5049 286 5118 quod
319 5067 478 5123 puer
501 5055 606 5106 aut
625 5051 864 5122 juvenis
895 5053 1052 5106 esset
1082 5052 1248 5104 aetate
1290 5047 1527 5120 quando
1574 5045 1798 5120 accepit

128 5153 411 5209 regnum,
446 5143 650 5212 utpote
681 5140 837 5212 quod
869 5139 1259 5212 quadraginta
1292 5154 1392 5192 sex
1439 5141 1565 5192 erat
1613 5154 1794 5192 anno-

127 5241 284 5296 rum,
321 5229 433 5285 sed
471 5229 627 5300 quod
661 5227 965 5302 pueriliter
987 5226 1191 5301 gessit,
1215 5231 1270 5281 et
1301 5224 1799 5292 dissolute.Quod-

125 5330 239 5387 que
269 5317 574 5390 sequitur,
595 5321 652 5374 et
682 5315 1003 5374 effeminati
1032 5314 1500 5372 dominabuntur
1525 5313 1796 5381 eis,idem

126 5419 344 5462 sensus
377 5409 493 5462 est.
528 5405 858 5462 Etfeminati
909 5409 1106 5460 autem
1157 5407 1314 5470 sunt,
1349 5402 1450 5474 qui
1503 5402 1796 5458 fortitudi-

125 5507 260 5550 nem
295 5493 812 5568 stabilitatemque
835 5493 1063 5551 virilem
1081 5495 1142 5548 in
1165 5491 1476 5548 femineam
1489 5489 1796 5547 mollitiem

119 5578 349 5638 habent
405 5583 734 5640 redactam.
769 5583 940 5640 Tales
971 5587 1113 5638 sunt
1151 5580 1326 5638 hodie
1357 5579 1656 5652 principes
1685 5579 1795 5636 Ju-

117 5669 414 5744 daaorum,
449 5672 760 5743 pueriliter
795 5671 1068 5728 videlicet
1111 5674 1324 5728 cuncta
1370 5673 1628 5743 agentes,
1662 5667 1794 5724 nul-

116 5757 363 5839 liusque
393 5761 638 5820 virtutis
667 5761 1006 5820 existentes.

1905 3447 2144 3503 miseria
2175 3453 2376 3504 nostra
2405 3451 2506 3503 tuo
2539 3453 2846 3504 sustentur
2874 3447 3111 3504 auxilio.

1975 3561 2001 3586 «
2041 3537 2552 3609 Respondebitque
2581 3537 2641 3592 in
2671 3537 2764 3592 die
2805 3537 2906 3593 illa
2953 3539 3200 3596 dicens:
3245 3539 3369 3595 Non
3417 3557 3550 3595 sum

1903 3626 2191 3695 medicus,
2218 3631 2276 3682 et
2303 3625 2362 3682 in
2393 3627 2568 3682 domo
2600 3644 2732 3683 mea
2761 3643 2877 3682 non
2909 3630 2999 3682 est
3027 3627 3198 3700 panis
3228 3645 3416 3700 neque
3432 3645 3556 3686 ves-

1902 3715 2221 3770 timentum
2254 3732 2268 3770 :
2306 3715 2484 3771 nolito
2515 3715 2868 3772 constituere
2895 3732 2988 3771 me
3013 3715 3338 3788 principem
3369 3734 3554 3789 popu-

1903 3803 1966 3858 li.
1989 3828 2012 3858 ι
2050 3805 2443 3860 Considerans
2471 3805 2658 3876 is,qui
2691 3805 2910 3859 electus
2927 3805 3174 3859 fueritin
3206 3805 3551 3876 principem,

1902 3897 2308 3964 paupertatem
2339 3899 2397 3947 et
2426 3893 2886 3948 imbecillitatem
2920 3909 3111 3958 suam,
3143 3892 3549 3962 respondebit:

1904 3982 2029 4036 Non
2061 3999 2194 4036 sum
2227 3981 2547 4054 (inquiens)
2579 3980 2863 4046 medicus,
2896 3980 2951 4034 id
3002 3984 3111 4045 est,
3146 3997 3262 4034 non
3307 3997 3553 4050 possum

1899 4073 2152 4124 vestram
2211 4068 2621 4124 necessitatem
2673 4067 2962 4140 implere:
3011 4069 3152 4138 quia
3203 4084 3316 4122 non
3366 4068 3587 4124 habeO'

1901 4173 2133 4230 panem,
2169 4174 2359 4229 neque
2388 4156 2825 4212 vestimentum.
2857 4159 3220 4228 QuaprOpter
3250 4155 3428 4212 nolite
3460 4173 3554 4212 me

1909 4245 2264 4301 constituere
2297 4245 2643 4317 principem.
3293 4253 3308 4272 ⁸

1973 4359 2000 4385 ‹‹
2039 4335 2177 4390 Ruit
2213 4335 2369 4390 enim
2403 4334 2789 4403 Hierusalem,
2821 4337 2878 4390 et
2905 4334 3060 4390 Juda
3088 4333 3342 4390 concidit
3373 4351 3386 4389 :
3415 4333 3556 4406 quia

1901 4425 2103 4498 lingua
2133 4441 2335 4480 eorum
2369 4429 2426 4478 et
2447 4423 2892 4480 adinventiones
2909 4441 3112 4479 eorum
3143 4427 3345 4480 contra
3364 4421 3558 4478 Domi-

1903 4532 2067 4582 num,
2103 4518 2168 4568 ut
2199 4517 2580 4585 provocarent
2607 4511 2808 4568 oculos
2839 4512 3164 4584 majestatis
3192 4513 3340 4584 ejus.
3366 4533 3394 4562 ››
3427 4511 3554 4568 Non

1901 4602 2164 4676 loquitur
2192 4602 2302 4656 hoc
2333 4601 2448 4670 ille,
2484 4615 2658 4673 quem
2692 4600 3016 4672 principem
3048 4600 3320 4655 volebant
3345 4601 3559 4656 consti-

1903 4697 2089 4758 tuere,
2122 4692 2225 4746 sed
2255 4690 2449 4763 potius
2480 4689 2784 4762 propheta,
2819 4688 2920 4762 qui
2952 4689 3096 4744 dicit
3125 4688 3343 4744 idcirco
3370 4689 3554 4744 nemi-

1901 4799 2036 4836 nem
2082 4780 2228 4834 velle
2277 4778 2491 4852 populo
2541 4779 2828 4851 peccatori
2895 4795 3164 4850 prmesse,
3215 4777 3354 4850 quia
3408 4779 3551 4834 urbs

1902 4867 2264 4924 Hierusalem
2285 4867 2560 4922 etJudaea
2586 4867 2883 4939 provincia
2904 4866 3120 4938 pariter
3135 4872 3481 4922 corruerunt
3496 4867 3557 4921 in

1903 4974 2116 5014 manus
2147 4955 2429 5011 hostium.
2446 4958 2784 5027 Causasque
2805 4955 2993 5010 reddit
3015 4955 3334 5027 impietatis
3354 4971 3557 5010 eorum

1903 5053 2079 5119 atque
2111 5045 2486 5118 perditionis:
2516 5046 2670 5117 quod
2705 5049 2907 5100 contra
2936 5044 3252 5100 Dominum
3285 5044 3557 5116 blasphe-

1905 5138 2213 5191 maverunt
2241 5133 2520 5200 dicentes,
2547 5157 2574 5182 ‹‹
2611 5133 2972 5188 Βὶῐὶῐηοῐιίυῐῐι
3007 5133 3210 5204 habes,
3243 5155 3272 5181 »
3304 5137 3379 5199 et,
3401 5157 3428 5182 «
3455 5133 3557 5188 Sa-

1905 5223 2327 5289 maritanuses,
2345 5245 2372 5270 ››
2386 5226 2443 5277 et
2459 5245 2486 5272 «
2505 5221 2658 5276 Reus
2683 5225 2772 5276 est
2793 5222 3021 5288 mortis,
3041 5245 3069 5272 »
3093 5227 3151 5276 et
3177 5243 3205 5272 «
3229 5221 3554 5292 Crucitige»

1905 5311 2424 5383 talem,multaque
2447 5310 2540 5365 his
2573 5309 2793 5364 similia
2814 5310 2990 5381 (Joan.
3019 5327 3149 5378 vni;
3175 5310 3359 5366 Matth.
3387 5326 3516 5366 xxvr
3541 5326 3556 5375 ;

1907 5403 2036 5457 Luc.
2079 5404 2264 5468 XXIII).
2295 5398 2748 5454 Adinventiones
2779 5415 3013 5470 quoque
3045 5415 3185 5454 suas
3214 5403 3418 5454 contra
3445 5399 3556 5453 Do-

1907 5491 2134 5546 minum
2167 5487 2558 5560 protulerunt,
2592 5485 2828 5558 quando
2859 5489 3264 5558 opposuerunt
3293 5485 3342 5542 ei
3377 5484 3558 5542 falsos

1903 5575 2504 5644 testes,dicentes:Hic
2515 5574 2678 5641 dixit,
2695 5590 2938 5646 possum
2951 5576 3254 5632 destruere
3269 5573 3556 5646 templum

1903 5670 2014 5725 hoc
2035 5666 2526 5732 manufactum,et
2548 5663 2607 5718 in
2624 5662 2820 5719 triduo
2833 5662 2992 5719 aliud
3015 5681 3130 5720 non
3148 5665 3556 5723 manufactum

1903 5755 2277 5816 remdiﬂcare.
2309 5755 2672 5831 Quapropter
2701 5749 2902 5810 oculos
2931 5752 3258 5828 majestatis
3299 5751 3555 5830 Domini,
