3960 6380
157 470 279 529 ’115

1246 468 1652 529 COMMENT.
1700 467 1775 526 IN
1820 465 2114 527 ISAIAM.
2151 470 2398 529 —-LIB.
2453 471 2499 529 I.

3461 472 3579 531 ’746

160 618 278 661 non
310 602 559 661 habetur
576 600 733 657 alius
762 600 931 669 liber,
958 602 1069 656 nisi
1103 601 1389 656 memoria
1417 606 1475 656 et
1510 600 1818 673 prmsentia
1842 599 1898 667 Α
1926 601 2031 654 tibi
2067 603 2445 671 munitiones,
2468 608 2526 658 et
2545 603 2847 659 vallabunt
2873 608 2947 669 te,
2974 607 3033 657 et
3056 608 3428 675 prasternent
3446 609 3504 659 te
3523 609 3583 659 et

162 691 287 750 Dei.

230 804 260 832 ι‹
293 780 359 836 Si
390 779 643 836 abluerit
690 778 975 835 Dominus
1016 779 1219 834 sordes
1268 779 1523 833 ﬁliarum
1574 780 1734 849 Sion,
1767 783 1824 833 et

160 868 514 942 sanguinem
539 868 904 925 Hierusalem
929 867 1134 923 laverit
1155 868 1225 921 de
1247 868 1440 921 medio
1461 868 1609 937 ejus,
1635 868 1694 921 in
1712 867 1826 937 spi-

160 958 274 1014 ritu
297 957 512 1029 judicii
541 963 601 1014 et
641 958 853 1031 spiritu
899 958 1180 1012 ardoris»
1212 956 1329 1010 Ista
1368 956 1821 1027 particula,qu:e

160 1053 250 1103 est
277 1049 353 1115 si,
385 1045 708 1118 aliquando
738 1045 1067 1119 negativam
1101 1044 1589 1117 significationem
1626 1044 1823 1113 habet,

162 1141 227 1192 ut
258 1135 341 1191 ibi
372 1152 419 1191 τα
450 1136 512 1191 Si
542 1133 769 1190 reddidi
800 1133 1263 1190 retribuentibus
1296 1132 1440 1189 mihi
1473 1133 1627 1188 mala
1647 1134 1821 1202 (Psal.

162 1227 282 1293 vn),
309 1244 336 1275 ιι
366 1223 479 1280 hac
509 1229 618 1291 est,
654 1241 769 1278 non
819 1223 1070 1278 reddidi.
1102 1222 1432 1294 Aliquando
1482 1240 1615 1277 vero
1666 1223 1823 1277 afﬁr-

160 1315 379 1369 mativc
412 1313 672 1385 ponitur,
697 1318 762 1368 ut
788 1312 849 1367 in
882 1312 1156 1385 praesenti
1182 1311 1308 1366 loco
1338 1317 1395 1365 et
1428 1312 1484 1366 in
1515 1312 1647 1366 aliis
1680 1311 1827 1365 mul-

161 1404 255 1458 tis.
289 1404 372 1457 Ac
405 1402 455 1458 si
500 1401 721 1458 diceret
754 1417 768 1456 :
802 1400 1020 1457 Omnes
1051 1399 1150 1471 qui
1184 1399 1243 1454 in
1272 1417 1407 1455 eum
1448 1400 1822 1468 crediderint,

160 1493 533 1548 vocabuntur
560 1491 772 1547 sancti.
806 1492 877 1545 Et
908 1488 1111 1545 abluet
1141 1489 1429 1544 Dominus
1460 1490 1660 1544 sordes
1695 1506 1823 1561 pec-

160 1585 432 1636 catorum
472 1580 548 1635 ab
581 1580 690 1647 eis,
736 1594 840 1651 per
877 1578 1127 1651 gratiam
1171 1576 1564 1649 baptismatis,
1597 1583 1653 1632 et
1691 1595 1824 1633 sane

161 1670 408 1744 guinem
440 1668 861 1742 prophetarum
894 1666 1111 1723 lavahit
1140 1668 1212 1722 de
1243 1667 1435 1721 medio
1465 1668 1616 1738 ejus,
1648 1682 1823 1738 quem

160 1758 270 1831 ipsi
294 1759 583 1814 fuderunt
603 1761 660 1812 et
679 1761 875 1829 patres
891 1773 1117 1827 eorum,
1132 1755 1374 1827 insuper
1386 1760 1444 1811 et
1465 1755 1629 1810 illum
1648 1772 1822 1827 quem

160 1848 270 1904 sibi
298 1846 561 1920 populus
579 1862 782 1902 errans
796 1845 1157 1918 imprecatus
1174 1846 1493 1913 est,dicens
1508 1862 1558 1899 ;‹‹
1572 1845 1824 1914 Sanguis

161 1938 291 2008 ejus
313 1953 501 2010 super
526 1952 636 1992 nos
654 1939 715 1991 et
742 1952 921 2007 super
943 1934 1097 1990 ﬁlios
1128 1941 1362 1990 nostras
1383 1934 1587 2002 (Manli.
1612 1934 1821 2003 xxv1).»

160 2024 322 2080 Hanc
345 2028 546 2079 autem
569 2022 978 2096 purgationem
1001 2021 1174 2078 faciet
1197 2022 1257 2077 in
1280 2022 1493 2095 spiritu
1509 2021 1741 2092 judicii,
1767 2020 1824 2075 id

160 2117 249 2169 est
293 2112 362 2167 in
415 2112 792 2184 baptismate,
827 2115 886 2166 et
937 2110 1148 2183 spiritu
1190 2111 1438 2178 ardoris,
1473 2110 1583 2166 hoc
1629 2115 1718 2165 est
1765 2110 1825 2164 in

160 2199 451 2256 effusione
480 2197 789 2271 sanguinis
822 2197 935 2253 sui.
964 2196 1066 2252 Vel
1098 2198 1273 2252 etiam
1302 2215 1406 2269 per
1434 2197 1710 2269 spiritum
1742 2212 1827 2251 ar-

160 2287 325 2345 doris
364 2302 471 2343 seu
503 2285 960 2356 cambustianis,
992 2284 1343 2357 intelligitur
1388 2285 1643 2357 Spiritus
1691 2302 1825 2339 san-

160 2383 315 2445 ctus,
369 2374 476 2449 qui
525 2375 824 2430 consumit
882 2378 1122 2445 peccata
1178 2373 1517 2429 electorum.
1551 2373 1713 2429 Unde
1771 2379 1828 2429 et

162 2466 384 2522 dicitur
416 2481 431 2520 :
458 2487 485 2515 «
521 2463 669 2531 Quia
694 2463 853 2519 Deus
897 2467 1098 2519 noster
1147 2463 1302 2535 ignis
1352 2480 1707 2518 consumens
1738 2467 1828 2518 est

162 2554 342 2626 (Deut.
376 2553 475 2625 ιν).
502 2575 531 2602 ››
556 2553 755 2609 Potest
784 2556 841 2608 et
869 2551 1115 2624 spiritus
1165 2551 1391 2607 ardoris
1441 2552 1613 2607 tertio
1654 2552 1857 2607 modo.

164 2641 438 2715 intelligi,
476 2640 782 2698 tribulatio
830 2645 889 2696 et
936 2644 1295 2697 tormentum
1346 2641 1661 2712 passionis,
1710 2657 1827 2711 quo

162 2735 498 2806 purgantur
542 2729 733 2786 electi.
762 2729 883 2785 Hoc
932 2734 1128 2785 tamen
1179 2730 1598 2785 advertendum
1638 2735 1728 2785 est
1756 2730 1827 2785 de

163 2819 451 2895 apostolis
483 2819 728 2888 dictum,
761 2818 1103 2889 ceterisque
1134 2835 1204 2874 ex
1235 2819 1436 2874 eodem
1471 2818 1685 2891 populo
1712 2834 1828 2872 cre-

162 2909 466 2966 dentibus.

230 3023 263 3049 α
295 2998 368 3054 Et
386 2996 608 3054 creabit
625 2997 912 3054 Dominus
933 3013 1111 3068 super
1131 3013 1366 3051 omnem
1392 2994 1586 3051 locum
1610 2995 1826 3050 montis

166 3088 333 3155 Sion,
358 3091 417 3142 et
448 3086 547 3143 ubi
579 3086 883 3143 invocatus
913 3089 1024 3152 est,
1059 3085 1276 3141 nubem
1317 3102 1421 3157 per
1449 3086 1629 3154 diem,
1650 3088 1707 3140 et
1737 3085 1824 3139 fu—

164 3178 439 3244 mum,et
467 3174 842 3247 splendorem
886 3173 1042 3247 ignis
1082 3175 1443 3230 ﬂammantis
1486 3173 1543 3228 in
1585 3178 1771 3228 nocte.
1798 3195 1825 3221 ιι

166 3265 277 3321 Per
300 3263 443 3320 Sion
464 3263 560 3320 hic
580 3267 786 3319 sancta
804 3262 1066 3319 Ecclesia
1088 3262 1456 3335 intelligitur.
1475 3263 1580 3319 Per
1609 3263 1825 3318 nubem

164 3351 453 3427 protectio
472 3352 691 3408 divina.
708 3351 814 3408 Per
829 3352 1059 3407 fumum
1082 3351 1269 3424 gloria
1290 3353 1440 3422 ejus,
1459 3353 1614 3407 sicut
1634 3352 1692 3406 in
1717 3351 1825 3406 hoc
1856 3340 1899 3406 C

164 3443 375 3499 eadem
408 3440 695 3514 propheta
725 3440 961 3508 dicitur,
986 3441 1125 3512 quia
1147 3464 1174 3491 ‹‹
1210 3441 1423 3497 domus
1472 3441 1713 3513 impleta
1742 3443 1832 3495 est

167 3532 356 3599 fumo,
382 3553 413 3579 υ
436 3530 493 3586 id
516 3534 626 3601 est,
648 3529 836 3602 gloria
859 3530 1107 3586 Domini.
1124 3529 1225 3585 Vel
1247 3530 1425 3585 etiam
1447 3548 1549 3603 per
1574 3533 1825 3586 fumum.

166 3619 552 3693 cumpunctia
583 3618 939 3691 poenitentiae
980 3618 1285 3691 accipitur.
1310 3619 1416 3674 Per
1453 3618 1827 3691 splendorem

167 3710 327 3783 ignis
347 3708 618 3765 remissio
640 3713 1069 3780 peccatorum.«
1097 3709 1285 3781 Super
1304 3708 1825 3779 omnem,»inquit,

172 3821 202 3849 ι(
234 3798 432 3855 locum
455 3795 679 3853 montis
700 3819 730 3845 υ
755 3795 916 3865 Sion,
942 3796 1001 3851 id
1024 3800 1133 3863 est,
1157 3814 1336 3868 super
1356 3801 1618 3853 sanctam
1643 3796 1832 3852 Eccle-

170 3889 351 3955 siam,
376 3890 436 3942 et
457 3886 559 3942 ubi
582 3884 951 3942 invocabitur
970 3903 1004 3941 a
1025 3886 1299 3942 ﬁdelibus
1319 3886 1466 3953 suis,
1491 3886 1709 3942 creabit
1730 3891 1832 3941 Do-

167 3977 374 4033 minus
394 3976 611 4031 nubem
635 3990 740 4047 per
758 3974 936 4044 diem,
960 3974 1017 4030 id
1045 3981 1155 4045 est,
1180 3976 1600 4047 protectionem
1624 3976 1683 4030 in
1704 3993 1832 4046 pro-

166 4065 386 4139 speris,
398 4069 459 4120 et
476 4064 731 4131 fumum,
746 4066 803 4120 et
823 4062 1196 4136 splendorem
1214 4063 1369 4137 ignis
1391 4063 1748 4120 ﬂammantis
1770 4065 1829 4119 in

167 4159 367 4219 nocte,
381 4152 491 4208 hoc
510 4157 602 4210 est
621 4151 908 4209 auxilium
930 4157 988 4209 et
1008 4151 1559 4222 liberationem,sive
1582 4152 1829 4225 gloriam

164 4249 226 4301 et
257 4243 804 4314 compunctionem,
838 4258 1065 4299 necnon
1097 4247 1155 4299 et
1188 4241 1595 4299 remissionem
1625 4258 1830 4314 pecca-

166 4336 392 4399 torum,
407 4346 514 4404 per
535 4329 789 4404 gratiam
810 4330 1070 4403 Spiritus
1089 4332 1277 4388 sancti
1303 4332 1660 4403 protegentis
1682 4331 1834 4386 inter

163 4421 438 4477 adversa.
468 4421 550 4475 Ac
587 4420 639 4475 si
678 4419 902 4476 diceret
932 4437 945 4475 :
981 4420 1139 4476 Inter
1176 4437 1456 4493 prospera
1495 4424 1554 4476 et
1592 4420 1834 4476 adversa

166 4513 440 4584 proteget
466 4511 774 4581 sperantes
803 4508 864 4564 in
897 4524 985 4579 se,
1010 4512 1077 4563 ut
1105 4525 1212 4565 nec
1244 4509 1397 4565 inter
1426 4526 1706 4581 prospera
1733 4526 1831 4565 su-

166 4597 447 4672 perbiant
473 4601 533 4654 et
560 4595 837 4653 labantur
860 4597 920 4652 in
944 4603 1272 4669 peccatum,
1296 4615 1399 4653 nec
1421 4598 1575 4655 inter
1594 4599 1836 4655 adversa

1934 689 2084 744 ﬁlios
2114 696 2246 746 tuos
2269 693 2418 762 (Luc.
2442 695 2616 760 x1x).»
2640 693 2801 759 Quod
2834 696 3029 747 autem
3052 692 3322 749 Christus
3354 692 3585 747 dicatur

1933 778 2205 847 dtlectus,
2223 781 2656 852 quadragesimi
2688 782 2882 853 quarti
2914 781 3124 853 psalmi
3149 799 3255 837 nos
3276 781 3582 854 inscriptio

1932 868 2120 938 docet,
2151 870 2454 924 Canticum
2504 888 2607 941 pro
2651 870 2882 938 dilecto,
2916 875 2974 926 et
3001 888 3110 926 vox
3163 870 3259 925 Dei
3309 870 3493 942 patris
3521 870 3582 925 in

1933 957 2240 1027 Evangelia
2275 976 2341 1013 ;‹‹
2368 959 2470 1014 Ilic
2510 963 2600 1014 est
2650 958 2829 1014 Filius
2862 977 3027 1015 meus
3078 959 3348 1029 dilectus,
3372 958 3432 1013 in
3464 976 3581 1030 qua

1933 1046 2077 1100 mihi
2110 1046 2260 1102 bene
2291 1048 2617 1120 complacui
2648 1049 2853 1118 (Matth.
2880 1067 2961 1118 Ill,
2987 1050 3094 1120 17).
3119 1071 3147 1099 »
3178 1048 3280 1103 Hic
3317 1063 3454 1119 ergo
3484 1047 3581 1103 di-

1931 1134 2119 1191 lectus
2140 1153 2374 1191 carmen
2397 1136 2645 1207 lugubre
2666 1138 2801 1193 fecit
2816 1138 2993 1193 vinem
3010 1138 3312 1209 suae,quod
3333 1135 3583 1193 cantabo

1932 1242 2037 1293 ego
2068 1220 2280 1280 dilecto
2310 1230 2487 1297 atqu»
2521 1226 2837 1282 miserabili
2870 1226 3083 1299 populo
3124 1243 3274 1281 meo.
3296 1224 3397 1280 Vel
3427 1229 3582 1280 certe

1935 1312 2015 1367 ita
2048 1314 2529 1385 intelligendum:
2556 1316 2814 1370 Cantabo
2858 1315 3241 1387 omnipotenti
3279 1315 3397 1370 Deo
3429 1312 3585 1369 Patri

1935 1402 2228 1457 canticum
2255 1404 2489 1472 Christi,
2514 1404 2612 1477 qui
2635 1408 2725 1459 est
2756 1405 3039 1477 patruelis
3065 1420 3255 1471 meus,
3276 1403 3388 1459 hoc
3407 1405 3586 1457 estex

1934 1492 2137 1546 eadem
2173 1510 2403 1548 mecum
2436 1499 2607 1563 gente
2639 1498 2972 1564 generatus.
2996 1492 3159 1559 Quod
3192 1497 3389 1548 autem
3419 1490 3589 1546 vinea

1934 1579 2167 1635 Domini
2200 1582 2531 1654 appelletur
2562 1581 2816 1654 populus
2849 1580 3047 1648 Israel,
3072 1582 3131 1637 in
3154 1579 3586 1653 septuagesima

1935 1687 2088 1725 nono
2119 1669 2347 1741 psalmo
2370 1670 2585 1725 dicitur
2608 1688 2655 1725 ;‹‹
2682 1670 2927 1725 Vineam
2959 1670 3030 1725 de
3058 1670 3302 1741 Egypto
3326 1671 3586 1724 transtu-

1935 1757 2075 1829 listi,
2102 1759 2323 1830 ejecisti
2352 1763 2554 1829 gentes
2575 1762 2632 1813 et
2658 1758 2937 1831 plantasti
2970 1774 3158 1814 eam.»
3181 1758 3244 1813 In
3275 1754 3588 1828 Evangelia

1933 1864 2166 1918 quoque
2198 1864 2345 1919 pene
2384 1847 2593 1902 iisdem
2625 1847 2820 1902 verbis
2850 1847 3068 1918 quibus
3112 1844 3399 1917 Propheta
3426 1859 3585 1899 nunc

1936 1935 2216 2007 loquitur,
2252 1935 2535 1991 Dominus
2565 1935 2749 1991 texuit
2778 1933 3117 2007 parabolam
3141 1951 3155 1989 :
3179 1957 3207 1984 «
3232 1933 3416 1989 Homo
3444 1932 3584 2005 qui-

1936 2026 2071 2079 dam
2104 2029 2227 2079 erat
2267 2023 2710 2097 paterfamilias,
2730 2024 2831 2095 qui
2876 2023 3161 2096 plantavit
3186 2022 3439 2079 vineam.
3467 2043 3490 2072 ιι
3513 2021 3585 2081 Et

1935 2113 2055 2168 haec
2102 2114 2302 2185 itaque
2331 2112 2718 2179 Hierusalem,
2758 2116 2825 2167 ut
2873 2112 3150 2179 diximus,
3181 2110 3481 2184 plangitur
3525 2113 3585 2166 et

1936 2219 2203 2257 sermone
2233 2202 2573 2275 prephetica
2623 2201 2783 2256 illius
2831 2202 3002 2257 ruina
3029 2205 3322 2256 cantatur.
3351 2218 3374 2249 ι
3398 2198 3587 2255 Vinea

1936 2292 2088 2347 facta
2118 2296 2208 2346 est
2237 2291 2447 2346 dilecto
2480 2308 2629 2361 meo,
2657 2290 2716 2345 in
2751 2307 2932 2345 cornu
2963 2288 3083 2345 tilio
3113 2288 3281 2345 olei.»
3306 2288 3371 2344 In
3403 2304 3587 2345 cornu

1937 2398 2183 2453 regnum
2204 2380 2521 2453 signiﬁcari
2540 2384 2597 2434 et
2611 2379 2933 2451 potentiam
2952 2394 3103 2450 saepe
3123 2376 3398 2450 legimus,
3412 2382 3481 2432 ut
3500 2380 3590 2433 est

1934 2469 2081 2523 illud
2107 2470 2164 2524 in
2186 2468 2498 2541 Evangelia
2525 2485 2573 2522 :u
2599 2468 2916 2523 Suscitavit
2936 2483 3119 2522 cornu
3144 2466 3357 2531 salutis
3375 2469 3587 2521 nostra!

1938 2559 1996 2613 in
2030 2559 2203 2613 domo
2226 2558 2407 2613 David
2429 2556 2594 2629 pueri
2620 2557 2767 2611 sui.»
2797 2557 2867 2611 Et
2891 2574 2943 2611 ;‹‹
2971 2556 3035 2611 In
3060 2559 3117 2611 te
3147 2555 3423 2611 inimicos
3450 2570 3587 2611 nos-

1937 2653 2058 2702 tros
2091 2664 2272 2702 cornu
2301 2644 2774 2702 ventilabimus.»
2800 2645 2869 2699 Et
2892 2645 2952 2699 in
2980 2644 3259 2700 Zacharia
3286 2667 3308 2695 ιι
3334 2647 3591 2716 quatuor

1936 2754 2158 2791 cornua
2187 2734 2597 2807 potentissima
2624 2735 3031 2789 demonstrant
3060 2749 3259 2804 regna.
3281 2753 3311 2783 ››

2009 2847 2034 2873 ‹‹
2061 2826 2130 2879 Et
2160 2823 2343 2894 sepsit
2372 2839 2522 2889 eam,
2547 2826 2604 2877 et
2634 2821 2859 2892 lapides
2886 2820 3062 2892 elegit
3089 2836 3158 2876 ex
3188 2819 3310 2885 illa,
3332 2822 3390 2873 et
3417 2818 3584 2890 plan-

1935 2914 2075 2968 tavit
2106 2911 2333 2967 vineam
2371 2910 2577 2965 Soreth
2601 2926 2614 2964 :
2638 2913 2695 2964 et
2724 2908 3029 2964 aediﬁcavit
3055 2906 3267 2962 turrim
3298 2906 3361 2963 in
3389 2906 3585 2963 medio

1933 3004 2084 3074 ejus,
2108 3005 2165 3055 ct
2186 2998 2441 3055 torcular
2467 2998 2754 3053 exstruxit
2792 2997 2850 3051 in
2876 3013 2999 3053 ea.»
3024 2996 3130 3051 Per
3154 2994 3583 3068 metaphoram,

1936 3097 2000 3146 ut
2031 3092 2193 3162 prius
2231 3086 2760 3155 diximus,vineam
2784 3082 3105 3157 “descripsit
3139 3100 3269 3141 esse
3298 3084 3584 3156 populum

1934 3182 2269 3236 Judaeorum
2294 3197 2306 3233 :
2331 3194 2507 3249 quem
2541 3176 2724 3247 sepsit
2749 3174 3090 3247 angelorum
3113 3172 3385 3229 auxilia:
3410 3173 3480 3231 Et
3507 3173 3588 3229 la-

1937 3271 2103 3343 pides
2134 3267 2308 3340 elegit
2335 3284 2403 3322 ex
2422 3283 2543 3337 ea,»
2567 3265 2625 3320 id
2650 3270 2760 3331 est,
2782 3263 2938 3320 idola
2960 3280 2975 3320 :
2998 3261 3088 3320 vel
3108 3262 3308 3319 omnia
3327 3279 3456 3335 quae
3478 3262 3582 3319 Dei

1937 3358 2162 3415 cultum
2184 3361 2450 3429 poterant
2469 3355 2803 3427 impedire.«
2827 3355 2895 3409 Et
2914 3353 3195 3425 plantavit
3208 3368 3339 3409 eam
3356 3352 3587 3409 vineam

1938 3447 2203 3502 Soreth.»
2228 3444 2582 3518 Aiunt‘enim
2614 3443 2839 3500 Hebraei
2862 3442 3068 3499 Soreth
3098 3458 3285 3515 genus
3305 3457 3435 3498 esse
3452 3440 3589 3497 vitis

1938 3536 2335 3608 optimm,quze
2358 3534 2566 3589 uberes
2595 3533 2820 3589 fructus
2845 3531 3020 3587 faciat
3048 3536 3223 3603 atque
3254 3533 3587 3604 perpetuas.

1938 3626 2200 3697 Denique
2231 3623 2438 3680 Soreth
2471 3638 2506 3678 a
2535 3622 2892 3694 quibusdam
2912 3620 3233 3693 callicarpos
3253 3619 3594 3692 interpreta-

1940 3720 2059 3784 tur,
2084 3714 2239 3786 quod
2273 3731 2379 3768 nos
2412 3713 2469 3767 in
2503 3711 2931 3784 pulcherrimos
2960 3710 3186 3766 fructus
3214 3712 3437 3765 vertere
3466 3724 3596 3781 pas-

1938 3821 2166 3860 sumus.
2194 3827 2221 3854 ι(
2251 3801 2578 3857 [Εείἰίὶοεινίῐ
2599 3818 2832 3871 quoque
2854 3799 3063 3856 turrim
3095 3798 3155 3855 in
3186 3796 3380 3852 medio
3403 3797 3588 3866 ejus,»

1937 3892 2225 3964 templum
2256 3889 2524 3944 videlicet
2561 3888 2621 3942 in
2663 3888 2857 3943 media
2891 3887 3141 3942 civitate.
3166 3907 3195 3935 ‹‹
3228 3884 3301 3939 Et
3334 3882 3594 3939 torcular

1938 3980 2226 4036 exstruxit
2256 3980 2315 4033 in
2347 3996 2469 4044 ea,»
2493 3977 2648 4048 quod
2669 3977 2911 4047 quidam
2934 3974 3115 4031 altare
3134 3972 3468 4045 signiﬁcare
3488 3986 3594 4044 pn-

1937 4074 2086 4125 tant.
2111 4068 2333 4123 Cuncta
2369 4082 2506 4137 ergo
2551 4081 2678 4136 qua)
2725 4064 3003 4119 dicuntur
3030 4062 3103 4117 de
3130 4061 3319 4131 vinea,
3342 4064 3594 4132 possunt

1888 4152 1897 4158 ’
1937 4162 1994 4214 et
2024 4159 2095 4213 ad
2128 4156 2337 4212 anima:
2368 4159 2586 4210 statum
2619 4153 2819 4211 referri
2844 4169 2856 4208 :
2883 4168 3010 4225 quae
3037 4169 3072 4208 a
3092 4150 3210 4207 Deo
3239 4146 3502 4223 plantata
3528 4149 3590 4203 in

1941 4248 2184 4312 bonum,
2208 4261 2324 4300 non
2358 4260 2499 4299 uvas
2530 4242 2743 4311 attulit,
2777 4242 2879 4298 sed
2919 4241 3223 4298 labruscas
3255 4256 3270 4295 :
3300 4242 3360 4295 et
3388 4242 3593 4310 postea

1940 4337 2021 4392 sit
2054 4335 2272 4391 tradita
2326 4332 2530 4389 bestiis
2560 4331 2981 4401 conculcanda,
3012 4347 3117 4386 nec
3164 4329 3427 4385 divinum
3472 4326 3590 4382 im-

1940 4426 2104 4481 brem
2136 4423 2459 4496 susceperit
2478 4422 2881 4478 doctrinarum
2915 4438 2929 4476 :
2961 4421 3101 4492 quia
3129 4417 3420 4492 praeterita
3438 4416 3592 4473 dona

1938 4512 2378 4585 contempserit.

2016 4627 2042 4653 α
2076 4605 2146 4658 Et
2176 4602 2499 4673 evspectavi
2539 4604 2605 4655 ut
2653 4601 2865 4654 faceret
2894 4615 3055 4666 uvas,
3081 4597 3219 4653 fecit
3260 4600 3461 4652 autem
3506 4595 3591 4652 la-

170 4685 454 4743 deﬁeiant
468 4685 855 4775 desperando,
872 4690 938 4741 ut
959 4685 1112 4741 sicut
1129 4686 1280 4741 ﬁlios
1300 4687 1474 4743 Israel
1494 4688 1832 4759 protegebat
1860 4711 1907 4775 ί)
1942 4695 2206 4750 bruscas.
2232 4692 2398 4746 Hune
2435 4706 2571 4761 ergo
2609 4689 2971 4744 habitatores
3011 4685 3370 4743 Hierusalem
3396 4689 3456 4741 et
3482 4685 3591 4751 viri

168 4775 233 4831 in
262 4774 361 4830 die
407 4773 685 4831 columna
721 4775 899 4830 nubis
931 4776 1003 4830 ad
1044 4775 1410 4847 repellendos
1448 4781 1648 4844 aestus,
1681 4781 1738 4831 et
1769 4776 1826 4831 in
1861 4773 1894 4775 ’⁷
1937 4784 2110 4849 Juda,
2128 4782 2391 4852 judicate
2414 4780 2566 4834 inter
2587 4796 2680 4834 me
2701 4782 2757 4833 et
2781 4779 2934 4834 inter
2950 4777 3178 4835 vineam
3204 4792 3418 4832 meam.
3441 4774 3591 4841 Quid

168 4869 345 4921 nocte
374 4862 652 4920 columna
679 4863 834 4936 ignis
864 4864 937 4919 ad
984 4864 1389 4921 incutiendum
1423 4867 1716 4934 timorem,
1750 4866 1832 4921 ita

167 4953 351 5010 etiam
380 4952 442 5007 in
472 4952 769 5025 prosperis
797 4958 857 5011 et
883 4953 1144 5010 adversis
1174 4959 1434 5026 proteget
1464 4958 1520 5009 et
1549 4956 1833 5027 guberna-

168 5042 260 5098 bit
288 5040 510 5097 electos
538 5058 701 5098 suos.
1000 5092 1003 5093 ν

835 5131 1071 5188 CAPUT
1109 5132 1176 5186 V.

248 5243 278 5272 ι(
301 5219 561 5276 Cantaba
592 5236 750 5276 nunc
798 5220 1009 5277 dilecto
1049 5237 1178 5277 meo
1209 5222 1503 5279 canticum
1552 5224 1834 5295 patruelis

172 5310 316 5376 mei,
334 5308 515 5364 vineae
542 5325 684 5364 suis.
704 5333 730 5358 ι)
757 5308 968 5367 Cantat
987 5311 1276 5383 Propheta
1297 5328 1530 5367 carmen
1560 5313 1837 5369 lamenta-

169 5397 290 5454 bile
320 5396 540 5471 papula
572 5396 771 5466 Israel,
795 5398 952 5470 quod
980 5401 1314 5471 composuit
1354 5400 1472 5468 ille,
1496 5402 1567 5458 de
1596 5418 1712 5474 quo
1744 5404 1837 5457 di-

173 5492 339 5543 ctum
371 5491 461 5542 est
487 5485 545 5541 in
567 5486 899 5559 Evangelia,
924 5510 951 5537 «
977 5487 1123 5543 Cum
1154 5496 1351 5545 autem
1384 5490 1833 5558 vidisseteam,.

170 5575 333 5633 haud
355 5575 607 5631 dubium
630 5576 773 5648 quin
797 5576 1219 5647 Hierusalem,«
1246 5580 1400 5633 flevit
1431 5596 1609 5651 super
1631 5597 1759 5635 eam
1783 5585 1839 5636 et

173 5665 360 5723 dixit:
384 5665 449 5721 Si
481 5663 665 5722 scires
687 5669 748 5721 et
766 5670 831 5720 tu
862 5682 994 5737 quae
1022 5667 1097 5722 ad
1130 5685 1331 5739 pacem
1364 5674 1505 5724 sunt
1535 5670 1662 5739 tibi,
1692 5688 1835 5743 quo-

175 5755 336 5814 niam
368 5754 607 5814 venient
634 5770 815 5828 super
847 5760 904 5812 te
932 5754 1157 5814 inimici
1185 5758 1275 5817 tui
1303 5763 1361 5815 et
1390 5760 1842 5819 circumdabunt

500 5881 778 5949 Pusam.
825 5882 1033 5950 CXVI.

1940 4877 2029 4928 est
2057 4860 2421 4942 quoddebui
2454 4868 2611 4923 ultra
2653 4870 2840 4923 facere
2879 4867 3056 4922 vineae
3087 4883 3229 4921 mea;
3269 4869 3328 4921 et
3364 4879 3481 4920 non
3511 4864 3593 4920 fe-

1939 4961 2118 5017 cerim
2149 4959 2250 5014 ei?
2280 4963 2366 5013 An
2419 4959 2576 5030 quod
2609 4957 2934 5028 exspectavi
2984 4960 3049 5011 ut
3096 4956 3311 5011 faceret
3340 4970 3503 5023 uvas,
3535 4955 3597 5008 et

1943 5048 2077 5104 fecit
2107 5048 2449 5103 labruscas?
2473 5070 2499 5096 ››
2525 5046 2675 5114 Feci,
2701 5045 2913 5117 inquit,
2940 5045 3210 5100 universa
3233 5060 3362 5115 qum
3391 5041 3592 5110 debui,

1944 5138 2197 5211 plantavi
2229 5138 2458 5192 vineam
2486 5136 2545 5190 in
2577 5136 2703 5191 loco
2731 5135 3023 5191 uberrimo
3045 5151 3058 5189 :
3084 5132 3443 5189 circumdedi
3476 5144 3597 5188 ma-

1943 5227 2180 5293 ceriam,
2205 5227 2348 5297 elegi
2381 5225 2626 5297 lapides,
2651 5230 2708 5280 et
2738 5223 2966 5296 ﬂagella
2995 5224 3125 5293 ejus
3154 5219 3469 5277 hastilibus
3498 5237 3592 5276 ca-

1944 5318 2234 5388 lamisque
2265 5315 2569 5387 supposui.
2593 5313 2743 5368 Vitis
2770 5330 3004 5384 quoque
3035 5312 3163 5382 ipsa
3187 5327 3303 5365 non
3334 5309 3447 5364 fuit
3476 5325 3597 5365 una

1945 5407 2015 5461 de
2040 5405 2329 5477 pluribus,
2353 5405 2453 5459 sed
2484 5402 2684 5457 electa.
2713 5402 2860 5467 Quia
2888 5401 3070 5472 igitur
3096 5400 3215 5454 haec
3236 5398 3345 5455 feci
3368 5415 3497 5471 qua;
3520 5399 3599 5454 fa-

1945 5512 2073 5550 cere
2090 5492 2686 5563 debui,respandeant
2699 5489 2843 5544 mihi
2861 5488 3217 5544 habitatores
3233 5486 3598 5544 Hierusalem

1946 5589 2004 5640 et
2034 5584 2218 5654 Judzn,
2254 5582 2371 5636 imo
2393 5581 2663 5651 judicent
2694 5579 2846 5634 inter
2882 5595 2977 5633 me
3008 5582 3065 5633 et
3093 5578 3322 5635 vineam
3352 5594 3545 5634 meam
3579 5593 3599 5635 ξ

1948 5674 2088 5746 quid
2113 5671 2374 5743 estquod
2399 5671 2587 5725 facere
2609 5668 2806 5740 debui,
2829 5673 2886 5723 et
2910 5684 3025 5725 non
3060 5666 3331 5727 fecerim?
3361 5668 3465 5723 Hic
3496 5683 3599 5739 pa-

1948 5762 2125 5839 pulas
2154 5761 2549 5836 interrogatur
2564 5757 2736 5838 quasi
2758 5758 2828 5820 de
2846 5757 3037 5832 vinea,
3064 5762 3129 5817 ut
3157 5761 3361 5819 contra
3378 5773 3443 5820 se
3472 5757 3604 5834 ipse

3200 5891 3282 5959 24
