3960 6444
415 471 532 532 ’747
846 470 1257 533 HAYMONIS
1294 469 1831 531 llALBERSTAT.
1862 466 2106 528 EPISC.
2140 465 2315 526 OPP.
2347 466 2551 529 PARS
2583 467 2633 530 Ι.
2669 502 2747 514 -
2773 466 3181 533 COMMENT.
3218 468 3417 532 BIBL.
3725 473 3840 535 748

416 605 786 676 respondeat.
816 608 985 657 Hunc
1031 602 1223 657 locum
1268 604 1327 657 in
1368 601 1678 673 Evangelio
1708 600 1914 670 (Matth.
1946 600 2066 667 XXI)
2096 598 2151 665 Α
2183 599 2325 670 quid
2356 617 2458 655 vos
2517 600 2627 656 soli
2684 601 3030 658 habitabitis
3090 620 3269 676 super
3325 604 3587 660 terram?
3612 628 3633 654 ι
3679 607 3837 672 Quod

416 690 651 764 plenius
701 691 966 747 Salvator
1015 691 1373 762 exsequitur.
1406 692 1479 745 Et
1527 692 1682 762 quod
1714 690 1808 744 hic
1840 692 2074 761 prmter-
2182 688 2420 759 quidem
2444 693 2500 745 ct
2519 691 2870 762 generaliter
2889 692 3200 747 adversum
3223 710 3430 749 omnes
3453 693 3672 766 quibus
3697 694 3841 750 nihil

414 780 665 836 missum
723 783 834 845 est,
867 781 1094 835 scribas
1144 785 1201 835 et
1249 781 1573 835 Pliarismos
1632 779 1975 850 interrogat.
2011 778 2074 832 In
2184 777 2330 833 satis
2358 783 2466 845 est,
2501 779 2725 835 dictum
2754 785 2916 853 puto,
2941 784 2997 836 et
3026 781 3362 854 specialiter
3391 787 3595 838 contra
3613 782 3839 839 vineam

416 868 566 925 Isaia
595 868 750 923 enim
786 867 932 922 nihil
965 869 1190 924 dictum
1231 874 1321 924 est
1368 871 1439 923 de
1484 868 1779 941 agricolis,
1815 885 1918 922 nec
1949 884 2076 939 quae
2186 866 2440 933 Domini,
2473 886 2601 940 qua:
2631 886 2735 941 pro
2767 869 2895 924 uvis
2946 869 3083 925 fecit
3130 870 3459 939 labruscas,
3494 871 3551 926 id
3598 876 3706 939 est,
3740 889 3841 944 pro

414 956 645 1029 passuri
672 960 812 1012 sunt
840 956 1174 1013 indicatur:
1199 958 1302 1013 sed
1334 962 1567 1014 tantum
1590 959 1661 1012 de
1681 958 1852 1011 vinea
1883 972 2076 1013 sermo
2176 955 2404 1028 judicio
2458 956 2853 1029 iniquitatem,
2886 974 2991 1030 pro
3041 958 3281 1029 justitia
3337 959 3675 1017 clamorem.
3708 963 3840 1027 Qua:

414 1049 523 1101 est.
546 1045 631 1100 Ibi
657 1049 857 1101 autem
888 1046 1060 1119 quasi
1083 1046 1200 1101 alia
1229 1046 1497 1102 sitvinca
1525 1050 1583 1102 et
1611 1046 1765 1101 alius
1797 1044 2073 1117 agricola,

415 1134 500 1190 sic
521 1134 593 1190 de
613 1134 829 1207 populo
850 1134 1114 1207 loquitur
1134 1140 1191 1191 et
1215 1134 1535 1209 magistris,
1557 1140 1643 1204 ut,
1669 1159 1697 1185 ‹‹
1720 1135 1904 1191 Malos
1928 1134 2079 1190 male

417 1223 653 1296 perdat;
684 1245 706 1274 ι
731 1225 824 1293 Et,
847 1247 874 1274 «
897 1223 1131 1281 vineam
1154 1225 1286 1281 aliis
1317 1224 1593 1297 agricolis
1623 1224 1831 1294 locet,»
1854 1224 2077 1296 signiﬁ-

419 1329 562 1371 cans
589 1312 888 1386 apostolos
910 1317 968 1369 et
989 1331 1087 1370 eos
1118 1314 1218 1386 qui
1250 1314 1535 1387 apostolis
1564 1314 1895 1370 successuri
1919 1317 2078 1369 sunt.

422 1402 615 1474 Supra
628 1401 786 1458 enim
810 1402 967 1475 apud
991 1419 1053 1458 se
1069 1403 1286 1459 tacitus
1306 1402 1585 1475 loquitur,
1600 1403 1698 1458 hic
1714 1406 1910 1458 autem
1924 1402 2078 1474 quod

428 1491 786 1564 cogitaverat
815 1491 961 1548 alios
992 1492 1332 1565 interrogat.

505 1603 528 1631 ι
552 1580 627 1637 Et
656 1597 812 1636 nunc
842 1582 1148 1637 ostendam
1171 1580 1336 1635 vobis
1361 1581 1503 1653 quid
1535 1598 1642 1654 ego
1673 1581 1884 1637 faciam
1903 1581 2083 1636 vineae

428 1686 594 1726 mea).
623 1669 898 1725 Auferam
929 1686 1129 1741 sepem
1162 1670 1311 1740 ejus,
1336 1674 1392 1725 et
1436 1670 1548 1725 erit
1576 1670 1636 1724 in
1669 1669 2081 1743 direptionem.

425 1758 666 1813 Diruam
698 1757 1014 1813 maceriam
1047 1759 1198 1829 ejus,
1231 1762 1289 1812 et
1327 1757 1439 1813 erit
1469 1758 1528 1813 in
1559 1758 2083 1814 conculcationem.

427 1847 498 1902 Et
525 1862 743 1917 ponam
773 1863 903 1902 eam
935 1847 1250 1914 desertam,
1285 1864 1401 1903 non
1433 1848 1742 1918 putabitur
1771 1851 1830 1903 et
1859 1865 1974 1903 non
2010 1847 2089 1902 fo-

2187 1044 2343 1099 cnim
2374 1050 2465 1100 est
2496 1046 2712 1115 rabies,
2737 1064 2872 1102 cum
2904 1051 3058 1103 tecta
3087 1049 3148 1102 in
3180 1047 3337 1121 agris
3367 1050 3440 1104 ad
3472 1048 3845 1123 depellendos

2188 1134 2407 1190 imbres
2439 1138 2497 1190 et
2528 1136 2601 1190 ad
2634 1135 2913 1192 serendas
2955 1137 3155 1209 fruges
3186 1136 3388 1193 haberi
3418 1138 3747 1205 videantur,
3779 1155 3846 1193 ea

2189 1222 2404 1279 habere
2461 1240 2693 1296 cupere,
2741 1225 2959 1297 quibus
3017 1226 3349 1297 conjunctis
3404 1226 3671 1283 habitare
3728 1244 3846 1282 non

2189 1312 2403 1384 possis,
2427 1317 2633 1385 etquae
2666 1312 2853 1370 colere
2882 1331 2997 1369 non
3028 1314 3292 1370 sufﬁcias
3316 1332 3328 1369 :
3354 1314 3596 1371 alterius
3617 1332 3848 1388 quoque

2191 1402 2602 1458 necessitatem
2626 1407 2789 1459 tuam
2818 1402 3003 1459 facere
3024 1403 3383 1459 voluntatem
3400 1404 3428 1459 ?
3446 1404 3623 1460 Juxta
3652 1409 3851 1477 tropo-

2192 1489 2431 1564 logiam,
2456 1496 2658 1547 contra
2689 1490 2992 1549 haereticos
3020 1493 3261 1564 quidam
3294 1493 3403 1549 hoc
3431 1493 3657 1549 dictum
3686 1493 3854 1549 arbi-

2192 1584 2447 1636 trantur.
2471 1580 2578 1646 Qui
2611 1597 2747 1636 cum
2787 1581 3074 1637 moverint
3112 1581 3288 1654 pedes
3326 1598 3467 1638 suos
3496 1582 3567 1638 de
3597 1582 3851 1650 oriente,

2192 1668 2437 1725 veniunt
2492 1669 2552 1724 in
2614 1686 2892 1742 campum
2946 1670 3227 1737 Sennaar,
3270 1669 3370 1742 qui
3425 1670 3853 1742 interpretatur

2192 1759 2443 1813 excusato
2464 1756 2729 1823 dentium,
2754 1762 2811 1813 et
2828 1757 3118 1814 aedificant
3140 1756 3435 1814 civitatem
3457 1757 3851 1824 confusionis,

2194 1850 2536 1918 turrcmque
2576 1845 2886 1919 superbiae.
2911 1845 3014 1903 Isti
3063 1846 3267 1903 domos
3317 1845 3614 1913 domibus,
3649 1846 3709 1901 id
3743 1850 3853 1912 est,

422 1935 634 2033 dictur,
660 1937 719 2033 et
751 1935 1071 2033 ascendant
1116 1951 1295 2033 super
1324 1951 1454 1991 eam
1487 1952 1697 2033 vepres
1729 1940 1786 1992 et
1826 1937 2086 2033 spinae.»
2117 1967 2166 2033 B
2195 1936 2410 2008 dogma
2451 1935 2835 2033 dogmatibus
2885 1935 3445 2033 conﬁngunt-Tam
3493 1934 3609 2033 diu
3656 1930 3854 2033 autem

428 2024 580 2091 Quia
606 2023 715 2079 feci
745 2023 926 2079 vineae
949 2040 1091 2079 mea:
1124 2028 1337 2080 cuncta
1366 2042 1493 2096 quae
1525 2025 1722 2095 debui,
1747 2030 1806 2081 et
1832 2043 1936 2099 pro
1959 2025 2088 2082 uvis
2117 2022 2164 2033 ”
2197 2028 2470 2097 quaerunt
2494 2023 2737 2080 heretici
2773 2040 2922 2080 nova
2949 2023 3243 2079 veteribus
3266 2024 3537 2096 jungere,
3560 2027 3619 2079 et
3649 2022 3855 2078 eadem

429 2112 627 2169 attulit
658 2111 984 2185 labruscas,
1017 2114 1278 2169 auferam
1320 2114 1597 2170 universa
1627 2133 1754 2187 qum
1786 2115 2085 2171 dederam.

427 2201 655 2257 Tollam
672 2201 1016 2274 angelorum
1037 2202 1353 2273 auxilia,de
1367 2203 1585 2274 quibus
1604 2204 1663 2258 in
1686 2202 1932 2276 psalmis
1951 2204 2088 2259 scri-

426 2293 596 2361 ptum
626 2293 754 2346 est:
781 2290 1185 2345 Circumdabit
1215 2290 1461 2363 angelus
1483 2292 1715 2347 Domini
1746 2293 1807 2347 in
1839 2293 2088 2348 circuitu

428 2378 770 2434 timentium
800 2394 957 2448 eum,
981 2383 1039 2433 et
1068 2378 1341 2434 liberabit
1370 2397 1470 2435 eos
1495 2398 1508 2435 :
1534 2384 1591 2435 et
1620 2379 1855 2452 diripiat
1885 2382 1956 2436 ab
1988 2382 2088 2437 ad-

432 2466 728 2523 versariis.
744 2471 1053 2522 Destruam
1076 2484 1277 2523 muros
1299 2468 1521 2539 ejus,et
1538 2468 1797 2525 inimicis
1816 2470 2091 2541 gentibus

440 2556 790 2628 subjacebit.
842 2556 1080 2628 Eritque
1126 2557 1379 2623 deserta,
1411 2561 1469 2612 ct
1520 2575 1635 2613 non
1685 2560 1988 2630 putabitur
2031 2560 2090 2615 in

440 2649 745 2714 aeternum,
770 2661 876 2700 nec
910 2645 1180 2712 fodietur,
1203 2649 1271 2701 ut
1290 2645 1590 2718 redigatur
1617 2646 1678 2702 in
1710 2665 1932 2720 vepres.
1958 2648 2091 2704 Tol-

438 2733 581 2788 litur
610 2738 809 2789 autem
842 2734 943 2789 Dei
974 2733 1259 2789 auxilium
1291 2736 1364 2789 ab
1395 2734 1489 2791 his
1520 2736 1620 2807 qui
1650 2735 1876 2809 indigni
1909 2742 2049 2793 sunt
2076 2754 2089 2792 :

436 2826 505 2878 ut
532 2822 673 2894 quia
702 2840 817 2878 non
849 2827 1161 2879 senserunt
1181 2824 1366 2879 Deum
1389 2841 1493 2897 per
1511 2825 1814 2895 beneficia,
1838 2826 2096 2881 sentiant

434 2928 541 2983 per
559 2911 869 2984 supplicia.
888 2911 990 2968 Vel
1013 2912 1144 2968 ideo
1167 2913 1501 2969 truculenta
1521 2916 1789 2986 quaedam
1809 2919 1867 2971 et
1885 2932 2096 2989 aspera

434 3004 528 3056 est
547 3000 1045 3070 comminatus,ut
1074 3001 1336 3058 conversi
1357 3003 1431 3057 ad
1453 3003 1879 3075 pmnitentiam,
1904 3005 2096 3060 immi-

434 3089 639 3146 nentia
676 3094 968 3147 tormenta
1005 3090 1281 3147 devitent.
1306 3115 1333 3142 «
1368 3092 1439 3147 Et
1478 3093 1736 3150 nubibus
1776 3094 2091 3162 mandabo,

433 3195 509 3235 ne
539 3178 746 3251 pluant
767 3197 946 3253 super
974 3197 1104 3236 eam
1136 3180 1444 3237 imbrem.»
1472 3182 1598 3237 Non
1629 3181 1823 3238 solum
1855 3184 1927 3239 de
1957 3200 2096 3256 pro-

432 3267 652 3340 phetis,
677 3269 779 3323 sed
812 3272 869 3323 et
895 3269 967 3325 de
989 3269 1269 3340 apostolis
1296 3287 1614 3342 possumus
1642 3270 1988 3344 intelligere.
2012 3274 2095 3328 Ne

2197 2113 2623 2169 recentioribus
2654 2112 2991 2178 immutare,
3016 2112 3198 2169 donec
3231 2115 3289 2168 et
3318 2128 3531 2169 sensus
3556 2110 3857 2169 humanus

2199 2207 2257 2257 ct
2286 2220 2481 2258 sermo
2511 2202 2767 2258 deficiat.
3160 2254 3165 2257 .

2274 2313 2303 2341 ››
2338 2293 2399 2346 In
2432 2290 2675 2346 auribus
2703 2290 2853 2346 meis
2883 2289 3188 2358 sunthaec,
3214 2288 3358 2345 dicit
3387 2288 3672 2345 Dominus
3702 2304 3862 2344 exer-

2201 2380 2446 2435 cituum.
2473 2380 2595 2436 Nisi
2621 2380 2834 2436 domus
2856 2378 3053 2435 multae
3075 2379 3319 2434 deserta:
3341 2378 3578 2447 fuerint,
3602 2377 3859 2451 grandes

2200 2474 2259 2524 et
2290 2468 2548 2541 pulchra:
2579 2468 2802 2540 absque
2839 2468 3192 2525 habitatore.
3221 2488 3244 2519 ι
3280 2467 3342 2522 Id
3381 2471 3492 2535 est,
3516 2466 3692 2523 verba
3727 2482 3857 2538 qua:

2168 2557 2434 2614 elocutus
2472 2562 2563 2614 est
2610 2558 2921 2625 Dominus,
2952 2556 3146 2613 adhuc
3200 2560 3477 2613 resonant
3506 2555 3567 2611 in
3613 2554 3857 2610 auribus

2202 2645 2370 2703 meis.
2396 2645 2681 2703 Dominus
2705 2650 2904 2702 autem
2926 2646 3159 2702 locutus
3188 2650 3298 2713 est,
3331 2645 3487 2717 quod
3520 2649 3652 2717 post
3679 2643 3858 2716 capti-

2200 2736 2439 2792 vitatem
2471 2736 2683 2791 domus
2714 2752 2940 2811 magna:
2970 2739 3146 2807 atque
3171 2733 3579 2808 pulcherrima:
3613 2733 3854 2789 deserta:

2202 2825 2440 2892 fuerint,
2465 2842 2581 2880 non
2612 2824 2895 2881 habentes
2927 2823 3339 2881 habitatorem.

2274 2937 2302 2965 «
2337 2914 2549 2969 Decem
2591 2914 2748 2969 enim
2791 2914 3003 2987 jugera
3033 2911 3336 2969 vinearum
3385 2910 3598 2968 facient
3644 2910 3853 2984 lagun-

2202 3002 2399 3058 culam
2421 3019 2624 3070 unam,
2651 3008 2710 3058 et
2735 3002 2980 3076 triginta
3000 3001 3181 3058 modii
3203 3002 3482 3058 sementis
3504 3000 3719 3057 facient
3737 3015 3857 3055 mo-

2203 3092 2331 3148 dios
2360 3097 2535 3148 tres.»
2560 3093 2622 3149 Id
2644 3097 2754 3161 est,
2770 3092 2984 3149 chorus
3014 3090 3187 3148 faciet
3213 3090 3404 3165 cepha,
3428 3091 3583 3163 quod
3606 3090 3857 3163 Septua-

2203 3180 2368 3254 ginta
2395 3189 2502 3237 tres
2537 3197 2825 3238 mensuras
2884 3180 3249 3253 inteepretati
3308 3184 3469 3246 sunt,
3501 3178 3559 3237 id
3591 3182 3701 3244 est,
3736 3182 3854 3234 tres

2202 3270 2453 3327 modios.
2477 3272 2657 3327 Batus
2687 3274 2905 3338 autem,
2930 3269 2991 3324 in
3023 3267 3268 3340 liquidis
3294 3268 3600 3341 speciebus
3620 3266 3856 3334 dicitur,

433 3373 541 3428 pro
564 3356 692 3411 uvis
714 3357 987 3413 afferrent
1009 3358 1232 3428 spinas,
1255 3341 1356 3414 sed
1378 3376 1482 3432 pro
1504 3360 1809 3416 sterilitate
1834 3341 1893 3417 et
1923 3362 2096 3417 aridi-
2120 3341 2165 3408 (ἶ
2203 3364 2260 3416 et
2280 3360 2435 3432 oephi
2457 3360 2578 3416 sive
2598 3347 2770 3431 mpha
2790 3357 3054 3428 ejusdem
3078 3372 3370 3414 mensurae
3392 3358 3453 3414 in
3476 3356 3677 3413 aridis.
3695 3356 3858 3423 Quod

435 3449 558 3501 tate
586 3461 696 3500 sua
723 3450 1104 3517 precarentur
1133 3462 1267 3502 eum
1299 3448 1402 3519 qui
1435 3452 1623 3520 potest
1653 3448 1872 3506 imbres
1905 3451 2091 3507 virtu-

437 3537 568 3589 tum
602 3533 878 3605 praebere.

517 3640 541 3670 ι
572 3621 759 3678 Vinea
811 3622 1041 3678 Domini
1084 3624 1446 3681 exercituum
1480 3626 1692 3683 domus
1749 3628 1926 3684 Israel
1978 3634 2088 3699 est,

434 3715 495 3766 et
521 3709 629 3767 viri
667 3710 822 3767 Juda
859 3728 1097 3785 germen
1140 3712 1481 3769 delectabile
1522 3716 1702 3786 ejus,»
1730 3716 1790 3771 id
1834 3722 1943 3788 est,
1966 3718 2088 3774 Dei.

435 3799 682 3856 Pulchre
713 3800 911 3869 Israel,
945 3801 1001 3856 id
1035 3806 1143 3869 est,
1177 3806 1337 3858 totus
1368 3803 1624 3875 populus
1657 3805 1854 3873 Israel,
1879 3807 2091 3864 domus

431 3889 532 3947 Dei
564 3888 778 3945 dicitur
809 3906 821 3945 :
854 3890 1041 3947 Judas
1085 3896 1281 3947 autem
1326 3908 1566 3963 germen
1599 3893 1962 3965 delectabile,
1989 3896 2089 3968 qui

430 3983 636 4052 postea
656 3976 942 4052 separatis
966 3981 1238 4037 tribubus
1260 3980 1592 4054 pullulavit.
1609 3983 1911 4040 Novellum
1934 3986 2091 4040 enim

428 4067 644 4125 dicitur
662 4068 1026 4124 delectabile.
1047 4070 1157 4125 Sed
1183 4074 1240 4125 ct
1264 4069 1372 4125 hoc
1394 4072 1907 4144 notandum,quod
1921 4075 2094 4146 juxta

429 4157 916 4215 consuetudinem
948 4158 1397 4231 prophetialem,
1424 4176 1551 4232 qua:
1584 4161 1749 4233 prius
1781 4178 1883 4234 per
1913 4167 2091 4220 mcta-

428 4246 675 4320 phoram
715 4247 874 4303 dicta
914 4252 1076 4314 sunt,
1104 4247 1191 4303 vel
1233 4265 1337 4320 per
1378 4250 1740 4320 parabolam,
1765 4255 1967 4323 postea
1996 4270 2091 4309 ex-

424 4341 728 4409 ponuntur
756 4335 1153 4404 manifestius,
1190 4338 1345 4408 quod
1380 4338 1548 4395 vinea
1579 4344 1637 4394 et
1669 4340 1897 4396 novella
1922 4340 2094 4413 plan-

424 4425 568 4483 tatio
590 4423 768 4482 Israel
792 4428 849 4480 et
870 4425 900 4482 J
908 4425 1026 4480 uda
1048 4429 1244 4480 sunt.«
1272 4426 1639 4499 Exspectavi,
1663 4432 1729 4484 ut
1762 4429 1979 4485 faceret
2000 4431 2101 4502 ju-

2201 3454 2399 3507 autem
2420 3448 2727 3503 azdificatio
2748 3450 2806 3502 et
2829 3444 3195 3518 agricultura
3225 3446 3514 3503 referatur
3543 3446 3616 3502 ad
3646 3442 3859 3500 intelli-

2200 3539 2457 3612 gentiam
2516 3533 2907 3609 spiritualem,
2955 3532 3133 3590 etiam
3194 3533 3307 3591 alio
3364 3532 3491 3590 loco
3523 3534 3740 3607 (Ephes.
3768 3536 3860 3603 III)

2201 3624 2417 3681 Paulus
2446 3621 2749 3696 apostolus
2792 3622 2982 3691 docet,
3013 3641 3035 3672 ι
3070 3621 3345 3677 fundatos
3375 3626 3435 3678 et
3476 3622 3767 3679 radicatos
3795 3621 3857 3677 in

2201 3714 2485 3770 cliaritate
2502 3713 2804 3769 credentes
2827 3727 2956 3768 esse
2980 3733 3009 3761 »
3020 3713 3382 3767 contestans.
3397 3710 3559 3767 Unde
3578 3714 3636 3766 et
3655 3709 3858 3766 Eccle-

2200 3804 2412 3861 siastes
2432 3803 2654 3873 (Ecclcs.
2680 3801 2741 3873 ιι)
2775 3818 2892 3857 non
2923 3799 3116 3857 solum
3150 3798 3265 3856 sibi
3294 3797 3591 3856 mdiﬁcavit
3619 3797 3853 3869 domos,

2200 3894 2303 3949 sed
2334 3896 2392 3949 et
2421 3890 2709 3965 plantavit
2745 3889 2969 3956 vineas,
2994 3893 3052 3947 et
3082 3888 3220 3947 fecit
3260 3888 3459 3945 hortos
3484 3890 3540 3944 et
3566 3887 3854 3959 pomeria,

2201 3988 2260 4039 ct
2290 3982 2550 4038 instituit
2576 3996 2782 4037 omnes
2813 3980 3051 4035 arbores
3098 3978 3436 4050 pomiferas,
3458 3975 3854 4048 exstruxitque

2203 4072 2481 4146 piscinas,
2516 4075 2581 4126 ut
2610 4069 2881 4142 irrigaret
2924 4067 3163 4124 saltum.
3198 4067 3372 4123 Porro
3403 4065 3655 4122 haeretici
3702 4064 3854 4121 ima-

2202 4162 2400 4234 ginem
2440 4164 2675 4217 tantum
2718 4159 3002 4214 habentes
3043 4157 3434 4228 umbramque
3461 4154 3765 4223 virtutum,
3798 4160 3856 4212 et

2203 4269 2319 4308 non
2359 4251 2551 4325 ipsam
2590 4249 2919 4313 veritatem,
2952 4248 3173 4320 absque
3210 4247 3402 4302 fructu
3445 4261 3687 4318 operum
3723 4261 3857 4301 ver-

2204 4342 2415 4397 borum
2446 4338 2584 4395 folia
2612 4336 2981 4411 pollicentur.
3010 4336 3091 4392 De
3121 4334 3338 4408 quibus
3380 4334 3686 4391 arboribus
3715 4333 3857 4390 dicit

2203 4430 2492 4487 Dominus
2519 4427 2738 4503 (Matth.
2761 4429 2856 4497 xv)
2883 4442 2898 4482 :
2923 4449 2950 4476 ‹‹
2984 4424 3191 4482 Omnis
3220 4422 3503 4496 plantatio
3533 4439 3706 4495 quam
3737 4439 3853 4479 non

425 4516 647 4572 dicium
672 4532 687 4571 ε
713 4518 769 4570 et
798 4531 929 4570 ecce
960 4513 1266 4587 iniquitas.
1289 4515 1360 4570 Et
1384 4516 1704 4587 justitiam,
1728 4521 1786 4573 et
1816 4534 1948 4574 ecce
1982 4519 2095 4577 cla.
2206 4518 2491 4592 plantavit
2549 4516 2924 4589 Paterémeus
2969 4513 3222 4571 coalestis
3275 4511 3687 4569 eradicabitur.
3713 4534 3742 4562 »
3773 4513 3852 4570 De

423 4622 571 4663 mor.
601 4628 622 4655 ιι
672 4603 1043 4675 Exspectavit
1103 4604 1259 4660 Deus
1316 4609 1381 4659 ut
1438 4604 1697 4676 populus
1753 4607 2092 4665 Judmorum
2202 4610 2370 4665 vinea
2408 4611 2605 4663 autem
2646 4606 3036 4663 Sodomorum
3060 4602 3231 4660 vinea
3257 4619 3484 4672 eorum,
3510 4605 3568 4657 et
3596 4618 3850 4677 propago

413 4693 712 4765 judicium
735 4693 969 4759 faceret,
988 4692 1044 4746 id
1068 4696 1160 4746 est
1182 4709 1359 4748 uvas:
1385 4697 1444 4747 et
1464 4694 2090 4767 fecitiniquitatem,id
2120 4712 2169 4780 Β
2202 4715 2406 4754 eorum
2443 4697 2514 4752 de
2544 4694 2888 4751 Gomorrba.

420 4788 510 4839 est
525 4782 941 4838 labruscas.Et
957 4780 1722 4852 cxspcctavitjustitiam,ut
1742 4782 2080 4857 largitorem
2268 4812 2295 4839 «
2317 4787 2413 4840 Va:
2435 4785 2536 4858 qui
2560 4783 2920 4857 consurgitts
2951 4799 3124 4839 mane
3155 4783 3226 4839 ad
3257 4781 3597 4838 ebrietatem
3626 4786 3849 4839 sectan-

419 4875 724 4927 tantorum
756 4886 1069 4924 munerum
1101 4885 1135 4923 a
1165 4872 1327 4940 patre
1370 4870 1620 4926 missum
1655 4872 1996 4945 susciperet,
2028 4879 2085 4930 et
2194 4878 2351 4945 dam,
2386 4880 2442 4931 et
2488 4874 2813 4946 potandum
2873 4888 3060 4944 usque
3119 4872 3192 4928 ad
3247 4887 3579 4943 vesperum,
3611 4874 3676 4926 ut
3710 4871 3843 4931 vino

419 4959 558 5016 fecit
578 4959 897 5015 clamorem
917 4976 1029 5028 quo
1048 4958 1395 5013 vociferatus
1416 4963 1505 5013 est
1526 4964 1728 5015 contra
1746 4962 2079 5032 Dominum,

413 5053 469 5103 et
492 5048 773 5104 clamavit
792 5046 1240 5116 dicens,«Tolle,
1263 5047 1700 5120 tolle,crueiligc
1719 5066 1853 5104 eum
1875 5051 2079 5121 !(Joan.

408 5142 551 5207 xxx.)
573 5158 595 5188 υ
624 5135 789 5191 Unde
810 5141 867 5190 et
890 5135 1109 5190 Paulus
1141 5136 1449 5208 apostolus
1474 5138 1739 5193 scribens
1761 5139 1862 5210 ait,
1891 5163 1911 5189 α
1939 5142 2080 5197 Om-

408 5226 498 5284 nis
532 5226 623 5280 ira
653 5227 713 5278 et
756 5224 979 5280 clamor
1031 5230 1089 5280 et
1142 5225 1511 5295 blasphemia
1562 5227 1803 5283 tollatur
1828 5245 1862 5283 a
1891 5231 2078 5303 vobis,

402 5329 544 5372 cum
592 5312 755 5368 omni
800 5314 1023 5371 malitia
1048 5314 1262 5384 (Ephcs.
1299 5315 1433 5385 1v)»
1459 5314 1560 5371 Vel
1602 5322 1757 5371 certe
1797 5319 2077 5389 quoniam

382 5399 546 5466 insti
595 5402 950 5467 sanguinem
1014 5402 1310 5473 fuderant,
1343 5408 1400 5457 et
1458 5405 1702 5478 sanguis
1760 5406 2075 5464 Dominica:

380 5484 709 5555 passionis
736 5486 1018 5548 clamaret
1050 5490 1123 5545 ad
1172 5489 1378 5560 Deum,
1406 5499 1712 5563 prOpterea
1758 5495 2073 5553 clamorem

366 5586 484 5639 pro
511 5568 773 5640 justitia
804 5581 1213 5637 reddiderunt.

435 5683 465 5709 σι
531 5652 649 5703 Vm
703 5661 801 5722 qui
863 5663 1235 5740 conjungitis
1292 5667 1533 5723 domum
1593 5673 1666 5727 ad
1716 5673 1959 5729 domum
2016 5681 2073 5731 et

338 5749 611 5821 agr-um
633 5749 770 5803 agro
792 5752 1095 5831 copulatis
1117 5765 1305 5824 usque
1329 5755 1401 5810 ad
1423 5759 1741 5839 terminum
1763 5762 1897 5835 loci.
1917 5764 2073 5823 Nun-

2191 4964 2471 5021 azstuetis.
2498 4962 2769 5035 Cythara,
2794 4966 2851 5017 et
2882 4960 3025 5034 lyra,
3052 4964 3108 5016 et
3138 4965 3508 5033 tympanum,
3526 4964 3584 5015 et
3601 4959 3764 5031 tibia,
3788 4966 3843 5018 et

2188 5054 2393 5109 vinum
2426 5052 2485 5107 in
2518 5050 2797 5107 conviviis
2826 5049 3056 5116 vestris,
3089 5053 3146 5105 et
3173 5066 3320 5122 opus
3352 5047 3582 5104 Domini
3613 5066 3728 5104 non
3762 5064 3840 5105 τεο

2190 5143 2437 5214 spicitis,
2462 5158 2570 5197 nec
2601 5157 2777 5213 opera
2808 5155 3095 5195 manuum
3128 5140 3257 5211 ejus
3288 5137 3727 5194 consideratis.»
3745 5140 3841 5193 Ar-

2188 5232 2317 5305 guit
2338 5232 2512 5304 juxta
2542 5228 2966 5300 consequentia
2997 5232 3197 5299 coeptae
3237 5226 3661 5299 explanationis
3692 5227 3838 5300 agri-

2187 5319 2346 5377 colas
2375 5321 2578 5385 vinczc,
2604 5318 2706 5391 qui
2735 5318 3084 5373 imminente
3115 5315 3423 5374 sterilitate
3449 5320 3506 5371 et
3522 5316 3731 5373 vicinio
3759 5317 3839 5373 in-

2186 5408 2412 5477 cendio,
2449 5425 2564 5480 quo
2597 5423 2802 5480 vepres
2836 5411 2893 5462 et
2925 5406 3108 5479 spina:
3140 5410 3281 5462 sunt
3310 5404 3737 5474 comburendae,
3758 5405 3838 5462 lu-

2183 5498 2362 5554 xuriaz
2395 5515 2457 5552 se
2484 5501 2541 5553 et
2558 5496 2963 5568 voluptatibus
2996 5494 3368 5555 tradiderunt
3393 5511 3406 5551 :
3432 5511 3545 5550 non
3568 5493 3756 5551 solum
3774 5495 3831 5551 in

2181 5586 2465 5645 vescendo
2497 5590 2555 5641 et
2587 5585 2865 5654 bibendo,
2901 5585 3002 5641 sed
3050 5584 3109 5639 in
3151 5583 3383 5640 aurium
3415 5599 3650 5655 quoque
3677 5583 3829 5640 oble-

2182 5677 2435 5732 ctatione
2466 5680 2524 5729 et
2554 5674 2614 5730 in
2647 5674 2895 5731 diversis
2926 5674 3166 5730 musica:
3197 5672 3342 5729 artis
3371 5671 3704 5744 generibus.
3729 5672 3825 5739 Qui

2181 5781 2317 5825 cum
2348 5764 2462 5821 ista
2489 5763 2731 5834 faciunt,
2755 5779 2903 5841 opus
2934 5762 3167 5822 Domini
3194 5778 3311 5819 non
3340 5760 3700 5837 respiciunt:
3724 5776 3820 5824 nec
