3960 6388
222 512 339 571 749

1297 513 1709 575 COMMENT.
1756 513 1833 573 IN
1876 511 2168 574 ISAIAM.
2216 546 2293 558 -—
2336 515 2486 576 LIB.
2531 515 2578 576 Ι.

3521 517 3645 583 750

219 642 595 699 considerant
642 659 772 715 quae
816 648 1059 700 ventura
1107 650 1248 701 sunt
1304 646 1438 701 illis.
1478 648 1669 701 Potest
1708 647 1878 717 juxta
1906 643 1963 711 Α
1991 649 2048 699 et
2071 645 2223 700 Deus
2255 651 2495 702 sanctus
2527 646 2994 705 sanctiﬁcabitur
3022 648 3081 703 in
3104 648 3362 720 justitia,
3397 671 3425 699 »
3453 648 3512 705 id
3533 654 3643 718 est,

218 731 484 787 altiorem
516 730 974 805 intelligentiam
1024 735 1219 790 omnis
1260 736 1468 790 anima:
1517 734 1878 807 perturbatio

217 820 465 875 ebrietas
496 820 805 893 appellari,
839 839 965 895 quze
997 824 1326 895 concipitur
1371 826 1440 879 de
1489 824 1622 878 vino
1666 823 1879 878 furoris

220 907 569 975 draconum,
602 913 660 964 et
689 910 762 965 de
787 926 1011 967 veneno
1042 911 1314 983 aspidum
1340 912 1647 967 insanabili
1683 929 1695 966 :
1721 912 1876 983 quod

213 996 482 1052 nonnulli
512 997 728 1054 bibunt
758 1000 831 1055 ab
863 998 1259 1055 adolescentia
1291 1018 1475 1073 usque
1508 1002 1563 1054 in
1610 1006 1875 1054 senectu-

213 1089 349 1153 tem,
371 1085 483 1141 hoc
514 1091 604 1142 est
634 1086 705 1141 de
729 1103 901 1142 mane
932 1104 1120 1159 usque
1143 1089 1213 1143 ad
1238 1107 1539 1159 vesperam
1565 1106 1577 1143 :
1604 1089 1700 1142 alii
1741 1107 1876 1143 vero

211 1173 354 1229 hora
378 1174 569 1243 tertia,
588 1178 771 1245 sexta,
794 1174 883 1229 vel
917 1193 1071 1231 nona
1119 1179 1505 1243 suscitantur,
1523 1178 1609 1231 vel
1648 1179 1876 1233 decima

209 1263 278 1317 de
298 1262 567 1318 convivio
590 1279 604 1317 :
630 1264 960 1336 diciturquc
982 1266 1055 1319 ad
1078 1282 1199 1320 eos.
1219 1289 1245 1316 ‹‹
1272 1267 1747 1337 Expergiscimini
1773 1267 1874 1339 qui

207 1351 354 1407 ebrii
385 1351 530 1408 estis
572 1352 708 1409 vino
731 1353 887 1423 (lect.
926 1357 986 1423 ι).
1024 1354 1418 1409 lnfclicissimi
1466 1359 1659 1409 autem
1713 1360 1871 1424 sunt,

207 1440 304 1512 qui
341 1441 415 1496 de
448 1457 619 1496 mane
651 1457 838 1513 usque
869 1442 942 1497 ad
987 1444 1627 1515 vesperam,ebrietale,
1649 1444 1786 1515 gula
1817 1449 1875 1499 et

204 1529 458 1584 diversis
486 1528 890 1601 voluptatibus
939 1530 1228 1603 occupati,
1263 1550 1378 1587 non
1426 1532 1762 1605 intelligunt
1814 1533 1872 1586 in

204 1635 260 1673 se
292 1635 478 1691 opera
506 1618 634 1688 Dei,
662 1636 770 1674 nec
820 1621 1201 1675 considerant
1246 1639 1426 1693 quare
1479 1622 1658 1676 creati
1710 1625 1869 1676 sunt.

208 1730 228 1754 -
264 1706 585 1779 Propterea
614 1707 882 1780 captivus
913 1707 1128 1764 ductus
1152 1713 1243 1764 est
1264 1709 1518 1783 populus
1540 1711 1873 1782 meus,quia

203 1812 321 1850 non
356 1795 566 1851 habuit
608 1795 940 1865 scientiam,
974 1801 1031 1852 et
1078 1797 1307 1852 nobiles
1350 1799 1480 1869 ejus
1526 1799 1873 1854 interierunt

203 1883 385 1955 fame,
418 1889 475 1940 et
506 1883 825 1940 multitudo
856 1886 986 1956 ejus
1028 1886 1121 1940 siti
1175 1887 1421 1940 exaruit.
1462 1911 1487 1935 »ι
1529 1888 1657 1941 Hmc
1701 1889 1871 1958 juxta

200 1972 464 2029 litteram
484 1971 769 2029 accidisse
790 1973 1007 2046 populo
1028 1974 1364 2030 Juda‘orum
1389 1976 1499 2030 sub
1513 1976 1870 2048 Vespasiano
1898 2013 1950 2080 Β

234 2062 361 2080 ηπ..
1120 2068 1129 2080 ,
1257 2064 1294 2080 η
1666 2067 1685 2080 ,
1751 2067 1786 2080 ,.

200 2062 406 2118 etTito
421 2061 700 2118 Romanis
718 2061 1235 2136 principibus,tam
1254 2064 1449 2119 Grmca
1471 2083 1647 2136 quam
1666 2067 1872 2122 Latina

205 2154 417 2207 narrat
445 2149 713 2207 historia.
739 2151 904 2218 Quod
935 2151 1175 2224 quidem
1205 2157 1262 2207 et
1291 2152 1672 2225 spiritualiter
1702 2154 1874 2211 hodie

204 2238 586 2312 intelligitur,
619 2256 747 2312 quae
781 2240 1089 2312 patiuntur
1117 2241 1474 2297 sustinentes
1503 2260 1615 2297 non
1657 2243 1870 2299 famem

202 2328 385 2400 panis
404 2345 592 2400 neque
607 2327 769 2384 sitim
788 2330 1080 2401 aqum,scd
1106 2330 1318 2385 famem
1341 2330 1616 2387 audiendi
1630 2334 1870 2388 verbum

207 2417 314 2473 Dei
336 2418 515 2487 (Deut.
540 2420 689 2487 vm.)
721 2418 884 2483 Quod
918 2422 1111 2473 autem
1137 2419 1330 2475 omnis
1370 2438 1561 2476 sermo
1595 2422 1870 2477 doctrinae

201 2506 379 2578 panis
410 2505 744 2579 appellatur
774 2510 831 2562 et
859 2524 1033 2580 aqua,
1069 2506 1214 2562 illud
1248 2509 1416 2564 docet
1459 2510 1869 2583 Evangelicum

204 2594 415 2667 (Matth.
450 2611 536 2664 Iv;
572 2595 700 2650 Luc.
733 2611 820 2664 1v;
852 2596 1008 2651 Joan.
1043 2600 1121 2664 ιν)
1156 2614 1168 2651 :
1208 2620 1233 2646 ‹‹
1268 2597 1393 2651 Non
1446 2597 1504 2653 in
1554 2616 1703 2669 pane
1747 2598 1870 2655 solo

205 2682 350 2739 vivit
378 2682 578 2749 homo,
608 2683 710 2738 sed
757 2682 817 2738 in
868 2683 1028 2739 omni
1076 2685 1250 2739 verbo
1282 2686 1437 2757 quod
1472 2687 1771 2758 egreditur
1799 2688 1870 2743 de

203 2789 303 2828 ore
335 2771 462 2828 Dei.
490 2794 519 2822 ››
541 2772 613 2827 Et
638 2788 651 2827 :
676 2771 1024 2846 Quicunque
1046 2773 1258 2827 biberit
1278 2792 1345 2828 ex
1372 2792 1526 2846 aqua
1556 2793 1730 2847 quam
1764 2794 1869 2848 ego

203 2861 421 2915 dedero
452 2859 662 2926 ei,non
695 2859 852 2916 sitiet
876 2861 935 2916 in
959 2866 1265 2916 aeternum.
1287 2884 1313 2911 »
1337 2864 1406 2917 Et
1438 2863 1494 2918 in
1531 2864 1756 2935 psalmo
1789 2867 1868 2920 di-

200 2949 361 3004 citur
383 2965 398 3003 :
424 2970 453 2998 «
474 2948 666 3020 Super
682 2966 897 3021 aquam
930 2949 1260 3006 refectionis
1283 2951 1553 3007 educavit
1580 2971 1672 3008 me
1694 2954 1865 3022 (Paul.

200 3038 367 3110 un).
396 3058 425 3087 »
447 3036 698 3103 Quidam
720 3037 828 3094 hoc
847 3039 1000 3110 quod
1026 3038 1244 3094 dicitur
1267 3057 1279 3095 :
1304 3064 1329 3089 ‹‹
1356 3040 1629 3113 Captivus
1656 3042 1867 3097 ductus

202 3130 296 3183 est
325 3125 582 3198 populus
606 3143 794 3196 meus,
820 3131 878 3183 et
896 3127 1038 3198 quia
1068 3144 1184 3182 non
1215 3128 1423 3183 habuit
1453 3130 1778 3196 scientiam,
1811 3134 1868 3187 et

201 3214 435 3271 nobiles
455 3215 586 3287 ejus
617 3215 970 3271 interierunt
990 3216 1236 3282 fame,et
1266 3217 1584 3273 multitudo
1606 3219 1734 3290 ejus
1766 3220 1864 3274 siti

201 3303 438 3361 exaruit
467 3321 481 3359 :
515 3326 545 3353 α
580 3304 927 3376 generaliier
955 3305 1026 3359 de
1056 3305 1283 3360 inferno
1308 3311 1364 3361 et
1395 3307 1465 3361 de
1495 3308 1760 3379 gehenna
1782 3309 1865 3363 in-

1988 749 2120 787 cum
2153 733 2492 791 incurvatus
2525 736 2701 791 fuerit
2739 735 2913 793 homo
2963 741 3021 793 et
3064 737 3417 794 humiliatus
3444 738 3553 806 vir,
3585 742 3646 795 et

1990 824 2311 895 receperint
2341 841 2545 880 omnes
2568 826 2737 897 juxta
2768 826 2975 882 merita
2996 830 3273 895 sua,tune
3290 826 3648 883 exaltabitur

1988 911 2271 968 Dominus
2304 912 2359 967 in
2376 913 2621 983 judicio,
2638 914 2810 985 cujus
2829 915 3088 986 primum
3112 914 3404 971 incertum
3426 914 3647 971 videbi-

1989 1000 2382 1070 turjudicium
2404 1019 2553 1065 esse,
2578 1006 2633 1057 ct
2656 1002 2809 1057 Deus
2833 1007 3073 1060 sanctus
3095 1002 3563 1059 sanctiﬁcabitur
3583 1002 3651 1058 in

1977 1087 2212 1157 justitia
2246 1106 2258 1144 :
2295 1093 2358 1144 ut
2391 1090 2706 1162 impleatur
2744 1090 2887 1146 illud
2932 1093 3087 1164 quod
3119 1090 3180 1147 in
3211 1090 3521 1163 Evangelia
3552 1091 3643 1146 di-

1985 1176 2138 1232 citur
2170 1194 2182 1231 :
2219 1202 2245 1225 ‹‹
2284 1178 2450 1231 Pater
2481 1183 2697 1249 noster,
2714 1179 2812 1249 qui
2846 1196 2907 1233 es
2930 1181 2986 1234 in
3021 1181 3204 1250 cmlis,
3239 1179 3644 1235 sanctiﬁcetur

1986 1282 2195 1319 nomen
2230 1270 2399 1320 tuum
2424 1266 2627 1339 (Matth.
2659 1269 2795 1338 xvx).
2824 1289 2850 1315 ››
2879 1269 2966 1337 Et,
2993 1292 3019 1317 ‹‹
3058 1269 3225 1324 Pater
3254 1270 3435 1341 juste,
3469 1285 3641 1323 mun-

1985 1354 2096 1408 dus
2129 1358 2183 1408 te
2216 1371 2330 1408 non
2360 1356 2628 1426 cognovit
2658 1355 2834 1425 (Joan.
2865 1359 3025 1426 xvn).
3059 1378 3087 1407 ››

2056 1466 2084 1492 α
2120 1444 2190 1497 Et
2220 1448 2534 1514 pascentur
2562 1443 2698 1516 agni
2724 1444 2898 1515 juxta
2920 1445 3185 1500 ordinem
3218 1461 3393 1501 suum
3419 1462 3432 1501 :
3457 1449 3515 1500 et
3543 1446 3643 1500 de-

1984 1536 2143 1586 serta
2170 1532 2227 1587 in
2261 1533 2589 1588 ubertatem
2621 1549 2788 1589 versa
2815 1534 3049 1589 advcnm
3067 1535 3430 1590 comedent.»
3456 1537 3647 1601 Quan-

1983 1621 2056 1675 do
2080 1620 2366 1675 Dominus
2406 1620 2694 1676 exaltatus
2735 1622 2911 1677 fuerit
2943 1623 3001 1677 in
3029 1623 3279 1694 judicio.
3302 1624 3374 1679 Et
3404 1628 3645 1680 sanctus

1983 1708 2162 1764 David
2196 1709 2253 1763 in
2285 1727 2392 1764 sua
2414 1710 2817 1765 sanctificatus
2837 1711 3074 1782 justitia
3093 1729 3106 1767 :
3128 1717 3193 1767 ut
3215 1710 3352 1767 mali
3377 1711 3642 1783 agricolas

1982 1798 2132 1852 male
2165 1803 2494 1869 pereant,et
2523 1799 2777 1853 exaltata
2804 1800 3013 1854 cedrus
3042 1800 3232 1855 securi
3251 1799 3483 1865 Domini
3506 1816 3640 1855 suc-

1980 1887 2211 1940 cidatur
2242 1902 2255 1941 :
2292 1891 2431 1941 tunc
2462 1886 2560 1958 qui
2586 1887 2802 1941 fuerint
2832 1888 2902 1941 de
2926 1904 3213 1959 agnorum
3247 1904 3638 1955 numero,non

1980 1975 2299 2041 haedorum,
2334 1978 2650 2045 pascentur
2679 1974 2739 2029 in
2772 1975 3040 2053 Ecclesize
3072 1975 3276 2046 pratis,
3309 1980 3368 2031 et
3388 1976 3587 2030 dicent
3619 1992 3633 2031 :

1984 2089 2009 2112 α
2049 2064 2334 2119 Dominus
2393 2064 2580 2135 pascit
2630 2080 2723 2117 me
2771 2067 2829 2118 et
2877 2064 3023 2119 nihil
3070 2064 3216 2119 mihi
3245 2064 3431 2121 deerit
3461 2065 3634 2137 (Psat.

1982 2158 2095 2222 xx).
2132 2176 2159 2203 ››
2184 2154 2254 2207 Et
2284 2170 2411 2225 qum
2441 2170 2475 2208 a
2501 2153 2721 2208 Judmis
2742 2154 2972 2208 deserta
3001 2158 3347 2221 sunt,vcrsa
3371 2153 3432 2209 in
3463 2152 3637 2208 uber-

1982 2246 2161 2296 tatem
2194 2241 2459 2295 comedet
2488 2239 2736 2313 pOpulus
2766 2241 3051 2312 gentium.
3085 2240 3216 2295 Haec
3236 2240 3408 2312 juxta
3438 2244 3637 2312 tropo-

1980 2328 2217 2401 logiam.
2249 2329 2555 2397 Cmtcrum,
2589 2332 2654 2383 ut
2682 2328 2947 2384 ordinem
2997 2328 3400 2401 compleamus
3452 2327 3637 2384 histo-

1982 2417 2375 2490 rim,idipsum
2406 2417 2536 2473 aliis
2566 2418 2759 2473 verbis
2790 2418 3005 2472 dicitur
3033 2419 3104 2474 de
3132 2433 3247 2489 quo
3279 2435 3458 2491 supra
3493 2417 3635 2473 dixi-

1982 2524 2115 2561 mus
2145 2524 2157 2562 :
2193 2508 2509 2579 Hegionem
2540 2511 2793 2563 vestram
2826 2506 2886 2562 in
2912 2512 3229 2579 conspectu
3250 2511 3442 2563 vestro
3462 2505 3638 2562 alieni

1980 2597 2282 2664 devorant,
2318 2600 2375 2651 et
2406 2596 2635 2651 deserta
2665 2601 2755 2651 est
2799 2601 2975 2667 atque
3022 2596 3305 2653 subversa
3334 2612 3368 2652 a
3405 2594 3637 2669 pepulis

1980 2684 2254 2739 externis.

2051 2796 2076 2821 ‹‹
2113 2772 2207 2826 Va)
2240 2772 2338 2843 qui
2373 2772 2604 2827 trahitis
2634 2771 3005 2844 iniquitatem
3029 2771 3087 2827 in
3110 2771 3388 2828 funiculis
3412 2773 3633 2828 vanita-

1980 2860 2149 2925 tis,et
2177 2860 2345 2932 quasi
2378 2860 2683 2916 vinculum
2708 2860 2959 2932 plaustri
2999 2864 3324 2933 peccatum,
3357 2860 3459 2932 qui
3488 2860 3634 2915 dici-

1977 2949 2053 3003 tis
2088 2966 2101 3004 :
2138 2949 2469 3004 chtinetur
2496 2949 2610 3004 cito
2639 2948 2833 3005 veniat
2862 2965 3011 3020 opus
3041 2950 3172 3020 ejus
3202 2952 3269 3003 ut
3303 2948 3632 3016 videamus,

1976 3042 2033 3093 et
2061 3037 2384 3109 appropiet,
2414 3040 2470 3091 et
2518 3036 2713 3091 veniat
2759 3036 3071 3091 consilium
3122 3036 3309 3091 sancti
3338 3035 3541 3104 Israel,
3574 3039 3635 3093 et

1975 3127 2229 3183 sciemus
2259 3146 2287 3175 ››
2323 3124 2487 3182 illud.
2523 3125 2687 3192 Quod
2718 3124 2952 3181 vincula
2998 3124 3271 3201 dicantur
3317 3140 3447 3180 esse
3495 3139 3632 3196 pec-

1974 3220 2123 3283 cata,
2148 3213 2409 3270 crebrius
2438 3213 2713 3286 legimus.
2745 3216 2787 3269 E
2820 3213 3035 3286 quibus
3064 3212 3212 3269 illud
3243 3216 3351 3268 est.
3383 3234 3413 3263 «
3448 3210 3632 3267 Funi—

1972 3306 2083 3359 bus
2114 3305 2485 3375 peccatorum
2505 3319 2747 3358 suorum
2766 3301 3177 3373 unusquisque
3196 3299 3634 3373 constringitur

203 3393 516 3465 terpretari
546 3391 771 3463 volunt,
804 3393 864 3448 in
915 3410 1033 3465 qua
1085 3394 1342 3467 patietur
1382 3397 1575 3451 omnis
1623 3398 1722 3469 qui
1762 3398 1862 3454 Dei
1892 3380 1936 3448 C
1974 3396 2155 3467 (Prov.
2186 3394 2265 3462 v).
2294 3413 2321 3440 »
2353 3392 2470 3447 Nec
2500 3389 2727 3463 plangit
2758 3407 2857 3446 eos
2888 3390 2989 3463 qui
3039 3390 3323 3462 coeperint
3367 3404 3629 3462 peccare,

202 3498 320 3537 non
353 3480 565 3537 habuit
595 3481 926 3537 scientiam.

273 3592 304 3622 «
340 3570 652 3643 Propterea
682 3569 949 3627 dilatavit
993 3572 1257 3629 infernus
1296 3573 1555 3629 animam
1592 3593 1782 3645 suam,
1810 3582 1867 3633 et

201 3658 433 3733 aperuit
446 3675 515 3715 os
544 3674 720 3715 suum
743 3660 967 3732 absque
990 3658 1110 3716 ullo
1140 3663 1411 3727 termino,
1434 3667 1489 3717 ct
1512 3665 1867 3721 descendent

201 3749 382 3805 fortes
402 3748 534 3818 ejus
571 3752 629 3803 et
652 3747 908 3822 populus
938 3750 1089 3821 ejus,
1106 3754 1163 3805 et
1193 3750 1478 3805 sublimes
1511 3752 1866 3826 gloriosique

200 3839 331 3910 ejus
362 3838 437 3893 ad
467 3853 626 3905 eum,
645 3842 703 3893 et
732 3838 1142 3894 incurvabitnr
1160 3839 1428 3907 homo,et
1455 3841 1870 3899 humiliabitur

203 3925 313 3995 vir,
327 3930 387 3981 et
415 3924 573 3982 oculi
607 3925 957 3982 sublimium
980 3927 1444 3999 deprimantur.»
1465 3931 1611 3995 Quia
1634 3949 1870 3988 consur-

202 4018 483 4072 rexerunt
532 4030 706 4071 mane
737 4015 811 4071 ad
852 4017 1191 4072 sectandam
1220 4017 1488 4085 siceram,
1520 4024 1577 4074 et
1605 4037 1870 4091 perman-

201 4106 409 4161 serunt
432 4103 494 4159 iu
528 4103 807 4159 ebrietate
838 4120 1029 4176 usque
1062 4106 1133 4160 ad
1164 4111 1566 4178 vesperam,et
1610 4109 1869 4181 volupta-

202 4193 366 4248 tibus
396 4195 574 4264 atque
597 4190 823 4248 deliciis
845 4192 1135 4265 occupati,
1153 4211 1302 4266 opus
1332 4194 1559 4250 Domini
1585 4198 1871 4268 respicere

201 4280 658 4348 noluerunt,nec
671 4290 849 4354 opera
861 4297 1145 4337 manuum
1164 4284 1294 4354 ejus
1308 4284 1685 4356 contemplati
1701 4292 1867 4344 sunt:

200 4374 514 4444 propterea
544 4370 703 4426 ducti
735 4375 875 4426 sunt
895 4370 954 4426 in
989 4371 1409 4443 captivitatem,
1445 4373 1589 4445 quia
1621 4392 1735 4429 non
1768 4375 1870 4432 ha-

198 4459 460 4515 buerunt
486 4458 797 4516 scientiam
825 4459 953 4516 Filii
986 4459 1110 4527 Dei,
1146 4459 1375 4515 dicente
1419 4462 1544 4534 ipso
1601 4464 1683 4517 ad-
1722 4480 1819 4519 eos
1855 4500 1869 4539 ε

201 4569 233 4600 «ι
262 4548 385 4607 Nec
416 4563 513 4604 me
532 4548 841 4617 scitis,nec
875 4565 1011 4605 eum
1043 4549 1144 4622 qui
1174 4566 1267 4605 mc
1289 4550 1457 4605 misit
1479 4552 1657 4618 (Joan.
1681 4556 1869 4623 νιιι).››

200 4636 475 4693 Infernae
506 4640 706 4692 autem
736 4637 953 4693 habere
981 4638 1241 4695 animam
1282 4638 1522 4708 dicitur,
1561 4658 1677 4697 non
1716 4642 1873 4713 quod

199 4723 423 4781 animal
448 4724 568 4797 εἰιά
578 4729 715 4781 uxta
728 4742 985 4782 errorem
1003 4727 1397 4799 quorumdam
1416 4744 1429 4781 :
1445 4729 1545 4783 sed
1564 4730 1719 4801 quod
1744 4748 1869 4785 vcr-
1900 4751 1947 4815 D

198 4813 294 4870 bis
318 4813 595 4869 humana:
613 4814 1063 4871 consuetudinis
1086 4831 1284 4870 rerum
1302 4814 1739 4873 insensibilium
1773 4836 1867 4874 ex-

200 4902 1010 4975 primamusaﬂ'ectum,quod
1034 4902 1386 4959 insatiabilis
1405 4904 1866 4978 sitetnunquam

201 4995 577 5046 mortuorum
602 4990 982 5049 multitudine
1005 4991 1389 5063 compleatur.
1410 4993 1705 5065 Quidquid
1737 5014 1869 5051 vero

198 5080 273 5135 de
299 5077 520 5151 popqu
566 5079 907 5135 Judaaorum
957 5079 1626 5153 diximus,5tr0pologice
1670 5084 1869 5151 referri

200 5171 402 5240 potest
422 5168 496 5223 ad
519 5183 619 5224 eos
653 5168 751 5241 qui
786 5166 983 5223 saeculi
1016 5167 1242 5223 deliciis
1265 5170 1666 5239 occupati,r.ec
1688 5173 1869 5244 respi-

201 5257 429 5313 cientes
451 5272 628 5328 opera
642 5256 1116 5330 Domini,captivi
1140 5258 1440 5313 ducuntur
1458 5257 1515 5312 in
1541 5266 1867 5331 peccatum,

201 5350 264 5401 et
293 5359 413 5401 non
446 5343 668 5401 habent
696 5345 1007 5401 scientiam
1031 5345 1226 5409 Dei,et
1256 5345 1472 5401 idcirco
1495 5347 1646 5402 fame
1686 5354 1742 5404 et
1773 5350 1869 5405 siti

201 5437 477 5507 pereunt,
494 5433 783 5489 bonorum
812 5450 1057 5507 operum
1091 5433 1315 5488 scilicet
1345 5438 1518 5506 atque
1540 5437 1825 5493 virtutum
1850 5456 1863 5493 :

198 5526 259 5578 et
290 5520 682 5578 detrahentur
709 5522 770 5578 in
802 5522 1368 5596 gehennam,ibique
1400 5525 1633 5580 aeternis
1682 5528 1866 5598 depu-

194 5612 305 5667 tati
340 5610 637 5667 incendiis
670 5611 992 5683 potentiam
1024 5627 1192 5667 suam
1225 5616 1281 5665 et
1308 5613 1642 5684 superbiam
1674 5615 1732 5671 in
1768 5616 1869 5671 mi-

196 5700 426 5757 seriam
460 5701 520 5754 et
551 5698 947 5755 humilitatem
977 5702 1218 5754 cernent
1247 5701 1483 5756 mutari.

275 5811 307 5842 «
344 5788 419 5848 Et
447 5786 805 5848 exaltabitur
833 5788 1115 5846 Dominus
1144 5788 1502 5846 exercituum
1533 5790 1592 5847 in
1622 5792 1869 5870 judicio,

1973 3481 2293 3552 statimque
2324 3479 2625 3535 desierint.
2642 3480 2767 3535 Non
2792 3484 2880 3536 est
2899 3479 3058 3534 enim
3081 3480 3288 3552 justus
3320 3494 3497 3550 super
3517 3481 3633 3532 ter-

1974 3588 2101 3627 ram
2132 3570 2233 3642 qui
2265 3568 2442 3626 faciat
2470 3569 2691 3624 bonum
2715 3573 2772 3624 et
2793 3567 3108 3642 aliquando
3140 3584 3257 3624 non
3287 3571 3508 3641 peccet,
3530 3565 3633 3621 sed

1976 3660 2075 3733 qui
2132 3659 2341 3731 longos
2401 3658 2696 3713 funiculos
2754 3657 2976 3731 peccati
3028 3656 3435 3730 pcrtraxerint.
3469 3653 3633 3722 Quod

1976 3753 2173 3806 autem
2205 3746 2579 3821 appellantur
2608 3746 2853 3823 funiculi
2876 3746 3173 3815 vanitatis,
3198 3745 3309 3801 hoc
3339 3743 3635 3817 signiﬁcat

1977 3839 2133 3911 quod
2184 3835 2534 3893 facientibus
2582 3839 2888 3908 peccatum
2939 3834 3108 3889 facile
3156 3832 3393 3899 texitur,
3427 3835 3631 3886 ettam

1978 3928 2150 3982 inane
2181 3929 2238 3980 et
2284 3925 2490 3979 inutile
2519 3929 2627 3992 est,
2661 3929 2728 3978 ut
2773 3938 3120 3978 aranearum
3171 3920 3271 3975 fila
3308 3921 3630 3978 texuntur:

1978 4017 2077 4071 sed
2113 4030 2246 4069 cum
2278 4011 2714 4067 inde-volumus
2753 4010 2928 4079 exire,
2962 4006 3339 4065 solidissimis
3379 4005 3632 4064 vinculis

1978 4102 2354 4159 innectimur.
2376 4099 2707 4154 Plaustrum
2730 4101 2927 4153 autem
2948 4096 3188 4169 plenum
3207 4098 3632 4165 oneratamque

1980 4190 2233 4265 peccatis
2264 4187 2431 4243 facile
2460 4186 2929 4260 intelligunt,qui
2951 4183 3329 4240 meminerint
3342 4182 3632 4255 scriptum

1978 4282 2040 4336 in
2094 4277 2372 4340 Zacharia
2428 4275 2612 4349 (Zach.
2662 4276 2739 4348 v),
2778 4274 3141 4347 impietatem
3196 4272 3398 4329 sedere
3455 4285 3635 4344 super

1980 4369 2270 4425 talentum
2303 4364 2553 4439 plumbi.
2574 4364 2858 4421 Dicuntur
2877 4366 3074 4419 autem
3094 4361 3217 4417 haec
3238 4361 3309 4417 ad
3338 4358 3633 4433 principes

1979 4459 2344 4522 Judmorum,
2362 4455 2464 4526 qui
2496 4470 2675 4526 supra
2705 4452 2897 4525 arguti
2928 4455 3070 4508 sunt
3098 4451 3159 4505 in
3188 4447 3431 4508 avaritia
3454 4447 3635 4520 athuc

1980 4546 2233 4614 luxuria,
2266 4545 2421 4617 quod
2455 4542 2749 4616 provocati
2780 4558 2815 4598 a
2844 4539 3092 4598 Domino
3122 4539 3195 4596 ad
3227 4536 3633 4612 pmnitentiam

1983 4641 2040 4692 et
2073 4638 2275 4708 postea
2306 4634 2377 4689 ab
2411 4631 2691 4705 apostolis
2722 4631 2872 4703 ejus,
2896 4632 2953 4686 et
2981 4644 3169 4700 usque
3217 4626 3391 4688 hodie
3436 4642 3633 4699 perse-

1982 4727 2185 4781 verant
2213 4723 2274 4777 in
2303 4720 2708 4793 blasphemiis,
2733 4723 2790 4775 et
2817 4724 2956 4774 tunc
2987 4734 3091 4790 per
3119 4715 3387 4789 singulos
3415 4715 3541 4771 dies
3571 4715 3632 4772 in

1979 4813 2256 4869 omnibus
2286 4809 2602 4883 synagogis
2634 4808 2744 4863 sub
2768 4807 3005 4863 nomine
3026 4806 3470 4865 Nazaraanorum
3493 4819 3633 4861 ana-

1978 4901 2437 4958 thematizabant
2465 4897 2815 4953 vocabulum
2846 4895 3265 4951 Christianum.
3306 4894 3409 4949 Est
3435 4896 3634 4949 autem

1978 5008 2187 5047 sensus
2222 5007 2235 5044 :
2268 4988 2363 5042 Va:
2395 4987 2559 5042 vobis
2590 4986 2690 5057 qui
2720 4985 2942 5057 putatis
2972 4984 3127 5038 diem
3150 4981 3364 5053 judicii
3396 4998 3510 5037 non
3542 4981 3634 5049 fu-_

1981 5086 2201 5147 turum,
2231 5078 2317 5134 vel
2349 5093 2463 5132 non
2494 5080 2801 5131 venturam
2828 5072 3243 5145 captivitatem,
3277 5087 3456 5143 quam
3500 5086 3633 5143 pro-

1979 5170 2249 5244 pheticus
2270 5183 2462 5223 sermo
2488 5162 2901 5236 prmdicit.Vos
2932 5161 3090 5218 enim
3129 5160 3273 5216 estis
3312 5160 3410 5232 qui
3437 5158 3634 5215 dicitis

1981 5261 2051 5314 ad
2084 5257 2426 5330 prophetam
2454 5272 2466 5309 :
2493 5254 2810 5324 Usquequo
2842 5250 3087 5307 minaris
3118 5249 3287 5305 nobis
3321 5249 3423 5304 Dei
3446 5247 3634 5305 iram?

1980 5347 2265 5401 Volumus
2287 5344 2404 5398 circ
2426 5342 2473 5398 si
2489 5343 2615 5413 jam
2639 5358 2819 5413 prope
2849 5345 2938 5395 est
2957 5344 3025 5395 ut
3061 5337 3274 5394 veniat.
3299 5339 3414 5393 Hoc
3438 5340 3635 5393 autem

1978 5454 2080 5509 per
2098 5433 2380 5490 ironicam
2401 5430 2953 5487 sermocinationem
2975 5427 3482 5499 loquuntur,quod
3505 5441 3636 5482 eam

1978 5542 2093 5582 non
2125 5526 2333 5595 putent
2362 5537 2489 5575 esse
2520 5519 2966 5588 vcnturam,sed
2999 5514 3344 5573 simulatum
3375 5531 3505 5572 esse
3523 5514 3635 5572 hoc

1976 5614 2219 5671 verbum
2253 5626 2287 5665 a
2316 5608 2619 5682 propheta.

2055 5723 2083 5752 ‹‹
2108 5700 2204 5755 Va:
2238 5696 2339 5770 qui
2370 5694 2568 5751 dicitis
2598 5693 2821 5750 malum
2871 5694 3114 5763 bonum,
3149 5697 3209 5749 et
3236 5693 3459 5750 bonum
3506 5708 3631 5752 ma-

1981 5793 2127 5864 lum,
2158 5789 2441 5867 ponentes
2469 5784 2741 5841 tenebras
2770 5782 2982 5859 lucem,
3014 5788 3075 5841 et
3100 5783 3292 5840 lucem
3333 5782 3633 5860 tenebras,
