3960 6392
338 508 349 555 ς
387 478 498 539 751

762 477 1171 539 IIAYMONIS
1216 474 1761 534 HALBERSTA'I‘.
1808 472 2055 535 EPISC.
2101 474 2273 534 OPP.
2323 474 2521 534 PARS
2566 475 2614 534 Ι.
2663 507 2740 517 -
2783 475 3188 536 COMMENT.
3236 477 3434 537 BIBL.

3690 482 3806 543 752

386 616 670 687 ponentes
701 626 966 666 amarum
1002 609 1059 661 in
1093 607 1281 676 dulce,
1316 611 1374 661 et
1404 605 1573 660 dulce
1602 605 1661 659 in
1683 621 1971 660 amarum.
2009 628 2038 654 ››
2069 606 2124 674 Α
2153 608 2630 679 temjustiﬁcans
2659 608 2907 681 impium
2932 626 3037 681 pro
3069 610 3437 681 muneribus,
3459 616 3517 670 et
3536 631 3804 674 noncau-

387 702 450 757 Id
482 701 869 771 cst,ejusdem
897 696 1162 753 criminis
1180 700 1268 752 cst
1298 697 1541 762 bonum,
1565 695 1756 749 lucem
1789 699 1847 749 et
1871 694 2041 750 dulce
2138 712 2269 763 .sas,
2304 697 2405 751 sed
2440 698 2593 752 dona
2641 696 3043 769 considerans,
3078 716 3207 771 qua:
3250 706 3542 759 excaecant
3586 706 3806 774 oculos,

385 788 693 845 contrariis
709 803 912 842 vocare
934 783 1473 855 nominibus,cujus
1495 782 1719 838 malum
1746 783 2039 848 tenebras,

384 884 441 934 et
486 893 755 933 amarum
802 874 1086 930 vocabulo
1139 872 1434 946 appellare
1483 872 1789 927 virtutum.
1822 872 1891 926 Et
1931 872 2042 927 hoc

380 971 587 1022 contra
614 983 713 1021 eos
735 966 972 1033 dicitur,
989 963 1089 1037 qui
1123 966 1428 1036 peccatum
1450 980 1567 1017 non
1587 965 1796 1035 putant
1818 962 1863 1015 si
1890 962 2042 1016 bono

384 1056 715 1123 detrahant,
730 1059 788 1111 et
816 1072 933 1109 non
964 1054 1260 1109 restimant
1290 1070 1420 1107 esse
1449 1051 1729 1107 delictum
1764 1050 1812 1105 si
1847 1050 2041 1105 lauda-

382 1145 574 1207 verint
599 1144 845 1201 malum.
862 1145 1093 1199 Ponunt
1114 1146 1309 1198 autem
1333 1141 1519 1196 Judzei
1544 1142 1762 1197 bonum
1796 1140 2040 1207 malum,

384 1241 443 1293 et
474 1235 665 1290 lucem
696 1235 997 1301 tenebras,
1018 1237 1075 1288 et
1104 1231 1276 1287 dulce
1321 1248 1614 1302 amarum,
1654 1229 2045 1302 suscipientes

388 1326 703 1381 Barrabam
735 1322 1026 1380 latrocinii
1056 1327 1113 1377 ct
1144 1320 1451 1377 seditionis
1482 1324 1802 1388 auctorem,
1826 1324 1882 1374 et
1912 1336 2042 1373 cru-

387 1415 689 1487 ciﬁgentcs
718 1414 923 1471 Jesum
954 1412 1157 1483 (Matth.
1182 1414 1378 1479 xxvn),
1402 1410 1501 1481 qui
1535 1427 1649 1465 non
1680 1413 1916 1464 venerat
1933 1408 2044 1463 nisi

389 1506 460 1562 ad
496 1521 630 1561 oves
678 1504 937 1577 perditas
989 1503 1202 1557 domus
1256 1499 1456 1566 Israel,
1491 1504 1556 1554 ut
1602 1498 1853 1555 salvarct
1889 1498 2044 1570 quod

390 1593 644 1667 perierat
671 1593 877 1663 (Matth.
910 1592 1025 1661 xv).
1061 1591 1175 1646 Sed
1205 1595 1262 1645 et
1306 1590 1414 1645 hoc
1465 1605 1784 1661 possumus
1833 1586 2045 1653 dicere,

387 1684 547 1755 quod
572 1681 773 1739 omnia
802 1682 1079 1752 dogmata
1106 1679 1333 1734 veritati
1359 1678 1654 1733 contraria
1681 1693 1884 1732 amara
1905 1676 2045 1742 sint,

388 1777 444 1828 et
475 1771 600 1828 sola
624 1775 719 1827 est
766 1769 956 1825 dulcis
1002 1768 1238 1824 veritas.
1273 1766 1438 1822 Unde
1487 1766 1811 1822 cavendum
1853 1769 1945 1820 est
1977 1781 2049 1820 ne

385 1878 492 1934 pro
504 1860 745 1916 veritate
762 1875 1083 1931 sequamur
1094 1856 1686 1926 mendacium,neque
1709 1872 1811 1927 pro
1824 1853 2049 1910 lumine

385 1947 892 2006 tenebras.Multze
924 1946 1081 2001 enim
1113 1949 1253 2001 sunt
1281 1944 1383 1999 vite
1417 1961 1544 2016 quze
1573 1944 1846 1999 videntur
1865 1942 2052 1997 homi-

386 2040 563 2096 nibus
594 2041 761 2094 rectaa
792 2039 976 2108 (Prov.
1002 2035 1138 2107 x1v),
1173 2039 1230 2090 et
1257 2033 1578 2091 novissima
1606 2050 1807 2088 eorum
1844 2050 2047 2105 perve-

386 2128 560 2184 niunt
607 2127 667 2181 in
718 2125 1076 2199 profundum
1129 2122 1364 2179 interni.
1399 2123 1490 2189 Et,
1519 2125 1583 2176 ut
1631 2120 1840 2194 loquar
1891 2122 2045 2194 quod

386 2216 595 2288 sentio,
629 2213 867 2271 difﬁcile
915 2214 1026 2268 hoc
1060 2211 1372 2268 maledicto
1416 2210 1549 2283 quis
1598 2227 1794 2266 carere
1834 2215 2044 2283 potest,

382 2321 522 2360 cum
554 2308 613 2359 et
641 2302 814 2358 malis
844 2302 1180 2374 frequenter
1209 2299 1522 2356 adulemur
1552 2303 1789 2372 propter
1835 2304 2046 2372 poten»

388 2394 621 2462 tiam,et
639 2392 824 2447 bonos
843 2389 1241 2461 despiciamus
1256 2393 1495 2461 propter
1514 2387 1866 2459 inopiam.In
1889 2388 2047 2443 hunc

389 2495 634 2535 sensum
666 2476 937 2550 congruit
965 2476 1111 2530 illud
1136 2476 1290 2547 quod
1322 2475 1596 2531 Salomon
1631 2475 1690 2530 in
1723 2475 2046 2531 Proverbiis

388 2568 652 2641 loquitur
676 2584 688 2623 :
716 2590 743 2616 ‹‹
770 2566 875 2633 Qui
902 2565 1190 2639 justiﬁcat
1216 2563 1552 2636 impium,et
1569 2564 1668 2635 qui
1693 2566 2048 2621 condemnat

380 2654 1062 2731 justum,abominabilis
1091 2658 1179 2708 est
1211 2657 1454 2725 uterque
1478 2654 1633 2724 apud
1657 2654 1841 2709 Deum
1860 2657 2043 2724 (Prov.

385 2750 587 2816 xvn).»
620 2743 833 2800 Scribm
866 2759 1099 2814 quoque
1130 2747 1186 2797 et
1218 2741 1491 2797 Pharismi
1522 2744 1698 2798 verba
1729 2744 2046 2801 Salvatoris

387 2853 505 2892 non
538 2833 905 2906 recipientes,
942 2833 1043 2886 sed
1074 2831 1421 2886 traditiones
1456 2830 1784 2901 hominum,
1820 2837 1879 2888 et
1927 2833 2045 2889 ina-

384 2939 491 2979 nes
541 2921 792 2991 fabulas,
828 2922 1091 2977 fecerunt
1149 2920 1370 2975 bonum
1429 2908 1674 2989 malum,
1710 2925 1768 2975 et
1822 2922 2042 2979 malum

382 3013 626 3069 bonum.
967 3074 973 3081 ν

454 3125 484 3152 «ι
516 3100 613 3157 Vm
643 3100 744 3173 qui
775 3100 1070 3174 sapientes
1101 3099 1243 3155 estis
1276 3099 1334 3153 in
1367 3097 1553 3153 oculis
1583 3100 1811 3169 vestris,
1847 3105 1904 3155 et
1942 3118 2042 3157 co-

380 3208 509 3246 ram
558 3189 998 3263 vobismctipsis
1046 3189 1386 3261 prudentes.
1424 3210 1445 3236 ι
1493 3188 1555 3242 Id
1586 3192 1695 3255 est,
1730 3188 1832 3262 qui
1876 3190 2042 3245 vobis

381 3279 528 3353 ipsis
553 3278 791 3352 (inquit)
823 3277 1102 3333 videmini
1137 3294 1266 3333 esse
1314 3276 1628 3350 sapientes,
1650 3278 1749 3349 qui
1784 3279 2040 3350 pruden-

2183 784 2326 840 tiam
2360 786 2741 858 sapientium.
2766 786 2933 843 Unde
2965 789 3290 846 cavendum
3323 795 3432 858 est,
3456 810 3529 849 ne
3555 796 3811 853 enebrie—

2153 891 2288 929 mur
2316 875 2469 939 vino,
2505 876 2560 929 in
2595 894 2711 948 quo
2740 880 2830 931 est
2878 874 3112 933 luxuria
3135 878 3321 951 (Ephc.
3352 881 3431 953 v),
3464 886 3523 938 et
3562 885 3815 942 nudetur

2151 964 2369 1018 femina
2398 964 2783 1036 turpitudinis
2835 970 3068 1034 nostrae,
3100 971 3160 1022 et
3208 968 3524 1026 adulemur
3562 973 3813 1045 impium

2152 1069 2258 1124 pro
2288 1054 2657 1119 muneribus,
2691 1054 3174 1127 etjustitiajusti
3225 1074 3331 1128 pro
3385 1057 3582 1133 inopia
3621 1063 3812 1135 despi-

2153 1141 2401 1197 ciamus.
2426 1143 2588 1208 Quod
2621 1148 2679 1198 et
2710 1144 2769 1197 in
2801 1143 3062 1215 Epistola
3103 1144 3307 1201 Jacobi
3351 1150 3710 1223 praecipitur,
3746 1170 3815 1208 ne

2153 1230 2512 1286 honorantes
2554 1232 2767 1304 impios
2798 1232 3027 1301 divites,
3059 1237 3117 1288 et
3161 1235 3550 1308 despicientcs
3581 1246 3816 1297 sanctos

2154 1336 2460 1392 pauperes,
2494 1321 2706 1376 ﬁamus
2738 1320 2964 1394 iudices
2995 1321 3346 1395 iniquitatis.

2230 1478 2256 1503 ››
2279 1454 2519 1527 Propter
2539 1455 2648 1511 hoc
2670 1455 2824 1511 sicut
2843 1457 3081 1513 devorat
3096 1457 3378 1531 stipulam
3402 1458 3605 1535 lingua
3637 1463 3814 1537 ignis,

2154 1548 2212 1599 et
2241 1544 2399 1599 calor
2430 1546 2681 1599 flammae
2711 1545 2903 1601 exurit
2936 1563 2949 1600 ε
2984 1546 3071 1602 sic
3101 1548 3267 1603 radix
3296 1565 3498 1605 eorum
3531 1552 3701 1623 quasi
3732 1555 3815 1609 ta-

2155 1632 2313 1699 villa,
2346 1638 2403 1688 et
2423 1649 2660 1706 germen
2694 1651 2899 1711 eorum
2935 1640 2999 1691 ut
3029 1635 3220 1710 pulvis
3253 1639 3547 1696 ascendet.
3578 1642 3812 1713 Abjece-

2157 1727 2295 1777 runt
2321 1722 2479 1778 enim
2510 1721 2697 1795 legem
2729 1723 2963 1779 Domini
2992 1725 3451 1794 exercituum,et
3482 1745 3813 1789 sermonem

2157 1812 2345 1866 sancti
2406 1811 2583 1867 Israel
2634 1811 3230 1885 blasphemaverunt;
3266 1838 3295 1865 η
3326 1815 3384 1872 id
3430 1820 3538 1885 est,
3580 1824 3819 1892 propter

2158 1900 2492 1973 superiores
2523 1918 2734 1957 causas
2756 1902 3045 1976 superbiae
3063 1908 3122 1960 et
3143 1904 3443 1962 ebrietatis
3465 1910 3521 1962 et
3540 1909 3815 1977 avaritiae,

2070 1984 2127 2048 ’Β
2156 1990 2299 2061 quia
2313 2007 2416 2062 pro
2445 1989 2573 2046 uvis
2593 1989 2922 2046 attulerunt
2936 1991 3158 2064 spinas,
3189 1993 3410 2061 fenum,
3435 1993 3616 2068 ligna,
3635 1995 3819 2070 stipu-

2158 2078 2299 2144 lam,
2332 2095 2690 2151 arsurasque
2718 2096 2943 2152 vepres,
2978 2081 3108 2138 ideo
3138 2082 3304 2137 radix
3334 2082 3569 2139 malitia:
3612 2101 3815 2140 eorum

2158 2167 2454 2241 redigetur
2485 2168 2544 2222 in
2577 2166 2930 2236 favillam,et
2958 2170 3151 2225 omnis
3174 2170 3280 2226 flos
3302 2172 3593 2243 superbia
3613 2178 3670 2229 et
3688 2172 3819 2247 pul-

2158 2257 2429 2313 chritudo
2461 2257 2801 2312 divitiarum
2833 2262 2890 2313 et
2918 2259 3179 2331 corporis
3201 2258 3424 2330 pulveri
3457 2263 3820 2335 comparabi-

2158 2351 2273 2400 tur.
2288 2346 2413 2401 Non
2434 2345 2590 2400 enim
2625 2344 2816 2401 solum
2849 2346 2965 2402 ista
2992 2347 3273 2413 fecerunt,
3287 2350 3388 2404 sed
3421 2348 3515 2405 his
3536 2351 3819 2423 gradibus

2157 2440 2546 2506 pervenerunt
2603 2435 2673 2490 ad
2717 2434 3146 2507 blasphemiam
3181 2453 3194 2491 :
3230 2441 3297 2492 ut
3339 2436 3530 2510 legem
3580 2439 3819 2503 Domini

2157 2542 2271 2579 non
2302 2528 2368 2579 ut
2395 2524 2585 2597 legem
2614 2523 2845 2580 Domini
2876 2524 3279 2597 reciperent,et
3305 2542 3608 2585 sermones
3629 2528 3823 2585 sancti

2158 2614 2333 2670 Israel
2366 2613 2862 2685 blasphemarent.
2885 2614 2964 2670 De
2996 2613 3210 2686 quibus
3233 2615 3608 2673 sermonibus
3638 2633 3823 2691 supra

2155 2702 2407 2773 legimus
2431 2719 2443 2757 :
2471 2701 2551 2756 De
2582 2700 2719 2758 Sion
2742 2700 3072 2773 egredietur
3093 2698 3203 2765 lex,
3228 2704 3286 2757 et
3316 2701 3562 2757 verbum
3583 2702 3820 2760 Domini

2155 2792 2227 2847 de
2260 2790 2867 2867 Hierusalem..Potest
2884 2795 3081 2846 autem
3100 2793 3158 2846 et
3177 2789 3343 2846 radix
3373 2790 3434 2845 in
3466 2789 3640 2847 malis
3664 2791 3822 2865 cogi-

2156 2880 2479 2936 tationibus
2510 2878 2955 2951 accipi,fructus
2972 2884 3169 2934 autem
3192 2877 3278 2933 vel
3301 2893 3540 2951 germen
3560 2878 3618 2935 in
3641 2880 3817 2937 malis

2155 2970 2433 3043 operibus
2466 2973 2642 3041 atque
2674 2968 3067 3039 sermonibus,
3086 2971 3151 3024 ut
3166 2969 3323 3039 quod
3346 2968 3405 3023 in
3439 2967 3630 3026 radice
3650 2967 3813 3039 latet,

2154 3062 2518 3115 monstretur
2546 3056 2605 3113 in
2637 3057 2920 3130 germine.

2226 3215 2253 3241 ‹‹
2282 3191 2413 3247 Ideo
2446 3190 2631 3246 iratus
2652 3192 2743 3245 est
2769 3188 2929 3245 furor
2958 3188 3192 3245 Domini
3222 3190 3282 3246 in
3304 3189 3585 3263 populum
3608 3207 3808 3260 suum,

2149 3285 2206 3338 et
2237 3279 2494 3336 extendit
2525 3295 2768 3334 manum
2800 3294 2970 3334 suam
3017 3295 3198 3351 super
3242 3294 3401 3349 eum,
3434 3284 3490 3335 et
3518 3280 3811 3353 percussit

384 3369 528 3425 tiam
560 3385 676 3422 non
708 3365 810 3422 Dei
841 3365 1180 3437 sequimini,
1204 3366 1305 3419 sed
1338 3365 1742 3437 hominum,et
1778 3366 1880 3437 qui
1928 3385 2044 3423 non
2066 3358 2117 3424 C
2157 3386 2292 3426 eum
2331 3386 2344 3425 :
2378 3372 2436 3424 et
2466 3366 2795 3423 conturbati
2820 3371 2960 3423 sunt
2981 3371 3305 3435 montes,et
3334 3368 3812 3427 factasuntmcr-

382 3454 644 3528 recipitis
690 3454 792 3510 Dei
833 3456 1109 3509 virtutem
1155 3453 1377 3526 Deique
1430 3454 1800 3525 sapientiam,
1834 3461 1890 3511 et
1939 3458 2038 3529 qui

385 3542 611 3618 putatis
640 3560 743 3600 vos
772 3559 901 3598 esse
931 3541 1228 3614 sapientes
1257 3543 1304 3611 (ι
1338 3546 1467 3598 Cor.
1502 3545 1564 3614 ι).

459 3655 488 3685 ς(
519 3632 616 3688 νω
647 3631 748 3704 qui
779 3635 1047 3703 potentes
1096 3629 1240 3687 estis
1270 3632 1341 3685 ad
1373 3632 1694 3688 bibendum
1728 3634 1952 3705 vinum,
1984 3641 2042 3692 et

381 3721 491 3782 viri
511 3723 694 3779 fortes
724 3722 796 3777 ad
828 3721 1192 3777 miscendam
1227 3721 1589 3778 ebrietatem.
1618 3744 1645 3771 ››
1682 3723 1740 3779 Id
1780 3729 1889 3797 est,
1922 3724 2039 3780 illis

262 3814 277 3831 ⁵
380 3813 600 3886 quibus
631 3828 811 3884 supra
832 3810 1059 3866 dixerat
1092 3827 1104 3866 :
1141 3810 1235 3864 Va)
1259 3810 1359 3882 qui
1392 3812 1749 3885 consurgitis
1772 3831 1943 3870 mane
1965 3817 2037 3870 ad

378 3900 721 3959 ebrietatem
753 3901 1118 3970 sectandam,
1154 3903 1210 3954 et
1242 3900 1565 3972 potandum
1598 3919 1785 3974 usque
1817 3903 1889 3958 ad
1919 3921 2041 3959 ves-

377 4009 605 4066 perum,
637 3995 703 4047 ut
730 3991 864 4045 vino
895 3989 1176 4046 mstuetis.
1210 3988 1306 4044 Va:
1338 3989 1430 4045 his
1459 3990 1635 4054 etiam
1667 4009 1824 4047 nunc
1855 3992 2039 4065 loqui-

376 4086 491 4152 tur,
526 4081 628 4154 qui
659 4085 925 4154 potentes
956 4084 1098 4136 sunt
1128 4080 1200 4135 ad
1234 4079 1555 4136 bibendum
1584 4082 1810 4149 vinum,
1835 4086 1892 4138 et
1930 4082 2035 4138 viri

375 4171 555 4228 fortes
584 4170 657 4227 ad
690 4170 1055 4226 miscendam
1089 4168 1359 4237 siceram,
1390 4170 1490 4241 qui
1523 4169 1853 4227 inebrietati
1902 4172 2035 4227 vino

374 4260 648 4318 draconis
674 4264 733 4316 et
761 4276 981 4315 veneno
1014 4258 1288 4329 aspidum
1318 4258 1911 4325 insanabili,virtntes
1931 4261 2037 4316 Do-

374 4348 522 4405 mini
552 4347 1093 4414 calumniabantur,
1125 4350 1183 4402 et
1214 4346 1325 4419 ipsi
1359 4347 1503 4402 ebrii
1535 4347 1908 4404 incbriabant
1933 4366 2033 4421 po-

373 4436 642 4510 pulos,ut
662 4436 787 4508 pari
814 4438 1007 4493 turorc
1033 4435 1695 4504 bacchantes,adversus
1716 4438 2032 4494 Dominum

372 4525 832 4585 conclamarent.
852 4526 1008 4580 Inter
1029 4524 1233 4581 vinum
1253 4529 1309 4581 et
1339 4525 1588 4580 siceram
1613 4527 1786 4597 juxta
1817 4543 2030 4600 anago-

372 4631 484 4688 gen
516 4615 626 4671 hoc
658 4613 912 4671 arbitror
941 4630 1092 4681 esse,
1126 4614 1281 4685 quod
1315 4614 1518 4669 vinum
1551 4632 1670 4671 una
1699 4632 1729 4670 e
1761 4614 2032 4687 pluribus

372 4703 735 4777 perturbatio
783 4708 874 4759 est
905 4720 918 4758 :
951 4703 1111 4758 verbi
1157 4703 1366 4774 gratia,
1418 4702 1703 4771 libidinis,
1752 4704 2028 4773 avaritiae,
2063 4732 2110 4796 Β

371 4792 522 4866 gula)
550 4797 611 4849 et
636 4792 884 4848 invidiae.
906 4793 1104 4847 Sicera
1134 4796 1355 4859 autem,
1386 4792 1442 4847 id
1475 4797 1565 4848 est
1606 4793 1878 4861 ebrietas,
1912 4812 2033 4850 om-

368 4899 475 4939 nes
504 4882 563 4937 in
595 4898 657 4937 se
688 4881 959 4937 vitiorum
992 4880 1250 4935 continet
1278 4880 1601 4951 passiones.
1629 4882 1784 4948 Quas
1816 4883 2031 4939 rectius

370 4970 577 5028 Latino
625 4987 895 5025 sermone
946 4970 1413 5041 perturbationes
1460 4988 1782 5041 possumus
1814 4972 2026 5041 dicere,

369 5060 525 5131 quod
558 5062 781 5115 statum
804 5058 1020 5113 mentis
1041 5063 1321 5127 evertant,
1337 5064 1395 5113 ct
1412 5059 1605 5114 ebrios
1628 5076 1727 5115 eos
1748 5060 2026 5128 efﬁciant,

368 5153 425 5204 ct
452 5147 673 5205 faciant
706 5164 804 5202 eos
836 5146 1062 5202 nescire
1093 5148 1234 5219 quid
1266 5153 1461 5219 agant.
1497 5149 1843 5219 Quicunque
1892 5166 2028 5223 ergo

368 5240 620 5308 possunt
642 5235 919 5303 multum,
941 5235 1155 5290 debent
1174 5253 1368 5292 carere
1391 5236 1630 5303 vitiis,et
1652 5236 1902 5292 maxime
1921 5238 2025 5307 ira,

369 5343 498 5397 quae
524 5326 740 5383 furoris
766 5342 930 5380 soror
946 5328 1133 5393 est,ne
1155 5330 1375 5397 quanto
1406 5326 1539 5397 plus
1572 5331 1839 5398 possunt,
1866 5331 2027 5383 tanto

370 5416 628 5488 amplius
658 5413 942 5486 subjectis
974 5418 1241 5469 noceant.

439 5527 468 5554 ‹‹
498 5502 607 5570 Qui
627 5502 973 5574 justificatis
1000 5501 1246 5572 impium
1269 5519 1373 5574 pro
1398 5505 1765 5573 muneribus,
1791 5506 2033 5576 etjusti-

368 5582 508 5647 tiam
534 5588 689 5662 justi
742 5589 985 5643 aufertis
1034 5590 1105 5642 ab
1137 5608 1224 5646 eo.
1264 5614 1290 5639 ι»
1324 5593 1392 5647 Et
1422 5593 1541 5648 hmc
1573 5612 1709 5666 pars
1752 5594 2028 5650 vitiorum

367 5685 455 5733 est
484 5678 695 5741 vineae,
731 5691 857 5744 qua:
893 5692 995 5746 pro
1027 5676 1153 5731 uvis
1198 5679 1332 5735 fecit
1381 5680 1704 5751 labruscas,
1742 5687 1798 5737 et.
1827 5699 2028 5754 exspe-

363 5766 557 5831 ctante
591 5759 842 5818 Domino
872 5766 938 5815 ut
966 5760 1181 5819 faceret
1218 5765 1532 5840 judicium,
1568 5771 1703 5829 fecit
1750 5769 2025 5844 iniquita-

2147 3459 2328 3515 ticina
2359 3473 2561 3514 eorum
2594 3458 2763 3528 quasi
2796 3459 3021 3511 stercus
3052 3456 3111 3511 in
3143 3455 3334 3512 medio
3366 3455 3716 3529 platearum.
3741 3458 3809 3512 In

2150 3547 2439 3605 omnibus,
2457 3546 2551 3601 his
2582 3562 2698 3601 non
2731 3549 2820 3601 est
2847 3561 3087 3601 aversus
3114 3545 3275 3602 furor
3301 3547 3452 3617 ejus,
3473 3546 3577 3603 sed
3610 3546 3807 3605 adhuc

2150 3654 2362 3693 manus
2392 3636 2521 3707 ejus
2551 3638 2803 3691 extenta.
2834 3656 2863 3684 »
2904 3633 3191 3701 Quoniam
3237 3634 3578 3706 abjecerunt.
3618 3634 3807 3708 legem

2150 3724 2383 3782 Domini
2413 3722 2799 3789 exercituum,
2832 3740 3012 3796 quam
3062 3740 3125 3779 se
3175 3723 3452 3779 daturum
3501 3739 3605 3796 per
3643 3724 3806 3782 Jers-

2149 3813 2328 3869 miam
2362 3812 2647 3868 Dominus
2678 3811 2987 3885 pollicetur
3019 3811 3219 3869 dicens
3253 3829 3265 3867 :
3301 3835 3329 3863 «
3363 3812 3507 3870 Ecce
3538 3812 3662 3870 dies
3707 3829 3803 3871 ve-

2148 3903 2339 3969 niunt,
2373 3901 2515 3958 dicit
2572 3900 2880 3969 Dominus,
2912 3904 2973 3957 et
3029 3900 3233 3959 feriam
3292 3900 3494 3957 domui
3547 3901 3722 3961 Israel
3750 3906 3806 3957 et

2147 3992 2346 4048 domui
2378 3991 2534 4047 Juda
2564 3991 2751 4046 fmdus
2783 4006 2998 4045 novum
3024 4006 3038 4044 :
3064 4006 3181 4046 non
3210 3991 3538 4048 secundum
3568 3996 3802 4062 pactum

2147 4082 2301 4154 quod
2333 4080 2527 4154 pepigi
2558 4096 2692 4135 cum
2717 4079 2982 4152 patribus
3000 4079 3291 4147 eorum,in
3312 4080 3407 4137 die
3438 4080 3673 4152 quando
3707 4096 3805 4153 ap-

2145 4170 2426 4244 prehendi
2461 4186 2704 4225 manum
2737 4186 2939 4224 eorum
2971 4172 3038 4224 ut
3066 4168 3374 4226 educerem
3404 4185 3503 4226 eos
3532 4170 3605 4229 de
3650 4174 3806 4225 terra

2143 4259 2373 4333 [Egypti
2422 4259 2554 4331 (Jer.
2595 4261 2771 4327 xxxx).
2803 4277 2832 4308 »
2867 4258 2939 4314 Et
2989 4273 3322 4314 sermonem
3383 4257 3569 4319 sancti
3626 4256 3801 4321 Israel

2143 4347 2703 4420 blasphemaverunt
2745 4346 3006 4403 dicentes
3054 4348 3234 4419 (Joau.
3267 4364 3406 4415 vni;
3437 4346 3634 4404 Matth.
3665 4362 3798 4414 xm;

2142 4437 2304 4493 Marc.
2339 4440 2419 4506 v1)
2453 4453 2466 4491 :
2503 4460 2531 4487 ‹‹
2565 4436 2932 4492 Daemonium
2965 4435 3161 4503 habet,
3183 4459 3210 4486 υ
3243 4440 3302 4493 et
3334 4460 3361 4489 ιι
3394 4436 3801 4499 Samaritanus

2141 4531 2289 4582 est.»
2322 4527 2427 4582 Et:
2453 4550 2481 4576 ‹‹
2509 4542 2700 4581 nonne
2731 4524 2824 4581 hic
2856 4530 2946 4582 cst
2976 4524 3135 4581 {ilius
3166 4525 3355 4581 fabri?
3388 4548 3415 4575 ››
3439 4525 3655 4581 Idcirco
3686 4525 3799 4587 ira-

2140 4620 2237 4672 tus
2267 4620 2356 4671 est
2384 4616 2546 4672 furor
2576 4615 2810 4670 Domini
2840 4614 2900 4670 in
2944 4614 3228 4688 populum
3280 4632 3477 4685 suum,
3506 4615 3603 4687 qui
3634 4614 3799 4687 prius

2142 4704 2330 4760 iratus
2364 4704 2555 4765 fuerat
2581 4707 2785 4760 contra
2815 4704 3112 4776 principes
3146 4709 3204 4760 et
3232 4708 3521 4777 potentes,
3553 4703 3653 4775 qui
3702 4720 3797 4761 sa-

2143 4793 2367 4866 pientes
2397 4798 2565 4849 erant
2585 4792 2645 4847 in
2670 4792 3214 4849 oculissuis.1rasci
3235 4797 3435 4850 autem
3473 4792 3626 4849 Deus
3653 4792 3797 4848 dici-

2143 4886 2381 4949 tur,non
2409 4882 2564 4954 quod
2588 4880 2867 4937 humanis
2883 4882 3348 4955 perturbationis
3370 4880 3795 4954 subjaceat,sed

2141 4972 2295 5041 quod
2330 4988 2435 5025 nos
2467 4970 2567 5042 qui
2600 4968 3154 5041 delinquimus,nisi
3184 4970 3532 5027 irascentem
3555 4968 3800 5026 audieri-

2140 5077 2274 5115 mus
2297 5060 2604 5131 Dominus,
2621 5076 2735 5114 non
2769 5059 3089 5115 timeamus
3118 5076 3275 5115 eum.
3297 5059 3459 5115 Unde
3479 5063 3535 5115 et
3553 5060 3797 5131 Aposto-

2139 5147 2233 5204 lus
2264 5148 2487 5213 scribit,
2510 5149 2665 5220 quod
2693 5171 2719 5197 ‹‹
2744 5148 2979 5205 bonitas
2998 5148 3099 5205 Dei
3123 5153 3181 5204 et
3212 5149 3495 5221 patientia
3524 5151 3797 5220 provocat

2138 5254 2245 5292 nos
2277 5237 2349 5293 ad
2383 5237 2785 5311 pmnitentiam
2816 5239 2993 5307 (Rom.
3028 5238 3112 5309 ιι).
3146 5261 3174 5288 ››
3199 5239 3316 5294 Nos
3354 5241 3549 5294 autem
3588 5252 3795 5293 secun-

2138 5327 2280 5383 dum
2304 5326 2583 5382 duritiam
2606 5331 2663 5382 et
2695 5326 3071 5398 impmnitens
3092 5344 3195 5383 cor
3225 5323 3799 5393 nostrum,thesauri«

2140 5432 2347 5473 zamus
2374 5416 2546 5470 nobis
2578 5415 2726 5471 iram
2762 5417 2819 5470 in
2853 5415 2947 5472 die
2978 5416 3076 5471 ira:
3124 5421 3182 5473 ct
3232 5414 3601 5473 revelationis
3642 5414 3791 5486 justi

2131 5505 2343 5575 judicii
2375 5504 2497 5560 Dei.
2532 5508 2667 5572 Qua:
2700 5505 2778 5561 sit
2808 5509 3005 5561 autem
3037 5522 3250 5561 manus
3296 5522 3423 5578 qua
3464 5504 3796 5561 extenditur

2138 5595 2224 5651 vel
2256 5594 2516 5651 elevatur
2546 5611 2726 5668 super
2752 5592 3040 5666 populum
3071 5594 3581 5667 peccatorem,Job
3606 5594 3793 5666 capite

2139 5701 2294 5739 nono
2326 5683 2588 5754 loquitur
2618 5683 3011 5752 manifestius,
3059 5706 3081 5735 α
3116 5684 3328 5740 Manus
3374 5682 3529 5740 enim
3562 5680 3789 5740 Domini

2136 5772 2329 5850 tetigit
2360 5788 2471 5830 me.
2510 5794 2537 5821 ››
2591 5771 2753 5831 Unde
2799 5771 3068 5832 diabolus
3115 5774 3308 5834 sciens
3354 5776 3705 5848 potestatem
3732 5769 3790 5827 in
