3960 6378
179 463 290 525 ’153

1236 465 1644 532 COMMENT.
1691 471 1769 532 lN
1814 471 2110 536 ISAIAM.
2158 511 2235 520 —
2276 477 2424 539 LIB.
2468 477 2516 540 Ι.

3464 484 3579 547 754

180 612 348 690 manu
369 592 836 690 Domini‘esse,et
857 595 916 652 in
938 596 1180 690 brachio
1200 601 1330 690 ejus
1351 602 1504 674 quod
1529 603 1817 659 universis
1847 606 1900 673 Α
1927 607 2058 678 ejus
2079 609 2246 680 quasi
2273 609 2528 682 impetus
2555 613 3197 688 tempestatis.Rugitus
3229 618 3358 690 ejus
3390 621 3454 674 ut
3473 617 3586 675 leo-

180 684 438 758 gentibus
469 682 789 742 revelatum
821 686 1080 752 est,dicit
1109 689 1180 742 ad
1215 689 1568 746 Dominum:
1599 716 1620 741 ι
1659 693 1824 750 Mitte

181 789 408 830 manum
432 777 592 830 tuam
617 777 675 828 et
695 778 870 847 tange
900 775 1098 831 omnia
1122 794 1250 849 quae
1273 777 1471 846 habet,
1495 779 1606 834 nisi
1643 781 1699 836 in
1735 782 1822 836 fa-

179 862 314 918 ciem
337 862 696 918 benedixerit
716 863 820 918 tibi
849 864 986 932 (Job.
1021 865 1103 936 u).
1141 889 1168 914 »
1199 868 1362 931 Quod
1395 872 1590 923 autem
1621 870 1824 941 sequi-

179 955 302 1007 tur:
324 955 382 1006 et
414 950 709 1024 percussit
728 951 950 1020 eum,id
973 957 1064 1008 est
1087 955 1367 1027 populum
1389 962 1648 1020 suum,et
1678 976 1820 1013 con-

177 1041 382 1096 turbati
414 1044 556 1096 sunt
587 1045 820 1096 montes
855 1059 868 1096 :
903 1039 1272 1114 hyperbolice
1328 1050 1628 1116 putamus,
1663 1050 1818 1120 quod

177 1146 271 1202 pro
300 1129 708 1202 magnitudine
758 1130 1049 1187 malorum
1084 1132 1260 1188 etiam
1297 1139 1529 1190 montes
1563 1154 1820 1192 commo-

175 1225 426 1287 veantur,
490 1223 549 1276 et
605 1220 988 1276 cadaveribus
1049 1227 1414 1278 mortuorum
1488 1224 1824 1296 repleantur

176 1325 366 1364 omnes
393 1307 598 1382 plateae
637 1307 895 1364 urbium.
931 1309 1048 1364 Hoc
1091 1310 1374 1366 accidisse
1422 1311 1642 1368 Judaeis
1692 1319 1823 1386 post

176 1397 499 1470 passionem
533 1397 766 1453 Domini
799 1398 912 1453 sub
941 1397 1300 1470 Vespasiano
1330 1405 1388 1454 et
1416 1401 1691 1470 Adriano,
1727 1420 1820 1458 ne-

176 1501 262 1541 mo
291 1485 424 1558 quis
453 1486 706 1542 dubitat.
738 1486 1002 1559 Cumque
1051 1487 1173 1543 hzec
1221 1489 1373 1544 facta
1415 1491 1556 1556 sint,
1592 1508 1705 1546 non
1733 1497 1822 1547 est

173 1590 400 1631 aversus
433 1575 598 1630 furor
625 1576 776 1646 ejus,
811 1576 914 1631 sed
941 1577 1134 1632 adhuc
1166 1594 1378 1632 manus
1407 1580 1536 1650 ejus
1565 1584 1818 1646 extenta,

173 1681 280 1737 quo
307 1661 578 1720 habitum
612 1664 922 1720 irascentis
951 1669 1008 1720 et
1035 1666 1410 1737 percutientis
1441 1669 1716 1723 ostendit.
1753 1671 1822 1724 Et

171 1753 491 1809 notandum
523 1752 584 1808 in
615 1752 710 1808 his
739 1753 1018 1810 omnibus
1061 1755 1218 1825 quod
1250 1772 1365 1810 non
1397 1755 1482 1811 eis
1511 1758 1821 1829 exprobret

171 1841 700 1910 idololatriam,non
731 1841 846 1898 alia
877 1847 1116 1914 peccata
1147 1848 1385 1916 propter
1413 1861 1541 1917 quis
1571 1845 1821 1901 oli‘ende-

171 1936 300 1987 runt
312 1931 632 1988 Dominum
645 1972 658 1996 ,
673 1931 775 1986 sed
790 1931 929 2002 quia
943 1931 1284 2002 abjecerunt
1297 1931 1482 2004 legem
1500 1933 1815 2005 Evangelii,

169 2024 222 2076 et
248 2034 578 2076 sermonem
611 2018 714 2074 Dei
747 2018 1322 2092 blasphemaverunt.

233 2132 258 2159 «
284 2110 353 2166 Et
372 2103 624 2165 elevabit
644 2109 884 2182 signum
907 2109 965 2164 in
991 2108 1327 2165 nationibus
1351 2109 1574 2182 procul,
1597 2117 1653 2166 et
1682 2111 1820 2166 sibi-

169 2193 303 2254 labit
321 2199 393 2254 ad
416 2213 556 2255 eum
578 2197 650 2253 de
681 2197 901 2254 finibus
931 2199 1193 2253 terrai.Et
1221 2215 1352 2254 ecce
1384 2199 1633 2254 festinus
1662 2199 1816 2254 velo-

168 2285 302 2343 citer
321 2287 602 2357 veniet,et
632 2302 746 2342 non
781 2287 891 2342 erit
920 2286 1217 2358 deficiens,
1237 2305 1427 2360 neque
1455 2287 1730 2343 laborans
1757 2288 1815 2343 in

171 2391 252 2432 eo.
285 2376 409 2432 Non
441 2375 790 2432 dormitabit
820 2392 1007 2448 neque
1038 2375 1308 2443 dormiet,
1344 2394 1532 2448 neque
1563 2376 1822 2432 solvetur

171 2465 465 2538 cingulum
493 2463 834 2520 lumborum
865 2465 1210 2537 ejus,nequc
1243 2469 1550 2537 rumpetur
1569 2465 1819 2538 corrigia

169 2553 540 2609 calceamenti
565 2553 716 2627 ejus.
736 2554 975 2625 Sagitta:
992 2554 1120 2625 ejus
1134 2558 1399 2621 acutze,ct
1418 2571 1624 2610 omnes
1645 2571 1816 2610 arcus

167 2642 288 2714 ejus
309 2642 548 2698 extenti.
574 2641 817 2716 Ungula:
846 2658 1132 2714 equorum
1166 2643 1295 2714 ejus
1327 2647 1392 2698 ut
1422 2643 1651 2710 silex,et
1681 2647 1816 2699 rotae

1846 1976 1894 2042 Β

1935 697 2048 761 nis,
2084 698 2276 770 rugict
2322 704 2387 754 ut
2415 701 2593 757 catuli
2624 702 2880 771 leonum,
2913 710 2968 760 et
3001 707 3245 773 frondet,
3277 711 3335 762 et
3365 709 3586 765 tenebit

1932 787 2208 856 praedam,
2240 792 2298 846 et
2327 789 2754 861 amplexabitur
2785 808 2798 847 :
2833 798 2890 847 et
2922 811 3033 848 non
3080 795 3191 850 erit
3220 795 3321 866 qui
3351 796 3581 870 eripiat.

1933 874 2002 928 Et
2032 875 2263 929 sonabit
2293 893 2470 948 super
2497 895 2628 934 eum
2664 879 2723 934 in
2756 881 2848 934 die
2884 881 3003 950 illa,
3024 883 3175 938 sicut
3199 883 3427 940 sonitus
3458 901 3584 941 ma-

1933 962 2410 1036 ris.Aspiciemus
2446 967 2501 1021 in
2537 973 2774 1031 terram,
2807 975 2864 1026 et
2893 988 3024 1027 ecce
3057 973 3304 1028 tenebrae
3335 973 3584 1030 tribula-

1931 1051 2128 1120 tionis,
2163 1058 2218 1107 et
2249 1054 2348 1108 lux
2398 1057 2778 1113 obtenebrata
2833 1065 2922 1115 est
2967 1061 3024 1115 in
3075 1061 3321 1134 caligine
3367 1063 3517 1134 ejus.
3553 1087 3581 1113 ››

1932 1141 2146 1195 Gentes
2176 1159 2312 1212 ergo
2345 1142 2514 1215 longe
2547 1146 2766 1216 positas
2797 1148 3170 1218 signiticat,et
3187 1169 3312 1222 quze
3333 1151 3391 1206 in
3413 1156 3580 1208 terra:

1932 1221 2149 1284 finibus
2165 1239 2635 1289 commorantur:
2659 1235 2813 1290 haud
2835 1237 3076 1292 dubium
3097 1221 3240 1310 quin
3265 1241 3578 1310 Romanos,

1929 1321 1989 1372 et
2045 1335 2250 1373 omnes
2301 1319 2501 1386 Italico,
2551 1323 2871 1391 Gallorum,
2917 1331 2973 1380 et
3019 1344 3147 1398 qua:
3199 1328 3256 1382 in
3305 1328 3583 1401 Ilispania

1931 1410 2072 1460 sunt
2105 1411 2326 1478 gentes,
2352 1425 2479 1479 qum
2529 1412 2642 1465 sub
2689 1412 3046 1484 Vespasiano
3091 1419 3149 1470 et
3188 1417 3438 1472 Adriano
3471 1417 3582 1472 Ito»

1931 1513 2107 1550 mano
2162 1497 2406 1568 imperio
2454 1501 2858 1571 subjarebant.
2893 1503 3181 1559 Describit
3227 1522 3363 1578 ergo
3392 1521 3585 1561 sermo

1930 1585 2164 1640 divinus
2186 1586 2550 1644 velocitatem
2577 1592 2862 1647 venientis
2879 1595 3291 1666 exercitus,qui
3317 1612 3432 1650 non
3455 1612 3585 1662 sua,

1929 1673 2031 1728 sed
2067 1673 2298 1728 Domini
2331 1675 2551 1731 venerit
2581 1677 2901 1747 voluntate,
2921 1679 3039 1734 imo
3069 1683 3140 1736 ab
3174 1681 3272 1737 illo
3302 1686 3585 1738 attractus

1928 1765 1986 1816 et
2026 1760 2198 1816 sibilo
2230 1761 2390 1818 illius
2420 1771 2788 1837 provocatus,
2821 1769 2976 1838 quod
3010 1786 3123 1823 non
3155 1770 3450 1838 defecerit,
3476 1789 3582 1827 nec

1926 1853 2089 1904 tanto
2137 1848 2342 1906 itinere
2392 1851 2759 1920 laboraverit,
2805 1860 2862 1909 et
2910 1857 3229 1929 cupiditate
3281 1858 3580 1930 praedandi

1928 1954 2203 1994 somnum
2233 1939 2420 1995 oculis
2453 1959 2564 1995 non
2597 1942 3326 2011 admiserit,calceamenta
3345 1963 3580 2020 quoque

1926 2027 2056 2096 ejus
2106 2043 2220 2081 non
2277 2033 2419 2083 sunt
2465 2029 2688 2096 attrita,
2734 2031 3172 2103 sagittariorum
3215 2051 3477 2100 cursum,
3511 2052 3579 2092 ac

1927 2113 2369 2170 multitudinem
2383 2117 3024 2192 cquitum,turmasque
3037 2139 3316 2177 curruum
3328 2124 3580 2195 ,quadri-

1927 2219 2253 2274 garumque
2285 2203 2750 2276 fervorem,quod
2783 2206 2971 2262 instar
2999 2207 3184 2264 leonis
3214 2226 3329 2264 non
3352 2214 3471 2264 tam
3504 2212 3576 2266 ad

1927 2292 2313 2362 pugnandum
2337 2309 2512 2364 quam
2532 2295 2602 2348 ad
2623 2295 3003 2365 przedandum
3036 2297 3476 2370 vorandumque
3492 2314 3582 2353 ve-

1927 2378 2164 2444 nerit,et
2195 2378 2455 2436 ululatus
2485 2381 2772 2438 vincentis
2801 2385 3089 2440 exercitus
3117 2385 3363 2440 marinis
3384 2386 3578 2442 flucti-

1928 2467 2039 2522 bus
2070 2473 2466 2541 comparatur.
2491 2471 2570 2525 Ex
2601 2488 2716 2542 quo
2750 2473 3073 2527 notandum
3107 2478 3217 2542 est,
3243 2473 3580 2547 ubicunque

1927 2555 2156 2612 sonitus
2188 2557 2369 2613 maris
2400 2559 2458 2612 in
2491 2560 2812 2632 Scripturis
2842 2561 3338 2635 appellatur,quid
3361 2563 3583 2636 signiti-

1927 2649 2018 2702 cet
2047 2645 2142 2700 hic
2170 2647 2629 2703 demonstratur.

1364 2877 1682 2962 LIBER
1739 2875 2384 2966 SECUNDUS.

797 3104 1030 3161 CAPUT
1069 3105 1164 3160 VI.

227 3219 252 3244 ‹‹
273 3198 444 3252 Anno
466 3211 584 3262 quo
605 3197 874 3250 mortuus
895 3199 985 3249 est
1014 3193 1334 3261 Ozias,vidi
1369 3195 1682 3250 Dominum
1719 3213 1806 3250 se-

1917 3107 2092 3179 (Joan.
2126 3106 2190 3178 1.)
2219 3105 2302 3160 Ad
2335 3105 2491 3176 quod
2534 3106 3039 3176 respondebimus.
3073 3107 3198 3161 Non
3228 3108 3420 3163 solum
3455 3109 3566 3164 Pa-

1919 3195 2026 3250 tris
2059 3194 2444 3260 divinitatem,
2479 3194 2580 3248 sed
2631 3211 2735 3248 nec
2789 3193 2914 3248 Filii
2957 3195 3196 3265 quidem
3226 3200 3286 3250 et
3315 3195 3570 3268 Spiritus

159 3285 386 3341 dentem
411 3300 593 3356 super
610 3279 829 3338 solium
852 3281 1145 3338 excelsum
1176 3287 1235 3337 et
1262 3282 1611 3339 elevatum.»
1632 3283 1808 3340 Visus
1840 3269 1884 3336 C
1922 3284 2108 3342 sancti
2139 3283 2300 3356 (quia
2329 3301 2449 3338 una
2477 3281 2534 3336 in
2574 3283 2861 3338 Trinitate
2887 3288 3096 3339 natura
3127 3287 3238 3352 est)
3269 3301 3376 3340 nec
3397 3299 3570 3356 posse

159 3378 241 3429 est
259 3372 422 3429 Isaia:
455 3370 744 3428 Dominus
775 3387 954 3444 super
982 3369 1196 3427 solium
1227 3371 1518 3428 excelsum
1551 3377 1609 3428 et
1629 3371 1811 3428 eleva-

157 3465 371 3531 tum,ut
383 3461 653 3517 habitum
669 3459 968 3531 regnantis
981 3459 1534 3515 ostenderet.Oziam
1555 3478 1810 3533 namque

156 3550 290 3624 quia
317 3549 434 3606 sibi
468 3549 739 3605 illicitum
781 3547 1173 3604 sacerdotium
1206 3547 1616 3618 vindicaverat,
1651 3549 1812 3622 lepra

156 3640 332 3697 fuisse
365 3653 717 3712 percussum
777 3653 946 3693 sacra
975 3639 1174 3692 narrat.
1202 3635 1466 3692 historia.
1499 3640 1622 3705 Quo
1655 3641 1810 3693 mer-

156 3731 273 3795 tuo,
297 3725 591 3785 Dominus
609 3725 842 3781 videtur
860 3725 920 3780 in
942 3723 1184 3797 templo,
1203 3726 1358 3796 quod
1381 3724 1478 3780 ille
1498 3725 1807 3797 polluerat.

155 3816 232 3873 Ex
249 3835 369 3890 quo
392 3814 946 3881 animadvertimus,
969 3818 1250 3884 regnante
1271 3813 1500 3886 leproso
1525 3832 1678 3888 rege,
1703 3831 1810 3870 nos

155 3905 332 3962 Deum
358 3905 422 3961 in
447 3920 557 3960 sua
577 3903 884 3976 majestate
904 3901 1098 3958 videre
1120 3919 1235 3958 non
1258 3919 1563 3975 posse,nec
1595 3909 1811 3959 sanctze

153 3993 466 4052 Trinitatis
507 4007 680 4048 nosse
732 3989 1031 4064 mysteria.
1064 3989 1227 4046 Unde
1252 3995 1310 4046 et
1339 3990 1398 4046 in
1433 3991 1624 4046 Exodo
1651 3995 1810 4063 post-

153 4099 330 4154 quam
363 4084 638 4138 mortuus
667 4083 757 4136 est
786 4079 1009 4136 Pharao
1043 4077 1145 4151 qui
1194 4078 1562 4152 opprimebat
1609 4078 1810 4147 Israel,

152 4169 362 4240 luto,et
393 4167 667 4242 paleis,et
694 4165 1259 4238 lateribus,populus
1290 4165 1564 4222 clamavit
1595 4167 1666 4222 ad
1699 4172 1810 4222 Do-

151 4259 417 4326 minum,
437 4255 536 4330 qui
570 4254 670 4312 illo
699 4253 925 4312 vivente
955 4253 1208 4310 clamare
1241 4272 1355 4310 non
1390 4258 1637 4328 poterat.
1673 4257 1813 4322 Quis

151 4347 229 4405 sit
255 4351 462 4404 autem
495 4344 606 4401 iste
634 4343 922 4400 Dominus
953 4343 1054 4415 qui
1083 4343 1338 4411 videtur,
1369 4343 1428 4398 in
1461 4343 1816 4416 evangelista

149 4437 378 4492 Joanne
395 4437 453 4490 et
473 4433 532 4489 in
551 4430 951 4504 apostolorum
971 4430 1214 4488 Actibus
1246 4431 1475 4504 plenius
1504 4432 1812 4490 discimus.

153 4524 314 4580 Inter
361 4539 515 4594 quos
560 4521 817 4577 Joannes
849 4520 932 4576 ait
962 4536 976 4575 :
1009 4522 1138 4576 liaac
1168 4521 1315 4576 dixit
1344 4520 1545 4588 Isaias,
1580 4523 1814 4594 quando

148 4611 296 4669 vidit
323 4609 576 4684 gloriam
615 4609 766 4681 ejus,
799 4613 858 4664 et
887 4607 1118 4664 locutus
1147 4613 1237 4664 est
1266 4609 1336 4664 de
1365 4625 1432 4665 eo
1467 4626 1481 4664 :
1515 4608 1668 4665 haud
1703 4611 1810 4666 du-

151 4700 316 4757 bium
341 4699 489 4772 quin
511 4697 810 4754 Christum
841 4695 1482 4768 signiﬁcaret.Hursum
1515 4697 1731 4753 Paulus
1752 4697 1810 4753 in

148 4789 405 4846 Actibus
426 4784 826 4858 apostolorum
851 4785 950 4840 ubi
975 4785 1168 4840 Romae
1186 4782 1526 4858 loquiturad
1545 4787 1810 4843 Judzeos:

149 4879 306 4935 Bene
327 4875 567 4950 (inquit)
590 4875 843 4948 Spiritus
865 4879 1106 4932 sanctus
1124 4873 1354 4931 locutus
1375 4879 1464 4932 est
1481 4894 1582 4948 per
1602 4875 1814 4932 Isaiam

149 4967 507 5040 prophetam
539 4965 611 5020 ad
644 4968 837 5036 patres
871 4968 1102 5020 nostros
1133 4964 1334 5020 dicens
1368 4981 1381 5020 :
1414 4965 1572 5020 Vade
1599 4967 1668 5020 ad
1714 4983 1812 5038 po-

150 5055 367 5128 pulum
403 5054 608 5120 istum,
637 5057 694 5108 et
713 5053 808 5109 dic
835 5069 846 5107 :
871 5055 1024 5108 Aure
1066 5051 1338 5119 audietis,
1370 5057 1427 5108 et
1458 5071 1572 5108 non
1601 5053 1814 5108 intelli-

148 5145 330 5218 getis,
363 5147 424 5199 et
451 5142 713 5198 videntes
742 5141 1037 5210 videbitis,
1071 5145 1129 5197 et
1153 5157 1267 5196 non
1299 5142 1684 5214 perspicictis.
1717 5143 1814 5196 Vi-

148 5250 258 5290 sus
278 5235 377 5290 est
395 5236 594 5288 autem
617 5229 801 5288 Filius
833 5230 1134 5303 regnantis
1167 5230 1226 5285 in
1257 5230 1554 5297 habitu,et
1583 5231 1816 5286 locutus

147 5325 243 5378 est
263 5319 529 5394 Spiritus
549 5323 790 5376 sanctus
822 5336 925 5392 per
953 5318 1313 5375 consortium
1339 5318 1818 5388 majestatis,uni-

147 5413 460 5480 tatemque
520 5408 886 5464 substantiae.
947 5410 1172 5474 Quasret
1227 5407 1462 5479 aliquis,
1525 5410 1815 5480 quomodo

149 5515 314 5555 nunc
367 5496 654 5570 propheta
702 5495 1020 5552 Dominum
1053 5512 1114 5552 se
1145 5495 1359 5552 vidisse
1405 5495 1580 5564 dicat,
1613 5501 1671 5551 et
1701 5514 1816 5552 non

149 5585 430 5644 absolute
459 5585 799 5654 Dominum,
828 5586 926 5642 sed
959 5584 1275 5641 Dominum
1327 5585 1580 5640 Sabaoth
1616 5603 1629 5640 :
1665 5590 1729 5641 ut
1757 5585 1815 5640 in

148 5673 661 5746 consequentibus
716 5675 842 5747 ipse
899 5677 1168 5741 testatur,
1201 5691 1334 5730 cum
1367 5675 1621 5730 Joannes
1652 5692 1820 5730 evan-

148 5764 374 5837 gelista
423 5761 633 5818 dixerit
680 5781 692 5820 :
757 5787 784 5814 «
821 5764 1005 5820 Deum
1065 5780 1236 5819 nemo
1293 5763 1440 5819 vidit
1493 5779 1810 5833 unquam»

1917 3372 2102 3429 oculis
2133 3373 2327 3427 carnis
2357 3371 2742 3444 aspicere,sed
2771 3370 2958 3426 oculis
2990 3373 3223 3427 mentis.
3245 3373 3324 3428 De
3354 3373 3570 3446 quibus

1917 3462 2043 3534 ipse
2075 3461 2341 3516 Salvator
2371 3459 2451 3515 ait
2483 3478 2495 3515 :
2532 3483 2558 3510 «
2595 3459 2752 3514 Beati
2812 3461 3032 3515 mundo
3063 3461 3258 3526 corde,
3287 3461 3570 3533 quoniam

1917 3549 2030 3621 ipsi
2087 3551 2273 3604 Deum
2328 3549 2610 3604 videbunt
2641 3548 2845 3616 (Matth.
2881 3555 2958 3617 v).
2997 3572 3023 3598 ››
3056 3550 3158 3605 Dei
3215 3554 3428 3606 natura
3455 3569 3572 3607 non

1917 3637 2196 3705 cernitur,
2248 3637 2348 3692 sed
2401 3637 2634 3692 videtur
2681 3637 2754 3691 ab
2802 3636 3144 3694 hominibus
3194 3643 3260 3694 ut
3306 3638 3432 3710 ipse
3469 3657 3574 3695 vo—

1918 3725 2112 3782 luerit.
2695 3735 2701 3740 '

1990 3837 2018 3864 «
2054 3814 2360 3886 Seraphim
2419 3815 2656 3870 stabant
2685 3831 2865 3884 super
2894 3814 3060 3879 illud,
3093 3831 3192 3870 sex
3223 3814 3326 3870 al‘ae
3357 3816 3484 3882 uni,
3515 3821 3576 3872 et
3617 3863 3620 3868 .

1919 3920 2019 3958 sex
2067 3902 2171 3958 ala}
2215 3901 2404 3957 alteri.
2457 3902 2695 3957 Duabus
2742 3901 3014 3956 velabant
3063 3901 3268 3957 faciem
3317 3903 3466 3972 ejus,
3513 3907 3574 3959 et

1919 3991 2153 4044 duabus
2182 3989 2455 4042 velabant
2485 3989 2662 4060 pedes
2691 3989 2820 4058 ejus
2851 4005 2866 4042 :
2901 3988 3132 4043 duabus
3181 3989 3480 4057 volabant,
3510 3995 3572 4048 et

1919 4077 2255 4134 clamabant
2283 4075 2428 4132 alter
2457 4077 2527 4131 ad
2561 4075 2830 4140 alterum,
2863 4081 2921 4130 et
2949 4075 3255 4132 dicebant:
3295 4075 3568 4144 Sanctus,

1921 4168 2182 4230 sanctus,
2215 4167 2476 4230 sanctus,
2517 4164 2801 4219 Dominus
2849 4163 3231 4230 exercituum,
3265 4163 3441 4237 plena
3482 4170 3572 4222 est

1921 4253 2115 4310 omnis
2143 4257 2298 4308 terra
2327 4252 2513 4326 gloria
2540 4251 2688 4323 ejus.
2716 4274 2743 4300 ››
2775 4251 3080 4324 Seraphim
3112 4254 3572 4325 interpretantur

1920 4342 2284 4408 incendentes,
2307 4342 2427 4398 sive
2455 4341 2844 4407 comburentes,
2869 4341 3040 4412 juxta
3070 4341 3214 4397 illud
3245 4343 3400 4414 quod
3431 4342 3569 4398 alibi

1922 4432 2174 4507 legimus
2207 4449 2219 4488 :
2255 4455 2282 4482 «
2307 4431 2413 4497 Qui
2446 4430 2582 4486 facit
2610 4431 2849 4503 angelos
2896 4449 3034 4487 suos
3066 4431 3310 4504 spiritus
3339 4434 3568 4502 (Psalm.

1925 4525 2060 4590 cm),
2090 4543 2117 4570 »
2149 4525 2208 4577 et
2238 4521 2537 4576 ministros
2572 4537 2710 4576 suos
2740 4519 2935 4591 ignem
2967 4525 3253 4576 urentem.
3288 4521 3572 4578 Dominus

1924 4608 1986 4663 in
2018 4609 2315 4680 seraphim
2353 4625 2423 4663 ex
2461 4611 2627 4679 parte
2674 4607 3003 4662 ostenditur
3041 4613 3097 4664 et
3126 4625 3194 4664 ex
3222 4613 3387 4682 parte
3415 4609 3573 4665 cela-

1929 4695 2278 4753 tur.l4‘acicm
2309 4697 2437 4768 ejus
2465 4700 2524 4751 et
2552 4697 2729 4768 pedes
2759 4695 3048 4767 operiunt,
3083 4695 3224 4769 quia
3251 4701 3308 4752 et
3337 4702 3572 4770 praeter-

1924 4785 2006 4841 ita
2035 4790 2172 4840 ante
2201 4786 2512 4852 mundum,
2546 4789 2604 4840 et
2654 4786 2852 4840 futura
2899 4790 3030 4857 post
3081 4787 3392 4854 mundum,
3425 4786 3575 4844 scire

1925 4892 2041 4930 non
2075 4891 2412 4947 possumus,
2436 4875 2534 4929 sed
2570 4873 2763 4929 media
2791 4878 3044 4939 tantum,
3068 4891 3194 4947 qua:
3225 4874 3286 4929 in
3319 4891 3418 4930 sex
3447 4875 3573 4931 die-

1925 4965 2036 5019 bus
2069 4964 2220 5018 facta
2267 4968 2406 5018 sunt
2435 4964 2588 5032 (Gen.
2625 4963 2661 5035 ι)
2694 4962 3180 5034 contemplamur.
3214 4964 3329 5018 Nec
3355 4963 3572 5018 mirum

1925 5051 2034 5107 hoc
2081 5053 2152 5106 de
2201 5051 2497 5124 seraphim
2545 5052 2797 5118 credere,
2833 5068 2966 5106 cum
2999 5055 3055 5106 et
3083 5051 3328 5122 apostoli
3371 5053 3574 5108 Salva-

1926 5146 2110 5197 torem
2143 5140 2517 5196 credentibus
2537 5140 3164 5212 aperiant,infidelibus
3186 5141 3571 5208 abscondant,

1925 5235 1982 5286 et
2010 5230 2202 5285 velum
2236 5234 2372 5285 ante
2400 5246 2596 5286 arcam
2626 5229 2798 5284 fuerit
2841 5229 3200 5285 Testamenti
3233 5230 3426 5299 (Exod.
3459 5232 3570 5300 η).

1926 5320 2065 5375 Alas
2111 5336 2346 5391 quoque
2393 5319 2607 5374 habere
2639 5319 2916 5373 dicuntur
2944 5323 3180 5390 propter
3207 5318 3573 5374 velocitatem

1927 5408 1985 5462 in
2017 5413 2228 5463 cuncto
2258 5424 2364 5462 suo
2394 5407 2812 5474 discursu,sivc
2846 5407 2982 5478 quia
3015 5424 3245 5479 semper
3271 5407 3330 5461 in
3363 5407 3576 5464 altiori-

1925 5497 2038 5552 bus
2069 5497 2733 5568 commorantur.Neque
2755 5495 2909 5550 enim
2942 5495 3085 5550 illud
3111 5497 3263 5568 quod
3287 5497 3357 5552 de
3385 5497 3576 5554 ventis

1927 5585 2160 5650 dicitur,
2184 5585 2281 5656 qui
2316 5584 2582 5640 ambulat
2612 5601 2788 5657 super
2817 5601 3040 5656 pennas
3068 5589 3374 5640 ventorum
3402 5587 3573 5660 (Psal.

1927 5678 2080 5743 cm):
2115 5691 2244 5730 vere
2284 5675 2457 5746 juxta
2503 5675 2760 5730 fabulam
2811 5679 3112 5746 poetarum
3163 5679 3220 5731 et
3261 5675 3575 5749 pictorum,

1926 5767 2126 5820 ventos
2159 5779 2382 5836 pennas
2413 5763 2627 5822 habere
2658 5769 2928 5834 testatur,
2963 5765 3064 5820 sed
3095 5766 3310 5822 celeres
3342 5767 3402 5822 in
3435 5784 3581 5825 cun-
