3960 6370
185 435 316 499 75⁵1

1261 439 1668 508 COMMENT.
1717 447 1796 509 IN
1841 447 2136 514 ISAIAM.
2184 484 2262 496 —
2305 451 2451 515 LIB.
2500 451 2572 515 lI.

3507 458 3626 523 758

183 570 449 664 propria:
477 570 850 664 conscientia:
883 590 944 629 se
991 573 1075 630 ire
1125 575 1414 648 promittit
1446 596 1459 634 :
1495 579 1596 634 sed
1647 581 1863 638 ﬁducia
1889 585 1942 652 Α
1975 582 2276 653 dilatatus,
2311 589 2368 641 et
2398 586 2615 643 oblitus
2647 587 2936 647 Creatoris
2969 591 3080 648 sui.
3117 591 3403 664 Propheta
3430 599 3625 651 autem

185 663 373 718 bona)
399 662 547 735 spei,
571 661 850 734 quoniam
876 669 1124 736 purgata
1147 670 1286 721 sunt
1313 666 1468 723 labia
1489 669 1864 739 ejus,ablata—

184 767 312 824 que
349 749 654 824 iniquitas,
690 753 1165 825 mundatumque
1198 760 1523 826 peccatum.
1766 794 1777 803 .

263 864 296 891 ‹‹
332 841 405 896 Et
433 839 613 896 dixit:
637 839 817 908 Vade,
842 846 901 896 et
920 841 1013 896 dic
1032 842 1246 915 populo
1269 843 1405 899 huic
1430 861 1443 899 :
1471 847 1678 902 Audite
1701 849 1864 904 audi-

183 934 277 998 tu,
316 934 380 986 et
419 928 598 986 nolite
647 928 972 1003 intelligere
1006 948 1018 985 :
1054 936 1113 986 et
1156 931 1344 988 videte
1390 933 1541 1001 visu,
1569 940 1629 990 ct
1681 935 1860 993 nolite

181 1035 572 1092 cognoscere.
598 1018 834 1074 Excmca
863 1035 962 1074 cor
992 1019 1192 1092 populi
1224 1021 1425 1092 hujus,
1450 1028 1506 1079 et
1536 1042 1707 1080 aures
1729 1027 1857 1097 ejus

181 1124 474 1181 aggrava,
497 1112 554 1163 ct
584 1105 788 1164 oculos
809 1109 939 1180 ejus
959 1107 1188 1175 claude,
1207 1128 1276 1166 ne
1296 1112 1441 1168 forte
1459 1113 1651 1168 videat
1671 1115 1857 1171 oculis

180 1198 321 1256 suis
355 1203 416 1254 et
443 1196 688 1253 auribus
719 1197 944 1264 audiat,
959 1202 1016 1252 et
1037 1200 1209 1253 corde
1231 1199 1603 1270 intelligat,et
1623 1220 1857 1260 conver-

181 1293 361 1345 tatur
389 1292 447 1342 et
467 1289 728 1342 sanetur.
747 1307 774 1334 ››
789 1288 911 1352 0υο
928 1292 1124 1342 autem
1145 1287 1265 1342 hrrc
1289 1291 1593 1361 prophetia
1614 1291 1856 1364 impleta

181 1379 265 1436 sit
299 1382 590 1449 tempore,
621 1373 732 1430 hoc
765 1378 826 1431 et
853 1376 1154 1448 apostolus
1173 1378 1390 1433 Paulus
1413 1379 1471 1434 in
1494 1398 1854 1453 consequen-

179 1465 660 1537 tibusloquitur:
677 1463 894 1520 Notum
919 1465 998 1520 sit
1017 1482 1154 1537 ergo
1175 1468 1340 1522 vobis
1361 1471 1638 1540 quoniam
1663 1474 1849 1541 genti-

179 1557 304 1614 bus
335 1554 592 1610 missum
627 1552 843 1608 esthoc
865 1553 1120 1610 salutare
1144 1555 1265 1624 Dei,
1285 1557 1392 1627 ipsi
1417 1559 1849 1616 audient.Unde

177 1645 320 1701 etin
334 1643 559 1700 eisdem
576 1642 820 1699 Actibus
837 1645 1235 1714 apostolorum
1254 1645 1361 1718 legi
1374 1664 1505 1702 mus
1528 1650 1684 1720 quod
1709 1650 1850 1705 Pau-

167 1733 272 1792 lus
293 1738 358 1789 et
376 1731 675 1790 Barnabas
694 1731 917 1788 Judzcis
938 1733 1276 1789 nolentibus
1299 1737 1533 1793 credere
1551 1738 1805 1794 dixerint
1828 1756 1841 1794 :

170 1847 200 1873 κ
236 1822 426 1880 Vobis
469 1820 776 1894 oportebat
823 1821 1083 1892 primum
1114 1821 1274 1894 loqui
1305 1825 1547 1880 verbum
1582 1827 1705 1892 Dei,
1739 1829 1841 1882 sed

168 1911 464 1987 quoniam
494 1909 778 1982 repellitis
810 1909 976 1979 illud,
1010 1917 1067 1967 et
1098 1913 1370 1984 indignos
1411 1931 1514 1969 vos
1557 1915 1842 1985 judicatis

166 2006 408 2059 eterna:
437 1999 734 2065 vitm,eccc
755 1999 1152 2058 convertimur
1179 2002 1250 2056 ad
1281 2007 1486 2074 gentes
1503 2004 1788 2072 (Act.xm).
1811 2028 1840 2056 »

166 2091 268 2150 Sic
302 2087 465 2148 enim
494 2089 771 2162 prmeepit
800 2089 972 2145 nobis
1004 2089 1314 2157 Dominus,
1338 2092 1542 2148 dicens
1569 2109 1581 2147 :
1607 2117 1634 2142 ‹‹
1665 2094 1838 2150 Posui

165 2185 225 2237 te
256 2181 322 2236 in
355 2177 634 2252 gentibus
665 2177 886 2245 lumen,
922 2183 988 2234 ut
1019 2179 1102 2234 sis
1133 2178 1191 2234 in
1237 2179 1487 2236 salutem
1542 2199 1733 2254 usque
1764 2185 1839 2240 ad

166 2274 508 2326 extremum
539 2271 708 2324 terra;
730 2267 1040 2339 (Isa.xux).
1069 2292 1096 2316 ››
1119 2269 1245 2324 Non
1263 2274 1354 2325 est
1369 2271 1687 2327 crudelitas
1714 2271 1836 2338 Dei,

167 2359 277 2415 sed
313 2355 742 2424 misericordia,
778 2373 960 2412 unam
1012 2357 1198 2430 perire
1248 2363 1505 2429 gentem,
1540 2365 1606 2415 ut
1635 2378 1839 2417 omnes

169 2447 352 2504 salvae
383 2447 531 2502 ﬁant
565 2463 577 2504 :
609 2445 950 2503 Judazorum
983 2451 1210 2520 partem
1244 2466 1359 2504 non
1392 2448 1609 2518 videre,
1631 2456 1697 2507 ut
1719 2468 1840 2508 om-

169 2536 268 2593 nis
301 2535 565 2592 mundus
586 2533 858 2607 aspiciat.
875 2534 1040 2591 Unde
1057 2541 1116 2591 et
1134 2537 1256 2608 ipse
1273 2537 1561 2594 Dominus
1581 2539 1638 2594 in
1662 2541 1841 2596 Evan-

171 2625 352 2699 gelio,
387 2627 824 2680 sacramentum
859 2623 994 2680 caeci
1026 2642 1062 2680 a
1082 2625 1522 2698 nativitate,qui
1544 2633 1840 2700 receperat

171 2713 403 2778 oculos,
433 2713 609 2768 vertit
633 2713 706 2768 ad
739 2712 1124 2785 tropologiam
1142 2720 1200 2770 et
1217 2715 1390 2770 dicit:
1415 2740 1442 2765 α
1469 2716 1530 2771 In
1542 2717 1834 2787 judicium

171 2818 284 2876 ego
313 2799 447 2858 veni
479 2800 540 2856 in
571 2800 728 2856 hunc
750 2802 1062 2867 mundum,
1077 2807 1141 2858 ut
1157 2802 1419 2860 videntes
1441 2822 1558 2859 non
1578 2805 1833 2872 videant,

173 2897 233 2948 et
259 2891 532 2947 videntes
565 2889 700 2945 caeci
733 2890 877 2946 {iant
904 2891 1209 2963 (Joan..ix).
1241 2915 1269 2942 »
1293 2894 1359 2948 Et
1380 2894 1437 2949 in
1459 2893 1573 2949 alio
1605 2893 1730 2950 loco
1752 2894 1836 2951 Si-

172 2997 352 3038 mcon
378 2979 678 3051 loquitur:
703 3002 732 3028 «
757 2979 902 3036 Eece
932 2981 1160 3052 positus
1190 2986 1280 3038 cst
1307 2981 1403 3038 hic
1435 2983 1493 3038 in
1525 2982 1755 3039 ruinam
1778 2989 1836 3039 et

171 3067 669 3128 resurrectionem
689 3067 1010 3125 multorum
1024 3071 1269 3138 (Luem).
1284 3093 1312 3122 »
1328 3073 1399 3127 Et
1414 3071 1532 3127 illis
1550 3076 1830 3144 tanquam

170 3176 294 3216 non
323 3155 682 3223 videntibus,
715 3173 832 3212 non
860 3156 1150 3214 videmus.
1185 3158 1306 3214 Illis
1337 3159 1702 3227 cadentibus,
1723 3179 1832 3217 nos

169 3246 563 3319 resurgimus.
587 3246 751 3311 Quod
784 3245 1119 3317 intelligens
1142 3248 1832 3322 propheta,quodammo-

1973 675 2308 745 respondet,
2341 676 2668 748 quarritque
2697 677 2986 734 sollicitus
3015 681 3088 735 de
3120 681 3336 752 populo
3359 697 3466 738 suo
3488 699 3502 738 :
3528 683 3631 739 Us-

1971 779 2204 834 queque
2237 763 2356 818 huic
2387 766 2676 820 sententia
2706 769 3091 839 permanebit,
3128 774 3190 824 ut
3228 770 3478 828 audiens
3509 788 3625 828 non

1973 851 2193 917 audiat,
2217 851 2534 925 vidensque
2567 873 2680 909 non
2711 857 2946 911 videat?
2967 858 3072 912 Cui
3096 859 3396 930 respondit
3427 861 3624 916 Domi-

1970 957 2083 994 nus
2109 958 2121 994 :
2147 942 2290 996 Tam
2323 942 2424 997 diu
2458 961 2571 998 non
2603 944 2800 999 audiet
2831 951 2888 1000 et
2914 963 3026 1000 non
3051 945 3362 1012 videbit,et
3381 963 3625 1006 excaeca-

1969 1032 2093 1082 tum
2128 1029 2363 1085 habebit
2393 1049 2510 1096 cor,
2547 1033 2727 1087 donec
2757 1033 3021 1089 civitates
3052 1035 3388 1092 Judreorum
3411 1038 3624 1111 Vespa-

1967 1117 2133 1173 siano
2151 1119 2397 1190 Titoque
2419 1121 2818 1190 pugnantibus
2841 1123 3076 1194 penitus
3099 1125 3539 1184 subvertantur:
3559 1128 3619 1184 in

1965 1210 2196 1260 tantum
2216 1212 2400 1262 utnec
2421 1225 2631 1263 nomen
2653 1210 2889 1280 quidem
2918 1212 3230 1282 pristinum
3258 1221 3616 1286 permaneat,

1963 1299 2020 1349 et
2051 1295 2285 1360 domus,
2311 1295 2358 1348 si
2392 1314 2518 1367 qua:
2553 1299 3101 1365 remanserint,sine
3129 1302 3454 1359 habitatore
3475 1305 3613 1373 sint,

1962 1388 2021 1438 et
2053 1388 2208 1438 terra
2237 1385 2537 1453 redigatur
2569 1385 2625 1440 in
2650 1386 3053 1451 solitudinem,
3079 1395 3135 1444 et
3155 1383 3238 1444 vel
3265 1392 3402 1462 fuga
3421 1392 3506 1448 vel
3529 1411 3618 1449 ca-

1963 1473 2224 1542 ptivitate
2258 1473 2314 1527 in
2347 1478 2534 1528 totum
2569 1475 2768 1530 orbem
2801 1477 3086 1532 Judaieus
3119 1478 3369 1549 populus
3391 1481 3615 1552 disper-

1959 1565 2152 1631 gatur,
2177 1565 2234 1615 et
2260 1579 2630 1632 nequaquam
2657 1564 2711 1617 in
2734 1565 2938 1618 Judaea
2965 1569 3025 1619 ut
3050 1567 3342 1636 prius,sed
3365 1568 3424 1622 in
3447 1586 3618 1625 cunc-

1959 1648 2034 1703 tis
2063 1649 2340 1718 gentibus
2362 1651 2698 1706 Judzeorum
2727 1653 2978 1724 populus
3003 1655 3610 1726 multiplicetur.Quod

1955 1742 2153 1792 autem
2187 1738 2349 1805 dicit,
2385 1739 2830 1811 multiplicetur,
2858 1748 3022 1796 tanta
3053 1743 3162 1798 erit
3193 1743 3504 1802 infelicitas
3529 1764 3611 1802 re-

1954 1825 2110 1880 sidui
2143 1826 2366 1898 populi,
2392 1831 2456 1882 ut
2485 1829 2558 1883 ad
2592 1830 3087 1899 comparationem
3112 1832 3324 1902 prioris
3348 1833 3606 1890 multitu-

1954 1913 2109 1968 dinis
2142 1914 2232 1969 vix
2268 1915 2496 1970 decima
2542 1933 2679 1988 pars
2727 1925 3044 1986 remaneat,
3079 1937 3212 1974 cum
3264 1927 3323 1976 et
3371 1921 3430 1977 in
3479 1922 3609 1995 ipsa

1953 2003 2317 2058 terra'fuerit
2343 2004 2618 2060 solitudo.
2652 2005 2977 2078 Dupliciter
3005 2008 3159 2062 enim
3196 2009 3358 2066 locus
3382 2011 3492 2067 iste
3523 2013 3608 2068 in-

1949 2091 2132 2164 telligi
2167 2097 2394 2164 potest:
2421 2093 2561 2164 quia
2585 2094 2812 2150 decima
2841 2112 2975 2166 pars
3003 2097 3060 2150 in
3094 2101 3214 2152 toto
3246 2099 3385 2155 orbe
3414 2117 3601 2157 rema-

1949 2186 2105 2247 neat,
2137 2186 2195 2236 et
2225 2180 2283 2235 in
2316 2181 2446 2253 ipsa
2474 2183 2679 2238 Judsca
2709 2183 2802 2238 vix
2834 2201 3012 2256 parva
3040 2203 3176 2256 pars
3199 2187 3398 2260 populi
3423 2205 3600 2246 rescr-

1947 2274 2132 2324 vctur.
2169 2271 2426 2326 Rursum
2463 2271 2599 2342 ipsa:
2632 2272 2891 2344 reliquiae
2921 2281 3093 2329 erunt
3118 2275 3178 2330 in
3213 2277 3600 2348 depraedatio-

1949 2360 2356 2431 nem,quando
2379 2366 2510 2431 post
2534 2378 2719 2416 annos
2743 2362 2921 2416 ferme
2944 2363 3380 2436 quinquaginta
3396 2366 3602 2423 Adria-

1949 2465 2063 2504 nus
2093 2447 2334 2516 venerit,
2367 2453 2424 2505 et
2455 2453 2668 2508 terram
2698 2450 2963 2506 Judzcam
2996 2453 3228 2522 penitus
3273 2454 3449 2510 fuerit
3495 2456 3601 2511 de-

1948 2538 2246 2610 praedatus
2271 2554 2283 2593 :
2311 2537 2368 2592 in
2403 2543 2635 2594 tantum
2669 2544 2734 2593 ut
2764 2540 3090 2595 terebintho
3121 2546 3179 2596 et
3209 2543 3447 2614 quercui
3470 2560 3597 2616 qua:

1945 2624 2191 2696 glandes
2223 2625 2550 2696 amiserint,
2575 2633 2964 2698 comparetur.
2989 2629 3250 2701 Denique
3271 2636 3404 2702 post
3425 2637 3603 2688 extre-

1947 2730 2106 2767 mam
2134 2713 2486 2778 vastitatem,
2509 2715 2686 2768 ctiam
2720 2714 2878 2785 leges
2900 2715 3146 2786 publica:
3171 2719 3597 2788 pependerunt,

1941 2805 2000 2855 et
2031 2801 2305 2872 prohibiti
2340 2806 2482 2856 sunt
2507 2802 2696 2858 Judaei
2727 2807 2965 2871 terram,
3001 2805 3072 2859 de
3123 2821 3242 2876 qua
3271 2805 3440 2876 ejecti
3469 2807 3597 2863 fue-

1944 2893 2096 2956 rant,
2129 2888 2377 2961 ingredi.
2404 2890 2460 2944 Si
2486 2889 2619 2961 quis
2640 2895 2836 2945 autem
2861 2891 3250 2946 crcdideritin
3271 2892 3592 2961 Christum,

1941 2982 1998 3033 et
2027 2977 2335 3050 impletum
2368 2977 2544 3034 fuerit
2573 2978 2715 3033 illud
2751 2981 2906 3050 quod
2947 2997 3126 3051 supra
3172 2979 3444 3052 legimus,
3479 2982 3594 3040 nisi

1940 3066 2226 3122 Dominus
2258 3067 2514 3122 Sabaoth
2563 3066 2900 3138 reliquisset
2949 3069 3119 3124 nobis
3165 3085 3391 3137 semen,
3423 3071 3591 3142 quasi

1941 3156 2194 3211 Sodoma
2225 3154 2543 3210 fuissemus
2575 3161 2632 3210 et
2663 3155 2886 3210 similes
2918 3155 3254 3211 Gomorrhze
3280 3174 3586 3215 essemus:

1940 3245 2174 3316 quando
2195 3245 2366 3316 juxta
2393 3244 2736 3316 Apostolum
2761 3243 3016 3316 reliquias
3039 3245 3456 3302 salvabuntur:
3480 3247 3591 3304 hoc

167 3338 246 3394 do
278 3335 414 3392 aliis
442 3332 634 3390 verbis
663 3333 843 3390 dicit:
867 3335 912 3390 Ο
938 3335 1480 3410 Domine,pra3cipis
1504 3337 1646 3392 mihi
1669 3338 1829 3410 loqui
1861 3325 1904 3390 C
1941 3350 2142 3388 semen
2193 3338 2463 3388 sanctum
2511 3332 2643 3398 erit,
2674 3338 2732 3388 et
2762 3333 2833 3388 de
2882 3334 3281 3405 apostolorum
3328 3335 3590 3407 germine

168 3422 394 3500 populo
423 3423 786 3488 Iudaeorum,
802 3427 868 3479 ut
889 3424 1133 3480 audiant
1147 3430 1204 3480 et
1219 3444 1336 3480 non
1360 3426 1689 3498 intelligant
1709 3427 1827 3483 Sal-

167 3518 456 3578 vatorem,
488 3515 548 3568 et
574 3511 808 3568 videant
837 3528 971 3568 eum
1000 3518 1058 3569 et
1088 3530 1204 3569 non
1233 3520 1574 3586 agnoscant.
1607 3515 1664 3572 Si
1697 3515 1831 3588 quis

167 3601 316 3659 velit
330 3599 574 3673 implere
588 3599 924 3672 jussionem
940 3605 1192 3669 tuam,et
1207 3607 1396 3658 totum
1419 3603 1643 3661 salvere
1665 3623 1832 3660 mun-

171 3691 343 3757 dum,
377 3687 538 3760 quod
567 3691 625 3744 et
653 3703 759 3759 ego
793 3688 916 3743 fieri
951 3689 1219 3746 desidero
1249 3707 1262 3746 :
1289 3695 1352 3746 tu
1375 3709 1597 3748 excmca
1616 3710 1716 3748 cor
1737 3711 1833 3765 p0-

170 3779 300 3854 puli
333 3777 536 3849 hujus,
569 3781 628 3832 et
655 3793 827 3833 aures
859 3793 1130 3851 aggrava,
1163 3783 1222 3834 et
1249 3779 1449 3836 oculos
1497 3780 1725 3846 claude,
1760 3799 1831 3836 ne

171 3866 532 3940 intelligant,
551 3881 624 3924 ne
653 3865 914 3933 audiant,
935 3884 1007 3923 ne
1024 3866 1280 3922 videant.
1297 3867 1355 3924 Si
1377 3868 1534 3924 enim
1561 3869 1645 3924 illi
1666 3869 1831 3925 vidc-

171 3957 315 4025 rint,
348 3960 408 4012 et
438 3953 704 4011 conversi
741 3953 980 4022 fuerint,
1012 3959 1070 4010 et
1117 3956 1330 4022 sanati,
1363 3960 1522 4013 totus
1572 3959 1832 4013 mundus

169 4062 293 4103 non
325 4042 567 4115 recipiet
591 4041 925 4098 sanitatem.
941 4043 1021 4097 Ex
1038 4059 1155 4115 quo
1177 4044 1833 4116 advertimus,quamvis

168 4149 349 4208 grave
378 4131 457 4188 sit
485 4134 811 4204 peccatum,
841 4131 890 4186 si
922 4131 1057 4203 quis
1087 4136 1479 4201 convertatur,
1503 4151 1636 4188 eum
1661 4150 1834 4205 posse

169 4221 375 4282 sanari
407 4239 420 4277 :
455 4219 752 4292 simulque
781 4223 838 4275 et
868 4219 978 4276 hoc
1025 4220 1495 4293 intelligendum,
1532 4223 1687 4294 quod
1732 4239 1836 4294 per

169 4308 647 4385 magnitudinem
671 4307 931 4377 sceleris,
947 4309 1125 4364 etiam
1144 4309 1487 4382 pmnitentia
1503 4309 1726 4383 indigni
1743 4311 1836 4382 ju-

172 4399 358 4458 dicati
387 4402 548 4465 sunt,
581 4397 708 4469 ipso
752 4397 1003 4454 Domino
1051 4399 1284 4454 dicente
1333 4399 1405 4454 ad
1454 4399 1782 4456 Jerusalem
1817 4417 1832 4455 :

173 4515 203 4541 ‹‹
240 4487 482 4556 Quoties
512 4485 669 4543 volui
700 4502 1054 4560 congregare
1087 4487 1240 4543 filios
1278 4491 1432 4556 tuos,
1469 4510 1496 4536 »
1527 4489 1834 4556 subaudis,

174 4603 206 4631 ‹‹
243 4577 400 4634 sicut
427 4574 650 4648 gallina
679 4579 998 4648 congregat
1043 4575 1237 4647 pullos
1288 4593 1427 4633 suos
1457 4576 1569 4633 sub
1601 4576 1746 4645 alas,
1781 4581 1841 4633 et

176 4664 425 4724 noluisti
455 4663 664 4732 (Matth.
697 4667 876 4732 mn).
911 4686 940 4712 »

254 4779 282 4806 α
316 4755 390 4810 Et
415 4752 536 4809 dixi
569 4769 582 4807 :
618 4751 955 4824 Usquequo,
985 4752 1276 4809 Domine?
1306 4755 1375 4809 Et
1419 4753 1566 4810 dixit
1598 4771 1610 4810 :
1646 4755 1838 4810 Donec

178 4841 526 4900 desolentur
540 4840 808 4896 civitates
823 4841 1049 4912 absque
1069 4841 1479 4908 habitatore,et
1491 4843 1703 4898 domus
1715 4843 1842 4899 sine

178 4930 545 4994 hominibus,
577 4933 636 4985 et
665 4933 821 4985 terra
851 4928 1218 5002 relinquetur
1239 4932 1552 4998 deserta,et
1571 4931 1742 5003 longe
1765 4931 1842 4986 fa-

179 5024 297 5079 ciet
325 5019 613 5076 Dominus
643 5018 933 5085 homines,
949 5023 1007 5074 et
1026 5019 1516 5092 multiplicabitur
1535 5038 1664 5092 qum
1685 5021 1842 5076 dere-

178 5110 322 5166 licta
350 5109 542 5165 fuerat
573 5107 632 5163 in
661 5106 856 5162 medio
886 5110 1076 5175 terrae,
1095 5112 1153 5163 et
1173 5107 1364 5164 adhuc
1383 5109 1444 5164 in
1466 5125 1534 5164 ea
1555 5108 1667 5164 erit
1687 5107 1841 5163 deci-

179 5197 364 5256 matio
389 5213 403 5252 :
428 5200 486 5252 et
516 5211 754 5251 rursum
784 5195 895 5251 erit
919 5195 979 5250 in
1004 5195 1496 5268 deprwdationem
1520 5197 1674 5252 sicut
1695 5201 1840 5253 tere-

178 5285 448 5353 binthus,
468 5288 526 5340 et
542 5283 699 5340 sicut
718 5299 976 5356 quercus
1003 5301 1134 5355 qua:
1160 5285 1407 5357 projecit
1427 5284 1655 5341 fructus
1678 5303 1839 5341 suos.

179 5377 393 5432 Semen
423 5376 696 5429 sanctum
727 5373 842 5428 erit
866 5373 1022 5444 quod
1071 5373 1298 5429 steterit
1327 5372 1387 5428 in
1419 5391 1508 5428 ea.
1545 5396 1572 5422 ››
1607 5373 1843 5429 Dicente

180 5461 434 5520 Domino
459 5477 473 5515 :
496 5459 657 5516 Vade
686 5464 743 5516 et
771 5460 867 5516 dic
895 5460 1035 5518 huic
1077 5461 1314 5534 populo,
1349 5462 1505 5533 quod
1556 5461 1760 5516 audiat
1787 5466 1845 5517 et

183 5569 302 5610 non
330 5547 557 5616 audiat,
587 5549 781 5605 videat
807 5553 865 5604 et
893 5565 1010 5605 non
1042 5549 1254 5605 videat.
1279 5549 1497 5605 Idcirco
1519 5553 1714 5604 autem
1739 5567 1843 5606 nec

186 5637 562 5710 audiat,quia
582 5653 698 5692 non
731 5637 810 5692 sit
837 5636 1244 5694 intellecturus
1274 5638 1450 5693 verba
1479 5636 1844 5706 Domini,nec

188 5730 319 5801 ejus
335 5743 516 5801 opera
530 5726 876 5798 cogniturus
893 5743 905 5780 :
922 5727 1268 5798 etquoniam
1289 5727 1651 5784 incrassatus
1673 5732 1846 5797 est,et

1939 3427 2160 3476 cuncta.-
2192 3421 2460 3476 Ecclesiae
2493 3421 2892 3494 pullulabunt.

2565 3565 2797 3620 CAPUT
2843 3565 2967 3620 VII.

2013 3713 2039 3737 (‹
2066 3689 2134 3743 Et
2165 3690 2383 3744 factum
2415 3689 2584 3744 estin
2607 3690 2819 3744 diebus
2841 3690 3032 3750 Achaz
3055 3691 3156 3745 lilii
3181 3693 3590 3760 Joatham,tilii

1941 3778 2088 3832 Ozia:
2118 3779 2273 3849 regis
2303 3779 2335 3833 J
2343 3780 2478 3844 uda,
2513 3779 2777 3832 ascendit
2810 3778 3009 3848 ltasin,
3041 3797 3140 3834 rex
3169 3780 3431 3852 Syrim,et
3453 3779 3594 3836 Pha-

1939 3883 2037 3921 cee
2055 3865 2213 3921 ﬁlius
2238 3865 2530 3930 Rometize,
2557 3883 2654 3920 rex
2683 3865 2878 3932 Israel,
2897 3866 2954 3920 in
2975 3867 3336 3923 Hierusalem
3353 3869 3425 3922 ad
3444 3885 3590 3939 pra:-

1939 3953 2207 4008 liandum
2235 3959 2439 4010 contra
2480 3971 2631 4020 eam,
2665 3958 2724 4008 et
2774 3971 2890 4008 non
2939 3958 3258 4025 potuerunt
3299 3955 3590 4012 debellare

1940 4059 2092 4098 eam.
2123 4044 2194 4097 Et
2223 4041 2639 4097 nuntiaverunt
2667 4040 2868 4097 domui
2895 4041 3098 4110 David,
3122 4041 3384 4099 dicentes
3407 4059 3424 4098 :
3447 4044 3591 4100 Con-

1941 4130 2126 4186 sensit
2155 4129 2322 4202 Syria
2351 4146 2487 4184 cum
2517 4129 2812 4200 Ephraim,
2844 4132 2904 4183 et
2949 4133 3311 4186 commotum
3359 4135 3452 4187 est
3490 4149 3592 4188 cor
3691 4149 3697 4156 ‘

1941 4221 2071 4292 ejus
2099 4223 2158 4274 et
2187 4236 2286 4274 cor
2313 4217 2510 4290 populi
2543 4217 2725 4286 illius,
2755 4216 2912 4272 sicut
2942 4221 3252 4274 moventur
3279 4219 3440 4292 ligna
3475 4220 3593 4294 syl-

1941 4326 2145 4365 varum
2164 4325 2199 4363 a
2216 4307 2359 4364 facie
2389 4306 2566 4363 venti.
2594 4329 2620 4354 »
2641 4307 2916 4378 Legimus
2935 4307 2995 4362 in
3019 4307 3598 4380 Paralipomenorum

1943 4397 2093 4453 libro
2117 4399 2194 4468 (II
2219 4403 2351 4452 Par.
2384 4412 2592 4462 xxvm;
2619 4396 2688 4451 IV
2717 4397 2845 4466 Reg.
2870 4400 3008 4464 xw),
3045 4396 3223 4452 Itasin
3261 4412 3454 4469 regem
3484 4396 3595 4454 Da-

1946 4486 2152 4553 masci,
2185 4485 2333 4542 victo
2362 4484 2573 4549 Achaz,
2608 4483 2827 4539 multos
2877 4485 2948 4539 de
2996 4485 3200 4540 Judzea
3245 4490 3598 4542 Damascum

1945 4575 2342 4646 transtulisse,
2361 4578 2420 4629 et
2436 4572 2656 4628 Phacee
2673 4571 2862 4627 ﬁlium
2880 4572 3154 4628 Romeliaa
3177 4590 3372 4646 regem
3395 4573 3598 4630 decem

1948 4663 2233 4729 tribuum,
2257 4663 2408 4736 (qum
2439 4661 2889 4733 appellabantur
2918 4660 3094 4716 Israel
3115 4666 3175 4716 ct
3195 4662 3522 4735 regnabant
3541 4662 3602 4720 in

1947 4753 2236 4821 Samaria)
2251 4757 2439 4808 etuna
2455 4750 2549 4806 die
2565 4754 2802 4805 centum
2819 4747 3023 4822 viginti
3043 4749 3228 4806 millia
3242 4751 3606 4822 percussisse

1950 4843 2021 4898 de
2045 4843 2202 4898 Juda
2244 4841 2554 4898 hominum
2607 4839 2978 4906 bellatorum,
3013 4843 3068 4893 et
3120 4839 3371 4895 ducenta
3419 4839 3608 4898 millia

1951 4931 2290 4995 mulierum,
2317 4945 2752 5000 puerorumque
2780 4932 2837 4982 et
2869 4927 3198 4999 puellarum
3219 4944 3352 4983 cum
3377 4927 3608 4986 infinita

1950 5020 2166 5092 praeda,
2199 5019 2259 5074 in
2293 5017 2622 5074 Samariam
2654 5016 2891 5072 duxisse
2945 5015 3190 5088 captiva.
3223 5017 3302 5072 Dc
3331 5034 3446 5089 quo
3475 5035 3604 5073 cer-

1950 5109 2172 5165 tamine
2203 5107 2486 5180 propheta
2513 5121 2670 5160 nunc
2700 5103 2902 5170 tacuit,
2936 5107 3038 5161 sed
3071 5106 3396 5162 secundum
3429 5107 3605 5164 refert

1951 5196 2215 5271 praelium
2235 5214 2248 5252 :
2271 5195 2507 5268 quando
2524 5193 2991 5266 experimentum
3015 5193 3296 5255 habentes
3315 5193 3603 5251 fortitudi-

1953 5287 2044 5342 nis
2078 5303 2197 5341 suze
2229 5289 2405 5356 atque
2430 5281 2704 5347 victoriae,
2738 5285 2796 5336 et
2826 5281 3053 5336 invitati
3082 5283 3288 5354 praeda:
3310 5281 3604 5355 magnitu-

1951 5375 2108 5440 dine,
2143 5391 2376 5429 rursum
2408 5371 2652 5426 veniunt
2675 5370 2749 5424 ad
2779 5370 3015 5438 Judam,
3041 5375 3097 5426 et
3128 5371 3486 5428 Hierusalem
3507 5389 3605 5428 cu-

1951 5465 2124 5537 piunt
2147 5461 2456 5531 debellare,
2489 5464 2548 5514 et
2575 5476 2690 5514 non
2724 5464 3042 5530 potuerunt
3076 5477 3089 5514 :
3121 5460 3261 5531 quia
3287 5459 3605 5518 auxiliatus

1951 5557 2041 5608 est
2070 5551 2120 5606 ei
2151 5550 2472 5606 Dominus:
2500 5553 2567 5603 ut
2588 5548 2700 5603 sub
2721 5547 3024 5603 occasione
3055 5549 3468 5606 misericordia
3487 5567 3606 5622 qua

1953 5640 2234 5714 populum
2250 5637 2537 5693 liberabat
2554 5635 3104 5702 obscssum,P‘ilium
3120 5655 3295 5693 suum
3309 5638 3608 5696 nuntiaret

1955 5731 2026 5786 de
2054 5728 2273 5800 virgine
2304 5724 2692 5782 nasciturum.
2727 5725 2890 5790 Quod
2919 5741 3053 5780 cum
3087 5727 3353 5784 audisset
3391 5728 3603 5785 domus
