3960 6392
379 459 499 522 759

755 459 1166 520 HAYMONIS
1210 456 1757 520 HALBERSTAT.
1805 458 2053 519 EPISC.
2098 456 2275 519 OPP.
2321 459 2526 520 PARS
2570 459 2618 519 Ι.
2653 491 2732 502 —-
2773 458 3185 520 COMMENT.
3233 459 3436 520 BIBL.

3684 458 3800 523 760

382 594 586 659 David,
635 593 749 648 hoc
794 594 885 645 est
932 591 1145 647 domus
1202 590 1382 663 regia,
1429 591 1657 664 Syriam
1718 590 1944 647 scilicet
1984 595 2043 646 et
2071 592 2127 658 Α
2157 591 2388 663 poterit.
2422 594 2638 658 Quarto
2668 591 2896 647 decimo
2927 609 3081 647 anno
3109 590 3301 648 Achaz
3333 591 3435 647 ﬁlii
3463 592 3713 650 Joathan
3741 595 3799 651 in

381 684 681 757 Ephraim,
716 680 894 737 Rasin
928 685 987 736 et
1018 682 1239 736 Phacee
1275 682 1483 753 juncto
1530 682 1726 737 venire
1757 682 2034 749 exercitu,

382 771 656 831 exterrita
685 774 775 826 est
796 774 974 842 atque
1004 772 1381 838 contremuit,
1401 775 1460 826 et
1479 775 1600 826 tam
1625 788 1723 826 rex
1744 789 1918 843 quam
1944 789 2040 843 pc-

383 861 559 936 pulus
592 860 673 915 ita
700 862 1202 927 contremuerunt,
1238 863 1305 914 ut
1336 862 1572 931 putares
1604 860 1881 915 arborum
1906 860 2042 915 folia

379 953 689 1006 ventorum
720 949 961 1005 ﬂatibus
986 948 1272 1004 ventilari.
1297 949 1475 1005 Juxta
1505 967 1827 1023 anagngcm
1853 950 2041 1007 facilis

382 1038 787 1112 interpretatio
817 1042 932 1105 est,
954 1039 1109 1110 quod
1144 1042 1425 1111 regnante
1456 1039 1648 1093 Achaz
1680 1056 1813 1111 rege
1835 1039 2038 1112 impio,

381 1145 481 1185 rex
510 1129 711 1195 Aram,
733 1125 836 1200 qui
859 1127 1278 1199 interpretatur
1304 1129 1550 1184 excelsus
1573 1132 1746 1200 atque
1765 1129 2040 1197 sublimis,

380 1221 446 1274 ut
475 1217 697 1274 indicet
725 1217 1127 1289 arrogantiam
1159 1217 1460 1289 sapientiae
1492 1217 1875 1287 saaeularis,et
1898 1218 2042 1274 Pha-

380 1324 481 1365 cee
507 1307 667 1363 filius
698 1305 997 1380 Romelia},
1022 1306 1122 1378 qui
1155 1310 1213 1361 et
1245 1306 1369 1378 ipse
1387 1307 1561 1378 juxta
1610 1308 1755 1363 Osee
1796 1307 2043 1380 prophe-

376 1401 503 1453 tam
520 1397 744 1452 tribum
760 1377 1142 1467 Ephraim,de
1156 1377 1782 1468 quaJercboam,ﬁlius
1794 1377 2042 1466 Nabath,

374 1486 598 1543 vitulos
626 1502 837 1542 aureos
864 1485 922 1539 in
956 1484 1180 1551 Bethel,
1216 1490 1273 1540 et
1312 1485 1435 1540 Dan
1488 1485 1891 1553 constituerat,
1924 1488 1983 1540 et
2013 1503 2048 1541 a

380 1578 557 1633 domo
589 1575 771 1632 David
805 1574 906 1629 Dei
940 1574 1224 1647 populum
1258 1580 1631 1647 separaverat
1664 1593 1677 1631 :
1714 1576 2049 1631 referuntur

382 1665 456 1722 ad
483 1662 818 1730 haereticos,
835 1662 934 1735 qui
957 1664 1341 1719 consentiunt
1366 1663 1479 1718 sibi
1505 1668 1571 1718 ut
1592 1669 1928 1737 expugnent
1950 1666 2051 1719 Ec-

380 1752 647 1810 elesiam.
683 1751 846 1819 Quod
882 1767 1018 1807 eum
1046 1750 1300 1808 audierit
1329 1751 1543 1808 domus
1574 1753 1965 1824 David,quem
1990 1753 2049 1808 in

380 1841 644 1899 Ezechiel
660 1840 874 1915 (Ezech.
889 1842 1082 1909 xxxxv)
1096 1844 1394 1912 pastorem
1418 1842 1637 1896 bonum
1663 1840 1915 1914 legimus
1927 1860 1993 1898 su
2002 1860 2055 1897 s-

2149 682 2306 736 tribu
2338 682 2789 755 Juda,regnavit
2809 682 2977 736 Ozias
3002 698 3181 754 super
3201 681 3551 749 Samariam,
3574 688 3632 739 et
3651 701 3798 741 nono

2150 786 2303 824 anno
2326 770 2568 842 .imperii
2601 771 2692 825 sui
2727 773 2933 843 captus
2965 775 3073 827 est.
3100 771 3383 844 Regnavit
3401 776 3597 828 autem
3620 772 3801 829 Achaz

2152 876 2331 930 super
2358 860 2389 914 J
2400 860 2573 914 udam
2608 858 2861 915 sedecim
2903 859 3097 915 annis.
3132 860 3267 917 Post
3313 862 3485 934 cujus
3532 866 3797 931 mortem,

2152 947 2400 1020 septimo
2419 967 2572 1004 anno
2590 949 2819 1021 imperii
2841 949 2929 1005 sui
2950 954 3159 1022 captus
3175 955 3263 1006 est
3282 951 3536 1017 Ozias,et
3552 952 3802 1007 destrue-

2151 1042 2212 1092 ta
2241 1038 2526 1109 Samaria,
2558 1038 2867 1111 omnisque
2899 1038 3155 1111 populus
3184 1041 3565 1097 transductus
3594 1040 3652 1095 in
3681 1042 3801 1097 Me-

2154 1126 2258 1181 dos
2286 1143 2298 1181 :
2326 1126 2406 1181 ita
2437 1132 2502 1181 ut
2530 1128 2580 1183 si
2600 1127 2963 1184 voluerimus
2994 1128 3249 1185 sedecim
3281 1147 3468 1185 annos
3509 1130 3717 1198 Achaz,
3747 1134 3804 1185 et

2154 1220 2377 1288 septem
2410 1217 2557 1272 Oziaz
2590 1234 2824 1289 ponere,
2851 1217 3183 1274 efficiantur
3220 1218 3359 1274 anni
3406 1219 3614 1292 viginti
3663 1224 3798 1287 tres,

2155 1309 2259 1360 aut
2289 1309 2355 1360 ut
2387 1305 2639 1361 multum
2670 1306 2767 1374 sit,
2798 1307 3008 1380 viginti
3055 1313 3329 1379 quatuor.
3362 1308 3433 1364 Et
3482 1309 3581 1364 ubi
3632 1313 3804 1364 erunt

2156 1394 2457 1466 sexaginta
2478 1395 2737 1467 quinque
2760 1396 2986 1463 anni,in
3009 1397 3228 1469 quibus
3249 1413 3493 1471 regnum
3516 1397 3691 1455 Israel
3717 1398 3802 1453 di-

2156 1483 2308 1538 citur
2327 1484 2652 1539 ﬁniendum
2668 1484 2698 1539 ?
2716 1485 2899 1559 Igitur
2916 1487 3133 1541 llebraai
3153 1486 3310 1541 hunc
3333 1486 3528 1543 locum
3553 1487 3633 1543 ita
3653 1485 3803 1543 edis~

2158 1578 2381 1639 serunt,
2410 1577 2477 1628 ut
2512 1575 2691 1630 Amos
2742 1574 2842 1646 qui
2892 1576 3004 1632 sub
3052 1575 3190 1631 Ozia
3237 1576 3413 1648 coepit
3458 1576 3806 1649 prophetare

2159 1663 2395 1733 quando
2427 1667 2485 1718 et
2516 1663 2698 1719 Isaias
2740 1663 3056 1737 prophetia)
3095 1680 3213 1720 81183
3244 1664 3452 1720 habuit
3478 1665 3802 1737 exordium,

2160 1750 2418 1823 primum
2451 1751 2882 1823 prophetavcrit
2909 1757 3113 1809 contra
3143 1753 3342 1824 Israel,
3365 1753 3604 1811 dicens:
3631 1750 3805 1811 Israel

2161 1844 2355 1894 autem
2373 1839 2637 1912 captivus
2651 1841 2901 1897 ducetur
2920 1843 2992 1898 de
3014 1846 3169 1898 terra
3189 1842 3555 1899 sua.Titulus
3575 1861 3807 1918 quoque

379 1929 1181 2003 eitandum,etp0pulusejus
1195 1929 2048 2002 simplicitercredensinDeum
2082 1965 2126 2029 Β
2160 1928 2476 2029 prophetifn
2507 1930 2638 2001 ejus
2666 1934 2868 1986 contra
2899 1932 3228 1987 Samariam
3258 1932 3358 2003 sit,
3378 1936 3436 1988 et
3463 1934 3808 2006 prophetare

370 2019 807 2093 pertrcmiseet.
832 2021 902 2075 Et
923 2019 1052 2074 ideo
1076 2019 1498 2091 pertremiscet,
1523 2020 1659 2091 quia
1680 2037 1796 2075 non
1819 2021 2045 2077 arbori-

382 2110 495 2166 bus
525 2108 863 2176 fruetiferis,
898 2109 1000 2164 sed
1032 2107 1396 2163 infructuose
1429 2108 1604 2163 saltui
1648 2114 2041 2182 comparatur.

455 2220 486 2250 «
519 2200 591 2255 Et
613 2198 760 2254 dixit
791 2196 1082 2253 Dominus
1112 2197 1184 2252 ad
1230 2196 1441 2251 Isaiam
1468 2213 1481 2253 :
1510 2199 1794 2270 Egredere
1840 2200 1899 2254 in
1943 2217 2043 2255 oc-

383 2304 629 2344 cursum
658 2285 870 2354 Achaz,
896 2289 959 2340 tu
991 2289 1050 2340 et
1079 2284 1180 2357 qui
1212 2285 1529 2341 derelictus
1559 2292 1648 2342 est
1678 2289 1863 2343 Jasub
1887 2289 2043 2344 filius

382 2380 547 2445 tuus,
572 2377 645 2432 ad
676 2379 1006 2433 extremum
1031 2375 1418 2446 aquaiductus
1441 2376 1678 2448 piscinae
1701 2378 2039 2449 superioris,

385 2464 446 2520 in
476 2464 570 2521 via
599 2463 723 2538 agri
757 2463 1017 2530 fullonis,
1041 2467 1098 2519 et
1118 2462 1278 2518 dices
1300 2465 1370 2518 ad
1395 2481 1526 2519 eum
1555 2481 1567 2520 :
1593 2466 1736 2522 Vide
1758 2471 1823 2522 ut
1845 2466 2039 2533 sileas,

384 2554 503 2610 noli
529 2553 757 2620 timere,
772 2556 831 2609 et
847 2569 946 2608 cor
960 2556 1131 2607 tuum
1149 2569 1222 2608 ne
1242 2552 1512 2608 formidet
1532 2572 1566 2609 a
1585 2555 1815 2612 duabus
1838 2557 2041 2612 caudis

383 2642 660 2699 titionum
692 2641 1110 2713 fumigantium
1142 2641 1412 2706 istorum,
1433 2643 1491 2697 in
1516 2643 1603 2698 ira
1624 2644 1837 2700 furoris
1862 2645 2040 2701 llasin

383 2732 540 2805 regis
569 2730 767 2804 Syriis,
791 2734 851 2787 et
880 2728 1006 2786 Filii
1032 2728 1305 2785 Romeliae
1330 2729 1576 2787 dicentis
1601 2750 1613 2787 :
1639 2734 2041 2791 Ascendamus

383 2821 455 2877 ad
485 2820 702 2877 Judam
728 2824 787 2875 et
816 2819 1174 2876 suscitemus
1206 2835 1362 2886 eum,
1385 2823 1444 2874 et
1465 2819 1785 2878 evellemus
1807 2839 1942 2878 eum
1966 2824 2036 2878 ad

378 2927 508 2979 nos,
528 2913 585 2965 et
613 2924 905 2982 ponamus
922 2924 1119 2979 regem
1138 2905 1220 2962 im
1236 2907 1428 2963 medio
1445 2910 1573 2981 ejus
1591 2909 1782 2966 filium
1802 2911 2035 2967 Tabeel.

376 2994 513 3056 Haec
536 2999 681 3054 dicit
712 2997 1000 3054 Dominus
1034 3001 1183 3052 Deus
1216 3013 1229 3051 :
1264 2996 1390 3051 Non
1434 2999 1615 3054 stabit
1665 3004 1721 3055 et
1768 3018 1884 3056 non
1932 3001 2041 3057 erit

377 3087 560 3155 istud,
594 3089 695 3144 sed
727 3092 904 3160 caput
935 3086 1112 3160 Syria:
1134 3086 1552 3153 Damascus,et
1571 3094 1748 3160 caput
1768 3089 2036 3145 Damasci

391 3178 594 3246 Rasin,
628 3182 687 3233 et
716 3177 909 3233 adhuc
938 3175 1243 3248 sexaginta
1272 3179 1329 3231 et
1356 3176 1617 3249 quinque
1632 3178 1793 3245 anni,
1815 3183 1872 3233 et
1893 3178 2041 3234 desi-

380 3272 481 3323 net
507 3266 786 3341 Ephraim
810 3281 939 3321 esse
960 3264 1238 3338 populus,
1261 3268 1319 3319 et
1336 3270 1514 3337 caput
1533 3266 1809 3337 Ephraim
1833 3266 2034 3323 Sama-

2154 2018 2397 2089 cecperit
2428 2018 2487 2073 in
2519 2019 2727 2075 diebus
2750 2020 2897 2076 Ozias
2916 2020 3070 2093 regis
3084 2021 3116 2077 J
3124 2022 3429 2078 udae.Ante
3452 2022 3601 2079 duos
3622 2039 3806 2080 annos

2154 2111 2320 2162 terra:
2353 2112 2569 2175 motus,
2590 2126 2766 2181 quem
2786 2109 2971 2165 voluit
2989 2126 3057 2165 eo
3078 2114 3338 2182 tempore
3354 2112 3672 2168 accidissse
3691 2129 3805 2185 quo

2155 2195 2457 2268 ingressus
2489 2200 2577 2252 est
2608 2197 2775 2252 Ozias
2806 2197 3095 2271 templum
3118 2198 3242 2267 Dei,
3268 2200 3663 2256 sacerdotium
3694 2200 3807 2257 sibi

2152 2284 2476 2353 vindicans,
2513 2290 2571 2341 et
2601 2290 2754 2341 terra
2783 2303 3063 2358 percussa
3092 2292 3200 2356 est,
3232 2292 3293 2344 et
3330 2289 3558 2346 eineres
3604 2290 3807 2346 altaris

2152 2374 2322 2430 effusi
2351 2379 2510 2440 sunt,
2541 2379 2597 2430 et
2629 2375 2756 2447 ipse
2785 2391 2883 2429 rex
2914 2390 3231 2449 percussus
3262 2380 3351 2432 est
3379 2378 3563 2450 lepra.
3590 2374 3810 2435 Volunt

2152 2467 2347 2518 autem
2366 2462 2530 2517 illum
2550 2479 2772 2518 annum
2791 2462 2973 2519 fuisse
2988 2463 3333 2520 vicesimum
3359 2466 3636 2537 quintum
3659 2467 3808 2523 Oziaa

2152 2551 2326 2622 regis,
2343 2552 2577 2622 quando
2600 2550 2722 2605 haec
2740 2550 3102 2621 acciderunt,
3118 2553 3291 2624 cujus
3310 2552 3519 2626 reliqui
3540 2560 3683 2611 sunt
3703 2573 3805 2612 an-

2151 2642 2210 2696 ni
2232 2640 2436 2713 viginti
2463 2638 2881 2711 septem.Ozias
2902 2641 3060 2696 enim
3082 2642 3350 2714 regnavit
3374 2643 3809 2718 quinquaginta

2150 2729 2383 2785 duobus
2414 2728 2607 2784 annis.
2643 2728 2849 2784 Postea
2878 2727 3036 2785 enim
3070 2729 3623 2803 regnavitJoatham
3648 2733 3807 2791 illius

2149 2818 2278 2889 ejus
2308 2816 2479 2872 annis
2510 2817 2785 2884 sedecim,
2803 2821 2860 2874 et
2881 2818 3063 2890 hujus
3085 2817 3242 2874 illius
3261 2818 3455 2875 Achaz
3474 2820 3650 2877 annis
3672 2821 3805 2880 aliis
3866 2864 3885 2881 .

2149 2906 2425 2982 sedecim.
2461 2905 2597 2961 Post
2626 2923 2799 2978 quem
2833 2906 3099 2979 regnavit
3128 2907 3430 2976 Ezechias,
3452 2910 3622 2982 cujus
3645 2914 3803 2969 sexto

2149 2980 2379 3066 imperii
2408 3012 2562 3050 anno
2593 2999 2766 3067 capta
2795 3000 2887 3051 est
2913 2994 3198 3063 Samaria,
3233 3000 3409 3069 atque
3438 2980 3803 3056 ita-efficiun-

2147 3087 2246 3139 tur
2266 3082 2405 3138 anni
2427 3084 2731 3157 sexaginta
2751 3083 3171 3156 quinqueHaee
3193 3101 3297 3157 per
3316 3086 3660 3158 prophetam
3686 3089 3801 3144 Do-

2149 3171 2310 3226 mino
2339 3170 2712 3242 praedicante,
2746 3189 2843 3226 rex
2871 3171 3062 3226 Achaz
3092 3175 3150 3226 et
3179 3172 3428 3244 populos
3456 3173 3585 3245 ejus
3606 3174 3805 3231 futura

2149 3278 2264 3316 non
2298 3259 2563 3316 credidit.
2579 3261 2708 3315 Haec
2721 3260 2895 3332 juxta
2917 3260 3224 3317 historiam
3246 3259 3803 3330 diximus,caaterum

380 3357 490 3424 ria,
520 3332 578 3413 et
606 3360 785 3428 caput
814 3332 1092 3411 Samaria)
1125 3332 1283 3409 ﬁlius
1317 3332 1612 3409 Roineliae.
1638 3354 1695 3409 Si
1720 3371 1835 3410 non
1858 3355 2038 3411 eredi-
2068 3332 2112 3398 Ο
2149 3367 2283 3405 vero
2303 3350 2474 3419 juxta
2502 3352 2753 3422 emptam
2785 3348 3169 3421 tropologiam
3201 3348 3693 3407 considerandum
3714 3355 3807 3408 est

379 3446 608 3506 deritis.
642 3462 757 3500 non
790 3442 1231 3517 permanebitis.
1262 3464 1288 3491 »
1320 3443 1528 3510 Jasub,
1553 3441 1712 3498 ﬁlius
1746 3443 2036 3516 Isaize,qui

381 3534 803 3606 interpretatur
838 3533 1063 3606 relictus
1110 3536 1287 3604 atque
1335 3538 1648 3586 convertens
1679 3531 1737 3585 in
1769 3536 1903 3603 typo
1935 3550 2034 3605 po-

379 3622 505 3696 puli
534 3602 813 3694 .luda,qui
836 3626 959 3677 erat
981 3602 1051 3676 de
1073 3602 1324 3675 duorum
1357 3635 1558 3691 regum
1594 3602 1870 3676 manibus
1892 3602 2034 3676 libe-

380 3712 604 3768 randus
636 3728 649 3766 :
675 3712 922 3783 jubetur
949 3709 1147 3783 egredi
1178 3726 1311 3764 cum
1347 3712 1606 3779 parente,
1641 3713 1700 3763 et
1729 3725 2036 3765 occurrere

374 3801 567 3857 Achaz
584 3800 702 3874 regi
719 3801 884 3857 Judze
904 3800 961 3855 in
978 3798 1104 3855 loco
1123 3798 1506 3868 aquaeductus
1525 3795 1766 3868 piscinae
1780 3798 2035 3871 superio-

376 3889 478 3957 ris,
511 3890 571 3945 in
592 3890 685 3946 via
700 3888 825 3963 agri
843 3887 1107 3958 fullonis,
1127 3885 1226 3941 ubi
1246 3889 1449 3957 postea
1466 3884 1672 3940 lecturi
1696 3903 1904 3942 sumus
1922 3889 2035 3943 sub

374 3979 621 4036 Ezechia
642 3995 776 4053 rege
796 3979 829 4035 J
836 3979 953 4033 uda
973 3980 1127 4032 stare
1149 3974 1477 4029 Rabsacen.
1497 3973 1657 4029 Duas
1679 3979 1878 4031 autem
1902 3994 2035 4032 cau-

375 4067 809 4135 dastitionum,
843 4067 901 4122 id
947 4069 1056 4131 est,
1094 4061 1342 4119 torrium
1392 4061 1835 4134 fumigantium,
1868 4071 2035 4121 vocat

376 4158 557 4215 Rasin
588 4173 783 4231 regem
805 4155 985 4229 Syriae
1006 4157 1064 4208 et
1085 4152 1307 4207 Phacee
1327 4151 1513 4207 filium
1538 4152 1812 4209 Romelizn
1837 4172 2031 4227 regem

374 4246 677 4317 Samaria,
707 4245 765 4300 id
792 4248 882 4299 est
911 4243 1114 4297 decem
1144 4240 1409 4295 tribuum
1437 4257 1450 4295 :
1485 4257 1612 4312 quae
1645 4241 1761 4298 alio
1794 4243 2032 4299 nomine

372 4334 824 4407 appellabantur
839 4330 962 4403 Eph
971 4329 1137 4385 raim.
1154 4329 1431 4397 Quamvis
1449 4329 1605 4385 enim
1630 4331 1889 4387 inierunt
1901 4346 2032 4388 con-

374 4423 573 4480 silium
595 4423 745 4478 duos
765 4436 931 4493 reges
953 4418 1195 4492 pesu'mi
1214 4422 1280 4474 ut
1296 4420 1681 4475 ascenderent
1696 4421 1767 4475 ad
1790 4420 2028 4489 Judam,

372 4514 546 4585 cujus
576 4510 735 4584 regio
762 4508 823 4564 in
846 4509 1147 4565 montibus
1164 4508 1277 4564 sita
1291 4513 1382 4563 est
1406 4525 1418 4563 :
1445 4512 1504 4564 et
1520 4508 1877 4565 suscitarent
1893 4526 2027 4565 eum

372 4601 770 4673 quiescentem
802 4601 861 4654 et
889 4596 1329 4670 quodammodo
1363 4597 1780 4663 dormientem,
1804 4614 2029 4670 suoque

2148 3439 2304 3509 quod
2340 3438 2522 3511 impio
2554 3436 2676 3511 regi
2706 3439 2887 3493 Isaias
2911 3439 3158 3510 jubetur
3186 3454 3510 3507 occurrere,
3529 3441 3804 3499 et-exiens

2148 3527 2218 3581 de
2249 3525 2373 3582 loco
2407 3544 2513 3582 suo
2563 3544 2680 3582 non
2727 3527 2787 3581 in
2838 3527 3127 3600 principio
3176 3529 3580 3601 aquaaduetus,
3612 3531 3723 3586 sed
3741 3530 3801 3587 in

2145 3616 2422 3671 extremis
2442 3615 2657 3670 ﬁnibus
2684 3615 2922 3688 piscinis
2945 3616 3420 3690 superioris,quaz
3439 3623 3563 3675 erat
3583 3619 3639 3673 in
3662 3632 3803 3693 agro

2147 3703 2513 3771 fullonis,ubi
2533 3706 2734 3760 sordes
2754 3709 2813 3760 et
2828 3705 3072 3761 macula:
3089 3707 3679 3780 purgabantur.Duas
3696 3724 3801 3764 an-

2144 3796 2261 3849 tem
2293 3794 2511 3849 caudas
2532 3794 2780 3849 torrium
2803 3793 3321 3866 fumigantium,ut
3334 3796 3499 3868 prius
3521 3795 3799 3869 diximus,

2142 3885 2310 3936 vocat
2339 3880 2687 3953 sapientiam
2721 3880 3062 3937 saecularem
3096 3881 3557 3955 hzsreticumquc
3586 3898 3801 3940 sermo.

2145 3988 2299 4038 nem,
2335 3987 2588 4043 quorum
2633 3969 2768 4026 finis
2816 3970 3043 4026 exustio
3093 3974 3202 4026 est.
3236 3970 3345 4039 Qui
3395 3970 3615 4028 frustra
3655 3972 3799 4029 inie-

2144 4064 2282 4115 runt
2313 4058 2649 4127 consilium,
2680 4063 2748 4114 ut
2793 4061 3178 4116 ascenderent
3221 4064 3427 4117 contra
3472 4059 3712 4129 Judam,
3740 4066 3803 4118 ert

2142 4148 2310 4221 quasi
2345 4147 2735 4221 negligehtem
2767 4152 2826 4204 et
2854 4148 3241 4206 dormientem
3269 4154 3563 4223 caperent,
3588 4154 3647 4207 et
3670 4151 3799 4209 suis

2140 4238 2437 4294 erroribus
2454 4237 3225 4311 copularent,penerentque
3247 4255 3425 4311 super
3440 4255 3578 4296 eum
3599 4255 3796 4313 regem

2140 4326 2328 4381 filium
2361 4326 2598 4394 Tabeel,
2628 4326 2738 4381 hoc
2768 4330 2859 4381 est
2904 4327 3128 4384 bonum
3180 4327 3303 4384 Dei.
3336 4327 3589 4401 Uterque
3635 4329 3798 4386 enim

2140 4415 2512 4471 adversarius
2543 4416 2701 4487 apud
2735 4432 2797 4471 se
2828 4414 3079 4473 aestimat
3123 4416 3424 4472 veritatem
3456 4432 3588 4473 esse
3615 4421 3675 4473 et
3700 4434 3795 4474 δεμ

2139 4521 2277 4559 nam
2309 4505 2659 4560 doctrinam.
2686 4504 2815 4560 Hmc
2836 4504 2953 4560 illis
2975 4505 3309 4562 dicentibus
3334 4504 3617 4562 Dominus
3634 4520 3796 4562 eom-

2139 4592 2418 4662 minatur,
2453 4594 2607 4665 quod
2641 4611 2755 4649 non
2787 4596 2900 4649 stet
2928 4592 3243 4649 consilium
3286 4594 3570 4666 ipsorum,
3602 4594 3703 4651 sed
3734 4599 3795 4651 et

368 4707 504 4747 eum
526 4688 773 4760 imperio
795 4687 1257 4759 subjugarentet
1272 4691 1737 4756 superponerent
1758 4686 1807 4741 ei
1831 4703 2026 4759 regem
2058 4707 2105 4770 υ
2136 4680 2372 4737 interim
2405 4682 2668 4753 quamdiu
2702 4699 2858 4737 nunc
2890 4682 3151 4739 mundus
3182 4682 3291 4739 iste
3320 4684 3457 4751 stat,
3481 4687 3538 4738 et
3568 4696 3637 4738 ea
3664 4698 3792 4756 quas

368 4778 560 4833 ﬁlium
584 4775 820 4842 Tabeel,
854 4775 953 4847 qui
989 4774 1409 4845 interpretatur
1440 4773 1611 4829 bonus
1648 4775 1811 4840 Deus,
1845 4778 1911 4830 ut
1936 4775 2023 4832 vel
2136 4770 2341 4825 mundi
2376 4774 2537 4837 sunt,
2573 4770 2629 4825 in
2655 4770 2779 4826 suis
2802 4770 3020 4827 finibus
3037 4776 3094 4827 et
3114 4772 3174 4827 in
3197 4772 3324 4828 suis
3346 4771 3590 4828 urbibus
3610 4772 3793 4827 domi-

368 4866 671 4923 hominem
691 4865 803 4920 hoc
823 4863 1082 4930 nomine,
1103 4862 1189 4917 vel
1210 4861 1431 4917 idolum
1456 4863 1914 4932 demonstraret;
1939 4869 2025 4920 ta-
2136 4864 2369 4916 nentur.
2404 4860 2550 4914 Cum
2582 4864 2779 4915 autem
2811 4860 3338 4917 consummationis
3364 4863 3596 4933 tempus
3618 4853 3790 4918 advel

368 4970 502 5010 men
534 4954 658 5008 haec
686 4953 828 5008 dicit
855 4951 1141 5008 Dominus
1172 4951 1328 5006 Deus
1354 4967 1367 5004 :
1392 4951 1516 5005 Non
1548 4953 1731 5007 stabit
1756 4952 1867 5008 hoc
1888 4970 2024 5009 con-
2136 4948 2426 5016 nerit,hoc
2453 4954 2543 5005 est
2574 4948 2877 5020 sexaginta
2907 4948 3171 5021 quinque
3201 4949 3424 5016 anni,et
3440 4952 3560 5005 tam
3581 4951 3788 5006 mundi

296 5074 299 5079 -
368 5044 590 5111 silium,
619 5043 719 5097 sed
752 5042 987 5097 interim
1020 5042 1195 5096 modo
1228 5044 1406 5112 caput
1435 5040 1612 5113 Syriae
1647 5041 1883 5097 urbium
1914 5043 2026 5099 erit
2136 5058 2227 5094 res
2260 5057 2386 5111 qurc
2422 5038 2480 5093 in
2524 5056 2623 5093 sex
2670 5038 2880 5095 diebus
2933 5039 3094 5094 facta:
3144 5044 3285 5094 sunt
3330 5040 3481 5113 (Gen.
3517 5039 3577 5110 ι),
3610 5056 3789 5111 quam

367 5131 715 5199 Damascus,
747 5134 804 5185 et
830 5130 889 5184 in
920 5130 1048 5201 ipsa
1079 5128 1384 5199 metropoli
1407 5129 1692 5185 Damasco
1712 5129 2027 5201 imperabit
2133 5129 2332 5183 omnia
2362 5145 2489 5199 quae
2522 5128 2593 5184 ad
2627 5124 2888 5199 quinque
2919 5146 3132 5184 sensus
3159 5128 3469 5201 pertinent,
3495 5129 3669 5185 finem
3693 5144 3788 5184 ac-

370 5216 572 5276 Rasin.
608 5218 781 5274 Porro
811 5217 872 5273 in
904 5217 1181 5289 Ephraim
1216 5221 1453 5289 propter
1489 5218 1799 5273 Jeroboam
1833 5218 2021 5275 lilium
2134 5218 2411 5289 ceperint,
2446 5221 2589 5272 tunc
2623 5217 2894 5273 universa
2924 5232 3055 5273 esse
3085 5218 3380 5274 solvenda.

366 5305 2026 5379 N=ahaib,quiprimusregnavit;ctdeEphraimeritcaput
2204 5333 2230 5357 ‹‹
2268 5309 2334 5361 Et
2364 5307 2580 5377 adjecit
2630 5306 2787 5378 loqui
2838 5307 3126 5364 Dominus
3175 5308 3247 5363 ad
3291 5306 3503 5373 Achaz,
3535 5306 3735 5362 dicens
3767 5322 3783 5361 :

366 5393 667 5462 Samaria,
701 5394 810 5450 hoc
840 5399 930 5449 est
961 5395 1116 5465 regia
1148 5393 1362 5447 domus
1392 5393 1449 5447 in
1484 5394 1627 5449 urbe
1659 5395 2023 5461 Samarizn,et
2132 5395 2265 5451 Pete
2299 5394 2400 5449 tibi
2435 5395 2670 5466 signum
2703 5412 2737 5451 a
2768 5395 3014 5450 Domino
3048 5395 3164 5451 Deo
3190 5400 3290 5451 tuo
3322 5395 3380 5450 in
3428 5395 3785 5467 profundum

364 5480 636 5538 Samaria
663 5487 839 5554 caput
867 5483 976 5538 erit
1007 5482 1166 5536 filius
1214 5481 1506 5551 Romelizn,
1542 5483 1597 5537 id
1632 5488 1740 5551 est,
1776 5483 2018 5540 Phacee.
2129 5483 2362 5549 inferni,
2398 5482 2517 5538 sive
2550 5484 2607 5538 in
2638 5482 2931 5539 excelsum
2957 5502 3157 5557 supra.
3188 5506 3214 5534 »
3245 5485 3391 5551 Quia
3421 5484 3524 5539 tibi
3555 5483 3788 5539 videtur

365 5568 635 5642 Regnum
700 5574 895 5625 autem
962 5572 1164 5625 decem
1219 5569 1505 5639 tribuum,
1560 5572 1617 5626 id
1671 5578 1761 5628 est
1816 5573 2017 5644 populi
2132 5571 2341 5643 inquit,
2376 5571 2613 5626 difﬁcile
2643 5574 2952 5644 essequod
2987 5589 3167 5645 regna
3198 5572 3607 5645 potentissima
3627 5571 3785 5627 brevi

360 5655 663 5725 Ephraim,
696 5662 828 5725 post
857 5657 1165 5728 sexaginta
1183 5659 1240 5710 et
1260 5658 1520 5729 quinque
1541 5677 1730 5716 annos
1751 5678 1878 5715 esse
1901 5678 2018 5716 ces—
2128 5663 2387 5731 tempore
2439 5660 2697 5716 finienda
2748 5662 2887 5727 sint,
2923 5665 2982 5716 et
3007 5665 3069 5717 tu
3120 5678 3255 5717 cum
3308 5660 3520 5734 populo
3568 5665 3670 5716 tuo
3713 5662 3785 5716 de

361 5741 554 5793 sabit:
587 5742 740 5805 quod
774 5744 883 5795 nisi
918 5741 1262 5813 diligentius
1298 5748 1693 5816 attendamus,
1719 5752 1876 5803 stare
1898 5764 2015 5802 non
2127 5766 2338 5819 magno
2368 5747 2626 5818 periculo
2658 5748 2942 5816 libereris,
2977 5756 3108 5823 pete
3139 5750 3243 5807 tibi
3274 5751 3534 5822 signum,
3563 5765 3787 5822 nequa-
