3960 6384
403 423 524 484 763

780 423 1192 487 HAYMONIS
1235 420 1775 485 HALBEItSTAT.
1821 420 2072 483 EPIST.
2116 420 2269 484 OPP
2309 421 2517 482 PARS
2562 422 2610 483 Ι.
2658 454 2737 468 —-
2779 422 3187 487 COMMENT.
3234 425 3436 487 BIBL.

3706 426 3823 487 764

403 564 561 617 terra
588 559 793 625 Assur,
843 560 901 613 et
944 556 1180 612 venient
1227 560 1285 611 et
1334 553 1703 626 requiescant
1748 570 1954 611 omnes
1994 553 2054 609 in
2085 557 2139 624 Α
2168 551 2340 610 lactis
2370 556 2680 612 comedent
2707 556 3127 631 butyrum,hec
3155 557 3450 632 significat
3479 559 3635 632 quod
3667 563 3823 617 terra

404 649 763 707 terrentibus
792 645 1121 711 vallium,et
1151 644 1211 699 in
1241 643 1503 699 cavernis
1537 648 1863 716 petrarum,
1892 647 1950 699 et
1996 643 2056 700 in

405 738 681 797 omnibus
729 735 984 801 frutetis,
1037 739 1095 790 et
1138 733 1200 788 in
1249 732 1541 789 universis
1583 733 1993 791 foraminibus.
2029 756 2057 783 ››

404 830 549 884 Cum
581 826 756 883 fuerit
801 826 1054 883 duorum
1106 839 1311 896 regum
1359 825 1513 878 terra
1560 824 1811 889 deserta,
1845 823 2058 879 Dama-

404 935 539 975 scus
569 915 838 971 videlicet
866 918 923 970 et
952 913 1220 970 Samaria
1248 929 1427 984 quam
1458 915 1523 967 tu
1556 928 1714 966 nunc
1752 913 2060 968 detestaris

402 1010 457 1062 et
488 1005 726 1071 metuis,
760 1008 901 1059 tunc
933 1003 1187 1057 adducet
1215 1000 1523 1067 Dominus,
1556 1018 1589 1055 ο
1621 1002 1834 1056 demus
1880 1001 2055 1069 Juda,

400 1113 579 1168 super
606 1098 663 1151 te
688 1099 746 1151 et
776 1091 1059 1167 populum
1083 1095 1253 1147 tuum
1278 1089 1403 1146 dies
1425 1107 1573 1161 quos
1596 1108 1898 1163 nunquam
1925 1096 2058 1145 ante

399 1184 686 1252 vidisti,id
719 1186 809 1239 est
832 1199 1025 1256 regem
1047 1180 1695 1251 Assyriorum.Frustra
1720 1179 1900 1249 igitur
1920 1196 2060 1249 prae-

401 1275 591 1331 sentia
621 1270 1212 1342 metuis,scmijustos
1245 1271 1451 1335 torres,
1485 1271 1543 1322 et
1583 1267 1780 1339 ignem
1822 1268 2058 1340 penitus

400 1382 517 1420 non
548 1364 855 1420 habentes.
889 1360 1049 1417 Scire
1090 1359 1246 1414 enim
1297 1358 1474 1412 debes
1523 1359 1679 1429 quod
1732 1357 1901 1413 sibilo
1950 1374 2057 1412 suo

400 1454 688 1511 Dominus
721 1468 959 1507 muscas
988 1448 1216 1521 ὥρῃ)ιὶ
1246 1451 1305 1502 et
1335 1447 1648 1502 fluminum
1697 1448 1847 1518 ejus,
1899 1447 2053 1501 haud

400 1544 648 1600 dubium
682 1541 824 1614 quin
857 1544 1081 1613 septem
1114 1537 1372 1610 dierigas
1402 1536 1515 1592 Nili
1548 1536 1857 1609 significet,
1888 1554 2055 1593 voca-

400 1637 573 1689 turus
602 1631 699 1697 sit,
732 1634 789 1687 et
816 1647 985 1702 apem
1036 1646 1163 1699 quae
1193 1631 1283 1683 est
1313 1627 1371 1681 in
1404 1630 1559 1681 terra
1585 1628 1788 1681 Assur.
1824 1626 2058 1681 Muscas

400 1726 601 1779 autem
632 1719 934 1793 Egyptios
964 1721 1131 1772 vocat
1152 1720 1388 1788 propter
1411 1716 1616 1771 sordes
1638 1713 1978 1770 idololatria:
1999 1719 2058 1770 et

397 1808 752 1866 imbecillam
785 1806 1324 1881 populumuApem
1376 1822 1511 1861 vero
1558 1803 1827 1876 Assyrios
1869 1808 2054 1872 vocat,

397 1916 651 1972 quorum
684 1896 785 1953 illo
804 1901 1064 1968 tempore
1081 1891 1560 1967 potentissimum
1585 1910 1832 1966 regnum
1853 1897 2057 1949 eratet

396 1988 470 2045 ad
502 1986 656 2044 bella
676 1982 1305 2059 promptissimum,vel
1323 1982 1396 2037 ob
1415 1981 1641 2054 id,quia
1663 1981 1858 2038 omnis
1879 2000 2058 2055 prope

392 2077 634 2151 Assyria
658 2081 714 2132 et
730 2073 987 2131 Persidis
1017 2071 1176 2145 regio
1207 2089 1382 2128 usum
1404 2071 1660 2127 habebat
1681 2071 2054 2145 sagittarum.

394 2167 464 2225 Hi
496 2184 633 2240 ergo
664 2182 869 2223 omnes
897 2162 1213 2219 veniuntet
1236 2163 1610 2234 occupabunt
1637 2167 1853 2218 terram
1872 2166 2055 2218 totam

394 2258 455 2313 in
485 2254 849 2313 terrentibus
877 2252 1143 2319 vallium,
1178 2255 1237 2307 et
1265 2250 1529 2307 cavernis
1577 2255 1877 2324 petrarum
1910 2255 1967 2307 et
1996 2251 2055 2307 in

395 2344 675 2402 omnibus
705 2341 960 2407 frutetis,
995 2347 1055 2397 et
1084 2339 1472 2397 foraminibus
1509 2339 1805 2412 lignisque
1854 2357 2054 2397 nemo-

393 2433 704 2491 resis.Hazc
733 2435 932 2488 autem
952 2446 1057 2504 per
1076 2429 1481 2501 metaphoram
1513 2428 1886 2496 dicuntur,ut
1916 2428 2058 2502 quia

394 2520 577 2580 semel
610 2537 848 2577 muscas
878 2522 936 2575 et
973 2535 1114 2591 apes
1144 2518 1574 2586 nominaverat,
1604 2517 2052 2574 translationem

396 2614 586 2669 servet
613 2610 671 2666 in
705 2607 970 2681 reliquis.

467 2724 497 2751 «
544 2704 611 2755 In
659 2698 753 2755 die
804 2696 906 2753 illa
953 2697 1120 2753 radet
1167 2696 1455 2752 Dominus
1485 2696 1545 2751 in
1578 2695 1863 2753 novacula
1911 2714 2053 2752 con-

391 2791 590 2857 ducta,
623 2788 683 2844 in
716 2787 809 2843 his
833 2786 933 2859 qui
966 2789 1129 2842 trans
1161 2786 1383 2841 flumen
1414 2789 1554 2841 sunt
1598 2786 1657 2841 in
1708 2802 1843 2857 rege
1873 2787 2052 2859 Assy—

392 2879 638 2948 riorum,
690 2880 868 2949 caput
918 2878 977 2931 et
1026 2873 1179 2947 pilos
1208 2875 1424 2948 pedum
1457 2878 1515 2931 et
1545 2875 1789 2932 barbam
1822 2874 2051 2931 univer-

391 2985 540 3025 sam.
577 2989 604 3016 n
636 2966 700 3021 In
732 2963 1078 3021 novaculam
1123 2964 1391 3019 mercede
1442 2965 1820 3031 conductam,
1854 2963 2050 3036 ipsum

392 3057 759 3114 arbitrantur
784 3055 1201 3127 Syrum,quem
1234 3052 1295 3108 in
1326 3052 1584 3109 Jeremia
1614 3053 1772 3127 (lere.
1805 3053 1936 3126 xxv)
1977 3052 2050 3108 ob

392 3144 679 3203 ultionem
712 3142 916 3216 populi
946 3141 1270 3215 peccatoris
1300 3142 1477 3198 etiam
1510 3142 1845 3199 columbam
1878 3159 2049 3199 suam

390 3238 576 3292 vocat.
610 3235 762 3307 Ergo
795 3233 855 3287 in
890 3230 1004 3287 ista
1036 3231 1321 3286 novacula
1349 3232 1713 3300 acutissima,
1746 3235 1803 3287 et
1852 3232 1910 3286 in
1956 3231 2050 3287 his

2088 1942 2135 2008 B

2169 642 2463 700 cultorum
2490 644 2727 702 raritate
2754 645 3004 703 fertilior
3018 647 3179 720 sit,et
3200 648 3390 721 magis
3410 652 3547 721 apta
3566 650 3819 722 pascuis.

2170 732 2231 788 In
2264 732 2363 789 illo
2396 737 2657 806 tempore
2686 739 2802 807 prae
2835 735 3143 793 hominum
3175 738 3492 810 paucitate,
3526 743 3691 795 tanta
3714 740 3824 795 erit

2168 818 2285 875 vini
2339 820 2538 893 inopia
2585 823 2656 877 de
2706 822 2955 879 desertis
3008 824 3215 892 vineis,
3247 842 3375 898 qua:
3416 829 3576 883 metu
3624 826 3821 883 hostili

2168 926 2544 981 nequaquam
2576 910 2963 984 putabuntur,
3000 917 3065 970 ut
3094 914 3341 989 singula:
3376 915 3523 972 vites
3572 916 3821 989 singulis

2168 998 2460 1069 argenteis
2491 998 2583 1054 vix
2615 1004 2905 1057 cmantur.
2919 1002 2980 1057 In
3011 1019 3214 1075 vepres
3236 1004 3393 1058 enim
3425 1008 3482 1059 et
3512 1004 3571 1059 in
3593 1005 3817 1078 spinas,

2167 1085 2361 1141 omnis
2396 1092 2550 1143 terra
2575 1088 3180 1164 redigetur,tantaque
3201 1092 3312 1148 erit
3334 1093 3580 1150 formido
3603 1094 3821 1166 ubique

2169 1174 2544 1232 saevientibus
2576 1177 2808 1250 gladiis,
2828 1183 2894 1234 ut
2923 1180 3147 1252 absque
3176 1198 3314 1237 arcu
3345 1186 3404 1237 et
3433 1182 3663 1254 sagittis
3694 1183 3822 1239 nul-

2167 1263 2262 1320 lus
2294 1283 2467 1320 suum
2492 1282 2699 1337 agrum
2723 1266 2971 1324 invisere
2991 1270 3234 1337 audeat;
3268 1274 3325 1326 et
3355 1270 3646 1327 derelictis
3668 1288 3821 1327 cam-

2168 1354 2465 1424 pestribus
2497 1353 2640 1411 locis
2671 1356 2743 1411 ad
2778 1361 3057 1414 montana
3089 1359 3451 1433 confugiant,
3484 1360 3683 1433 ibique
3733 1362 3818 1417 lo-

2166 1458 2368 1498 corum
2400 1444 2745 1502 difﬁcultate
2773 1445 3107 1514 muniti,vix
3128 1465 3366 1520 asperos
3389 1454 3616 1506 montes
3637 1466 3817 1506 manu

2166 1531 2410 1600 fodiant,
2447 1534 2586 1606 quia
2613 1534 2808 1604 boves,
2834 1540 3036 1591 aratra
3081 1541 3138 1592 et
3182 1552 3446 1593 vomeres
3485 1556 3599 1594 non
3632 1539 3817 1595 habe-

2166 1618 2334 1675 bunt.
2364 1622 2458 1677 Sic
2488 1640 2626 1695 ergo
2659 1623 2757 1680 ubi
2789 1642 2958 1682 rarus
2988 1626 3180 1682 cultor
3210 1627 3270 1682 in
3301 1627 3600 1683 montibus
3640 1628 3819 1683 fuerit

2164 1707 2458 1779 inventus,
2512 1712 2647 1767 inde
2704 1713 2883 1769 vitam
2933 1714 3330 1772 miserabilem
3369 1717 3809 1773 sustentabant.

2164 1796 2380 1855 Caetera
2411 1805 2605 1857 autem
2640 1804 2926 1873 patebunt
2950 1804 3208 1876 pascuis,
3231 1810 3288 1861 et
3317 1806 3540 1877 absque
3568 1803 3688 1861 ulle
3718 1805 3817 1862 ba-

2165 1886 2414 1945 bitatere
2446 1908 2479 1947 a
2507 1891 2695 1948 brutis
2727 1891 3086 1952 animalibus
3118 1894 3527 1952 calcabuntur.

2780 2036 3014 2093 CAPUT
3052 2037 3203 2094 VIII.
3278 2116 3283 2123 Α

2238 2180 2265 2207 ‹‹
2300 2159 2370 2213 Et
2398 2158 2544 2215 dixit
2575 2160 2860 2217 Dominus
2909 2163 2984 2218 ad
3033 2179 3127 2221 me
3181 2181 3193 2220 :
3250 2165 3429 2221 Sume
3456 2165 3563 2222 tibi
3595 2164 3812 2222 librum

2164 2248 2472 2319 grandem,
2507 2253 2565 2304 et
2596 2250 2785 2306 scribe
2815 2251 2874 2306 in
2924 2268 2990 2307 co
3039 2252 3191 2325 style
3244 2253 3525 2323 hominis,
3559 2253 3817 2311 accelera

2163 2334 2459 2404 velociter,
2488 2337 2695 2409 spolia,
2729 2339 3109 2411 detrahe,cito
3148 2342 3429 2413 praedam.
3466 2344 3540 2399 Et
3580 2342 3823 2399 adhibui

2166 2423 2310 2481 mihi
2345 2430 2521 2482 testes
2553 2426 2776 2494 fideles,
2810 2427 3009 2483 Uriam
3062 2431 3453 2499 sacerdotem,
3504 2435 3563 2487 et
3607 2431 3821 2487 Zacha-

2164 2513 2313 2569 riam
2346 2513 2534 2570 ﬁlium
2566 2515 2883 2571 Barachize.
2906 2517 2978 2571 Et
3007 2517 3227 2573 accessi
3258 2518 3329 2573 ad
3362 2518 3821 2591 prophetissam,

2163 2602 2495 2674 etcencepit
2515 2607 2573 2659 et
2590 2604 3111 2677 peperitﬁlium.Et
3131 2605 3575 2664 dixitDominus
3598 2610 3669 2664 ad
3696 2626 3817 2665 me:

2159 2689 2317 2747 Voca
2345 2708 2560 2747 nomen
2589 2694 2742 2765 ejus,
2774 2693 3053 2763 accelera,
3088 2694 3295 2767 spolia,
3328 2695 3589 2763 detrahe,
3609 2697 3824 2755 festina

2160 2780 2441 2852 praedari:
2465 2780 2605 2854 quia
2626 2787 2948 2855 antequam
2982 2784 3133 2840 sciat
3162 2801 3309 2857 puer
3338 2801 3542 2842 vocare
3571 2790 3819 2843 matrem

2161 2886 2331 2925 suam
2364 2872 2422 2924 et
2446 2874 2671 2942 patrem
2704 2888 2903 2940 suum,
2937 2872 3239 2929 auferetur
3266 2874 3550 2930 fortitudo
3602 2875 3818 2932 Dama-

2159 2958 2265 3023 sci,
2299 2961 2356 3014 et
2385 2958 2576 3032 spolia
2606 2960 2885 3016 Samaria:
2925 2978 3124 3017 coram
3174 2978 3309 3036 rege
3354 2962 3747 3036 Assyriorum.
3786 2987 3818 3013 υ

2161 3046 2421 3103 Rursum
2453 3049 2567 3104 sub
2581 3049 3824 3126 aliafigurapartusdescribiturvirginalis.

2159 3136 2230 3190 Et
2260 3136 2406 3192 dixit
2434 3137 2723 3195 Dominus
2755 3140 2829 3195 ad
2862 3140 3209 3213 Prophetam
3241 3144 3309 3196 ut
3337 3157 3711 3215 nequaquam
3758 3142 3821 3197 in

2159 3225 2376 3297 populo
2404 3227 2687 3299 proferret
2704 3245 2860 3283 novae
2880 3228 3203 3285 nativitatis
3223 3247 3539 3299 arcanum;
3559 3232 3660 3286 sed
3683 3232 3824 3288 scri-

392 3324 493 3397 qui
527 3321 798 3379 habitant
830 3325 995 3377 trans
1028 3321 1247 3382 ﬂumen
1278 3320 1712 3393 Euphraten,in
1748 3338 1879 3394 rege
1902 3321 2058 3377 vide-
2085 3312 2130 3382 C
2171 3315 2270 3370 bat
2290 3332 2417 3371 eam
2442 3317 2501 3371 in
2526 3315 2637 3372 iste
2657 3317 2863 3391 grandi
2880 3316 3176 3374 volumine
3196 3319 3351 3391 quod
3369 3336 3525 3375 nunc
3547 3319 3820 3394 legimus,

389 3412 529 3469 licet
582 3408 976 3483 Assyriorum,
1027 3426 1231 3464 omnes
1279 3408 1523 3482 capillos
1571 3413 1629 3465 et
1670 3411 1820 3483 pilos
1868 3411 2051 3466 totius

394 3499 657 3572 corporis
715 3516 750 3553 a
805 3498 994 3569 capite
1043 3514 1234 3569 usque
1281 3499 1353 3553 ad
1404 3499 1602 3570 pedes,
1662 3500 2052 3571 decoremque

395 3589 613 3655 barbae,
649 3587 805 3659 quod
838 3585 1130 3642 virilitatis
1163 3586 1450 3642 indicium
1496 3591 1604 3651 est,
1641 3589 1808 3643 radet
1852 3589 2048 3644 Domi-

397 3695 511 3733 nus
541 3677 612 3731 dc
643 3675 941 3740 Judaea,ut
970 3672 1114 3729 nihil
1148 3674 1207 3729 in
1240 3674 1341 3729 illa
1373 3674 1540 3742 forte,
1571 3674 1716 3730 nihil
1737 3674 2049 3748 pulchrum

398 3766 670 3832 resideat,
703 3763 805 3820 sed
837 3762 1188 3820 effeminatis
1232 3762 1596 3831 hominibus,
1628 3763 1748 3821 imo
1798 3764 2050 3838 ignomi-

397 3854 585 3913 niosis
616 3852 966 3910 mulieribus
991 3856 1429 3924 comparentur.

470 3969 498 3995 ‹‹
531 3945 602 4000 Et
631 3943 743 3999 erit
772 3940 832 3997 in
863 3942 959 3998 die
990 3941 1112 4012 illa,
1146 3942 1366 3998 nutriet
1394 3941 1572 3999 homo
1602 3960 1837 3999 vaccam
1871 3943 2052 3999 boum

397 4039 456 4091 et
484 4034 633 4090 duas
663 4049 820 4101 oves,
849 4035 907 4088 et
935 4049 1053 4104 prae
1085 4032 1351 4088 ubertate
1380 4030 1554 4088 lactis
1584 4033 1850 4088 comedet
1879 4033 2051 4105 buty-

399 4141 554 4181 rum.
587 4123 872 4194 Butyrum
928 4119 1085 4176 enim
1134 4124 1192 4175 et
1239 4119 1351 4176 mel
1403 4120 1788 4195 manducabit
1834 4121 2050 4189 omnis,

400 4211 503 4285 qui
553 4210 794 4267 relictus
843 4209 1016 4267 fuerit
1058 4209 1119 4265 in
1171 4210 1363 4266 medio
1410 4213 1597 4265 terrm.
1632 4211 1701 4266 Et
1730 4211 1839 4267 erit
1869 4210 1927 4270 in
1962 4210 2054 4265 die

401 4300 520 4369 illa,
554 4299 750 4357 omnis
776 4298 941 4355 locus
968 4298 1069 4355 ubi
1102 4297 1321 4354 fuerint
1350 4297 1511 4355 mille
1548 4298 1719 4365 vites,
1750 4298 1912 4356 mille
1961 4316 2053 4355 ar-

399 4389 650 4463 genteis,
682 4392 739 4443 et
768 4386 828 4443 in
860 4387 1063 4460 spinas
1094 4390 1152 4443 et
1180 4404 1382 4459 vepres
1413 4390 1605 4443 erunt.
1639 4389 1782 4443 Cum
1825 4387 2056 4461 sagittis

400 4483 459 4535 et
487 4496 628 4535 arcu
656 4475 1064 4551 ingredientur
1109 4475 1265 4532 illuc.
1300 4476 1519 4548 Vepres
1561 4476 1720 4532 enim
1769 4481 1827 4532 et
1873 4476 2055 4549 spinae

402 4566 664 4623 eruntin
699 4564 971 4621 universa
1000 4568 1175 4633 terra,
1227 4569 1286 4620 et
1331 4581 1538 4621 omnes
1587 4568 1818 4620 mentes
1860 4565 1961 4636 qui
1995 4564 2053 4619 in

2159 3409 2217 3461 et
2246 3407 2400 3478 quod
2425 3406 2502 3463 sit
2521 3406 2854 3465 mirabilius
2874 3407 3154 3464 humanis
3175 3408 3368 3465 verbis
3389 3409 3817 3483 exprimi,stylo

2160 3512 2276 3567 quo
2308 3495 2578 3553 homines
2608 3496 2862 3552 scribere
2892 3502 3271 3565 consuerunt,
3304 3498 3407 3555 Dei
3446 3504 3818 3556 sacramenta

2160 3584 2795 3656 cemprehendat.Quid
2828 3589 3025 3641 autem
3056 3591 3148 3642 est
3176 3586 3321 3643 illud
3354 3588 3507 3661 quod
3540 3587 3823 3645 scribitur

2161 3673 2421 3729 humano
2454 3675 2643 3747 style?
2673 3675 2908 3731 Scilicet
2932 3680 2998 3731 ut
3016 3694 3164 3748 puer
3192 3682 3365 3733 natus
3386 3677 3658 3734 velociter
3677 3696 3819 3751 spo-

2159 3762 2241 3818 lia
2294 3762 2583 3832 detrahat,
2635 3768 2693 3819 et
2741 3764 2854 3820 cito
2904 3765 3218 3837 praedetur,
3253 3766 3363 3822 hoc
3405 3771 3516 3836 est,
3548 3783 3620 3823 ne
3663 3767 3820 3823 ultra

2160 3852 2418 3924 patiatur
2447 3869 2695 3925 regnum
2724 3852 2941 3909 diaboli
2971 3854 3288 3924 dominari,
3323 3873 3428 3912 nec
3476 3856 3672 3913 mittat
3707 3874 3816 3913 an-

2161 3940 2343 4013 gelos,
2378 3956 2484 3996 nec
2513 3941 2848 4013 prophetas,
2900 3943 3003 3998 sed
3049 3944 3122 3999 ad
3172 3944 3481 4001 salvandas
3519 3948 3819 4002 creaturas

2163 4046 2301 4085 suas
2333 4027 2457 4101 ipse
2486 4030 2825 4088 descendat.
2850 4031 3010 4088 Facit
3037 4049 3175 4105 ergo
3206 4034 3494 4107 Propheta
3515 4034 3670 4107 quod
3687 4036 3817 4107 jus-

2162 4136 2296 4176 sum
2327 4123 2437 4186 est,
2458 4123 2518 4175 et
2546 4118 2788 4176 adhibet
2817 4119 2930 4177 sibi
2957 4124 3137 4178 testes
3166 4121 3595 4179 fideles.Uriam
3626 4139 3820 4181 sacer-

2163 4208 2489 4280 dotem,qui
2524 4208 2672 4281 legis
2705 4210 2908 4265 doctor
2937 4210 3283 4278 est,dicente
3315 4211 3605 4268 Malachia
3638 4228 3685 4268 :«
3713 4213 3821 4269 La-

2162 4297 2262 4354 bia
2291 4297 2616 4354 sacerdotis
2647 4298 2989 4355 custodiunt
3005 4298 3400 4369 scientiam,et
3429 4299 3615 4374 legem
3638 4302 3825 4375 requi-

2163 4391 2302 4443 runt
2331 4402 2400 4441 ex
2428 4403 2525 4443 ore
2558 4387 2687 4458 ejus
2713 4375 2970 4457 '(Halach.
2995 4392 3118 4457 11),»
3142 4388 3284 4461 quia
3314 4388 3560 4463 angelus
3589 4390 3822 4446 Domini

2164 4475 2524 4531 exercituum
2568 4478 2677 4543 est,
2750 4479 2808 4532 et
2860 4476 3200 4533 Zachariam
3254 4476 3443 4533 ﬁlium
3504 4477 3818 4548 Barachiae,

2164 4581 2341 4637 quem
2370 4564 2715 4637 prophetam
2745 4565 2928 4622 fuisse
2961 4582 3078 4622 non
3109 4566 3356 4623 dubium
3400 4570 3510 4624 est.
3545 4567 3820 4641 Legimus

402 4654 633 4713 sarculo
664 4654 1129 4753 sarrientur,n.en
1151 4654 1343 4710 veniet
1372 4653 1511 4753 illuc
1541 4657 1727 4753 terror
1748 4652 2054 4753 spinarum
2085 4688 2134 4753 υ
2158 4654 2408 4753 flag.
2441 4652 3066 4753 nV1)’qued.regn.ante
3111 4655 3317 4753 Achaz.
3351 4656 3625 4753 sacerdos
3672 4674 3816 4753 prte-

401 4748 459 4799 et
488 4743 775 4815 veprium,
807 4746 865 4798 et
894 4742 1007 4798 erit
1036 4742 1095 4797 in
1128 4759 1408 4814 pascuam
1441 4742 1605 4799 bovis
1651 4746 1710 4799 et
1747 4741 2054 4798 conculca-

403 4833 623 4889 tienem
655 4830 935 4905 peccoris.
973 4854 1001 4880 »
1030 4830 1091 4885 In
1125 4830 1219 4887 die
1249 4848 1386 4903 ergo
1419 4830 1539 4899 illa,
1572 4831 1683 4887 hoc
1728 4835 1818 4887 est
1868 4830 1928 4885 in
1961 4830 2059 4887 ille

405 4923 691 4991 tempore,
740 4935 875 4975 cum
927 4917 1142 4973 fuerint
1194 4936 1401 4975 omnes
1445 4937 1579 4991 spes
1627 4920 1967 4976 Judazorum
2000 4921 2060 4976 in

404 5008 737 5064 Chaldaeum
769 5007 1088 5073 translatae,
1124 5012 1285 5063 tanta
1314 5008 1423 5064 erit
1455 5008 1710 5065 solitudo
1760 5012 1926 5065 terra:
1954 5011 2061 5066 Ju-

406 5098 512 5167 dze,
543 5100 604 5152 et
636 5102 757 5151 tam
788 5095 1149 5152 incredibilis
1179 5097 1441 5166 vastitas,
1477 5101 1543 5153 ut
1573 5115 1944 5171 nequaquam
1975 5116 2063 5155 ar-

405 5188 607 5240 menta
635 5183 815 5238 boum
846 5180 1121 5252 habeant,
1169 5201 1357 5256 neque
1407 5202 1615 5258 greges
1664 5184 1860 5240 ovium
1909 5186 2063 5242 sicut

405 5272 573 5341 prius
606 5270 820 5325 habere
850 5274 1399 5340 consueverant,sed
1434 5274 1526 5328 vix
1567 5291 1735 5329 rarus
1769 5273 2064 5331 habitator

405 5375 587 5413 unam
619 5375 853 5413 vaccam
905 5358 1125 5415 nntrirc
1157 5360 1345 5431 possit
1373 5366 1431 5416 et
1462 5362 1609 5417 duas
1641 5380 1794 5430 oves,
1829 5380 1944 5418 non
1992 5365 2064 5420 ad

406 5447 829 5509 arandum,sed
856 5450 928 5504 ad
959 5448 1157 5505 cibum
1189 5453 1364 5520 atque
1394 5451 1668 5506 vestitum
1692 5450 1859 5507 lactis
1881 5458 1937 5508 et
1956 5454 2067 5510 vel-

406 5530 567 5588 leris.
604 5531 846 5600 Propter
874 5536 1134 5609 inepiam
1162 5535 1461 5607 frumenti,
1512 5544 1570 5596 et
1617 5540 1886 5596 omnium
1935 5560 2064 5614 quae

404 5620 559 5672 terra
588 5615 785 5702 gignit
829 5626 900 5679 ad
951 5623 1401 5693 comedendum,
1442 5628 1592 5685 lac-te
1649 5634 1706 5685 et
1754 5630 1964 5702 butyro
2009 5636 2067 5688 et

402 5699 619 5771 agresti
658 5702 830 5762 melle
858 5713 1189 5767 vescentur.
1214 5712 1495 5787 Quodque
1526 5717 1752 5791 ait,pra:
1800 5699 2065 5776 ubertate

2166 4742 2277 4797 fuit
2304 4740 2525 4813 temple
2558 4741 2810 4809 Domini,
2842 4742 2937 4799 cui
2965 4744 3241 4817 praecepit
3287 4743 3480 4800 Achaz
3526 4749 3593 4801 ut
3636 4744 3819 4801 altare

2168 4829 2360 4887 simile
2389 4829 2558 4886 altari
2587 4830 2859 4887 Damasci
2891 4832 3141 4900 faceret;
3173 4838 3231 4889 et
3272 4832 3503 4889 Dierum
3554 4832 3703 4889 liber
3732 4834 3819 4905 (Ν

2169 4922 2295 4991 Reg.
2327 4919 2486 4992 xvm)
2520 4923 2739 4989 narrat,
2765 4922 2921 4992 quod
2950 4921 3225 4978 Ezechias
3258 4921 3416 4978 filius
3440 4922 3632 4978 Achaz
3663 4939 3818 4995 quae-
3842 4940 3854 4953 ·

2169 5010 2348 5065 sierat
2374 5008 2689 5065 Dominum
2740 5009 2799 5065 in
2848 5009 3057 5067 diebus
3104 5010 3415 5081 Zachariae,
3446 5010 3711 5069 eruditus
3758 5011 3819 5066 in

2169 5098 2380 5154 timere
2408 5097 2532 5153 Dei.
2566 5097 2841 5153 Exhibuit
2872 5102 3070 5154 autem
3103 5116 3166 5155 sc
3199 5098 3379 5157 Isaias
3411 5100 3657 5174 dignum
3688 5098 3822 5173 Spi-

2171 5189 2288 5243 ritu
2342 5192 2547 5243 sancte
2599 5187 2946 5260 prophetali,
2999 5193 3058 5244 et
3114 5188 3366 5260 praebuit
3421 5188 3822 5262 pwphetissm,

2173 5278 2229 5332 id
2262 5281 2374 5349 est,
2403 5275 2647 5349 Spiritui
2704 5281 2930 5345 sancto,
2982 5278 3081 5350 qui
3131 5295 3403 5335 sermone
3449 5278 3702 5334 Haebraae
3726 5296 3825 5335 ve-

2175 5370 2343 5421 catur
2372 5382 2584 5439 genere
2612 5364 2896 5421 feminino
2927 5366 3097 5433 ruha,
3123 5368 3295 5439 juxta
3326 5366 3471 5424 illud
3504 5368 3661 5441 quod
3683 5369 3825 5424 scri-

2174 5461 2341 5528 ptum
2375 5460 2465 5510 est
2498 5472 2545 5511 ;‹‹
2570 5454 2839 5511 Accedite
2868 5456 2940 5511 ad
2972 5473 3108 5513 cum
3140 5462 3198 5513 et
3227 5456 3825 5528 illuminamini(Psal.

2173 5547 2435 5613 xxxui).»
2467 5543 2687 5616 Spiritu
2720 5543 2919 5616 itaque
2948 5549 3152 5602 sancto
3181 5551 3500 5621 conceptus
3520 5551 3611 5603 est
3638 5547 3828 5604 Domi-

2174 5651 2288 5688 nus
2318 5633 2577 5698 Jesus,et
2603 5632 2742 5688 licet
2772 5631 3071 5692 humanus
3104 5653 3297 5692 sermo
3329 5634 3654 5692 nativitatis
3696 5636 3826 5708 ejus

2174 5726 2427 5795 nequeat
2456 5721 2745 5794 explicare
2777 5725 3075 5795 mysteria,
3100 5730 3297 5784 tamen
3327 5725 3559 5784 Gabriel
3584 5726 3696 5799 ipsi
3720 5726 3828 5783 vir-
