3960 6378
77 420 195 482 765

1151 415 1554 478 COMMENT.
1604 416 1680 477 ΙΝ
1727 412 2018 475 ISAIAM.
2055 450 2131 458 —
2166 417 2314 478 LIB.
2362 418 2438 479 ΙΙ.

3400 424 3517 487 766

80 551 198 626 gini
235 550 504 625 loquitur
535 567 664 624 qua:
696 548 962 622 concepit
993 566 1006 603 :
1039 571 1061 598 ι
1096 548 1348 622 Spiritus
1382 554 1622 606 sanctus
1654 569 1748 608 su-
1774 545 1832 613 Α
1863 546 2094 606 infinita
2117 550 2748 625 multitudine,operuit
2771 556 2986 610 terram
3017 556 3389 624 Emmanuel,
3414 557 3522 615 hoc

86 641 393 717 perveniet
422 641 482 697 in
514 645 591 707 te,
616 645 674 696 et
695 641 881 695 virtus
901 639 1187 695 Altissimi
1221 640 1597 697 obumbrabit
1627 641 1758 705 tibi,

85 734 404 805 Propterea
436 732 595 804 quod
629 734 905 785 nascetur
934 747 1001 784 ex
1043 734 1099 784 te
1139 734 1432 795 sanctum,
1458 732 1763 788 vocabitur

85 823 246 878 filius
300 821 607 890 Dei.(Luc.
634 821 696 888 1).
726 844 753 868 ››
778 821 1108 890 Antequam
1160 820 1489 875 humanum
1544 839 1758 894 corpus

83 914 423 969 assumeret
455 910 634 979 Deus,
660 913 718 965 et
740 910 911 982 juxta
942 908 1251 964 infantiam
1282 914 1504 982 patrem
1529 916 1760 966 vocaret

84 1003 296 1069 Deum,
322 1005 381 1056 et
404 1004 655 1056 matrem
680 1015 847 1054 suam
874 998 1141 1067 Mariam,
1163 998 1458 1055 auferetur
1480 1000 1756 1057 fortitudo

85 1087 388 1155 Damasci,
417 1093 474 1143 et
494 1087 683 1161 spolia
705 1088 980 1143 Samaria;
1007 1105 1109 1160 per
1130 1104 1323 1157 regem
1348 1089 1712 1160 Assyriorum
1742 1107 1754 1145 :

88 1185 151 1235 ut
174 1179 438 1234 necdum
472 1181 646 1233 natus
669 1175 978 1244 Dominus,
1004 1176 1286 1248 populum
1320 1195 1493 1233 suum
1517 1178 1760 1235 domum

88 1267 268 1324 David
302 1266 432 1323 sola
461 1264 826 1322 invocatione
860 1264 1315 1322 salvaret.Urias
1348 1272 1544 1322 autem
1580 1268 1758 1322 inter-

89 1361 366 1431 pretatur
406 1357 507 1411 tua:
556 1355 798 1421 Domini,
819 1353 1128 1411 Zacharias
1161 1372 1294 1410 vero
1337 1360 1599 1412 memoria
1654 1359 1760 1413 Do-

90 1448 259 1512 mini,
299 1450 357 1502 et
389 1444 705 1501 Barachias
734 1444 1028 1500 benedictio
1065 1445 1303 1500 Domini.
1337 1446 1561 1511 Quibus
1594 1448 1761 1502 testi-

90 1537 204 1593 bus
226 1533 455 1592 Christi
482 1533 757 1589 nativitas
779 1533 1214 1605 comprobatur.
1232 1536 1359 1606 Ipse
1381 1535 1535 1589 enim
1562 1536 1761 1591 Domi-

92 1644 204 1682 nus
238 1623 304 1680 in
336 1622 658 1696 Evangelio
691 1623 841 1693 (Luc.
874 1623 1025 1693 xxiv)
1057 1623 1288 1677 duobus
1318 1626 1597 1680 euntibus
1627 1627 1762 1681 Em-

93 1731 294 1779 maus,
320 1711 610 1785 incipiens
636 1730 671 1767 a
691 1710 849 1767 Mose
872 1714 929 1766 et
961 1710 1260 1784 prophetis
1284 1713 1581 1777 disseruit,
1605 1716 1760 1787 quod

94 1804 162 1859 de
193 1820 263 1859 se
293 1799 496 1859 omnia
535 1799 1010 1874 prophetassent.
1043 1800 1222 1855 Juxta
1261 1802 1670 1874 tropologiam,
1701 1803 1761 1860 in

94 1892 299 1949 anima
322 1888 626 1964 virginali,
652 1893 709 1944 et
732 1887 895 1944 nulla
911 1889 1079 1945 sorde
1111 1890 1427 1960 maculata,
1449 1892 1519 1946 de
1543 1891 1759 1964 Spiritu

95 1984 303 2038 sancto
328 1982 649 2051 conceptus
677 1978 772 2033 Dei
796 1994 1009 2043 sermo,
1032 1977 1304 2034 velociter
1325 1979 1394 2035 de
1417 1981 1765 2039 adversariis

95 2067 497 2143 potestatibus
542 2065 730 2139 spolia
760 2066 1036 2133 detrahit,
1068 2070 1125 2121 et
1163 2066 1275 2122 sibi
1319 2068 1457 2124 facit
1494 2068 1766 2125 universa

99 2156 339 2216 servire.
365 2156 633 2228 Cumque
672 2172 739 2211 ex
784 2160 945 2228 parte
986 2173 1142 2211 nunc
1170 2156 1384 2225 videat,
1418 2162 1474 2213 et
1503 2176 1571 2213 ex
1603 2164 1766 2231 parte

103 2246 442 2321 prophetet,
464 2244 812 2317 priusquam
847 2243 1031 2317 possit
1062 2262 1188 2300 esse
1220 2247 1533 2318 perfectus,
1557 2252 1613 2304 et
1642 2266 1768 2304 me-

102 2337 214 2393 rito
245 2350 454 2390 vocare
484 2333 670 2390 Deum
722 2338 971 2406 patrem,
1004 2338 1062 2389 et
1101 2338 1347 2390 matrem
1389 2353 1556 2392 suam
1597 2338 1764 2393 cmle-

104 2428 253 2481 stem
295 2423 652 2491 Jerusalem,
680 2423 872 2478 adhuc
915 2423 972 2477 in
1016 2422 1265 2479 infantia
1306 2424 1553 2496 positus,
1577 2426 1768 2483 vincet

105 2512 515 2569 fortitudinem
536 2511 1166 2579 Damasci,doctrinam
1179 2513 1448 2570 videlicet
1468 2516 1766 2587 sapientia:

105 2600 404 2658 saecularis
431 2617 445 2657 :
473 2605 529 2657 et
550 2601 772 2657 auferet
792 2601 980 2673 spolia
1011 2601 1537 2676 Samarim,quibus
1569 2606 1768 2661 Eccle-

104 2692 254 2747 siam
287 2689 547 2746 haeretici
569 2688 987 2762 spoliaverunt,
1007 2689 1443 2749 dicenteszNon
1476 2697 1565 2749 est
1598 2696 1767 2751 nobis

104 2798 241 2853 pars
277 2780 339 2835 in
372 2779 578 2846 David,
604 2795 792 2852 neque
823 2778 1132 2836 hereditas
1163 2780 1221 2836 in
1254 2779 1374 2837 ﬁlio
1404 2781 1588 2851 Jessc,
1624 2801 1767 2856 prse-

104 2873 270 2927 sente
300 2867 429 2942 ipso
463 2885 597 2942 rege
625 2868 997 2941 Assyriorum
1024 2868 1254 2925 diabolo
1281 2870 1379 2942 qui
1411 2871 1496 2927 eis
1529 2890 1644 2929 non
1675 2891 1770 2945 po-

106 2962 260 3015 terat
292 2956 582 3014 auxiliari.
614 2957 787 3013 Tales
824 2957 981 3013 enim
1014 2957 1164 3013 filios
1206 2976 1321 3014 non
1362 2960 1554 3016 solum
1587 2962 1770 3017 Maria

107 3046 481 3120 prophetissa
508 3046 674 3119 virgo
705 3050 1002 3119 perpetua,
1029 3048 1129 3104 sed
1162 3051 1219 3102 et
1249 3053 1460 3104 sancta:
1493 3050 1768 3106 mulieres

108 3135 477 3209 patriarchas
503 3139 851 3208 generantes
880 3135 1235 3191 habuerunt.
1260 3138 1424 3204 Sara,
1448 3156 1575 3211 qua:
1599 3139 1771 3195 inter-

108 3228 376 3298 pretatur
403 3241 622 3291 arma,
658 3224 716 3280 id
773 3228 882 3291 est,
916 3224 1209 3297 princeps,
1240 3230 1295 3281 et
1329 3226 1607 3294 Rebecca,
1641 3246 1767 3301 qua:

112 3315 169 3369 in
199 3313 407 3387 lingua
438 3318 643 3369 nostra
674 3313 1017 3385 patientiam
1047 3318 1234 3369 sonat.

180 3428 207 3452 α
244 3402 314 3457 Et
343 3401 559 3473 adjecit
605 3400 764 3475 loqui
806 3402 1091 3457 Dominus
1131 3402 1203 3457 ad
1236 3420 1350 3469 me,
1385 3404 1586 3461 dicens
1616 3423 1628 3460 :
1664 3406 1770 3462 Pro

110 3510 175 3547 eo
197 3490 354 3563 quod
383 3489 598 3562 abjecit
619 3489 871 3563 populus
895 3490 1002 3546 iste
1024 3507 1208 3562 aquas
1232 3491 1383 3548 Siloe
1405 3511 1533 3566 qua;
1551 3496 1772 3552 vadunt

110 3596 244 3635 cum
278 3577 539 3647 silentio,
571 3582 629 3633 et
670 3579 995 3651 assumpsit
1026 3580 1214 3651 magis
1247 3580 1425 3636 Rasin
1475 3587 1532 3637 et
1581 3583 1768 3639 tilium

110 3666 385 3724 Romelize
412 3684 424 3722 :
450 3671 687 3741 propter
714 3667 826 3723 hoc
851 3685 983 3723 ecce
1009 3668 1289 3724 Dominus
1317 3669 1566 3726 adducet
1594 3690 1771 3745 super

109 3774 207 3813 eos
237 3773 428 3829 aquas
459 3756 724 3813 ﬂuminis
766 3757 943 3812 fortes
987 3761 1045 3812 et
1084 3755 1322 3829 multas,
1356 3775 1549 3830 regem
1589 3762 1768 3834 Assy-

109 3847 332 3902 riorum
364 3848 423 3901 et
452 3860 688 3901 omnem
730 3843 980 3917 gloriam
1021 3845 1171 3916 ejus,
1203 3850 1260 3901 et
1289 3848 1565 3904 ascendet
1593 3868 1772 3923 super

107 3950 312 3990 omnes
372 3932 528 3987 rivos
574 3932 725 4003 ejus,
759 3936 818 3988 et
850 3933 991 3988 fluet
1022 3950 1197 4006 super
1248 3934 1552 3991 universas
1609 3937 1767 4009 ripas

104 4023 255 4095 ejus,
270 4026 331 4079 et
353 4019 462 4076 ibit
482 4037 585 4093 per
604 4021 636 4076 J
642 4021 819 4077 udam
842 4020 1159 4090 inundans,
1176 4026 1233 4077 et
1256 4024 1547 4080 transiens
1581 4043 1767 4097 usque

105 4112 179 4167 ad
211 4109 435 4167 collum
461 4108 673 4166 veniet.
705 4110 776 4166 Et
804 4109 914 4166 erit
950 4110 1210 4167 extensio
1241 4110 1465 4168 alarum
1497 4115 1625 4185 ejus
1656 4115 1764 4171 im-

105 4196 277 4269 plens
297 4195 677 4252 latitudinem
701 4200 866 4252 terra:
900 4201 1082 4265 tum,o
1102 4198 1502 4255 Emmanuel.»
1532 4201 1767 4259 Dixerat

102 4302 288 4357 supra
319 4282 609 4357 PrOpheta
639 4285 1018 4342 auferendam
1039 4286 1309 4343 Damasci
1337 4288 1762 4361 fortitudinem,

101 4379 159 4430 et
188 4371 383 4446 spolia
413 4372 689 4429 Samaria
728 4372 788 4429 in
820 4378 1137 4446 conspectu
1178 4376 1331 4449 regis
1368 4378 1764 4450 Assyriorum,

100 4466 159 4518 et
188 4462 344 4517 duos
396 4477 561 4534 reges
607 4462 843 4535 Assyrio
891 4466 1189 4536 pugnante
1220 4464 1575 4538 capiendos:
1608 4486 1765 4525 nunc

101 4549 260 4607 Deus
291 4548 556 4621 loquitur
583 4550 657 4605 ad
689 4550 1035 4624 prephetam
1066 4551 1400 4610 charactere
1428 4554 1598 4611 solito
1620 4558 1764 4613 scri-

1872 642 1978 705 est,
2006 640 2263 695 defendit
2286 658 2411 696 eam
2437 641 2609 707 Deus,
2628 646 2691 698 ut
2714 661 2826 699 non
2862 646 3187 717 possederit
3207 663 3335 703 eam
3357 649 3527 722 Assy-

1872 728 1993 782 rius
2049 729 2265 784 Siloam
2301 734 2495 786 autem
2527 731 2743 787 fontem
2776 750 2904 788 esse
2936 735 3008 789 ad
3050 736 3276 792 radices
3306 738 3526 796 montis

1872 817 2032 882 Sion,
2058 835 2172 889 quo
2197 837 2310 873 non
2332 820 2579 891 jugibus
2607 822 2799 893 aquis,
2824 824 2924 877 sed
2952 822 3193 881 incertis
3214 825 3373 881 horis
3396 828 3523 883 die-

1870 905 2099 977 busque
2116 907 2441 975 ebulliat,et
2460 928 2559 982 per
2574 915 2787 966 terram
2811 929 3122 969 concavam
3142 920 3199 971 et
3214 920 3382 973 antra
3400 920 3521 974 saxi

1870 992 2169 1048 durissimi
2201 1012 2333 1050 cum
2384 1013 2595 1067 magno
2628 998 2823 1055 sonitu
2856 1001 3067 1069 veniat,
3094 1004 3364 1061 dubitare
3407 1024 3522 1063 non

1871 1099 2208 1154 possumus,
2230 1103 2335 1139 nos
2360 1087 2682 1156 praisertim
2706 1088 2804 1160 qui
2831 1089 2885 1143 in
2909 1090 3017 1146 hac
3040 1091 3375 1150 habitamus
3398 1113 3524 1168 pro-

1869 1171 2185 1227 vincia.Est
2203 1174 2357 1227 enim
2379 1178 2755 1247 sensus,quia
2777 1178 3238 1251 populusdeccm
3257 1182 3520 1240 tribuum

1872 1262 2061 1332 magis
2083 1261 2264 1316 voluit
2297 1263 2471 1317 ltasin
2506 1270 2564 1319 et
2596 1266 2714 1320 tilio
2748 1267 3040 1339 Romelim,
3064 1268 3120 1325 id
3140 1276 3231 1327 est
3252 1272 3520 1329 Damasci

1870 1353 1926 1404 et
1967 1351 2240 1404 Samarize.
2300 1352 2536 1421 regibus
2593 1372 2720 1409 esse
2777 1357 3099 1427 subjectus,
3131 1378 3306 1432 quam
3356 1362 3522 1435 stirpi

1872 1438 2049 1493 David
2082 1457 2209 1510 qua:
2247 1440 2302 1494 in
2335 1458 2400 1495 eo
2432 1444 2605 1515 carpit
2634 1461 2874 1515 regnare
2897 1446 3144 1517 judicio,
3182 1449 3388 1506 faciam
3421 1452 3528 1520 (ait

1872 1528 2178 1599 Dominus)
2208 1547 2341 1585 eum
2377 1549 2747 1604 nequaquam
2781 1532 2872 1590 his
2907 1537 3143 1608 regibus
3174 1557 3300 1594 esse
3332 1542 3528 1613 subjeo

1872 1622 2031 1671 ctum
2066 1635 2214 1689 quos
2247 1622 2590 1691 assumpsit,
2612 1623 2711 1676 sed
2746 1624 2865 1695 regi
2890 1626 3105 1681 servire
3133 1628 3409 1701 Assyrio:
3434 1647 3532 1685 cu-

1863 1706 1970 1777 jus
2001 1707 2259 1777 potentia
2292 1709 2431 1780 quia
2460 1712 2765 1783 occupavit
2796 1717 3008 1768 terram
3043 1715 3338 1784 Samariaa,
3362 1716 3530 1774 inun-

1873 1794 2093 1850 dationi
2127 1795 2388 1878 fluminis
2429 1804 2823 1870 comparatur.
2858 1802 2926 1857 Et
2956 1803 3023 1857 fit
3065 1805 3421 1878 apostropha
3452 1808 3524 1863 ad

1791 1914 1844 1984 Β
1872 1874 2239 1952 Emmanuel,
2274 1885 2382 1940 hoc
2415 1891 2522 1984 est,
2556 1888 2626 1942 ad
2662 1894 3007 1984 prmsentcm
3043 1874 3243 1959 Deum,
3278 1874 3433 1966 q‘uod
3466 1894 3525 1951 in

1878 1978 2105 2028 tantum
2140 1991 2201 2029 se
2232 1975 2478 2030 erexerit
2497 1976 2770 2049 Assyrius
2797 1983 2862 2034 ut
2892 1980 3067 2036 etiam
3098 1985 3313 2038 terram
3337 1983 3527 2056 ipsius

1875 2062 2295 2132 Emmanuelis,
2326 2064 2434 2119 hoc
2466 2070 2553 2121 cst
2571 2066 2809 2134 Judam,
2832 2073 3076 2125 conatus
3097 2070 3174 2126 sit
3204 2072 3524 2145 possidere.

1874 2151 2049 2207 Juxta
2079 2171 2375 2226 anagogen
2401 2155 2593 2210 omnis
2622 2155 2932 2213 hazreticus
2964 2158 3062 2230 qui
3087 2160 3351 2231 junxerit
3372 2162 3529 2218 auxi-

1876 2240 1952 2296 lio
1984 2259 2089 2295 suo
2128 2244 2475 2315 sapientiam
2509 2245 2867 2312 szecularem,
2891 2251 2948 2302 et
2976 2247 3325 2322 Jerusalem,
3352 2251 3410 2307 id
3441 2256 3532 2308 est

1876 2329 2194 2385 Ecclesium
2225 2331 2474 2387 voluerit
2503 2332 2873 2405 impugnare,
2903 2336 3315 2408 derelinquens
3347 2356 3531 2411 aquas

1878 2418 2031 2473 Siloe
2067 2419 2242 2475 fontis
2265 2420 2363 2492 qui
2397 2419 2820 2494 interpretatur
2844 2426 3067 2493 missus,
3089 2430 3147 2481 et
3172 2427 3271 2498 qui
3306 2427 3443 2483 salit
3473 2430 3531 2484 in

1877 2508 2055 2563 vitam
2082 2514 2357 2564 {sternam
2382 2511 2559 2579 (Joan.
2585 2514 2683 2579 IV),
2704 2512 2969 2567 tradetur
2985 2515 3357 2587 Assyriorum
3380 2518 3538 2589 prin-

1878 2596 2013 2668 cipi.
2048 2602 2227 2663 Quem
2264 2617 2501 2653 sensum
2534 2600 2723 2671 magis
2765 2600 2824 2655 in
2865 2602 3289 2673 posterioribus
3328 2605 3533 2661 lecturi

1878 2703 2108 2753 sumus,
2135 2688 2306 2759 cujus
2337 2688 2414 2743 sit
2444 2689 2767 2744 tradendus
2797 2691 3069 2761 potestati
3097 2707 3110 2745 :
3147 2692 3286 2763 quia
3316 2693 3374 2747 in
3407 2711 3536 2767 pro-

1879 2774 2128 2829 fundum
2158 2775 2352 2831 veniet
2387 2779 2757 2847 peccatorum
2789 2777 2971 2848 (Prov.
3005 2778 3186 2850 xvm).
3217 2781 3417 2836 Tantae
3443 2787 3535 2838 est

1877 2863 2031 2919 enim
2064 2864 2407 2936 arrogantia:
2440 2868 2505 2920 ut
2536 2881 2717 2920 ausus
2767 2866 2844 2920 sit
2891 2867 3197 2922 ostendere
3246 2868 3532 2925 Salvatori

1879 2951 2147 3007 universa
2180 2970 2357 3025 regna
2386 2955 2575 3021 terrm,
2602 2957 2659 3008 et
2690 2952 2879 3009 dicere
2912 2970 2925 3008 :
2957 2973 2980 3002 α
3015 2955 3144 3010 Hmc
3193 2957 3394 3014 omnia
3424 2958 3530 3014 tibi

1879 3042 2028 3097 dabo
2060 3041 2107 3096 si
2141 3044 2357 3097 cadens
2406 3041 2737 3097 adoraveris
2787 3059 2878 3099 me
2925 3042 3129 3115 (Matth.
3161 3044 3258 3117 Iv).
3289 3068 3310 3096 ο
3346 3046 3529 3103 Cona-
3604 3082 3605 3085 η

1878 3130 2036 3185 bitur
2065 3147 2296 3203 quoque
2325 3128 2625 3197 Judam,id
2658 3135 2747 3185 est
2771 3131 3011 3186 domum
3046 3132 3431 3192 confessionis
3451 3136 3534 3191 in-

1876 3224 2031 3275 trare
2056 3236 2068 3273 :
2093 3223 2148 3275 et
2178 3219 2380 3275 crebro
2411 3236 2515 3293 per
2538 3236 2637 3275 eos
2657 3219 2755 3292 qui
2790 3218 2849 3275 in
2884 3220 3141 3277 Ecclesia
3169 3222 3533 3297 negligentes

1798 3282 1848 3356 (ἶ
1880 3312 2037 3376 sunt,
2064 3326 2249 3380 usque
2282 3310 2353 3364 ad
2396 3282 2612 3365 dolium
2641 3282 2851 3373 veniet,
2876 3311 3179 3367 credentes
3210 3282 3279 3366 iii
3300 3282 3532 3371 dhristo

1880 3398 2123 3471 cupiens
2154 3399 2438 3453 suffocare
2469 3402 2526 3453 et
2563 3399 2872 3454 extendere
2915 3398 3039 3455 alas
3087 3417 3248 3468 suas,
3281 3400 3533 3475 implens

1879 3487 2213 3543 universam
2248 3486 2544 3559 regionem
2577 3486 2979 3543 Emmanuelis
3006 3506 3018 3543 :
3043 3489 3144 3544 sed
3177 3507 3292 3544 non
3324 3490 3537 3563 poterit

1879 3575 2161 3643 obtinere,
2182 3576 2323 3647 quia
2353 3575 2529 3631 habet
2555 3576 2740 3631 Judas
2769 3582 3114 3648 praesentem
3147 3578 3353 3635 Deum.

1955 3688 1975 3713 ι
2007 3664 2478 3737 Congregamini,
2512 3665 2733 3738 populi,
2767 3670 2825 3721 et
2854 3665 3189 3737 vincemini,
3224 3672 3283 3723 et
3311 3670 3533 3739 audite,

1880 3752 2163 3809 universa:
2205 3753 2403 3826 procul
2447 3757 2631 3809 terrae.
2655 3754 3079 3809 Confortamini
3110 3760 3167 3809 et
3197 3756 3533 3825 vincemini,

1878 3834 2163 3913 aceingite
2193 3860 2294 3897 vos
2324 3847 2382 3897 et
2411 3840 2745 3897 vincemini.
2772 3841 2959 3896 Finita
2981 3842 3293 3898 consilium
3324 3849 3383 3898 et
3412 3845 3531 3900 dis-

1877 3929 2187 4002 sipabitur,
2206 3928 2516 4001 loquimini
2538 3929 2779 3984 verbum
2811 3932 2869 3984 et
2898 3947 3014 3985 non
3036 3931 3156 3995 ﬁet,
3181 3930 3320 4001 quia
3340 3931 3533 3989 nobis-

1876 4036 2011 4074 cum
2045 4024 2251 4074 Deus.»
2275 4018 2399 4074 Duo
2424 4034 2560 4089 ergo
2586 4016 2785 4089 populi
2810 4017 3089 4072 Samaria:
3118 4021 3178 4072 et
3208 4018 3407 4090 Syriae,
3440 4020 3527 4075 in-

1876 4108 2077 4162 ﬁrmos
2105 4122 2207 4161 vos
2237 4110 2294 4160 et
2323 4103 2544 4161 debiles
2572 4121 2701 4160 esse
2721 4104 3072 4176 cognoscite,
3096 4109 3154 4160 et
3181 4105 3525 4165 Emmanuel

1874 4199 2157 4269 praesente
2188 4193 2333 4249 nihil
2366 4211 2536 4266 posse
2585 4196 2787 4249 contra
2825 4192 3152 4249 Jerusalem
3174 4195 3379 4250 urbem
3411 4195 3527 4253 Do-

1875 4283 2019 4340 mini
2054 4300 2068 4338 :
2104 4287 2160 4339 et
2188 4283 2296 4339 hoc
2330 4300 2445 4338 non
2509 4281 2701 4338 solum
2732 4299 2834 4339 vos
2866 4282 2967 4355 qui
3019 4281 3195 4339 vicini
3226 4283 3391 4353 estis,
3426 4286 3527 4341 sed

1874 4373 2077 4446 procul
2122 4378 2277 4429 terra
2306 4375 2639 4445 cognoscat.
2674 4372 2950 4439 Quamvis
3004 4371 3161 4429 enim
3210 4373 3525 4430 exercitum

1874 4463 2243 4537 congregatis
2274 4466 2331 4519 et
2357 4461 2678 4534 accingatis
2705 4477 2809 4517 vos
2838 4462 2910 4516 ad
2943 4461 3231 4534 praelium,
3252 4467 3311 4518 et
3340 4464 3529 4535 major

1874 4555 1951 4610 sit
1970 4570 2252 4608 numerus
2273 4550 2669 4607 obsidentium
2692 4567 2867 4622 quam
2893 4550 3304 4606 obsessorum:
3329 4554 3526 4608 tamen

102 4643 442 4712 pturarum,
467 4654 571 4709 per
592 4638 1039 4695 translationem
1062 4640 1215 4697 Siloe
1238 4642 1416 4699 fontis
1437 4643 1765 4705 Jerusalem
1792 4650 1847 4725 ι)
1876 4660 1990 4697 non
2024 4639 2226 4709 semel,
2261 4639 2361 4697 scd
2418 4639 2629 4695 iterum
2662 4638 2853 4694 dicam
2896 4637 3232 4705 νίηοθωίῐιίυ
3253 4643 3312 4695 ει
3342 4640 3526 4711 quod-

100 4732 158 4783 et
187 4726 416 4799 Assyrii
449 4727 711 4784 fluminis
737 4728 1170 4799 violentissimi,
1195 4732 1351 4803 quod
1384 4749 1618 4789 omnem
1648 4740 1762 4792 ter-

99 4834 225 4872 ram
257 4813 437 4872 Israel
462 4815 587 4871 suis
611 4818 858 4873 mundet
888 4819 1079 4889 aquis,
1100 4818 1581 4894 ingrediaturque
1605 4825 1762 4897 ripas

100 4903 270 4971 alvei,
289 4905 571 4974 tantoque
604 4903 823 4961 feratur
851 4904 1097 4978 impetu,
1120 4912 1185 4962 ut
1215 4912 1526 4980 postquam
1559 4913 1761 4970 decem

98 4992 366 5048 tribuum
392 4994 762 5064 occupaverit
793 4998 1029 5062 terram,
1052 4996 1123 5051 ad
1146 4996 1179 5051 J
1188 4997 1361 5052 udam
1388 5001 1685 5070 perveniat
1706 5008 1763 5058 et

100 5079 403 5137 transiens
434 5081 507 5135 ad
539 5081 753 5138 collum
778 5101 966 5155 usque
989 5085 1281 5159 pertingat
1302 5102 1315 5141 :
1336 5104 1440 5158 per
1460 5105 1586 5160 quso
1615 5090 1759 5147 vici-

100 5185 239 5224 nam
273 5167 672 5240 captivitatem
705 5172 1159 5243 signiticat.Non
1194 5174 1350 5229 enim
1384 5179 1523 5231 tunc
1553 5184 1760 5252 captus

100 5262 188 5313 est
207 5257 422 5324 Judas,
439 5259 539 5313 sed
565 5259 794 5315 cunctis
811 5260 1061 5316 duarum
1084 5261 1345 5317 tribuum
1365 5264 1611 5322 urbibus
1634 5269 1767 5324 sub-

91 5345 324 5420 jugatis
351 5344 478 5401 sola
501 5348 785 5404 remansit
803 5349 1286 5423 Jerusalem,qua3
1309 5352 1637 5411 incredibili
1660 5358 1766 5413 Do-

100 5435 247 5491 mini
273 5434 682 5493 misericordia
702 5438 951 5495 liberata
966 5443 1074 5494 est.
1093 5441 1416 5497 Potentiam
1439 5461 1575 5517 ergo
1594 5447 1767 5519 Assy-

100 5524 165 5580 rii
192 5529 253 5581 et
276 5524 735 5582 innumerabilis
756 5528 885 5599 ejus
907 5528 1406 5603 exercitus,quam
1439 5534 1548 5588 sub
1580 5552 1760 5606 aqua-

97 5630 241 5685 qum
275 5612 664 5669 inundatione
691 5615 1084 5688 descripserat
1108 5635 1120 5671 :
1149 5636 1305 5675 nunc
1335 5637 1435 5692 per
1464 5620 1640 5677 aliam
1662 5641 1760 5680 os-

97 5701 290 5759 tendit
310 5700 947 5776 translationem,quod
967 5704 1075 5761 alis
1096 5706 1301 5775 suis,id
1328 5712 1414 5764 est
1437 5709 1685 5767 ducibus
1705 5718 1761 5767 et

1873 4748 2106 4803 cunque
2127 4734 2328 4785 contra
2354 4727 2681 4786 Jerusalem
2714 4726 2965 4783 inieritis
2995 4727 3328 4796 consilium,
3353 4728 3525 4785 dissi-

1873 4819 2127 4894 pabitur.
2150 4819 2471 4874 Possumus
2495 4834 2750 4888 namque
2766 4820 2823 4871 et
2838 4816 2948 4871 hoc
2969 4815 3306 4872 testimonio
3325 4820 3527 4873 contra

1871 4913 2076 4983 ggntes
2105 4907 2267 4964 abuti
2301 4907 2357 4961 in
2392 4904 2815 4977 persecutionis
2842 4905 3293 4977 tempore,quod
3314 4923 3525 4977 quam-

1869 4998 1956 5054 vis
1988 4999 2164 5054 fortes
2194 5014 2323 5052 esse
2349 4994 2658 5051 videantur
2696 4994 2753 5049 in
2797 4992 2889 5049 his
2920 4994 3019 5066 qui
3054 4992 3203 5066 lapsi
3245 4998 3407 5061 sunt,
3439 5000 3524 5049 ta-

1870 5104 2004 5143 men
2036 5086 2350 5141 vincuntur
2379 5084 2436 5139 in
2468 5083 2562 5139 his
2582 5082 2681 5155 qui
2714 5100 2816 5154 pro
2835 5082 3068 5138 Christo
3096 5081 3358 5138 fuderint
3386 5099 3521 5138 san-

1868 5175 2108 5250 guinem
2134 5192 2146 5230 :
2170 5193 2236 5231 eo
2259 5173 2413 5247 quod
2445 5177 2575 5245 post
2596 5171 2749 5227 bella
2778 5187 2888 5243 pax
2929 5171 3205 5226 reddatur
3226 5170 3521 5239 Ecclesiis,

1874 5269 1931 5322 et
1951 5265 2220 5321 universa
2240 5281 2441 5319 eorum
2464 5258 2705 5316 consilia
2723 5262 2925 5314 contra
2945 5258 3386 5315 Emmanuelem
3410 5260 3525 5316 dis-

1873 5355 2160 5428 sipentur,
2195 5352 2334 5425 quia
2362 5348 2671 5407 nobiscum
2705 5352 2797 5403 est
2839 5347 3014 5404 Deus.
3050 5348 3524 5404 Contradicentes

1873 5460 2105 5518 quoque
2134 5439 2363 5497 veritati
2396 5438 2617 5494 utiliter
2650 5435 2910 5502 audient,
2932 5440 2998 5492 ut
3027 5436 3265 5491 tandem
3298 5437 3523 5493 ratione

1872 5534 2240 5605 superentur,
2266 5533 2325 5583 et
2353 5543 2725 5598 nequaquam
2756 5524 2937 5580 velint
2968 5524 3025 5578 in
3058 5524 3367 5582 mendacio
3398 5525 3521 5582 vin-

1871 5641 1998 5680 cere
2024 5640 2036 5677 :
2062 5618 2200 5693 quia
2231 5617 2622 5690 quodcunque
2654 5613 2926 5679 dixerint,
2951 5629 3255 5684 nunquam
3288 5631 3521 5687 perver-

1870 5714 2013 5770 sitas
2045 5708 2166 5766 ulla
2196 5705 2380 5780 possit
2409 5720 2684 5777 superare
2714 5702 2868 5776 quod
2901 5706 3127 5759 rectum
3159 5707 3268 5761 est.
