3960 6406
450 472 569 537 ’167

814 477 1224 540 HAYMONIS
1270 476 1812 539 HALBERSTAT.
1863 426 2107 539 EPIS.C.
2156 478 2329 540 OPP.
2380 479 2580 544 PARS
2626 481 2672 544 Ῑ.
2708 515 2785 527 -
2829 482 3241 546 COMMENT.
3287 485 3490 548 BlBL.

3739 482 3852 545 768

525 640 553 666 ‹‹
578 616 705 671 Ilaec
729 612 884 669 enim
906 612 988 668 ait
1008 610 1293 667 Dominus
1312 610 1383 665 ad
1409 628 1532 666 me:
1557 610 1721 665 Sicut
1742 611 1801 666 in
1824 611 1958 666 forti
1983 628 2099 667 ma~
2127 611 2181 678 Α
2212 615 3117 689 esseventurum,quiabscondit
3134 619 3338 675 faciem
3358 619 3853 676 suamadomoJa-

452 724 530 762 nu
562 702 813 759 erudivit
836 718 950 766 me,
974 717 1046 755 ne
1074 700 1216 755 irem
1239 698 1296 754 in
1321 699 1414 755 via
1438 699 1633 772 populi
1657 700 1837 771 hujus
1860 700 2060 757 dicens
2085 718 2097 757 :

450 795 531 849 Ne
583 791 813 858 dicatis,
874 789 1221 860 conjuratio.
1254 788 1467 843 Omnia
1523 788 1678 844 enim
1737 807 2101 863 qurecunquo

449 881 709 953 loquitur
755 878 1009 952 populus
1040 879 1172 945 iste,
1206 878 1532 950 conjuratio
1577 882 1685 933 est.
1719 880 1790 934 Et
1826 896 2097 950 pavorem

446 972 573 1040 ejus
605 987 678 1025 ne
708 968 986 1032 timeatis,
1020 984 1209 1039 neque
1239 966 1520 1039 paveatis.
1547 967 1861 1023 Dominum
1883 967 2097 1023 exerci-

442 1063 612 1114 tuum
645 1059 839 1131 ipsum
874 1057 1256 1121 sanctificate,
1286 1056 1410 1127 ipse
1442 1074 1620 1127 pavor
1648 1061 1858 1122 vester,
1884 1062 1943 1111 et
1975 1057 2099 1128 ipse

443 1153 629 1204 terror
656 1152 866 1204 vester.
890 1148 960 1201 Et
1001 1146 1112 1202 erit
1150 1145 1315 1201 vobis
1359 1146 1417 1200 in
1453 1147 2003 1217 sanctificationem,
2038 1148 2096 1202 in

441 1239 697 1310 lapidem
756 1241 952 1293 autem
1010 1234 1347 1290 offensionis
1375 1238 1432 1290 et
1461 1235 1520 1289 in
1550 1238 1774 1306 petram
1834 1236 2097 1291 scandali

441 1330 674 1386 duabus
705 1327 983 1384 domibus
1028 1324 1227 1391 Israel,
1260 1324 1318 1377 in
1356 1323 1633 1394 laqueum
1677 1327 1735 1379 et
1770 1324 1828 1378 in
1862 1324 2094 1380 ruinam

440 1419 719 1475 omnibus
759 1415 1165 1472 habitantibus
1212 1413 1555 1469 Jerusalem.
1593 1414 1661 1468 Et
1692 1413 1988 1469 otl'endent
2026 1430 2096 1469 ex

439 1510 525 1564 eis
556 1507 819 1580 plurimi,
842 1511 902 1562 et
930 1506 1139 1560 cadent
1179 1507 1238 1559 et
1268 1506 1644 1559 conterentur
1671 1506 1728 1557 et
1760 1502 2096 1559 irretientur

435 1601 494 1652 et
524 1596 883 1669 capientur.»
911 1596 1040 1650 Haec
1072 1595 1143 1649 ad
1177 1610 1270 1648 me
1302 1593 1533 1647 locutus
1555 1596 1645 1647 est
1666 1592 1966 1659 Dominus,
1991 1593 2091 1664 qui

436 1689 674 1759 propter
702 1686 856 1741 bona
876 1701 1052 1756 opera
1072 1687 1128 1738 et.
1148 1681 1396 1754 gratiam
1420 1698 1597 1753 quam
1622 1699 1725 1753 per
1744 1681 1897 1736 bona
1918 1698 2095 1752 Opera

434 1778 788 1830 consecutus
820 1791 975 1838 sum,
1011 1772 1143 1828 forti
1175 1789 1356 1827 manu
1389 1770 1645 1825 erudivit
1674 1786 1805 1825 me:
1839 1774 1895 1825 et
1922 1768 2091 1825 insti-

432 1864 547 1920 tuit
576 1881 649 1920 ne
681 1862 1045 1918 ambularem
1077 1861 1137 1915 in
1168 1860 1261 1915 via
1292 1858 1491 1931 populi
1524 1858 1727 1930 hujus,
1756 1863 1813 1913 et
1837 1858 1975 1931 pari
2006 1862 2090 1915 te-

2211 704 2338 767 cob,
2363 704 2474 760 hoc
2495 708 2602 773 est,
2628 723 2662 761 a
2681 706 2902 762 Judaeis
2924 706 3063 779 quia
3082 724 3214 763 eum
3244 708 3497 782 recipere
3524 708 3850 765 noluerunt.

2281 815 2309 842 ‹‹
2344 793 2487 850 Ecce
2517 812 2623 867 ego
2654 799 2712 851 et
2742 796 2905 868 pueri
2940 814 3089 869 quos
3121 797 3262 853 mihi
3298 798 3457 854 dedit
3486 798 3768 855 Dominus
3797 798 3853 854 in

2210 882 2380 954 signa
2409 887 2585 961 atque
2606 889 2875 957 portenta
2897 885 3127 942 Israelis
3156 904 3190 942 a
3210 887 3456 943 Domino
3479 887 3853 955 exercituum,

2208 972 2309 1043 qui
2342 972 2569 1028 habitat
2598 974 2657 1029 in
2690 979 2887 1030 monte
2909 975 3101 1030 Sion»
3132 975 3409 1048 Prmcepit
3439 976 3582 1032 mihi
3604 975 3726 1047 (ait)
3749 977 3854 1031 Do-

2209 1062 2429 1129 minus,
2454 1068 2520 1118 ut
2550 1062 2791 1136 ligarem
2824 1063 3229 1120 testimonium
3253 1066 3311 1120 in
3332 1065 3641 1134 Judaeis,et
3672 1066 3855 1139 legem

2208 1150 2517 1223 discipulis
2533 1154 2662 1222 ejus
2679 1154 2966 1209 traderem
2987 1158 3162 1226 atque
3180 1154 3602 1227 signarem,qui
3622 1154 3858 1210 abscon-

2207 1237 2293 1292 dit
2313 1237 2515 1293 faciem
2536 1257 2704 1295 suam
2724 1241 3134 1297 adomoJacob
3150 1258 3162 1295 :
3180 1240 3310 1297 ideo
3330 1242 3708 1315 praestolabor
3723 1259 3852 1298 cum

2205 1332 2263 1382 et
2292 1329 2640 1400 exspectabo
2667 1330 2982 1385 Dominum
3017 1347 3237 1386 meum.
3261 1332 3330 1386 Et
3360 1348 3474 1387 non
3506 1331 3698 1387 solum
3729 1348 3854 1404 ego,

2206 1417 2306 1471 sed
2329 1420 2386 1471 et
2407 1418 2569 1488 pueri
2593 1419 2704 1475 mei
2729 1436 2877 1492 quos
2900 1419 3041 1475 mihi
3067 1419 3227 1475 dedit
3247 1419 3554 1490 Dominus,
3575 1419 3671 1476 alii
3695 1421 3858 1476 scili-

2205 1509 2296 1559 cet
2322 1507 2615 1579 prophetze
2639 1508 2743 1562 filii
2775 1509 3194 1581 prophetarum
3222 1525 3269 1563 τε
3294 1509 3394 1582 qui
3425 1527 3537 1565 non
3567 1527 3635 1566 ex
3652 1510 3855 1566 volun-

2204 1598 2321 1650 tate
2343 1595 2536 1652 carnis
2568 1601 2625 1652 ct
2653 1597 2982 1671 sanguinis,
3010 1599 3110 1653 sed
3141 1616 3209 1653 ex
3240 1599 3356 1654 Deo
3388 1600 3506 1654 nati
3539 1603 3698 1654 sunt.
3730 1624 3751 1648 ι
3780 1599 3859 1655 De

2203 1682 2422 1754 quibus
2451 1688 2508 1740 et
2536 1686 2852 1758 Apostolus
2883 1686 3235 1759 loquebatur
3257 1704 3269 1742 :
3291 1711 3313 1736 α
3344 1686 3529 1743 Filioli
3564 1687 3676 1743 mei
3709 1704 3858 1760 quos

2203 1771 2415 1828 iterum
2448 1774 2729 1846 parturio,
2754 1775 2937 1831 donec
2981 1775 3266 1831 formetur
3295 1775 3561 1833 Christus
3602 1777 3661 1832 in
3691 1778 3858 1832 Vobis

2200 1862 2380 1929 (Joan.
2402 1881 2440 1931 1,
2462 1863 2580 1920 Gal.
2602 1868 2739 1932 1v).»
2764 1864 2865 1920 Isti
2888 1868 3083 1921 autem
3116 1865 3302 1937 pueri,
3327 1864 3385 1921 id
3418 1870 3507 1922 est
3537 1866 3856 1939 prophetae,

432 1971 602 2011 nerer
624 1970 848 2011 errore:
869 1952 956 2008 vel
980 1956 1156 2018 ceste,
1173 1949 1308 2005 fecit
1329 1965 1422 2004 me
1440 1949 1706 2050 recedere
1728 1948 1869 2003 avia
1890 1944 2088 2021 populi
2120 1976 2179 2050 B~
2198 1940 2259 2004 in
2294 1950 2464 2025 signa
2494 1953 2615 2008 dati
2649 1957 2868 2010 suntet
2896 1954 2956 2010 in
2989 1959 3259 2026 portenta
3280 1954 3500 2021 Israeli,
3518 1955 3689 2027 juxta
3710 1955 3858 2011 illud

429 2046 613 2117 hujus
642 2044 920 2118 pessima,
945 2046 1003 2098 et
1029 2041 1175 2097 dixit
1205 2039 1349 2096 mihi
1387 2056 1399 2093 :
1433 2038 1562 2094 Noli
1595 2039 1847 2093 duorum
1882 2055 2086 2109 regum
2120 2038 2167 2050 “’
2198 2041 2354 2112 quod
2400 2041 2459 2096 in
2490 2043 2787 2099 Ezechiele
2832 2043 3085 2116 legimus
3120 2061 3133 2098 :
3164 2066 3193 2094 «
3227 2045 3297 2099 Et
3343 2043 3454 2100 erit
3501 2043 3762 2100 Ezechiel
3800 2045 3856 2099 in

427 2136 635 2193 timere
665 2131 1133 2205 conjurationem
1165 2146 1179 2184 :
1213 2130 1312 2184 sed
1360 2128 1471 2184 hoc
1516 2127 1707 2200 magis
1759 2126 2084 2198 considera,

428 2227 582 2300 quod
596 2240 773 2282 omne
789 2222 946 2295 quod
964 2220 1241 2292 loquatur
1255 2217 1351 2273 hic
1370 2216 1623 2290 populus
1641 2217 1951 2271 adversum
1970 2233 2086 2284 me,

426 2313 759 2386 conjuratio
790 2312 887 2367 sit.
911 2312 1000 2366 Tu
1034 2312 1229 2364 autem
1263 2306 1547 2379 propheta
1573 2310 1633 2361 et
1664 2305 1720 2359 hi
1756 2304 1857 2375 qui
1888 2308 2085 2359 tecum

427 2407 668 2469 sunt,et
685 2401 780 2456 dic
803 2417 817 2455 :
842 2400 925 2455 Ne
944 2396 1200 2453 timeatis
1232 2394 1480 2450 insidias
1510 2393 1733 2465 populi,
1757 2392 1856 2447 sed
1894 2392 2084 2447 Domi-

426 2509 572 2551 num
604 2491 827 2557 timete,
848 2491 905 2543 et
933 2485 1060 2560 ipse
1097 2484 1176 2541 sit
1212 2483 1389 2539 timor
1422 2487 1633 2537 vester.
1665 2503 1691 2534 α
1722 2478 2082 2553 Principium

425 2580 584 2637 enim
609 2575 913 2649 aapientize
934 2574 1113 2629 timor
1131 2569 1361 2628 Domini
1377 2572 1560 2640 (Prov.
1580 2570 1681 2638 1).»
1697 2568 1803 2636 Qui
1830 2568 1939 2625 erit
1960 2586 2083 2624 cre-

424 2667 705 2727 dentibus
727 2665 784 2721 in
808 2657 1686 2726 sanctiﬁcationem,incredulis
1704 2663 1899 2713 autem
1924 2657 1982 2712 in
2007 2657 2085 2713 la-

424 2758 622 2833 pidem
638 2752 980 2813 offensionis
999 2756 1055 2808 et
1074 2751 1134 2806 in
1158 2755 1381 2823 petram
1404 2747 1663 2804 scandali
1684 2747 1834 2820 (Luc.
1855 2747 2082 2819 11),(lua-

424 2851 539 2907 bus
569 2846 795 2904 scilicet
823 2842 1099 2899 domibus
1126 2841 1292 2897 Juda':
1323 2842 1382 2894 et
1418 2837 1767 2905 Jerusalem,
1792 2837 2081 2910 praecipue

422 2942 620 2996 autem
647 2936 708 2992 in
739 2934 1019 3007 laqueum
1049 2935 1106 2987 et
1134 2930 1193 2986 in
1217 2928 1449 2985 ruinam
1480 2925 1887 2983 habitantibus
1917 2926 2082 2981 Jeru-

422 3027 628 3097 salem,
647 3025 709 3081 in
740 3039 858 3097 quo
889 3021 1218 3094 impingent
1261 3016 1500 3091 plurimi
1530 3019 1588 3071 et
1615 3016 1827 3071 cadent
1854 3018 1912 3069 et
1940 3032 2076 3070 con-

421 3120 706 3183 terentur,
728 3116 1218 3187 peccatorumque
1276 3122 1518 3163 suorum
1556 3103 1808 3159 vinculis
1866 3103 2074 3159 irretiti

421 3208 711 3269 ducentur
738 3204 797 3259 in
829 3201 1247 3275 captivitatem.
1269 3198 1351 3253 De
1376 3196 1488 3251 hoc
1516 3195 1642 3250 loco
1673 3196 1728 3249 et
1758 3191 2075 3264 Apostolus

2198 2129 2432 2201 signum
2458 2132 2867 2203 (Ezech.xx1v).
2898 2133 3011 2188 nln
3056 2133 3337 2189 Zacharia
3385 2150 3619 2207 quoque
3666 2134 3856 2189 sancti

2193 2218 2301 2272 viri
2325 2220 2861 2293 prophetarumque
2883 2221 3181 2294 discipuli,
3204 2223 3312 2277 viri
3347 2216 3753 2295 portentorum
3787 2221 3859 2277 si-

2194 2322 2564 2379 gnorumque
2592 2308 2963 2380 appellantur
2986 2326 2998 2363 ε
3024 2325 3091 2364 00
3114 2311 3269 2381 quod
3298 2327 3532 2383 semper
3559 2310 3856 2383 propheta:

2194 2392 2252 2447 in
2267 2394 2500 2466 signum
2516 2396 2922 2468 praecesserint
2938 2396 3417 2453 futurorum.Hoc
3435 2399 3859 2471 interimjuxta

2194 2480 2469 2539 litteram.
2490 2483 2773 2539 Caeterum
2797 2486 3004 2540 beatus
3026 2485 3327 2557 apostolus
3354 2486 3411 2541 in
3440 2486 3703 2558 Epistola
3723 2505 3855 2560 qua

2192 2571 2264 2626 ad
2289 2571 2558 2629 Hebraeos
2580 2573 2860 2629 scribitur
2881 2575 3049 2629 docet
3069 2574 3227 2647 (licet
3251 2573 3458 2629 Latina
3486 2577 3855 2631 consuetudo

2193 2659 2345 2715 inter
2363 2662 2675 2717 canonicas
2698 2662 3020 2735 scripturas
3046 2680 3163 2719 non
3187 2661 3429 2734 recipiat
3449 2662 3559 2721 hoc
3582 2663 3854 2719 testimo-

2192 2748 2381 2818 nium)
2396 2767 2463 2805 ex
2482 2767 2732 2822 persona
2753 2751 2963 2807 debere
2984 2750 3230 2825 intelligi
3255 2750 3488 2807 Domini
3506 2750 3818 2809 salvatoris
3838 2770 3851 2807 :

2189 2839 2333 2894 Ecce
2365 2855 2471 2912 ego
2501 2843 2558 2896 et
2586 2839 2751 2911 pueri
2803 2840 2915 2895 mei
2949 2857 3099 2913 quos
3147 2839 3293 2895 mihi
3345 2838 3510 2896 dedit
3561 2839 3853 2898 Dominus

2190 2926 2362 2983 Deus.
2388 2927 2535 2994 Quia
2563 2945 2699 3001 ergo
2730 2928 2897 3001 pueri
2941 2929 3457 2985 communicarunt
3486 2928 3760 3002 sanguini
3794 2935 3853 2986 et

2187 3015 2347 3072 carni
2370 3017 2522 3086 (Heb.
2546 3020 2632 3087 11),
2658 3022 2717 3073 et
2746 3018 2873 3091 ipse
2904 3017 3177 3073 similiter
3214 3017 3509 3090 particeps
3540 3018 3730 3075 factus
3760 3024 3852 3074 est

2184 3106 2525 3161 earumdem
2548 3105 2912 3177 passionum.
2933 3107 3234 3173 Quomodo
3254 3110 3449 3163 autem
3471 3105 3567 3162 isti
3592 3105 3755 3179 pueri
3780 3106 3839 3162 in

2184 3195 2423 3268 signum
2448 3196 2669 3252 fuerint
2687 3200 2863 3269 atque
2885 3199 3222 3270 portentum
3246 3195 3542 3269 sapientiae
3564 3195 3759 3252 saeculi
3783 3201 3842 3251 et

422 3295 605 3352 sumit
624 3291 1054 3356 testimonium,
1074 3288 1231 3362 quod
1253 3286 1523 3341 Christus
1541 3283 1762 3339 Judaeis
1785 3282 1975 3337 factus
1996 3281 2074 3337 sit
2110 3308 2161 3370 ﬂ;
2180 3285 2471 3357 superbia:
2495 3285 2854 3357 Judazorum,
2873 3286 3027 3341 idem
3062 3285 3367 3358 apostolus
3390 3285 3577 3352 docet,
3598 3283 3698 3356 qui
3731 3283 3841 3340 ele-

420 3385 480 3440 in
503 3381 872 3446 scandalum,
886 3378 1164 3451 gentibus
1183 3373 1460 3430 autemin
1486 3371 1798 3429 stultitiam
1820 3370 2071 3443 (100*.1).
2106 3379 2149 3411 υ
2184 3374 2342 3446 gisse
2370 3374 2513 3430 dicit
2559 3375 2875 3431 Dominum
2907 3375 3267 3432 Salvatorem
3318 3372 3501 3430 stulta
3547 3372 3749 3428 mundi
3784 3378 3841 3429 et

418 3474 491 3528 Et
508 3486 746 3526 rursum
767 3485 780 3522 :
802 3466 978 3523 Israel
999 3460 1605 3532 sectandojustitiam,
1626 3460 1683 3514 in
1701 3458 1889 3531 legem
1901 3459 2075 3530 justi-

417 3559 511 3615 tia:
541 3575 657 3614 non
682 3554 961 3630 pervenit.
981 3553 1210 3619 Quare?
1231 3550 1377 3617 Quia
1397 3567 1512 3605 non
1536 3566 1602 3603 ex
1626 3549 1758 3611 fide.
1776 3548 1875 3603 sed
1902 3548 2073 3619 quasi

418 3663 487 3703 ex
517 3647 794 3719 operibus
823 3642 969 3716 legis
989 3644 1160 3710 (Rom.
1188 3643 1286 3707 1x).
1309 3637 1690 3694 Oti'cnderunt
1719 3636 1873 3691 enim
1908 3636 1967 3690 in
1996 3635 2072 3691 la-

418 3736 612 3810 pidem
632 3732 995 3801 otl'ensionis,
1015 3732 1170 3786 sicut
1188 3728 1477 3800 scriptum
1493 3730 1582 3781 est
1601 3743 1647 3780 ε·
1674 3726 1817 3780 Ecce
1838 3742 1990 3796 pono
2012 3724 2069 3778 in

416 3828 555 3885 Sion
587 3824 866 3898 lapidem,
898 3821 1154 3895 lapidem
1185 3815 1524 3873 offensionis
1553 3818 1609 3870 ct
1641 3818 1864 3887 petram
1896 3831 2071 3869 scan-

415 3917 556 3974 dali.
590 3916 659 3973 Et
688 3914 883 3971 omnis
912 3911 1009 3986 qui
1043 3907 1356 3966 crediderit
1396 3905 1455 3961 in
1496 3922 1652 3972 eum,
1677 3921 1790 3959 non
1824 3903 2069 3958 confun-

415 4005 777 4077 detur.n(lsa.
800 4004 1021 4072 xxvm).
1043 4001 1193 4071 Ergo
1216 3996 1311 4071 qni
1342 4012 1458 4051 non
1480 3997 1822 4065 receperunt
1843 3992 2070 4047 Emma-

414 4095 671 4162 nuelem,
696 4093 797 4149 sed
829 4093 1019 4147 factus
1046 4093 1137 4145 est
1159 4087 1245 4143 eis
1276 4086 1335 4140 in
1366 4084 1621 4157 lapidem
1642 4081 1984 4138 ott‘ensionis
2014 4084 2073 4137 et

415 4188 641 4256 petram
673 4180 958 4248 scandali,
986 4181 1364 4235 conterentur
1400 4171 1729 4246 captivique
1758 4172 2065 4227 ducentur.

492 4291 515 4320 ι
533 4271 675 4342 Liga
690 4263 1489 4337 testimonium,signalegem
1506 4262 1564 4316 in
1579 4259 1885 4333 discipulis
1898 4259 2065 4332 meis;

411 4366 469 4418 et
499 4360 847 4433 exspectabo
879 4356 1191 4413 Dominum
1211 4353 1310 4426 qui
1349 4350 1657 4408 abscondit
1679 4349 1862 4405 facien
1896 4367 2065 4405 suam

412 4470 446 4508 a
474 4453 649 4507 domo
697 4447 899 4513 Jacob,
924 4451 983 4501 et
1011 4443 1390 4517 praestolabor
1436 4458 1591 4496 eum.
1618 4463 1638 4489 ι
1665 4439 1788 4494 Vox
1836 4437 2065 4494 Domini

410 4539 708 4613 loquentis
765 4538 838 4593 ad
898 4535 1267 4609 prophetam.
1300 4531 1446 4598 Quia
1466 4529 1700 4603 (inquit)
1736 4528 1926 4584 factus
1979 4531 2069 4583 est

2184 3462 2441 3532 infirma,
2460 3468 2526 3519 ut
2547 3465 2931 3521 confunderet
2961 3464 3255 3537 sapientes
3286 3468 3344 3519 et
3372 3463 3606 3531 fortiaﬂ
3625 3461 3747 3519 Cor.
3774 3462 3836 3532 1).

2182 3550 2345 3606 Unde
2367 3556 2424 3606 et
2444 3552 2515 3607 ad
2540 3552 2836 3625 apostolos
2858 3551 3121 3609 Salvator
3140 3551 3333 3608 aiebat
3356 3569 3403 3607 τα
3430 3550 3553 3607 Nisi
3573 3550 3835 3607 conversi

2182 3638 2409 3695 fueritis
2429 3642 2486 3696 et
2505 3641 2843 3697 efficiamiui
2868 3643 3022 3697 sicut
3047 3640 3294 3714 parvuli,
3319 3658 3435 3695 non
3457 3639 3752 3695 intrabitis
3777 3640 3834 3693 in

2182 3744 2426 3798 regnum
2460 3730 2794 3785 cmlorum.»
2826 3731 2975 3787 Puer
3004 3735 3201 3787 autem
3231 3729 3484 3789 efﬁcitur
3508 3728 3637 3784 novi
3668 3744 3836 3783 evan-

2180 3816 2315 3889 gelii
2350 3817 2714 3889 praadicator,
2739 3820 2837 3891 qui
2860 3818 3099 3891 deponit
3124 3822 3378 3875 veterem
3412 3817 3709 3872 hominem
3731 3816 3832 3888 qui

2180 3906 2579 3977 corrumpitur
2598 3907 2906 3963 desideriis
2926 3907 3309 3976 seductionis,
3324 3911 3381 3963 et
3401 3904 3667 3961 induitur
3688 3920 3831 3959 novo

2180 3991 2280 4063 qui
2315 3996 2626 4048 renovatur
2655 3994 2725 4048 de
2756 3993 2849 4050 die
2880 3994 2939 4048 in
2972 3994 3150 4063 diem,
3185 3998 3242 4049 et
3270 3994 3443 4065 juxta
3472 3992 3830 4066 agnitionem

2180 4081 2459 4154 imaginis
2492 4082 2770 4139 creatoris
2791 4081 2947 4156 (Eph.
2971 4087 3071 4153 Iv).
3096 4082 3369 4140 Habitare
3399 4087 3595 4143 autem
3628 4079 3830 4137 Domi-

2180 4187 2321 4224 num
2354 4171 2716 4227 exercituum
2767 4172 2824 4227 in
2884 4175 3082 4228 monte
3127 4171 3469 4239 Sion,idem
3530 4168 3831 4242 apostolus

2178 4259 2385 4315 scribit
2418 4277 2430 4315 :
2456 4285 2482 4310 ‹‹
2506 4260 2850 4317 Accessistis
2881 4261 2953 4317 ad
2986 4265 3246 4316 montem
3276 4260 3436 4330 Sion,
3461 4264 3519 4315 et
3538 4259 3827 4315 civitatem

2178 4348 2277 4404 Dei
2309 4350 2578 4416 viventis,
2600 4350 2927 4407 Jerusalem
2951 4350 3245 4407 caelestem
3271 4351 3448 4424 (Hebr.
3473 4349 3595 4422 x11).
3622 4373 3650 4398 ι»

2251 4461 2280 4489 ‹‹
2303 4440 2528 4494 Etcum
2550 4440 2804 4495 dixerint
2827 4440 2899 4495 ad
2920 4458 3053 4495 vos:
3074 4440 3323 4505 Quaerite
3344 4457 3378 4496 a
3400 4438 3754 4512 pythonibus
3775 4442 3831 4494 et

2177 4546 2212 4584 a
2241 4530 2477 4595 divinis,
2500 4529 2600 4602 qui
2633 4528 2892 4585 stridunt
2922 4529 2979 4584 in
3014 4528 3450 4585 incentionibus
3480 4527 3604 4585 suis
3628 4545 3642 4583 :
3666 4527 3826 4585 Nun-

411 4621 1396 4699 Dominusin'lapidemotl‘ensionis
1413 4619 1784 4691 etinpetram
1802 4617 2063 4673 scandali
2158 4619 2318 4691 quid
2352 4636 2467 4674 non
2499 4618 2754 4691 populus
2785 4636 2820 4674 a
2848 4619 2964 4675 Deo
3006 4636 3112 4674 suo
3158 4618 3405 4690 requirit
3449 4634 3553 4691 pro
3595 4617 3741 4671 vivis
3771 4620 3829 4672 et

409 4718 641 4774 duabus
658 4717 934 4772 domibus
962 4712 1225 4781 Israel,et
1251 4712 1501 4766 missum
1524 4709 1595 4763 ad
1631 4724 1693 4762 se
1714 4708 2063 4762 Emmanue-
2096 4707 2462 4781 D‘mortuis?
2480 4708 2566 4762 Ad
2596 4708 2785 4780 legem
2816 4708 3007 4781 magis
3039 4712 3097 4763 et
3126 4708 3201 4763 ad
3232 4706 3652 4763 testimonium.
3678 4705 3747 4761 Et
3778 4706 3826 4761 si

407 4806 518 4863 lem
553 4807 854 4879 suscipere
880 4804 1234 4859 noluerunt:
1261 4799 1380 4873 liga
1410 4796 1817 4854 testimonium
1837 4794 2063 4850 Veteris

407 4896 791 4963 Testamenti,
811 4898 868 4950 et
887 4892 1051 4948 trade
1080 4890 1225 4946 illud
1257 4887 1564 4959 discipulis
1586 4885 1735 4942 meis
1762 4884 1864 4957 qui
1884 4884 2065 4963 Evan-

407 4985 625 5057 gelium
659 4962 1086 5055 susceperunt:
1116 4977 1399 5052 apostolis
1430 4977 1652 5033 scilicet
1681 4974 1800 5031 sive
1829 4962 2063 5046 aposto‘!

406 5070 534 5130 licis
562 5072 832 5128 viris.Vel
857 5074 1013 5128 certe
1042 5068 1135 5124 lex
1162 5071 1220 5124 et
1248 5067 1556 5140 prophetia
1583 5082 1771 5138 usque
1793 5065 1864 5119 ad
1891 5064 2062 5119 Joan-

406 5175 562 5217 nem.
590 5160 830 5233 Legitur
875 5158 1029 5231 apud
1077 5174 1196 5224 eos,
1222 5160 1278 5212 et
1308 5154 1512 5210 clausa
1565 5158 1706 5210 sunt
1751 5152 1905 5225 apud
1960 5168 2059 5206 eos

405 5254 581 5322 atque
603 5249 836 5320 signata
856 5265 868 5302 :
891 5251 955 5301 ut
971 5247 1026 5301 id
1051 5246 1206 5318 quod
1232 5245 1427 5317 legant
1450 5261 1563 5298 non
1582 5242 1935 5314 intelligant.
1952 5241 2089 5296 Pro.

405 5338 715 5410 discipulis
731 5336 888 5390 enim
901 5336 1091 5406 ,juxta
1107 5333 1371 5391 Hebraici
1396 5332 1689 5388 sermonis
1705 5330 2060 5402 ambiguita-

406 5430 609 5496 tatem,
631 5442 950 5498 possumus
966 5429 1022 5479 ct
1040 5422 1339 5480 doctrinas
1362 5421 1722 5492 interpretari
1737 5421 1918 5476 .Unde
1937 5438 2062 5492 pro-

406 5516 581 5585 pheta
598 5512 1065 5585 respondit,quia
1086 5510 1397 5582 Evangelio
1414 5512 1762 5567 succedente
1784 5510 1873 5564 lex
1904 5508 2060 5581 apud

401 5602 639 5657 Judaeos
664 5600 867 5655 clausa
880 5606 969 5656 est
984 5606 1157 5673 atque
1175 5601 1427 5672 signata,
1442 5601 1684 5669 ctjubet
1700 5617 1827 5654 eam
1848 5616 1955 5666 neq
1965 5615 2062 5653 ua-

402 5703 584 5758 quam
616 5687 859 5755 Judmis,
889 5690 988 5743 sed
1021 5689 1317 5759 gentibus,
1355 5687 1666 5758 assignari.
1704 5686 1921 5742 Idcirco
1954 5704 2059 5758 ego

403 5772 753 5845 exspectabo
768 5772 1080 5830 Dominum
1102 5774 1545 5831 Emmanuclem
1567 5793 1740 5847 quem
1763 5774 2061 5846 promittis

2173 4792 2425 4852 dixerint
2464 4798 2638 4868 juxta
2666 4797 2906 4853 verbum
2939 4797 3068 4863 hoc,
3105 4815 3219 4852 non
3251 4796 3335 4852 eis
3384 4795 3495 4851 erit
3540 4794 3827 4851 matutina

2171 4885 2271 4941 lux
2301 4890 2357 4941 et
2386 4886 2662 4942 transibit
2691 4903 2796 4959 per
2836 4904 2966 4942 eam
3001 4903 3013 4942 :
3050 4891 3107 4941 et
3145 4889 3377 4941 corruet
3406 4888 3462 4940 et
3489 4883 3724 4940 esuriet.
3758 4883 3828 4937 Et

2171 4992 2306 5030 cum
2329 4974 2600 5031 esurierit
2620 4975 2904 5031 irascetur
2927 4980 2985 5031 et
3008 4973 3317 5031 maledicet
3339 4973 3454 5047 regi
3479 4989 3608 5037 suo,
3631 4975 3688 5026 et
3708 4971 3823 5026 Deo

2172 5082 2300 5121 suo.
2325 5065 2395 5119 Et
2424 5064 2705 5136 suspiciet
2735 5082 2994 5133 sursum,
3020 5068 3079 5119 et
3108 5064 3178 5119 ad
3210 5068 3425 5119 terram
3458 5060 3817 5118 intuebitur:

2170 5159 2229 5208 et
2249 5171 2381 5209 ecce
2410 5153 2713 5210 tribulatio
2735 5157 2793 5210 et
2822 5154 3095 5220 tenebrm,
3119 5152 3450 5221 dissolutio,
3476 5150 3748 5223 angustia
3768 5152 3823 5204 et

2170 5244 2358 5317 caligo
2374 5260 2761 5314 persequens:
2784 5248 2843 5299 ct
2858 5260 2972 5298 non
2995 5241 3446 5315 poteritavolare
3463 5241 3533 5295 de
3550 5238 3822 5311 angustia

2171 5349 2333 5387 sua.»
2354 5332 2473 5387 Sub
2492 5348 2743 5403 persona
2764 5330 2980 5386 Christi
3003 5336 3091 5385 est
3111 5330 3456 5386 dicendum:
3477 5330 3619 5384 Ecce
3641 5344 3746 5400 ego
3766 5329 3820 5380 et

2171 5421 2332 5492 pueri
2368 5438 2516 5493 quos
2540 5420 2680 5475 mihi
2706 5421 2867 5475 dedit
2890 5420 3195 5475 Dominus.
3220 5420 3408 5475 Etiam
3432 5419 3553 5474 1]ωο
3584 5417 3707 5488 ipse
3739 5415 3815 5468 lo-

2171 5510 2375 5583 quitur
2395 5512 2467 5566 ad
2502 5509 2796 5581 apostolos
2818 5515 2875 5565 et
2897 5510 2967 5564 ad
2991 5511 3294 5565 credentes
3317 5526 3385 5563 ex
3414 5503 3819 5581 gentibus,qui

2171 5600 2299 5671 ejus
2330 5598 2710 5672 Evangelium
2762 5602 3171 5670 susceperunt.
3198 5597 3257 5654 Si
3310 5596 3560 5653 dixerint
3587 5591 3815 5665 (inquit)

2170 5692 2365 5760 patres
2386 5688 2559 5743 vestri
2586 5705 2733 5760 quos
2755 5687 3098 5759 reliquistis,
3127 5686 3375 5753 Quaerite
3402 5683 3814 5755 ventriloquos,

2170 5794 2319 5848 quos
2352 5776 2640 5848 pythones
2669 5775 3056 5848 intelligimus
3083 5774 3242 5847 (nam
3264 5779 3322 5832 et
3340 5774 3400 5831 in
3425 5774 3665 5829 Actibus
3691 5788 3815 5842 apo-
