3960 6374
131 460 256 519 769

1427 463 1838 528 COMMENT.
1881 497 1962 511 —
2001 464 2149 527 LIB.
2195 465 2275 528 II.

3441 482 3561 543 770

134 592 434 649 stolarum
464 594 729 669 (Act.xv1)
759 595 1034 651 ancillam
1069 595 1320 667 legimus
1352 616 1478 671 qua:
1508 605 1800 670 qua-stum
1829 599 1883 665 Α
1914 600 2014 669 qui
2050 600 2521 670 praedicationem
2558 600 2788 658 Domini
2818 606 3177 679 contemptui
3201 607 3557 679 habuerunt,

138 698 430 756 magnum
462 686 780 756 praestabat
810 685 1067 740 dominis
1099 686 1246 757 suis)
1296 692 1353 742 et
1406 689 1505 759 qui
1545 689 1615 743 de
1644 694 1799 743 terra

137 769 596 845 loquuntur,qui
612 774 669 829 in
683 773 1015 829 evocatione
1027 775 1359 830 animarum
1375 778 1597 847 magico
1615 780 1798 831 facere

139 860 517 931 pollicentur,
550 866 609 917 et
640 868 849 917 cmtcra
880 862 1281 919 malelicarum
1316 865 1529 920 artium
1565 883 1796 935 genera,

136 948 248 1004 hoc
267 950 421 1004 scire
435 950 843 1021 debetis,quod
860 969 1011 1023 unaq
1023 970 1221 1024 umque
1234 971 1378 1025 gens
1391 956 1655 1026 preprios
1670 972 1800 1008 eon-

134 1037 300 1094 sulat
332 1040 649 1105 deos,etde
679 1040 1143 1096 vivorumsalute
1158 1049 1420 1097 mortuos
1436 1044 1793 1100 seiscitetur:

136 1126 306 1182 vobis
337 1132 537 1183 autem
568 1128 626 1183 in
660 1129 945 1185 auxilium
976 1129 1162 1201 legem
1196 1131 1354 1185 dedit
1396 1132 1700 1197 Dominus,
1734 1138 1801 1187 ut

138 1216 387 1287 possitis
409 1216 631 1272 dicere:
654 1218 777 1273 Non
809 1222 899 1273 est
933 1218 1065 1274 talis
1096 1220 1462 1276 ethnicorum
1496 1224 1797 1289 divinatio,

137 1305 241 1377 qui
275 1304 538 1360 cultores
571 1323 711 1360 suos
740 1324 844 1378 spe
874 1306 1193 1379 decipiunt,
1226 1310 1381 1365 sicut
1426 1317 1625 1368 nostra
1671 1330 1799 1384 qua:

139 1394 369 1465 absque
387 1393 507 1447 ullo
536 1411 778 1449 munere
809 1397 1101 1467 profertur
1127 1415 1194 1452 ex
1224 1397 1800 1471 lege.Venietautem

139 1497 327 1554 super
346 1481 686 1538 incredulos
709 1484 893 1539 fames
911 1484 1373 1551 durissima,non
1388 1488 1621 1558 panisct
1637 1507 1706 1560 aq
1718 1508 1800 1543 uae

140 1571 331 1627 fames
366 1571 637 1644 sitisque,
669 1573 770 1627 sed
806 1573 988 1629 fames
1020 1574 1295 1629 audiendi
1335 1593 1666 1632 sermonem
1701 1578 1800 1633 Dei

136 1661 326 1728 (Amos
377 1662 523 1732 vni).
557 1663 627 1718 Et
673 1679 809 1718 cum
866 1664 1137 1718 esurietis
1187 1667 1703 1733 contristabimini,
1744 1672 1803 1722 et

141 1748 513 1805 maledicetis
546 1750 793 1825 principi
826 1756 1038 1818 vestro,
1070 1758 1123 1809 el
1164 1755 1422 1825 paternis
1473 1756 1799 1811 traditioni-

139 1837 278 1905 bus,
314 1837 429 1894 hoc
471 1842 583 1905 est,
612 1840 866 1905 diabolo,
899 1841 1281 1914 antiquisque
1330 1844 1651 1899 erroribus.
1685 1845 1801 1900 Hoc

137 1931 345 1982 autem
376 1927 450 1983 ad
480 1944 580 1983 eos
614 1927 877 2001 loquitur
908 1930 1006 2002 qui
1039 1932 1250 1985 famem
1282 1933 1440 2005 passi
1475 1934 1691 1988 fuerint
1717 1951 1801 1988 ve-
1829 1970 1877 2035 Β

141 2015 364 2083 ritatis,
395 2020 453 2071 et
482 2016 809 2090 suspicient
841 2018 897 2073 in
931 2017 1141 2073 malum
1176 2038 1413 2076 sursum
1462 2026 1522 2076 et
1568 2021 1624 2076 in
1680 2028 1797 2077 ter-

140 2119 270 2161 ram
306 2105 585 2161 deorsum
621 2121 635 2160 :
670 2110 729 2161 et
759 2111 933 2162 erunt
964 2106 1023 2163 in
1055 2110 1351 2179 angustia,
1376 2109 1433 2164 in
1466 2110 1721 2166 tenebris
1741 2115 1799 2165 et

140 2192 201 2247 in
237 2192 644 2261 tribulatione,
680 2199 745 2249 ut
776 2212 891 2249 non
924 2195 1159 2251 videant
1192 2214 1378 2269 usque
1421 2200 1493 2253 ad
1542 2203 1795 2272 tempus,

141 2281 331 2337 donec
356 2286 419 2336 et
448 2282 560 2355 ipsi
588 2283 662 2338 ad
686 2282 874 2338 Deum
903 2289 1262 2341 convertant.

789 2426 1022 2483 CAPUT
1062 2427 1150 2485 IX.

218 2571 248 2599 ‹‹
284 2549 479 2606 Primo
504 2555 771 2623 tempore
802 2549 1096 2608 allelviata
1122 2559 1214 2609 est
1244 2560 1400 2610 terra
1428 2557 1710 2623 Zabulon,
1742 2564 1801 2615 et

142 2641 301 2693 terra
313 2638 734 2711 Ncpbtalim,et
747 2641 1065 2697 novissimo
1078 2650 1389 2713 aggravata
1406 2652 1494 2700 est
1511 2648 1601 2702 via
1619 2651 1799 2704 maris

140 2731 309 2782 trans
327 2727 645 2783 Jordanem
661 2730 761 2784 Gal
773 2731 782 2783 i
794 2730 907 2784 lata:
920 2732 1075 2801 genti
1087 2750 1182 2786 um
1195 2777 1204 2786 .
1218 2733 1471 2805 Populus
1484 2737 1581 2807 qui
1598 2739 1801 2793 ambu-

142 2814 308 2871 labat
338 2815 395 2870 in
419 2816 853 2885 tenebris,vidit
874 2819 1060 2875 lucem
1084 2823 1799 2892 magnamJlabitantibus

138 2904 202 2959 in
239 2904 477 2977 regione
504 2906 728 2962 umbra:
756 2908 985 2973 mortis,
1018 2907 1117 2964 lux
1146 2915 1274 2966 orta
1303 2916 1392 2966 est
1418 2913 1524 2967 eis.
1548 2937 1573 2961 ι)
1606 2915 1798 2970 Primo

143 2999 412 3067 tempore
441 2993 739 3051 allelviata
767 3012 895 3052 esse
925 2996 1142 3054 dicitur
1178 3015 1352 3054 onere
1400 3008 1795 3075 peccatorum,

146 3082 361 3155 quiain
376 3082 713 3156 regionibus
727 3084 978 3141 duarum
992 3086 1253 3143 tribuum
1267 3088 1522 3160 primum
1537 3091 1801 3147 Salvator

145 3170 531 3244 Evangelium
548 3173 904 3246 pradicavit.
926 3174 1087 3231 Unde
1108 3180 1167 3232 et
1187 3176 1244 3231 in
1269 3178 1628 3253 sexagesimo
1651 3181 1801 3253 psal-

145 3278 246 3316 mo
263 3261 507 3317 dicitur:
524 3285 550 3312 α
577 3262 906 3321 Benedicitc
928 3264 1173 3320 Domino
1195 3266 1265 3337 de
1287 3250 1548 3323 fontibus
1563 3250 1798 3325 Israel.»

1905 687 1979 740 de
2010 704 2258 758 quorum
2294 688 2563 761 prosapia
2595 689 2703 761 ipsi
2739 692 3025 763 originem
3065 695 3372 765 duxerant,
3405 701 3562 759 sicut

1906 775 2049 829 dicit
2078 776 2327 831 eximius
2359 779 2726 833 doctorumm
2749 780 3021 853 Optarem
3047 788 3104 837 et
3119 801 3224 857 ego
3242 789 3561 847 anathema

1908 881 2033 917 esse.
2054 882 2155 935 pro
2180 866 2456 919 fratribus
2482 867 2762 940 meis,qui
2787 874 2927 924 sunt
2952 870 3220 926 lsraelitm
3239 876 3558 950 (Ilom.lx).»

1983 976 2007 1000 α
2045 954 2417 1008 [λίνιειιωηιιιιπ
2447 973 2641 1010 coram
2679 962 2797 1011 te.»
2829 960 3257 1031 Apostropbam
3282 964 3560 1037 facitpro-

1909 1041 2085 1112 pheta
2114 1043 2183 1095 ad
2209 1043 2507 1114 apostolos
2535 1044 2746 1100 Christi
2777 1045 3011 1102 dicens:
3045 1052 3088 1103 Ο
3121 1050 3362 1107 Domine
3392 1054 3555 1122 Jesu,

1908 1128 2268 1185 laetabuntur
2288 1131 2536 1203 apostoli
2573 1133 2654 1187 tui
2690 1150 2886 1189 coram
2920 1139 2995 1203 te,
3020 1160 3046 1185 ‹‹
3082 1138 3235 1193 sicut
3265 1141 3560 1199 exsultant

1911 1233 2199 1272 messores
2227 1218 2281 1271 in
2316 1226 2581 1288 segete.»
2618 1221 2864 1277 Messem
2899 1223 3153 1295 appellat
3181 1233 3560 1299 gentes,mes-

1909 1322 2071 1359 sores
2104 1311 2297 1361 autem
2334 1309 2602 1379 populos,
2637 1309 2789 1363 sicut
2822 1311 2943 1382 ipse
2976 1313 3259 1369 Dominus
3302 1319 3557 1390 quodam

1910 1391 2035 1447 loco
2067 1394 2209 1448 dicit
2240 1412 2253 1449 :
2291 1418 2319 1444 ι(
2354 1396 2561 1451 Messis
2592 1397 2829 1468 quidem
2865 1400 3333 1474 multa,operarii
3363 1412 3558 1463 autem

1911 1482 2079 1553 pauci
2111 1483 2317 1551 (ΜιιιιΙι.
2352 1502 2429 1549 Ix,
2468 1487 2593 1541 Luc.
2629 1490 2767 1555 xvi),
2802 1510 2829 1537 »ι
2862 1493 2922 1543 et
2952 1495 3179 1547 caetera.

1983 1595 2007 1619 «ι
2028 1571 2189 1626 Sicut
2204 1572 2499 1629 exsultant
2518 1575 2785 1639 victores,
2802 1576 3130 1634 dividentes
3141 1581 3348 1654 spolia.
3366 1608 3394 1632 ››
3414 1586 3562 1658 Spo-

1910 1657 1988 1713 lia
2008 1660 2254 1730 pluralis
2278 1680 2559 1716 numerus
2582 1668 2693 1727 est,
2720 1664 2857 1719 facit
2877 1665 2937 1720 in
2958 1667 3245 1740 singulari
3262 1670 3419 1728 bunc
3436 1657 3564 1746 spo-

1910 1745 2055 1801 lium
2085 1747 2173 1801 vel
2213 1748 2320 1803 hoc
2358 1749 2636 1821 spolium.
2661 1750 2922 1808 Victores
2956 1755 3213 1826 appellat
3241 1745 3558 1832 apostolos.

1908 1835 2008 1907 qui
2042 1836 2306 1892 vicerunt
2355 1842 2719 1894 tentamcnta
2756 1841 2973 1907 carnis,
3008 1848 3064 1898 et
3113 1845 3308 1916 ipsum
3356 1847 3557 1904 diabo-

1908 1922 2055 1978 lum.
2077 1924 2274 1995 Spolia
2302 1931 2498 1981 autem
2532 1925 2935 2000 bomines,qui
2967 1932 3177 2003 captivi
3211 1934 3561 1992 tenebantur

1908 2012 1979 2067 ab
2029 2012 2149 2068 illo.
2185 2013 2318 2068 Ideo
2366 2018 2563 2071 autem
2613 2015 2755 2071 dicit
2785 2017 3034 2073 victores
3065 2021 3386 2093 apostolos,
3418 2025 3560 2097 quia

1907 2100 2276 2190 abstplerunt
2305 2102 2492 2173 spolia
2522 2121 2632 2159 sua
2662 2103 2988 2172 diabolo,id
3023 2112 3133 2174 est,
3149 2126 3336 2181 genus
3353 2112 3559 2170 buma-

1908 2189 2219 2261 numquod
2234 2189 2248 2243 i
2256 2208 2357 2262 pse
2374 2191 2783 2262 captivavcrat,
2798 2197 2855 2247 et
2872 2194 3408 2255 reddideruntillud
3424 2206 3557 2257 Deo.

1982 2301 2007 2327 ‹‹
2022 2277 2240 2349 Jugum
2255 2284 2311 2332 et
2332 2278 2576 2349 virgam,
2593 2301 2619 2328 »
2646 2280 2887 2350 diaboli,
2903 2282 2958 2336 id
2980 2285 3561 2351 est,d0minationem

1906 2371 1963 2420 et
1986 2372 2394 2437 potestatem.«
2414 2369 2482 2422 Et
2496 2373 2795 2440 sceptrum
2811 2411 2824 2436 ,
2836 2393 2862 2418 ››
2877 2370 2933 2424 id
2948 2372 3561 2450 est,imperium,quod

1908 2472 2011 2527 per
2025 2455 2360 2511 universum
2375 2457 2575 2512 orbem
2592 2459 2877 2515 tenebatzu
2904 2463 3253 2533 superasti,»
3268 2481 3301 2519 o
3320 2465 3564 2533 Dmnine

1908 2484 2011 2527 μυι-
2026 2484 2360 2511 universqu
2375 2484 2575 2512 urumu
2595 2484 2877 2515 tuuuuutw
2904 2484 3253 2533 superusu,»
3268 2484 3301 2519 0
3320 2484 3363 2520 υ
3470 2484 3561 2523 me

1908 2544 2274 2599 Emmanuel.
2301 2546 2670 2619 Apostropha
2693 2553 2785 2603 est
2817 2549 2889 2604 ad
2927 2548 3222 2607 Chrisz
3252 2484 3561 2623 magiis,

1907 2631 1965 2685 id
1983 2637 2092 2698 est,
2111 2633 2420 2703 exigentis.
2447 2634 2593 2689 Nam
2619 2641 2851 2692 exactor
2869 2640 3103 2710 proprie
3132 2646 3242 2708 est,
3266 2644 3367 2714 qui
3387 2644 3564 2718 exigit

1906 2720 1992 2776 vel
2025 2720 2179 2791 cogit
2210 2722 2448 2776 reddere
2480 2722 2699 2778 tributa
2731 2725 2888 2796 regia
2918 2727 3186 2799 populos.
3207 2730 3275 2785 Et
3290 2731 3563 2788 diabolus

1907 2814 2137 2863 evaetor
2182 2813 2326 2873 erat,
2352 2810 2453 2880 qui
2488 2811 2734 2881 cogebat
2767 2814 3104 2870 universum
3152 2818 3353 2875 orbem
3385 2837 3558 2877 suam

1908 2899 2095 2952 facere
2109 2896 2524 2953 voluntatem.«
2542 2900 2707 2954 Sicut
2724 2900 2778 2954 in
2794 2901 2885 2957 die
2904 2900 3194 2958 Madian.»
3210 2906 3559 2979 Legimusin

1907 2983 2057 3039 libro
2086 2984 2384 3053 Judicum,
2419 2986 2573 3057 quod
2608 2986 2941 3043 Madianita:
2974 2994 3234 3063 tempore
3257 2996 3470 3052 messis
3500 3002 3560 3055 et

1906 3072 2232 3139 vindemiae,
2264 3072 2572 3129 veniebant
2612 3075 2671 3129 in
2722 3081 2935 3133 terram
2986 3082 3463 3152 repromissionis
3496 3091 3555 3141 et

1902 3161 2258 3233 colligebant
2281 3162 2507 3218 fructus
2530 3166 2714 3232 terrae,
2729 3168 2787 3219 et
2806 3168 3264 3225 revertebantur.
3285 3172 3398 3227 Sed
3417 3189 3554 3230 cum

1909 3267 2060 3323 szepe
2083 3251 2189 3305 hoc
2209 3250 2482 3322 facerent,
2498 3251 2717 3309 missus
2740 3258 2827 3308 est
2844 3254 3090 3327 angelus
3110 3258 3341 3315 Domini
3360 3263 3431 3317 ad
3451 3263 3558 3318 Ge-

146 3349 233 3405 lbi
259 3350 563 3422 Benjamin
584 3351 1101 3419 adolescentior’id
1134 3359 1225 3410 est
1254 3354 1470 3411 paulus
1492 3357 1549 3411 in
1583 3360 1799 3414 mentis
1826 3338 1871 3404 C
1912 3339 2296 3405 deon,dicens
2337 3339 2534 3412 (ludia.
2558 3343 2635 3413 vr)
2662 3359 2673 3395 ε
2700 3342 2888 3410 Salve,
2924 3344 3181 3403 virorum
3212 3348 3551 3407 fortissime.

136 3455 412 3505 excessu,
425 3438 524 3514 qui
542 3442 606 3495 et
629 3438 769 3495 alibi
792 3439 1168 3514 loquebatur:
1190 3466 1216 3492 ιι
1234 3444 1365 3498 Sive
1378 3449 1569 3500 mente
1582 3447 1801 3502 excedi-

144 3545 281 3585 mus
311 3532 426 3585 Deo
459 3527 533 3596 (II
571 3527 692 3584 Cor.
728 3530 805 3601 v).
852 3552 879 3578 ››
912 3529 1185 3604 Princeps
1213 3532 1493 3599 Zabulon,
1528 3534 1800 3608 princeps

142 3615 502 3688 Nepbtalim,
534 3617 715 3674 duces
744 3619 1095 3686 corum.Qui
1129 3620 1188 3676 in
1218 3620 1311 3675 his
1343 3621 1618 3678 tribubus
1640 3625 1799 3681 fuere

142 3706 342 3773 viculi,
375 3707 448 3762 de
478 3706 694 3780 quibus
729 3708 913 3763 nostri
963 3708 1207 3782 apostoli
1239 3710 1419 3767 duces
1457 3712 1713 3781 fuerunt,
1743 3720 1801 3770 et

139 3796 523 3851 crediderunt
544 3796 716 3867 juxta
738 3797 1116 3869 Symmacum
1136 3796 1412 3854 velociter
1440 3801 1746 3859 audientes
1766 3821 1800 3859 a

142 3882 394 3940 Domine
418 3900 433 3940 :
459 3907 487 3934 ‹‹
520 3883 723 3939 Venite
754 3890 887 3957 post
916 3901 1032 3950 me,
1055 3890 1113 3940 et
1142 3886 1353 3943 faciam
1386 3906 1487 3945 vos
1517 3891 1641 3945 fieri
1673 3892 1796 3963 pis-

134 3975 373 4028 catores
401 3971 712 4029 hominum
744 3973 951 4046 (Matth.
985 3975 1083 4045 ιν).
1121 3996 1149 4023 ι)
1195 3974 1281 4031 Illi
1327 3994 1461 4033 vero
1512 3978 1710 4034 statim
1741 3985 1799 4035 et

140 4064 373 4133 patrem
404 4060 770 4135 reliquerunt
798 4067 855 4118 et
884 4062 1235 4119 naviculam.
1253 4064 1579 4122 Novissime
1598 4073 1795 4123 autem

138 4153 407 4221 tempore
426 4154 741 4223 aggravata
758 4154 847 4206 est
869 4151 1363 4208 ﬁdesJudaz-orum
1388 4153 1444 4207 in
1463 4169 1655 4210 errore
1672 4155 1798 4228 plu-

140 4237 310 4294 rimis
342 4238 739 4297 manentibus.
774 4239 932 4294 Mare
961 4244 1161 4295 autem
1194 4239 1289 4296 hic
1320 4240 1515 4298 lacum
1539 4243 1797 4315 appellat

138 4326 523 4393 Genesareth,
554 4327 658 4399 qui
705 4328 962 4386 Jordane
1007 4328 1380 4386 interﬂuente
1429 4332 1705 4401 efﬁcitur,
1736 4333 1795 4389 in

139 4416 315 4487 cujus
347 4414 540 4472 littore
569 4416 1445 4492 Capbarnaum,et'l‘iberias,et
1461 4420 1794 4489 Bethsaida,

137 4508 199 4559 et
229 4503 530 4561 Commim
559 4504 685 4561 sita:
724 4510 884 4572 sunt,
920 4505 980 4560 in
1012 4523 1129 4578 qua
1157 4506 1243 4563 vel
1278 4508 1531 4564 maxime
1562 4509 1796 4583 regione

140 4590 430 4649 Dominus
454 4597 858 4650 commoratus
887 4598 977 4649 est
1006 4610 1018 4649 :
1052 4594 1137 4649 ita
1184 4598 1250 4651 ut
1280 4595 1534 4668 populus
1565 4599 1666 4669 qui
1699 4617 1790 4655 sc-

1910 3430 1979 3484 Et
2010 3428 2107 3483 ille
2140 3446 2153 3485 :
2190 3428 2296 3485 Ubi
2330 3434 2488 3497 sunt,
2521 3429 2734 3503 inquit,
2768 3433 2939 3506 signa
2983 3439 3043 3490 et
3088 3438 3394 3507 miracula,
3427 3458 3555 3514 qua:

1909 3519 2165 3573 ostendit
2184 3518 2471 3575 Dominus
2493 3521 2565 3575 ad
2588 3526 2782 3593 patres
2807 3528 3058 3596 nostros,
3078 3529 3317 3598 quando
3332 3531 3553 3603 egressi

1908 3614 2133 3664 suntex
2150 3608 2390 3681 .Egypto
2404 3609 2461 3663 in
2476 3627 2655 3666 manu
2674 3612 2847 3669 forti?
2869 3614 2938 3669 Et
2953 3614 3383 3691 dixitangelus:
3414 3620 3478 3675 ln
3492 3638 3559 3676 ea

1906 3698 2250 3753 fortitudine
2273 3700 2436 3770 vade,
2450 3703 2509 3756 et
2530 3699 2586 3754 in
2609 3701 2881 3758 trecentis
2902 3702 3042 3759 viris
3060 3703 3340 3762 liberabis
3356 3708 3554 3766 Israel.

1908 3788 2069 3853 Quod
2110 3793 2167 3842 et
2199 3787 2437 3844 fecit.Et
2456 3787 2678 3860 eligens
2722 3795 3012 3847 trecentos
3055 3793 3209 3851 viros
3258 3812 3326 3851 ex
3355 3796 3554 3862 Israel,

1908 3876 2010 3933 tali
2044 3878 2219 3931 modo
2240 3877 2393 3932 sicut
2412 3878 2472 3932 in
2497 3877 2744 3934 historia
2764 3879 3034 3945 habetur,
3048 3883 3557 3954 praecepitunicui-

1907 3981 2019 4036 que
2051 3970 2249 4020 tenere
2280 3966 2338 4019 in
2372 3981 2549 4019 manu
2582 3964 2852 4037 lagenam
2885 3971 2943 4020 et
2972 3966 3133 4023 intus
3163 3969 3383 4038 lumen,
3405 3976 3464 4027 et
3492 3973 3553 4027 in

1906 4053 2088 4109 altera
2117 4054 2341 4110 tubam.
2361 4053 2895 4126 Clangentibusque
2918 4054 3015 4109 ille
3041 4056 3236 4125 tubas,
3268 4063 3325 4114 et
3353 4058 3551 4116 lumen

1906 4142 2243 4199 tenentibus
2265 4145 2393 4215 jam
2422 4143 2734 4199 eont‘raetis
2766 4142 3011 4215 lageuis,
3028 4148 3415 4203 conturbatus
3439 4149 3555 4207 Ma-

1906 4229 2264 4286 dianitarum
2291 4231 2600 4300 exercitus,
2634 4237 2691 4288 et
2721 4232 2835 4305 ipsi
2866 4234 3215 4307 semetipsos
3244 4235 3551 4295 interfece-

1906 4324 2059 4377 runt.
2097 4320 2384 4393 Potitique
2415 4326 2555 4376 sunt
2584 4322 2825 4378 victoria
2854 4323 2911 4378 in
2945 4324 3039 4380 die
3068 4324 3171 4381 illa
3197 4325 3402 4393 Judmi,
3423 4326 3550 4383 sine

1906 4411 2189 4466 effusione
2221 4410 2528 4483 sanguinis
2558 4428 2823 4469 suorum.
2854 4414 2923 4469 Et
2955 4412 3064 4470 hoc
3114 4415 3257 4471 dicit
3301 4415 3551 4487 prophe-

1905 4504 1966 4556 ta
1996 4516 2010 4557 :
2044 4499 2191 4566 Quia
2219 4500 2373 4556 sicut
2404 4499 2504 4556 illa
2531 4502 2772 4557 victoria
2800 4507 2890 4558 est
2916 4503 3045 4559 sine
3093 4504 3222 4560 fuso
3269 4505 3554 4578 sanguine

1905 4608 1975 4647 ex
2006 4590 2404 4646 Israelitarum
2433 4589 2672 4663 populo,
2706 4591 2791 4646 sic
2824 4591 2977 4647 Deus
3024 4592 3398 4665 omnipotens
3444 4594 3555 4651 vic-

135 4680 319 4736 debat
346 4679 433 4737 vel
462 4681 809 4743 ambulabat
839 4683 897 4737 in
919 4682 1176 4738 tenebris
1206 4682 1397 4740 lucem
1426 4685 1664 4756 videret,
1699 4705 1803 4743 ne-
1830 4707 1877 4772 Ι)
1908 4679 2121 4772 teriam
2151 4679 2316 4772 dedit
2342 4679 2467 4772 suis
2515 4679 2734 4772 electis,
2766 4681 3005 4772 vincens
3036 4681 3338 4772 diabolum
3378 4687 3435 4738 et
3460 4700 3553 4741 re-

132 4786 441 4844 quaquam
492 4786 730 4843 parvam
782 4776 849 4826 ut
896 4770 1144 4827 aliorum
1199 4773 1642 4845 prophetarum,
1694 4779 1795 4833 sed

132 4876 417 4931 magnam
438 4863 502 4914 ut
530 4860 660 4930 ejus
678 4859 779 4932 qui
801 4860 861 4916 in
883 4860 1192 4934 Evangelio
1216 4862 1500 4935 legiturzu
1522 4866 1640 4937 Ego
1660 4885 1791 4922 sum

131 4947 235 5005 lux
268 4947 477 5004 mundi
508 4949 686 5019 (Joan.
727 4952 876 5018 vui.)
921 4973 947 4998 ι»
980 4951 1050 5004 Et
1096 4949 1197 5022 qui
1232 4950 1580 5007 habitabant
1610 4954 1669 5009 in
1706 4972 1792 5011 re—

131 5037 309 5110 gione
339 5037 562 5093 umbra:
594 5038 938 5105 mortis,lux
959 5044 1087 5095 orta
1115 5045 1205 5095 est
1234 5041 1339 5097 eis.
1360 5042 1513 5096 Inter
1544 5048 1793 5099 mortem

126 5132 193 5183 et
221 5126 499 5182 umbram
531 5127 737 5183 mortis
753 5127 864 5183 hoc
891 5144 1019 5183 esse
1047 5133 1210 5201 puto,
1230 5130 1386 5202 quod
1408 5147 1567 5187 mors
1588 5148 1790 5188 eorum

126 5221 246 5281 est,
262 5215 364 5286 qui
386 5232 522 5271 cum
544 5216 823 5288 operibus
846 5217 1054 5272 mortis
1068 5218 1140 5272 ad
1158 5217 1377 5273 inferos
1387 5226 1789 5290 perrexerunt.

128 5328 157 5355 α
180 5305 403 5361 Anima
422 5304 580 5362 enim
602 5322 730 5378 qua:
754 5306 1097 5378 peccaverit,
1121 5306 1251 5380 ipsa
1274 5307 1556 5363 morietur
1576 5310 1788 5382 (Ezech.

126 5396 320 5463 xvm).
339 5416 368 5445 υ
393 5392 615 5451 Umbra
642 5399 840 5451 autem
872 5395 1078 5451 mortis
1109 5412 1335 5464 eorum,
1357 5395 1459 5467 qui
1498 5414 1633 5453 cum
1667 5415 1795 5471 pec-

128 5486 270 5539 cant
282 5482 542 5541 necdum
559 5483 759 5539 devita
775 5483 892 5538 ista
904 5484 1124 5556 egressi
1142 5486 1727 5557 sunt,possuntenim
1741 5486 1791 5541 si

126 5570 609 5643 volueriutagere
618 5572 1351 5643 pmnitentiamQuialicet
1364 5572 1548 5628 sancti
1564 5579 1791 5645 aposto-

120 5659 169 5715 li
180 5661 513 5735 gauderent
526 5660 985 5719 deconversione
996 5660 1259 5732 gentium
1274 5661 1347 5716 ad
1363 5660 1535 5715 fidem
1550 5662 1786 5730 Christi,

1907 4770 2152 4824 trudens
2202 4769 2260 4824 in
2303 4768 2622 4836 infernum,
2655 4770 2773 4826 sive
2818 4770 3259 4828 multitudinem
3304 4773 3552 4847 populo«

1903 4876 2036 4914 rum
2067 4858 2126 4913 in
2163 4858 2385 4915 bellum
2416 4859 2908 4916 concertantium.

1973 4971 2001 4998 ‹‹
2029 4948 2175 5013 Quia
2196 4947 2388 5003 omnis
2408 4948 2664 5004 violenta
2684 4949 2959 5021 praedatio
2982 4967 3116 5005 eum
3134 4951 3447 5007 tumultu.»
3473 4953 3553 5008 De

1903 5037 2030 5109 ipso
2063 5036 2295 5092 diabolo
2321 5036 2600 5109 loquitur.
2618 5039 2686 5093 Et.
2714 5042 2804 5093 est
2834 5055 3074 5095 sensus:
3102 5040 3320 5114 Spolia,
3352 5041 3412 5095 id
3441 5047 3550 5108 est,

1902 5125 2228 5182 humanum
2260 5142 2467 5199 genus,
2501 5127 2657 5198 quod
2703 5126 2974 5184 diabolus
3006 5129 3375 5201 deprazdatus
3404 5134 3549 5197 erat,

1901 5233 2039 5270 cum
2070 5216 2294 5271 venerit
2321 5216 2495 5271 Jesus
2522 5214 2787 5271 Salvator
2806 5218 3194 5288 ejus,auferet
3209 5218 3399 5273 abillo
3415 5235 3550 5284 cum

1901 5304 1952 5359 vi
1988 5309 2046 5359 et
2076 5321 2211 5361 cum
2244 5303 2521 5359 violentia
2554 5320 2566 5358 :
2602 5308 2659 5359 et
2690 5305 2884 5360 mittet
2932 5304 3123 5373 illum,
3153 5305 3243 5361 vel
3295 5306 3554 5363 includet

1902 5410 2037 5448 cum
2070 5392 2351 5457 tumultu,
2370 5392 2424 5447 id
2460 5397 2569 5458 est,
2588 5409 2722 5447 cum
2748 5410 2960 5466 magno
2983 5394 3178 5450 sonitu
3206 5395 3264 5449 in
3289 5395 3548 5452 inferno:

1900 5482 2054 5537 sicut
2083 5481 2223 5536 dicit
2256 5481 2568 5536 Psalmista
2605 5482 2831 5553 (Psalm.
2867 5486 2964 5551 ιχ),
3000 5488 3120 5538 tam
3166 5484 3237 5540 de
3289 5486 3550 5556 reprobis

1899 5588 2081 5644 quam
2112 5570 2181 5625 de
2197 5569 2455 5624 diabolo:
2479 5569 2654 5625 Periit
2670 5570 3164 5628 memoriaeorum
3179 5591 3312 5629 cum
3328 5574 3548 5632 sonitu.

1971 5684 1999 5711 ‹‹
2014 5658 2511 5715 Etvcstimentum
2530 5658 2781 5716 mixtum
2803 5660 3110 5733 sanguine.
3132 5684 3160 5713 υ
3183 5664 3331 5729 Quid
3347 5681 3553 5736 perve-

118 5754 331 5811 ζωαὶ
351 5765 711 5824 magnopere
730 5750 1085 5808 tenebantur
1100 5767 1208 5825 pro
1232 5748 1552 5808 Israelitico
1570 5751 1786 5827 populo
1896 5750 2245 5810 stimentum
2275 5746 2390 5805 nisi
2421 5746 2743 5818 diabolum,
2757 5749 2859 5826 qui
2889 5748 3100 5826 plenus
3121 5756 3248 5811 erat
3261 5752 3550 5830 sanguine
