3960 6382
412 474 417 479 ’
445 471 558 544 7⁵11

814 483 1224 549 HAYMONIS
1271 483 1811 547 HALBERS’I‘AT.
1860 483 2105 547 EPlSC.
2155 485 2329 545 OPP.
2381 484 2581 546 PARS
2626 486 2679 550 Ι.
2720 517 2800 529 -
2843 481 3252 547 COMMENT.
3300 481 3498 544 BIBL.

3748 481 3856 543 ’172

447 616 782 688 hominum,
815 620 1159 689 perpetrans
1192 616 1381 673 multa
1434 616 1757 675 homicidia
1805 618 1865 674 in
1917 618 2103 674 orbe?
2130 621 2184 686 Α
2214 617 2423 673 cecidit
2455 617 2512 672 in
2549 616 2752 683 Israel,
2788 617 2844 672 id
2873 619 2983 683 est,
3017 617 3075 671 in
3109 614 3325 689 populo
3371 613 3596 688 gentili.
3628 613 3746 669 Hoc
3776 618 3859 670 est

446 704 769 760 Possumus
799 704 977 761 etiam
1012 722 1117 778 per
1143 707 1561 762 vestimentum
1593 724 1802 763 omnes
1845 707 2099 763 homici-

444 794 550 849 das
584 792 930 866 intelligere,
965 794 1181 866 quibus
1213 798 1338 851 erat
1384 796 1657 853 diabolus
1707 797 1874 870 quasi
1923 797 2100 853 vesti-

445 884 642 936 mento
673 881 1174 951 circumdatus,et
1206 902 1458 957 quorum
1482 904 1698 942 manus
1729 886 1913 959 plenae
1934 890 2101 942 erant

442 970 750 1043 sanguine.
785 973 946 1039 Quod
997 978 1195 1029 autem
1248 975 1410 1043 dicit,
1446 1000 1473 1025 ‹‹
1521 977 1580 1031 in
1631 975 2097 1032 combustionem

440 1059 572 1124 erit,
603 1063 661 1115 et
689 1060 857 1116 cibus
889 1060 1065 1135 ignis,
1099 1086 1126 1112 »
1160 1064 1269 1119 hoc
1313 1069 1405 1119 cst
1455 1064 1594 1137 quia
1640 1065 1912 1120 diabolus
1963 1082 2098 1119 cum

439 1148 567 1203 suis
598 1148 1000 1206 imitatoribus
1031 1157 1089 1207 et
1120 1153 1474 1225 sequacibus
1507 1154 1627 1227 igni
1660 1158 1942 1228 perpetuo
1980 1159 2098 1209 tra-

439 1236 600 1293 ditus
627 1243 717 1295 est
745 1239 805 1294 in
837 1239 1059 1307 cibum,
1094 1241 1267 1297 sicuti
1298 1242 1462 1316 ligna
1491 1242 1813 1298 traduntur
1843 1242 1988 1299 foco.

512 1350 540 1376 «
561 1326 848 1385 Parvulus
862 1329 1021 1385 enim
1035 1334 1211 1386 natus
1224 1335 1313 1386 est
1326 1330 1512 1388 nobis.
1536 1354 1563 1381 ››
1582 1332 1695 1387 Iste
1717 1335 1806 1387 est
1821 1330 2099 1405 parvulus

439 1416 813 1483 Emmanuel,
830 1417 930 1489 qui
962 1421 1138 1475 natus
1160 1423 1339 1475 estex
1360 1419 1606 1493 virgine,
1630 1423 1687 1476 et
1720 1419 2009 1476 habitavit
2036 1420 2096 1475 in

439 1504 639 1562 nobis:
660 1506 760 1578 qui
786 1508 1116 1563 secundum
1130 1508 1560 1565 humanitatem
1579 1528 1793 1582 parvus
1808 1510 1971 1566 visus
1986 1514 2095 1577 est,

436 1598 495 1651 et
513 1597 841 1652 secundum
864 1596 1227 1653 divinitatem
1242 1615 1421 1673 super
1431 1615 1636 1654 omnes
1654 1602 1803 1655 est.«
1819 1598 1891 1654 Et
1907 1599 2098 1654 factus

436 1687 522 1739 est
535 1683 903 1757 principatus
914 1686 964 1758 ej
976 1686 1169 1743 us.»ld
1188 1691 1275 1742 est
1288 1686 1577 1759 parvulizu
1590 1705 1658 1743 su
1668 1687 2097 1759 perlhumerum

435 1772 628 1844 ejus.»
654 1774 844 1846 Super
864 1774 1180 1830 humerum
1204 1776 1455 1849 portavit
1476 1794 1651 1833 suum
1674 1776 2094 1849 principatum,

435 1860 577 1933 quia
606 1878 843 1917 crucem
876 1862 1170 1935 passionis
1204 1882 1323 1920 suae
1373 1864 1502 1939 ipse
1552 1866 1824 1939 portavit,
1858 1866 2096 1937 quando

433 1950 764 2006 ducebatur
783 1952 856 2007 ad
878 1952 1783 2028 crucifigendum.Propterquod
1806 1953 2097 2026 sicutipse

433 2038 606 2096 dixit:
634 2063 661 2090 «
690 2040 837 2097 Data
865 2045 955 2098 est
986 2041 1130 2097 mihi
1160 2041 1355 2098 omnis
1386 2046 1646 2116 potestas
1684 2043 1742 2099 in
1777 2042 1919 2097 cmlo
1950 2047 2008 2097 et
2033 2041 2094 2098 in

435 2133 591 2184 terra
611 2131 791 2199 (Joan.
808 2134 945 2199 χιχ).
964 2153 992 2179 ››
1013 2131 1086 2185 Et
1118 2154 1144 2181 ‹‹
1181 2131 1423 2204 Propter
1444 2133 1597 2205 quod
1623 2130 2094 2188 exaltaviLillum

430 2216 587 2273 Deus
617 2218 822 2291 (Matth.
855 2218 1075 2291 xxvm).
1114 2241 1141 2268 »
1176 2220 1234 2274 id
1267 2223 1376 2287 est,
1412 2224 1650 2293 propter
1679 2220 1827 2276 illud
1860 2218 2095 2292 suppli-

432 2306 657 2373 eium,«
684 2311 740 2363 et
762 2308 925 2362 dedit
943 2306 1029 2361 illi
1052 2325 1264 2363 nomen
1285 2310 1439 2380 quod
1465 2313 1555 2364 est
1585 2326 1764 2380 super
1792 2325 1966 2363 omne
1997 2324 2095 2363 no-

432 2400 689 2463 men,»et
701 2395 983 2467 reliqua.«
999 2396 1069 2450 Et
1097 2396 1400 2452 vocabitur
1416 2398 1485 2451 ad
1496 2396 2093 2463 mirabilis,etc.»Hzec

431 2483 608 2559 verb
621 2481 706 2538 sic
720 2483 1292 2539 suntdividenda.Ad
1302 2484 1588 2540 mirabilis
1601 2484 1856 2557 est,quia
1868 2484 2024 2539 Deus
2036 2487 2093 2539 et

431 2569 609 2626 homo
626 2575 735 2627 est.
752 2595 779 2621 «
798 2570 1184 2628 Consiliarius
1197 2577 1307 2639 est,
1321 2594 1349 2622 ››
1367 2572 1505 2644 quio
1522 2572 1650 2628 sine
1663 2572 1760 2628 illo
1774 2571 2089 2628 consilium

434 2660 657 2715 bonum
691 2677 807 2715 non
838 2666 928 2716 est
957 2677 969 2716 :
1014 2660 1168 2716 sicut
1198 2661 1339 2715 dicit
1371 2662 1441 2716 de
1471 2677 1538 2716 eo
1571 2660 1854 2734 angelus:
1898 2685 1924 2711 ‹‹
1967 2662 2091 2716 Erit

432 2750 631 2822 magni
656 2747 883 2804 consilii
909 2749 1154 2822 angelus
1170 2751 1321 2819 (Luc.
1338 2754 1399 2819 1).
1417 2773 1445 2799 ‹‹
1468 2750 1622 2805 Deus
1646 2772 1672 2798 ››
1692 2749 1943 2823 est,quia
1965 2748 2091 2821 ipse

430 2837 571 2893 fecit
599 2837 818 2893 omnia.
839 2861 866 2888 ‹‹
890 2838 1124 2894 Fortis»
1150 2838 1411 2911 est,quia
1424 2839 1649 2911 absque
1671 2838 1834 2894 illius
1860 2837 2093 2894 solami-

432 2945 505 2984 ne
528 2943 701 2983 nemo
723 2926 889 2983 fortis
910 2943 1039 2983 esse
1065 2931 1277 3000 potest.
1294 2951 1321 2977 ‹‹
1348 2927 1515 2983 Pater
1537 2927 1719 2983 futuri
1732 2926 1964 2983 smculi»
1978 2931 2086 2994 est,

438 3015 579 3089 quia
602 3016 727 3089 ipse
749 3016 876 3073 sine
899 3016 1014 3071 fine
1037 3016 1320 3071 manebit.
1344 3038 1373 3066 «
1401 3016 1678 3089 Princeps
1710 3016 1872 3090 pacis
1892 3038 1920 3067 ››
1950 3014 2090 3089 quia

432 3105 559 3178 ipse
580 3122 688 3161 nos
711 3104 1041 3178 paciﬁcavit
1061 3122 1196 3161 cum
1224 3104 1469 3178 angelis,
1489 3110 1546 3161 et
1566 3105 1887 3161 redditDeo
1910 3104 2085 3160 Patri.

503 3192 1031 3265 «Multiplicabitur
1041 3194 1171 3265 ejus
1183 3192 1520 3266 imperium.
1532 3216 1559 3243 »
1575 3194 1876 3260 Quomodo
1888 3192 2087 3249 multi-

427 3281 920 3355 plicabitur‘fouia
931 3281 1387 3355 peruniversum
1401 3284 1602 3339 Orbem
1616 3300 1720 3356 per
1730 3282 2088 3356 praedicatio-

2210 707 2478 779 verbum,
2495 706 2565 762 de
2596 724 2711 779 quo
2742 706 2885 762 dicit
2916 706 3166 762 eximius
3192 704 3563 778 Evangelista
3581 704 3857 762 Joannes:

2213 819 2241 846 «
2278 796 2342 851 In
2376 794 2665 868 principio
2695 799 2820 851 erat
2847 796 3128 862 Verbum,
3161 798 3219 850 et
3246 795 3501 851 Verbum
3542 798 3666 850 erat
3712 796 3859 867 apud

2210 885 2395 940 Deum
2432 885 2608 958 (Joan.
2637 887 2699 953 ι).
2737 906 2764 934 ››
2797 885 3043 952 Quando
3073 888 3165 940 est
3193 883 3445 939 missum
3483 882 3739 955 Verbum
3787 883 3862 940 is-

2211 974 2315 1028 tud
2352 973 2408 1028 in
2443 973 2660 1045 populo
2709 972 2936 1029 Jacob?
2964 974 3209 1039 Quando
3259 989 3493 1028 carnem
3545 972 3865 1045 assumpsit

2210 1080 2279 1118 ex
2307 1062 2553 1135 virgine.
2588 1064 2754 1119 Tunc
2784 1067 2983 1119 autem
3014 1063 3174 1119 venit
3223 1063 3295 1118 ad
3346 1066 3549 1135 gentes
3584 1079 3597 1117 :
3630 1062 3862 1135 quando

2207 1151 2396 1206 Judzei
2445 1154 2764 1208 noluerunt
2810 1154 3067 1225 recipere
3112 1152 3585 1225 praedicationem
3635 1152 3861 1207 Domini

2210 1257 2397 1312 neque
2428 1240 2852 1313 apostolorum,
2885 1245 2942 1296 et
2972 1241 3198 1297 dictum
3230 1244 3321 1295 est
3372 1238 3654 1313 apostolis
3693 1256 3728 1294 a
3758 1243 3862 1295 Do-

2208 1330 2409 1385 mino:
2462 1352 2489 1379 ‹‹
2528 1332 2630 1396 Ite,
2665 1331 2866 1385 docete
2914 1347 3121 1386 omnes
3169 1332 3374 1403 gentes
3405 1328 3609 1402 (Matth.
3642 1346 3861 1398 xxvul;

2208 1418 2372 1473 Marc.
2407 1424 2522 1487 xw)
2554 1441 2580 1467 »
2612 1424 2669 1474 et
2700 1423 2924 1475 caetera.

2279 1530 2308 1557 «
2341 1509 2412 1563 Et
2442 1507 2590 1563 sciet
2620 1508 2814 1564 omnis
2833 1507 3445 1581 populusEphraim.»
3467 1506 3743 1580 Ephraim
3767 1523 3867 1580 ap-

2207 1595 2389 1669 pellat
2402 1597 2601 1652 decem
2617 1597 2809 1654 tribus
2824 1614 2837 1654 :
2853 1615 2981 1670 qute
2999 1596 3178 1653 nimis
3190 1596 3456 1669 superbae
3476 1601 3665 1667 erant,
3694 1612 3866 1669 prop-

2206 1689 2365 1741 terea
2378 1686 2517 1758 quia
2529 1685 2641 1759 ipsi
2660 1691 2825 1742 erant
2838 1686 3025 1742 multo
3039 1684 3259 1758 plures,
3274 1702 3455 1759 quam
3475 1685 3509 1741 J
3513 1684 3628 1741 uda
3649 1687 3706 1740 et
3719 1685 3868 1740 Ben-

2199 1775 2413 1847 jamin.
2449 1776 2668 1831 Revera
2698 1776 2858 1832 enim
2889 1776 2972 1831 ita
3001 1779 3189 1841 erant,
3209 1774 3351 1847 quia
3379 1775 3451 1829 ad
3484 1772 3864 1846 comparatio-

2206 1880 2339 1919 nem
2389 1865 2590 1920 decem
2640 1880 2854 1937 parvus
2906 1882 3191 1920 numerus
3234 1869 3325 1919 est
3372 1864 3510 1919 duo.
3540 1861 3643 1919 Vel
3685 1862 3862 1918 etiam

2207 1957 2444 2025 propter
2472 1953 2582 2009 hoe
2613 1953 3038 2027 gloriabantur,
3063 1954 3202 2025 quia
3232 1951 3349 2007 illis
3379 1951 3674 2024 conjuncti
3698 1956 3866 2007 erant

2128 2003 2175 2068 Β
2206 2003 3038 2115 agi;.t"§§.;i‘a':,;;;i';.i
3067 2003 3221 2114 ἔιῐιᾶι
3233 2003 3403 2097 ἐξέξοέ
3418 2003 3866 2114 aggessi;

2174 2140 2177 2147 ‘
2205 2130 2349 2186 sciet
2378 2130 2519 2204 quia
2545 2131 2726 2187 Rasin
2759 2135 2817 2187 et
2847 2130 2997 2204 Syri,
3030 2130 3132 2202 qui
3166 2130 3216 2186 ei
3263 2129 3563 2202 conjuncti
3613 2129 3866 2196 fuerant,

2204 2220 2561 2291 quandoque
2591 2220 2664 2275 ab
2694 2237 2761 2275 eo
2794 2219 3067 2275 recedent
3100 2235 3113 2275 :
3157 2222 3215 2274 et
3260 2220 3613 2293 pugnabunt
3660 2222 3868 2274 contra

2202 2324 2322 2375 eos,
2357 2308 2512 2363 sicut
2562 2308 2621 2362 in
2667 2307 3171 2380 subsequentibus
3203 2308 3562 2365 manifestat.
3595 2307 3743 2375 Quid
3776 2307 3865 2361 di-

2202 2396 2413 2451 cebant
2442 2394 2554 2450 illa:
2585 2397 2788 2451 decem
2821 2400 3025 2451 contra
3055 2396 3271 2454 Judam
3304 2401 3361 2452 et
3392 2396 3697 2468 Benjamin
3716 2396 3749 2451 ‘I

2274 2507 2301 2533 «
2329 2484 2563 2540 Lateres
2586 2484 2972 2540 ceciderunt»
2997 2489 3055 2540 et
3073 2484 3471 2550 αδδιδι-θ.ουοὰ
3492 2484 3868 2556 significatur

2200 2589 2305 2644 per
2329 2571 2562 2640 lateres,
2596 2573 2705 2629 hoc
2737 2590 2840 2646 per
2885 2588 3221 2645 sycomoros
3254 2589 3266 2628 :
3309 2571 3579 2629 videlicet
3626 2572 3868 2646 fragiles

2199 2666 2256 2715 et
2280 2660 2523 2715 infirmi.
2559 2661 2628 2715 Et
2659 2661 2815 2733 quod
2865 2678 2971 2734 per
3017 2661 3274 2733 quadros
3320 2659 3569 2732 lapides,
3601 2658 3711 2715 hoc
3756 2678 3860 2733 per

2199 2750 2404 2805 cedros
2420 2766 2433 2806 :
2451 2749 2755 2805 fortissimi
2773 2750 3018 2816 scilicet,
3039 2754 3096 2805 et
3110 2748 3546 2806 bellicosissimi
3563 2748 3860 2805 homines.

2198 2839 2552 2910 Sycomorus
2603 2839 2779 2894 arbor
2826 2843 2916 2895 est
2962 2839 3336 2895 infructuosa
3372 2842 3429 2894 et
3459 2837 3640 2907 fatua,
3673 2854 3863 2911 quam

2199 2927 2377 2995 ficum
2390 2926 2735 3000 sylvestrem
2750 2927 2973 2983 dicunt.
2987 2928 3209 2983 Codrus
3222 2924 3586 2999 imputribile
3597 2926 3855 2999 lignum.

2197 3014 2463 3072 Diximus
2494 3016 2944 3088 superius,quia
2964 3017 3144 3072 Rasin
3176 3022 3234 3072 et
3263 3016 3465 3072 decem
3494 3015 3683 3072 tribus
3696 3016 3861 3073 dixe-

2198 3108 2362 3161 runt:
2383 3127 2411 3156 ‹‹
2431 3106 2653 3161 Ascend
2664 3121 2834 3161 amus
2866 3106 2938 3161 ad
2967 3105 3183 3161 Judam
3206 3109 3263 3161 et
3290 3103 3611 3161 evellamus
3623 3120 3755 3160 eum
3773 3105 3853 3160 ad

2196 3210 2325 3266 nos,
2339 3199 2397 3250 et
2427 3210 2717 3267 ponamus
2749 3194 2808 3249 in
2840 3194 3034 3251 medio
3065 3196 3194 3267 ejus
3239 3193 3429 3250 filium
3468 3193 3676 3251 Tabeel
3708 3194 3842 3264 (Isa.

2194 3283 2317 3355 v11).
2345 3306 2372 3332 »
2401 3284 2471 3339 Et
2498 3283 2675 3340 erecti
2706 3284 2766 3339 in
2797 3283 3156 3357 superbiam,
3198 3282 3472 3340 dicebant
3512 3282 3848 3356 despective

430 3387 565 3426 nem
597 3369 1019 3443 apostolorum,
1052 3364 1266 3427 nomen
1286 3370 1450 3428 illius
1479 3371 1849 3444 propalatum
1880 3376 1990 3439 est,
2024 3377 2081 3426 et
2111 3373 2155 3441 C
2194 3372 2500 3428 deJudaet
2514 3372 2847 3444 Benjamin:
2867 3371 3843 3440 Lateresceciderunt,idestimbe-

429 3459 691 3532 quotidie
703 3475 915 3514 nomen
934 3457 1395 3517 Christianitatis
1407 3465 1881 3534 augmentatur.«
1897 3462 2086 3533 Super

428 3546 644 3603 solium
658 3546 836 3602 David
849 3547 1098 3614 sedebit,
1110 3547 1197 3602 nid
1211 3548 1385 3617 est,in
1401 3548 1615 3621 populo
1627 3550 1966 3606 Judzeorum
1976 3549 2083 3618 ,vel

429 3636 679 3693 etiamin
693 3635 971 3692 cordibus
999 3635 1237 3692 illorum
1264 3637 1364 3710 qui
1390 3638 1563 3694 mites
1584 3642 1643 3694 et
1662 3638 1954 3695 mansueti
1974 3639 2084 3695 hu-

431 3724 718 3797 milesque
730 3724 1125 3793 fuerint,sicut
1137 3725 1374 3782 David.«
1388 3729 1434 3782 A
1447 3728 1704 3795 modo,id
1721 3728 1894 3797 est,in
1911 3745 2087 3785 saecu-

429 3813 901 3870 laszeculorum.«
920 3813 1090 3870 Zelus
1103 3815 1336 3870 Domini
1350 3816 1709 3872 exercituum
1727 3816 2037 3873 faciethoc.
2054 3840 2081 3867 »

428 3904 598 3960 Zelus
611 3903 911 3960 estodium
929 3908 986 3960 et
1004 3904 1243 3960 invidia.
1271 3904 1373 3960 Est
1387 3910 1443 3962 et
1466 3906 1625 3961 zelus
1639 3906 1873 3962 dilectio
1888 3907 2086 3963 videli-

429 3993 859 4059 cetetamor,de
871 4010 987 4066 quo
1002 3993 1096 4049 hic
1109 3992 1604 4051 dieitur.Zelus.id
1618 3996 2087 4053 estamorDomi—

430 4083 488 4138 ni
510 4100 625 4155 quo
645 4081 909 4138 dilexerit
931 4081 1214 4155 populum
1238 4101 1436 4151 suum,
1460 4100 1633 4140 omne
1655 4102 1844 4158 genus
1882 4086 2085 4141 videli-

429 4176 521 4227 cet
541 4171 851 4227 hominum
876 4172 1046 4228 faciet
1067 4171 1314 4243 istud,id
1327 4172 1635 4240 est,mittet
1660 4174 1869 4231 Filium
1885 4192 2083 4243 suum,

429 4266 487 4317 et
517 4260 790 4317 liberabit
811 4278 998 4335 genus
1028 4258 1364 4317 humanum
1392 4262 1464 4317 de
1496 4263 1767 4321 faucibus
1798 4264 2038 4321 diaboli.

501 4375 530 4402 α
563 4349 819 4407 Verbum
837 4350 996 4406 misit
1009 4351 1297 4407 Dominus
1310 4350 1369 4407 in
1385 4352 1566 4408 Jacob
1583 4376 1610 4402 »
1635 4368 1741 4409 vox
1765 4354 2081 4426 prophetas.

428 4440 610 4497 Jacob
642 4437 900 4514 appellat
928 4439 988 4495 in
1022 4439 1148 4496 loco
1188 4441 1412 4497 tribum
1443 4441 1617 4512 Juda,
1660 4442 1837 4499 Israel
1884 4448 2083 4500 autem

430 4528 675 4602 reliquis
695 4529 906 4585 tribus.
931 4529 1079 4597 Quid
1101 4530 1211 4587 fuit
1231 4530 1389 4586 istud
1407 4531 1648 4587 verbum
1661 4531 1994 4598 ?Quantum
2010 4535 2083 4590 ad

430 4618 686 4674 litteram
712 4618 1166 4691 pertinet,misit
1186 4619 1474 4676 Dominus
1507 4621 1747 4676 verbum
1774 4620 1830 4676 in
1852 4622 2032 4679 Jacob
2066 4639 2081 4679 :

2192 3462 2357 3519 cilles
2370 3469 2429 3519 et
2439 3462 2658 3520 infirmi
2674 3464 3011 3521 ceciderunt
3022 3463 3246 3521 exJuda
3259 3464 3319 3520 in
3333 3477 3546 3521 manus
3559 3460 3849 3521 hostium.

2193 3553 2307 3609 Sed
2336 3570 2472 3609 eum
2503 3553 2888 3609 habuerimus
2920 3554 3080 3626 ipsas
3104 3555 3253 3610 duas
3278 3553 3473 3610 tribus
3505 3553 3770 3610 redactas
3788 3551 3856 3611 in

2194 3645 2481 3714 potestate
2508 3646 2709 3699 nostra
2740 3660 2753 3698 :
2792 3664 2821 3694 κ
2852 3642 3278 3706 zediﬁeabimus
3302 3664 3330 3693 ››
3361 3641 3524 3699 vobis
3554 3658 3623 3698 ex
3654 3663 3684 3693 «
3711 3658 3858 3714 qua-

2195 3730 2319 3786 dris
2344 3730 2643 3804 lapidibus
2667 3753 2694 3781 ››
2721 3732 2986 3800 domum,
3004 3731 3185 3799 idest,
3202 3730 3543 3788 fortissimis
3556 3729 3860 3787 ethellico-

2195 3808 2450 3875 sissimis
2483 3818 2848 3893 principibus
2876 3823 2933 3875 et
2955 3820 3403 3894 pugnatoribus,
3424 3818 3850 3875 constituemus

2192 3908 2360 3964 vobis
2377 3907 2771 3981 principatum
2789 3912 2846 3964 et
2864 3908 3278 3981 imperium.Et
3296 3909 3609 3964 addebant:
3627 3928 3655 3958 «
3677 3907 3853 3980 Syco-

2195 4015 2392 4054 moros
2423 3998 2827 4065 succiderunt,
2866 4020 2893 4047 ››
2926 3998 2983 4053 id
3016 3997 3377 4072 est,i‘ragiles
3406 3999 3465 4054 et
3490 3996 3615 4053 sine
3644 3996 3851 4052 robore

2193 4089 2349 4143 viros
2379 4105 2447 4143 ex
2476 4086 2594 4143 illis
2621 4087 2853 4143 duabus
2877 4086 3154 4143 tribubus
3183 4085 3603 4142 interfecerunt
3623 4085 3850 4153 hostes,

2195 4177 2295 4249 qui
2328 4181 2738 4249 pugnaverunt
2768 4178 2973 4231 contra
3001 4175 3250 4232 eos.Sed
3283 4192 3391 4231 nos
3420 4191 3555 4231 cum
3576 4173 3853 4231 habueri-

2195 4264 2478 4321 musillos
2501 4265 2601 4337 qui
2624 4268 3037 4321 remanserunt
3063 4264 3431 4337 subjugatos,
3466 4280 3568 4336 pro
3598 4261 3717 4318 illis
3747 4262 3856 4317 im-

2194 4354 2503 4411 becillibus
2526 4354 2977 4411 immutabimus
2995 4371 3065 4410 ex
3086 4354 3256 4410 nobis
3276 4352 3423 4427 ipsis
3443 4351 3732 4421 cedros,id
3755 4355 3848 4408 est

2194 4443 2548 4501 fortissimos
2570 4443 2881 4517 principes:
2904 4444 3004 4517 qui
3019 4443 3393 4501 sicutcedrus
3410 4442 3565 4517 quod
3585 4442 3855 4516 imputri-

2194 4532 2549 4607 bilelignum
2576 4537 2667 4589 est
2692 4549 3001 4605 nunquam
3032 4531 3248 4599 deﬁcit,
3268 4536 3325 4589 et
3350 4531 3503 4588 sicut
3533 4530 3685 4603 lapis
3699 4546 3850 4603 qua-

2194 4623 2338 4677 drus
2351 4637 2467 4693 qua
2477 4625 2643 4693 parte
2661 4620 2979 4677 inclinatus
3003 4620 3177 4675 fuerit
3204 4636 3435 4692 semper
3455 4618 3632 4676 stabit
3655 4635 3669 4674 :
3694 4617 3778 4673 ita
3794 4621 3853 4674 et

429 4706 572 4779 quia
598 4706 954 4779 complacuit
984 4707 1060 4776 ei,
1087 4712 1145 4763 et
1181 4707 1489 4763 constituit
1535 4713 1601 4764 ut
1647 4713 1705 4765 et
1744 4710 1899 4765 tribu
1930 4711 2085 4768 Juda
2114 4726 2177 4802 Ι)-
2197 4709 2280 4765 illi
2303 4711 2458 4766 inter
2479 4708 2935 4766 omniaadversa
2954 4708 3182 4765 fortiter
3197 4704 3853 4781 permaneantstabiles.

430 4813 597 4869 reges
627 4812 861 4869 semper
888 4795 1243 4869 eligerentur
1266 4815 1445 4871 super
1475 4798 1812 4855 universum
1847 4799 2086 4865 Israel,a
2114 4794 2154 4802 ”
2195 4799 2359 4866 Quod
2380 4802 2576 4854 autem
2600 4815 2715 4854 non
2736 4800 3202 4854 commemorant
3223 4796 3421 4853 hostes
3438 4795 3538 4868 qui
3554 4794 3686 4851 illas
3704 4795 3855 4851 duas

428 4889 691 4957 tempore
724 4902 838 4958 quo
866 4886 1042 4958 cmpit
1075 4903 1316 4958 regnare
1361 4886 1539 4943 David
1575 4887 1930 4945 mitissimus
1961 4907 2078 4945 rex.

429 4973 652 5029 Cecidit
664 4979 859 5030 autem
875 4973 932 5029 in
952 4973 1148 5030 Israel.
1170 4975 1226 5029 Id
1243 4979 1333 5030 est
1351 4976 1550 5031 decem
1575 4977 1784 5045 tribus,
1809 4978 1949 5050 quia
1968 4978 2082 5050 ipsi

430 5062 851 5117 dextruxerunt
880 5062 1027 5118 illud
1061 5069 1416 5137 praeceptum
1450 5067 1685 5137 quando
1712 5069 2083 5139 projecerunt

429 5152 671 5207 domum
707 5151 907 5217 David,
940 5156 998 5207 et
1028 5152 1329 5223 elegerunt
1358 5153 1469 5209 sibi
1509 5172 1703 5227 regem
1736 5155 2082 5211 Hieroboam

431 5241 502 5295 de
535 5239 693 5294 tribu
726 5240 1006 5312 Ephraim
1038 5258 1050 5296 :
1086 5260 1120 5297 a
1165 5259 1281 5315 quo
1331 5253 1533 5315 postea
1586 5243 1888 5317 appellata:
1944 5251 2085 5301 sunt

428 5326 708 5401 Ephraim
761 5328 1111 5403 generaliter
1151 5332 1249 5403 (III
1277 5333 1663 5406 Reg.xu).Vel
1697 5333 1866 5391 aliter
1897 5352 1911 5390 :
1943 5334 2082 5391 Ver-

431 5414 574 5471 bum
590 5416 753 5472 misit
776 5417 1061 5474 Dominus
1080 5418 1137 5473 in
1161 5419 1363 5487 Jacob,
1380 5422 1436 5475 id
1457 5426 1546 5477 est
1566 5423 1890 5479 doctrinam
1907 5425 2085 5480 Evan-

430 5505 680 5575 gelicam
711 5503 769 5560 in
802 5505 1096 5578 apostolos
1126 5512 1183 5562 et
1215 5507 1273 5563 in
1302 5514 1537 5567 sanctos
1568 5512 1998 5583 praedicatores,
2032 5517 2090 5568 et

429 5592 662 5655 cecidit,
679 5591 733 5646 id
765 5600 855 5650 est
884 5596 1262 5667 prevaricata
1291 5603 1380 5654 est
1410 5599 1514 5655 illa
1543 5602 1878 5672 praedicatio
1901 5601 2089 5657 sancti

430 5676 729 5747 Evangelii
778 5682 850 5736 ab
900 5683 1211 5740 haereticis.
1243 5685 1345 5741 Vel
1387 5687 1558 5743 aliter
1590 5705 1603 5743 :
1636 5690 1896 5745 Verbum
1930 5690 2093 5747 misit

433 5760 723 5819 Dominus
752 5765 812 5823 in
842 5768 1119 5840 Jacob,id
1151 5776 1241 5831 est
1259 5772 1320 5830 in
1346 5774 1562 5849 populo
1590 5777 1929 5838 Judaeorum
1955 5780 2093 5841 :sed

2192 4888 2385 4944 tribus
2419 4887 2816 4954 succiderunt,
2849 4887 2907 4941 id
2939 4892 3047 4954 est,
3072 4885 3511 4957 interfecerunt,
3538 4884 3678 4941 etin
3702 4900 3856 4956 quo-

2193 4995 2323 5034 rum
2358 4995 2571 5033 manus
2604 4975 2688 5031 illi
2721 4977 3078 5043 ceciderunt,
3111 4976 3481 5031 referendum
3522 4978 3611 5030 est
3645 4974 3716 5030 ad
3752 4972 3854 5030 illa

2193 5075 2456 5139 tempora
2476 5065 2711 5138 quando
2738 5064 3051 5120 Philistiim
3073 5063 3156 5120 vel
3185 5063 3364 5119 Rasin
3385 5067 3444 5119 et
3464 5062 3587 5137 Syri
3614 5078 3850 5134 pugna-

2190 5160 2402 5213 verunt
2422 5158 2625 5210 contra
2644 5170 2763 5221 eos,
2779 5158 2835 5209 et
2856 5152 3045 5208 multa
3066 5152 3253 5207 millia
3273 5168 3341 5207 ex
3369 5151 3453 5207 eis
3479 5150 3844 5208 occiderunt.

2193 5269 2220 5295 ‹‹
2242 5246 2311 5303 Et
2327 5243 2577 5299 elevabit
2592 5243 2876 5298 Dominus
2895 5242 3094 5297 hostes
3108 5241 3286 5297 Rasin
3301 5256 3480 5313 super
3490 5255 3644 5296 eum.
3671 5261 3699 5288 »
3726 5238 3853 5294 Vox

2193 5333 2487 5407 prophetze
2509 5336 2713 5388 contra
2737 5331 2916 5387 Rasin
2959 5335 3017 5387 et
3055 5331 3250 5403 Syros.
3280 5330 3348 5386 Et
3371 5328 3636 5386 elevabit.
3668 5327 3729 5383 id
3755 5331 3848 5384 est

2196 5424 2467 5489 adducet,
2486 5420 2772 5477 Dominus
2794 5419 2994 5476 hostes
3018 5419 3217 5487 Rasiu,
3237 5416 3632 5475 Sennaeherib
3652 5415 3852 5472 videli-

2197 5516 2308 5576 cet,
2323 5527 2501 5583 super
2519 5526 2676 5579 eum,
2692 5508 2749 5564 id
2763 5512 2872 5577 est,
2889 5525 3067 5580 super
3082 5508 3259 5565 Rasin
3271 5550 3284 5575 ,
3309 5531 3337 5557 ‹‹
3357 5511 3415 5563 et
3432 5506 3703 5562 inimicos
3719 5505 3771 5577 ej
3782 5522 3850 5561 us

2198 5599 2466 5672 Assyrios
2497 5598 2557 5653 in
2589 5596 2912 5653 tumultum
2943 5600 3149 5663 vertet,
3178 5619 3206 5647 ››
3238 5596 3295 5651 id
3327 5601 3436 5662 est,
3468 5594 3529 5651 in
3577 5593 3847 5668 praelium

2200 5694 2405 5746 contra
2431 5687 2678 5742 eum.Et
2708 5701 2887 5757 quare
2920 5685 3068 5741 hoc?
3085 5685 3233 5750 Quia
3262 5682 3575 5741 debellavit
3606 5682 3846 5740 Judam.

2277 5800 2305 5861 ες
2335 5775 2564 5857 Syriam
2596 5775 2669 5831 ab
2695 5773 2937 5835 oriente.
2988 5798 3016 5827 ››
3065 5775 3188 5835 Vox
3219 5774 3519 5855 Prophetas
3547 5772 3621 5834 ad
3649 5772 3848 5836 decem
