3960 6396
164 480 272 541 773

1204 484 1613 547 COMMENT.
1661 484 1732 545 ΙΝ
1779 478 2071 543 ISAIAM.
2122 517 2197 528 -
2238 483 2387 547 LIB.
2435 485 2510 548 II.

3446 493 3562 559 774

166 611 362 667 tribus.
380 613 491 669 Hoc
507 616 596 670 est
616 616 773 686 quod
791 616 1066 690 superius
1088 618 1232 674 dixit
1254 636 1267 674 :
1293 618 1430 691 quia
1447 618 1590 673 sciet
1607 616 1801 673 omnis
1832 619 1885 685 Α
1915 632 2064 687 quas
2092 615 2215 688 ipse
2236 618 2364 690 jam
2385 625 2633 693 ceperat.
2650 645 2677 671 ‹‹
2706 622 2979 695 Nunquid
3004 641 3120 682 non
3138 629 3203 680 ut
3218 625 3563 696 Damascus,

167 700 450 772 prraim.
483 701 633 768 Quid
665 704 850 760 sciet?
878 706 1026 771 Quia
1073 708 1324 762 adducet
1372 708 1652 762 Dominus
1698 708 1801 777 Sy-

167 788 305 844 riam
336 790 408 845 ab
438 789 680 857 oriente,
714 810 845 865 quae
875 800 1009 850 ante
1036 800 1162 850 erat
1192 796 1243 851 ei
1293 798 1642 867 conjuncta:
1677 818 1705 843 «
1737 795 1805 849 Et

169 877 467 934 Philistiim
499 880 573 935 ab
602 880 923 948 occidente,
962 908 987 932 »
1020 885 1159 956 quia
1207 885 1281 940 ab
1330 884 1594 939 orientali
1637 883 1806 954 plaga

167 973 321 1021 erant
350 966 451 1022 lilii
497 968 696 1037 Israel,
731 971 857 1042 Syri
905 977 962 1026 et
992 972 1304 1028 Philistiim
1338 975 1408 1027 ab
1438 970 1801 1027 occidentali.

167 1055 280 1118 Quo
310 1060 569 1128 tempore
602 1058 821 1113 factum
853 1067 944 1115 est
964 1060 1118 1116 hoc?
1136 1063 1379 1127 Quando
1410 1060 1804 1117 Sennacberib

167 1144 310 1216 cepit
339 1145 537 1217 Syrios
565 1151 624 1202 et
654 1146 1072 1217 Philistteos,et
1104 1151 1319 1221 pariter
1338 1167 1473 1205 cum
1500 1151 1615 1205 illis
1650 1149 1808 1206 venit

168 1248 335 1304 super
361 1234 565 1291 decem
595 1235 810 1293 tribus.

233 1342 260 1371 ‹‹
285 1322 370 1377 Ad
402 1324 827 1394 pereutientem
860 1344 943 1393 se,
981 1350 1007 1375 »
1040 1328 1096 1383 id
1142 1333 1252 1397 est,
1286 1330 1357 1385 ad
1410 1330 1617 1385 Deum.
1650 1354 1675 1376 ‹‹
1712 1329 1807 1383 ln-

168 1415 518 1468 curvantem.
546 1435 574 1461 »
608 1413 917 1470 Incurvare
947 1417 1165 1471 esthoc
1204 1419 1359 1490 quod
1382 1423 1471 1473 est
1492 1423 1715 1472 rectum
1748 1416 1807 1472 in

168 1497 398 1556 alteram
430 1506 654 1573 partem
684 1504 931 1561 ﬂectere.
954 1530 981 1555 ‹‹
1007 1506 1076 1561 Et
1096 1507 1532 1578 depravantem.
1558 1530 1584 1555 »
1616 1504 1809 1577 Aliqui

168 1587 386 1646 codices
412 1588 635 1647 habent
662 1593 1192 1659 refrenantem,sed
1216 1596 1360 1651 falso
1383 1596 1666 1668 scriptum
1700 1598 1809 1651 est.

167 1674 585 1749 Depravantem
616 1685 814 1736 autem
847 1682 1007 1749 dicit,
1040 1683 1177 1755 quia
1207 1683 1304 1739 ille
1335 1684 1587 1757 populus
1605 1684 1812 1756 depra-

166 1764 329 1821 vabat
359 1770 419 1822 et
447 1770 860 1841 corrumpebat
886 1771 1074 1843 legem
1108 1772 1290 1837 Dei,et
1321 1773 1473 1829 viam
1498 1789 1811 1845 gressuum

164 1868 399 1911 suorum
408 1897 422 1910 .

227 1965 255 1992 ‹‹
287 1944 362 2000 Et
390 1950 565 2001 erunt
594 1948 696 2023 qui
728 1948 1065 2005 beatiﬁcant
1095 1951 1377 2023 populum
1408 1952 1586 2006 istum
1610 1950 1808 2023 prmci-

1913 704 1996 760 sic
2029 706 2313 773 Samaria,
2345 730 2373 758 »
2407 711 2516 765 sub
2553 727 2682 766 mea
2713 711 3108 768 dominatione
3138 715 3429 771 consistit.
3452 717 3565 772 Da-

1915 809 2149 847 mascus
2180 795 2383 851 civitas
2415 803 2504 852 est
2552 799 2888 870 metmpolis
2920 805 2976 855 et
3005 802 3184 872 regia,
3215 820 3393 874 quam
3426 821 3563 859 con-

1914 880 2061 934 didit
2092 898 2291 938 servus
2320 884 2610 939 Abraham
2645 887 2880 953 Eliezer,
2914 907 3091 962 super
3137 908 3315 962 quam
3358 909 3564 964 regna-

1915 968 2013 1023 bat
2045 970 2243 1026 Itasiu.

1989 1061 2330 1125 «Quomodo
2353 1061 2570 1117 invenit
2595 1081 2807 1119 manus
2840 1066 3006 1121 mea?
3030 1091 3057 1115 »
3081 1066 3137 1123 id
3175 1073 3283 1139 est,
3307 1073 3565 1141 potestas

1918 1162 2067 1209 mea,
2090 1170 2115 1196 ‹‹
2144 1165 2324 1219 regna
2352 1150 2489 1205 idoli
2510 1174 2535 1199 »
2548 1150 2669 1207 Vox
2690 1154 3090 1210 Sennacberib
3111 1156 3563 1227 qualiteradmi-

1917 1235 2157 1290 rabatur
2185 1238 2256 1291 de
2287 1255 2397 1292 sua
2425 1241 2703 1310 potentia.
2718 1242 2789 1296 Et
2817 1260 2931 1298 non
2962 1248 3051 1299 est
3079 1244 3389 1318 legendum
3414 1246 3569 1302 afﬁr-

1917 1324 2261 1391 mative,sed
2298 1326 2641 1382 admirative
2683 1334 2741 1384 et
2761 1330 3189 1404 interrogative.
3224 1335 3341 1390 lloc
3369 1339 3564 1391 autem

1918 1413 2075 1482 quod
2108 1414 2392 1485 sequitur,
2427 1417 2839 1473 subauditione
2886 1426 3035 1492 eget.
3068 1422 3138 1476 Et
3189 1425 3278 1477 est
3306 1440 3516 1479 sensus
3550 1440 3564 1479 :

1920 1500 2085 1555 Sicut
2115 1502 2433 1559 simulacra
2463 1510 2520 1559 et
2551 1523 2890 1578 regna,qua3
2919 1508 3189 1580 superius
3222 1526 3573 1567 commemo-

1920 1590 2181 1655 ravi,sub
2194 1609 2322 1647 meo
2338 1593 2599 1650 dominio
2630 1597 2863 1653 redacta
2888 1602 3053 1653 sunt:
3069 1599 3155 1654 sic
3178 1603 3238 1655 et
3256 1600 3573 1657 simulacra

1920 1678 2197 1733 Samaria:
2220 1685 2277 1735 et
2292 1681 2619 1737 Jerusalem
2641 1700 2772 1739 mea
2791 1690 2949 1740 sunt.
2975 1686 3125 1742 Pene
3145 1687 3299 1743 sicut
3317 1688 3573 1756 dixit,ita

1920 1768 1977 1818 et
2003 1765 2280 1836 implevit.
2300 1769 2445 1823 Nam
2467 1787 2673 1827 omnes
2702 1771 2962 1829 civitates
2995 1775 3195 1831 decem
3228 1777 3491 1832 tribuum
3512 1783 3571 1833 et

1923 1851 2036 1907 Ben
2035 1854 2183 1924 jami
2192 1873 2227 1909 n
2250 1861 2307 1911 et
2321 1857 2353 1912 J
2360 1857 2476 1912 uda
2492 1859 2859 1930 deprazdatus
2879 1866 3203 1933 cst,prmter
3217 1864 3565 1921 Jerusalem.

1921 1940 2002 1994 Ex
2029 1941 2355 2000 Jerusalem
2381 1944 2557 2000 etiam
2586 1948 3029 2020 comprehcndit
3058 1951 3391 2008 inferiorem
3431 1970 3570 2025 par-

159 2030 339 2099 pitati,
374 2037 432 2088 et
456 2002 708 2107 populus
741 2002 842 2109 qui
868 2002 1805 2113 mea.‘.1;;‘g.;.{,;{asg.;.1

1972 2046 2243 2101 1m,quam
2274 2032 2515 2088 tradidit
2545 2034 2597 2089 ei
2627 2002 3531 2114 Sobna

156 2116 390 2192 Vepres,
423 2120 482 2177 id
516 2128 628 2189 est,
659 2125 863 2181 omnia
894 2125 1053 2183 mala
1100 2127 1356 2194 illorum,
1388 2132 1812 2185 consumentur

155 2221 327 2280 super
357 2209 537 2282 ipsos.

218 2318 243 2345 «
278 2296 385 2352 Vir
413 2298 576 2355 fratri
606 2316 716 2356 suo
748 2319 864 2358 non
896 2308 1117 2376 parcet.
1155 2328 1183 2353 »
1216 2305 1333 2361 Hoc
1376 2305 1686 2377 impletum
1719 2309 1808 2361 est

154 2381 245 2439 illo
272 2389 564 2459 tempore,
589 2391 827 2461 quando
859 2392 1084 2448 obsessi
1115 2398 1255 2449 sunt
1283 2411 1317 2450 a
1338 2394 1637 2461 Romanis,
1670 2393 1808 2466 quia

154 2473 283 2529 tunc
317 2474 557 2531 fratrem
589 2494 767 2534 suum
800 2479 978 2535 frater
1005 2482 1236 2537 occidit.

222 2585 247 2611 ‹‹
279 2563 356 2618 Et
382 2564 702 2621 declinabit
732 2568 804 2623 ad
837 2568 1157 2636 dexteram,
1184 2593 1212 2619 »
1244 2569 1302 2625 id
1352 2576 1461 2637 est,
1494 2572 1803 2643 ajustitia,

160 2672 184 2698 κ
215 2655 269 2707 et
298 2653 523 2709 esui-iet
552 2676 581 2703 ››
612 2655 859 2711 malum.
891 2680 920 2707 ‹‹
958 2659 1026 2713 Et
1056 2660 1321 2714 comedet
1340 2660 1411 2715 ad
1445 2660 1805 2727 sinistram,»

159 2739 210 2795 id
238 2746 352 2807 est,
384 2740 811 2801 iucrassabitur
840 2746 1086 2813 malitia,
1113 2771 1140 2797 ‹‹
1173 2753 1232 2803 et
1261 2766 1376 2804 non
1408 2748 1457 2804 ei
1492 2751 1804 2805 sufﬁciet.»

156 2828 341 2886 Simul
374 2831 675 2889 Manasses
705 2839 760 2889 et
793 2836 1070 2907 Ephraim
1096 2838 1445 2909 pugnabunt
1472 2843 1675 2894 contra
1700 2840 1803 2893 Ju-

155 2918 307 2975 dam.
330 2919 634 2978 Manasses
665 2922 823 2985 enim
854 2929 913 2979 et
943 2924 1220 2998 Ephraim
1254 2931 1421 2981 erant
1450 2928 1521 2982 ad
1558 2928 1803 2983 invicem

155 3008 524 3077 commoti,et
554 3014 751 3066 tamen
782 3013 854 3068 ad
886 3013 1102 3069 Judam
1126 3014 1541 3070 debellandum
1572 3032 1807 3070 concor-

154 3095 248 3152 des
280 3102 468 3154 erant.

822 3225 1053 3282 CAPUT
1092 3227 1159 3282 X.

1989 2142 2014 2167 ‹‹
2051 2119 2328 2191 Nunquid
2353 2139 2469 2177 non
2504 2128 2569 2179 ut
2598 2124 2704 2179 feci
2736 2126 3133 2195 Samariaz,sie
3163 2129 3375 2185 faciam
3401 2130 3568 2186 Jeru-

1916 2206 2098 2262 salem
2118 2207 2146 2262 ?
2170 2231 2197 2257 »
2225 2209 2349 2264 Non
2372 2210 2453 2265 ita
2474 2211 2745 2283 permisit
2775 2214 2825 2268 ei
2856 2214 3142 2272 Dominus
3171 2217 3231 2272 in
3244 2218 3572 2275 Jerusalem

1915 2300 2150 2367 propter
2178 2298 2503 2355 Ezechiam.

1988 2408 2014 2433 ‹‹
2050 2385 2118 2439 Et
2148 2386 2428 2453 erit,cum
2463 2390 2841 2462 compleverit
2866 2394 3148 2450 Dominus
3169 2401 3381 2451 cuncta
3399 2410 3576 2468 opera

1917 2489 2045 2527 sua.
2085 2496 2112 2522 »
2144 2474 2266 2529 Vox
2296 2476 2613 2549 prophetre.
2650 2503 2677 2529 ‹‹
2711 2480 2999 2549 Visitabo,
3032 2506 3059 2532 »
3092 2483 3150 2538 id
3199 2489 3290 2539 est
3326 2485 3577 2542 ulciscar

1919 2565 1977 2615 et
2007 2562 2315 2618 vindicabo
2349 2582 2442 2620 me
2475 2567 2547 2621 de
2597 2568 2697 2622 illo
2728 2592 2755 2618 ‹‹
2790 2587 2968 2643 super
3013 2572 3289 2642 fructum,
3324 2594 3352 2623 »
3387 2573 3445 2628 id
3485 2578 3576 2629 est

1916 2667 2095 2722 super
2121 2669 2298 2724 opera
2326 2655 2475 2725 ejus.

1988 2765 2015 2790 ‹‹
2049 2741 2307 2797 Abstulit
2338 2744 2620 2800 terminos
2653 2746 3062 2818 populorum.»
3099 2750 3227 2821 Ipse
3246 2751 3405 2805 enim
3428 2752 3575 2805 Sen-

1918 2830 2196 2884 nacberib
2231 2830 2419 2886 multa
2470 2850 2651 2905 regna
2697 2835 3159 2906 comprehendit,
3190 2842 3248 2892 et
3290 2838 3578 2895 conclusit

1915 2919 2025 2973 sub
2060 2936 2173 2972 uno
2209 2919 2477 2987 termino,
2511 2922 2567 2976 id
2590 2927 2697 2991 est,
2732 2924 2845 2978 sub
2879 2941 2996 2979 una
3028 2929 3333 2995 potestate.
3362 2948 3390 2975 «ι
3418 2926 3574 2982 Inve-

1915 3007 2003 3061 nit
2034 3007 2199 3079 quasi
2233 3006 2437 3062 nidum
2466 3026 2678 3066 manus
2711 3027 2862 3066 mea.
2894 3033 2924 3062 »
2949 3011 3115 3067 Sicut
3133 3013 3461 3069 destruitur
3481 3014 3569 3070 ni-

1914 3096 2027 3151 dus
2083 3112 2198 3167 quo
2256 3097 2535 3177 recedunt
2581 3097 2750 3170 pulli,
2783 3100 2858 3155 ab
2914 3098 3014 3154 illo
3073 3117 3110 3156 a
3163 3117 3281 3173 quo
3342 3101 3571 3159 inveni-

1915 3188 2028 3249 tur,
2058 3184 2142 3239 sic
2161 3184 2450 3241 destruxit
2478 3184 2575 3241 ille
2606 3185 2809 3243 omnia
2840 3203 3041 3260 regna.
3057 3189 3127 3243 Et
3173 3190 3572 3263 metaphorice

1912 3272 2254 3346 loquitur,et
2273 3273 2437 3330 dicit.
2464 3297 2493 3327 ‹‹
2515 3275 2586 3330 Et
2631 3275 2785 3331 sicut
2813 3275 3174 3349 colliguntur
3207 3296 3429 3351 ovaque
3463 3281 3569 3335 de-

222 3388 253 3415 ‹‹
286 3364 383 3421 ναξ
412 3365 513 3439 qui
547 3368 809 3424 condunt
839 3368 998 3441 leges
1028 3369 1283 3442 iniquas.
1312 3393 1339 3419 »
1360 3370 1483 3427 Vox
1513 3370 1808 3443 propheta":
1840 3370 1883 3436 C
1922 3362 2123 3417 relicta
2155 3366 2295 3417 sunt
2323 3364 2395 3419 ab
2428 3364 2690 3420 avibus.»
2719 3365 3122 3438 Metaphoram
3153 3373 3365 3424 servat.
3386 3368 3571 3425 Sicuti

157 3455 225 3509 ad
264 3454 491 3513 scribas
513 3460 573 3512 et
601 3456 945 3524 Pbariszsos,
978 3459 1079 3530 qui
1123 3459 1470 3515 traditiones
1517 3476 1657 3515 suas
1704 3477 1804 3516 su-

154 3544 555 3617 perponebant
584 3543 697 3617 legi
728 3546 830 3602 Dei
867 3547 1072 3617 (Matth.
1100 3564 1205 3615 xv;
1236 3548 1400 3605 Marc.
1433 3552 1555 3619 vn).

221 3655 252 3683 ‹‹
284 3631 435 3698 Quid
465 3632 694 3690 facietis
723 3634 782 3690 in
815 3636 910 3691 die
937 3636 1292 3693 visitationis
1320 3638 1565 3694 vestrae?
1598 3661 1626 3687 »
1658 3638 1806 3695 Con-

154 3720 309 3777 dolet
337 3721 625 3795 propheta
654 3723 900 3780 malitiis
925 3724 1124 3797 populi
1156 3725 1557 3782 sui.Visitatio
1605 3726 1665 3782 in
1699 3726 1808 3783 hoc

153 3809 278 3867 loco
308 3810 368 3866 in
400 3809 621 3867 malam
648 3817 873 3886 partem
905 3814 1147 3885 ponitur
1176 3830 1191 3870 :
1224 3818 1282 3870 et
1307 3819 1476 3871 vocat
1518 3816 1805 3871 visitatio-

154 3915 287 3955 nem
321 3898 607 3956 ultionem
629 3905 686 3956 et
714 3901 1056 3969 vindictam,
1084 3920 1261 3975 quam
1294 3903 1449 3959 Deus
1477 3921 1546 3959 ex
1574 3904 1690 3960 illis
1720 3922 1811 3960 ex-

151 3988 290 4060 egit,
324 3986 412 4043 vel
443 3988 554 4043 sub
586 3988 1102 4058 Sennacherib,vel
1143 3991 1316 4047 etiam
1360 3992 1471 4047 sub
1505 3992 1803 4049 Romanis.

149 4100 177 4126 «ί
198 4076 296 4132 Vm
317 4077 522 4132 Assur.
550 4100 577 4126 »
600 4076 721 4133 Vox
758 4079 859 4134 Dei
898 4080 968 4135 ad
996 4080 1407 4151 Sennacberib
1438 4084 1496 4135 et
1522 4080 1804 4153 populum

145 4166 298 4237 ejus,
320 4163 439 4233 Vas,
462 4164 522 4220 id
552 4169 660 4233 est,
684 4167 957 4224 interitus
984 4167 1255 4224 imminet
1283 4168 1388 4224 tibi
1438 4168 1802 4241 perditionis.

144 4257 339 4321 Quare
380 4254 778 4311 comminatur
806 4256 962 4312 Deus
1009 4256 1452 4313 Sennacberib?
1481 4256 1629 4324 Quia
1671 4256 1807 4313 licet

142 4341 488 4415 permiserit
532 4344 585 4400 ei
616 4344 911 4401 debellare
962 4345 1163 4401 decem
1210 4345 1428 4414 tribus,
1459 4349 1656 4400 tamen
1688 4362 1805 4401 non

146 4429 431 4505 praecepit
454 4431 505 4486 ei
530 4436 595 4487 ut
626 4432 860 4506 penitus
891 4436 1214 4490 contereret
1237 4433 1369 4489 illos
1388 4450 1401 4489 :
1423 4434 1524 4489 sed
1556 4433 1809 4507 ﬂagella-

144 4523 234 4576 ret
267 4522 327 4575 et
357 4518 730 4577 conculcaret
772 4522 1064 4589 eos,sicut
1090 4521 1285 4577 lutum
1333 4521 1681 4594 platearum.
1705 4522 1807 4578 llle

143 4613 370 4676 autem,
398 4607 589 4665 elatus
618 4609 679 4665 in
711 4609 1073 4684 superbiam,
1096 4610 1322 4682 putavit
1366 4628 1429 4666 se
1477 4610 1587 4666 hoc
1619 4612 1806 4667 facere

145 4698 277 4754 suis
305 4696 534 4753 viribus
551 4702 609 4754 et
629 4698 973 4755 fortitudine
999 4716 1012 4755 :
1037 4704 1094 4755 et
1114 4717 1231 4756 non
1254 4698 1446 4755 solum
1467 4698 1571 4755 illa
1603 4700 1804 4756 decem

142 4786 346 4841 tribus
377 4784 638 4857 captivas
667 4787 856 4854 duxit,
871 4787 972 4842 sed
1004 4786 1181 4843 etiam
1211 4788 1530 4844 maximam
1569 4790 1810 4844 mutitu-

142 4868 348 4932 dinem
379 4891 581 4931 eorum
598 4875 1079 4951 delevit.Virgam
1102 4882 1297 4932 autem
1327 4882 1385 4933 et
1410 4878 1685 4934 baculum
1714 4896 1805 4935 vo-

144 4968 243 5020 cat
274 4962 469 5031 illum,
503 4964 644 5036 quia
672 4966 965 5037 percussit
1013 4970 1072 5021 et
1120 4965 1434 5038 ﬂagellavit
1484 4983 1589 5037 per
1636 4967 1804 5022 illum

140 5053 458 5110 duodecim
490 5053 699 5111 tribus.

214 5167 243 5194 «
268 5142 551 5215 Nunquid
581 5161 695 5199 non
729 5144 1025 5218 principes
1074 5144 1189 5200 mei
1221 5160 1387 5216 reges
1419 5145 1602 5200 sunt?
1626 5167 1654 5194 »
1688 5145 1803 5201 Hoc

138 5232 273 5289 ideo
312 5230 459 5286 dicit
507 5232 924 5299 Sennacberib,
957 5233 1098 5304 quia
1135 5233 1372 5304 quando
1420 5234 1579 5288 venit
1627 5251 1805 5305 super

138 5322 349 5377 decem
378 5319 592 5387 tribus,
625 5321 844 5378 multos
894 5338 1060 5394 reges
1108 5321 1354 5376 adduxit
1402 5338 1602 5377 secum
1654 5339 1802 5393 quos

138 5411 267 5483 ipse
278 5410 411 5482 jam
432 5408 873 5483 subjugaverat.
890 5434 917 5460 «
936 5410 1214 5482 Nunquid
1237 5427 1351 5465 non
1367 5410 1801 5478 utCarcbamis,

137 5499 223 5555 sic
252 5501 401 5555 sunt
422 5498 533 5553 sub
557 5514 689 5555 mea
718 5504 1005 5571 potestate
1040 5498 1380 5565 Chalamno,
1403 5502 1461 5554 et
1474 5497 1715 5570 Arphat,
1747 5505 1805 5554 et

136 5587 352 5645 Emat?
383 5609 413 5639 »
447 5586 573 5642 Vox
620 5588 916 5661 prophetae
963 5605 1034 5644 ex
1078 5604 1330 5661 persona
1384 5586 1801 5642 Sennacberib.

138 5677 367 5733 Taliter
384 5675 547 5732 enim
569 5674 953 5748 gloriabatur.
970 5677 1074 5733 llla
1092 5674 1432 5733 Carchamis
1452 5680 1509 5730 et
1540 5674 1653 5729 illae
1673 5674 1800 5729 alia;

139 5766 411 5845 civitates
444 5780 596 5838 quas
623 5766 1004 5836 enumeravit,
1023 5765 1285 5841 gentium
1325 5764 1585 5823 civitates
1613 5768 1801 5838 erant,

1918 3468 2022 3523 per
2051 3451 2259 3507 nidum
2284 3470 2481 3524 regna,
2505 3454 2589 3509 ita
2609 3454 2789 3509 etiam
2823 3472 2925 3527 per
2953 3472 3061 3511 ova
3088 3456 3408 3531 intelligere
3437 3476 3573 3531 pos-

1916 3558 2126 3597 sumus
2156 3541 2514 3598 babitatores
2547 3560 2885 3616 regnorum.
2916 3545 3166 3611 Quidam
3211 3548 3440 3603 codices
3471 3548 3573 3605 ha-

1916 3631 2058 3686 bent
2084 3647 2246 3699 uvas,
2267 3632 2368 3686 sed
2393 3630 2543 3688 falso
2562 3632 2850 3705 scriptum
2880 3639 2991 3689 est.
3005 3634 3153 3701 Quia
3181 3635 3339 3692 enim
3364 3636 3574 3710 primi-

1916 3725 2015 3776 tus
2044 3720 2191 3775 dixit
2215 3721 2287 3776 de
2316 3720 2474 3788 nido,
2499 3720 2583 3777 sic
2614 3726 2746 3795 post
2772 3722 2844 3778 de
2892 3723 3120 3781 ovis.Et
3164 3742 3273 3782 vox
3318 3730 3409 3781 est
3437 3726 3578 3784 Sen-

1917 3810 2216 3865 nacberib.
2288 3850 2293 3853 .

1988 3921 2015 3947 ‹‹
2050 3900 2121 3953 Et
2146 3915 2261 3954 non
2293 3897 2420 3966 fuit,
2455 3897 2555 3969 qui
2578 3906 2829 3954 moveret
2861 3915 3136 3971 pennam,
3174 3921 3202 3948 »
3236 3899 3293 3954 id
3325 3904 3434 3967 est,
3466 3901 3569 3972 qui

1915 3987 2156 4041 auderet
2188 4003 2430 4042 manum
2452 3992 2657 4041 contra
2686 4003 2780 4041 me
2798 3987 3042 4058 erigere,
3068 4007 3098 4035 ‹‹
3130 3991 3188 4041 et
3216 3987 3506 4058 ganniret.
3537 4010 3565 4038 »

1914 4074 2164 4130 Gannire
2195 4074 2425 4146 proprie
2456 4072 2650 4129 avium
2683 4078 2792 4143 est,
2824 4078 2879 4128 et
2920 4074 3117 4145 posuit
3146 4091 3251 4146 pro
3294 4092 3362 4129 eo
3408 4077 3564 4147 quod

1913 4169 2004 4218 est
2034 4163 2269 4218 mutire.

1989 4272 2017 4301 ‹‹
2046 4250 2322 4322 Nunquid
2371 4249 2718 4323 gloriabitur
2763 4251 3026 4307 securis?
3050 4274 3079 4301 »
3108 4251 3230 4309 Vox
3271 4254 3565 4326 prophetae

1915 4340 1985 4395 de
2002 4338 2416 4395 Sennacberib.
2433 4340 2500 4394 Et
2521 4343 2610 4394 est
2630 4357 2841 4396 sensus
2857 4357 2870 4394 :
2886 4340 3281 4397 Sennacberib
3311 4359 3566 4415 namque

1914 4428 2198 4484 ultionem
2221 4445 2401 4501 quam
2432 4427 2567 4483 fecit
2595 4446 2775 4501 super
2805 4430 3007 4485 decem
3054 4429 3264 4499 tribus,
3297 4448 3411 4486 non
3461 4431 3564 4487 Dei

1913 4517 2196 4573 voluntati
2220 4516 2526 4588 reputavit,
2546 4517 2648 4573 sed
2673 4534 2793 4574 suae
2814 4517 3249 4574 fortitudini.Et
3268 4520 3485 4574 dicitur
3511 4520 3565 4576 ei

1915 4624 1950 4663 a
1976 4606 2296 4679 prephcta:
2330 4606 2390 4662 Si
2447 4606 2694 4676 securis,
2720 4610 2824 4662 aut
2880 4598 3062 4675 serra,
3102 4606 3192 4663 vel
3247 4606 3429 4681 virga,
3463 4613 3566 4665 aut

1914 4696 2090 4752 etiam
2122 4695 2485 4766 baculusque
2512 4695 2742 4768 lignum
2785 4700 2895 4763 est,
2928 4695 3232 4768 erigantur
3260 4696 3318 4752 in
3359 4714 3563 4770 super-

1918 4784 2072 4840 biam
2103 4789 2162 4840 et
2191 4785 2392 4839 dicant
2425 4801 2439 4838 :
2475 4785 2591 4839 Hoc
2631 4784 2785 4856 quod
2819 4785 3089 4853 facimus,
3123 4790 3323 4841 nostra
3351 4786 3565 4843 virtute

1914 4878 1971 4929 et
1996 4873 2315 4946 sagacitate
2336 4872 2752 4945 adimplemus.
2770 4873 2863 4929 Sic
2889 4874 3120 4930 dicebat
3143 4874 3560 4931 Sennacberib.

1914 4963 2078 5018 Sicut
2106 4979 2174 5017 ea
2205 4980 2333 5034 quae
2378 4979 2559 5034 supra
2605 4963 2863 5018 diximus
2894 4968 3197 5035 nequeunt
3227 4964 3473 5036 operari,
3507 4969 3565 5020 et

1914 5051 2136 5123 aliquid
2168 5049 2410 5122 implere
2441 5068 2543 5123 per
2571 5050 2718 5117 se,si
2741 5068 2855 5106 non
2889 5051 3062 5107 fuerit
3090 5052 3191 5124 qui
3223 5053 3280 5107 in
3312 5053 3396 5108 eis
3426 5070 3562 5127 ope-

1912 5144 2073 5197 retur
2097 5156 2109 5195 :
2134 5140 2218 5195 sic
2230 5139 2760 5205 Sennacberib,hoc
2772 5141 2927 5211 quod
2948 5140 3084 5196 fecit
3099 5158 3213 5196 non
3237 5141 3561 5214 implesset,

1912 5231 2025 5286 nisi
2057 5229 2302 5284 Domino
2333 5228 2705 5301 permittente
2733 5234 2971 5301 propter
2997 5235 3236 5302 peccata
3267 5231 3487 5302 populi.

1983 5342 2010 5369 ‹‹
2048 5320 2359 5391 Propterea
2406 5317 2601 5371 mittet
2649 5317 2935 5373 Dominus
2982 5318 3043 5373 in
3083 5319 3403 5392 pinguibus
3433 5321 3562 5392 ejus

1914 5407 2314 5465 tenuitatem.»
2337 5406 2443 5460 Per
2462 5406 3019 5477 pingues,debemus
3040 5407 3364 5481 intelligere
3383 5410 3561 5466 duces

1913 5513 1980 5552 ac
2010 5495 2306 5568 principes
2346 5498 2404 5549 et
2450 5494 2629 5549 fortes
2677 5493 3011 5564 bellatores,
3044 5512 3191 5567 quos
3237 5499 3562 5555 attenuavit

1915 5585 2217 5652 Dominus,
2252 5582 2489 5654 quando
2547 5582 2713 5637 misit
2759 5581 3038 5654 angelum
3087 5601 3263 5641 suum
3284 5587 3459 5656 (sicut
3498 5587 3559 5643 in

1911 5670 2408 5744 subsequentibus
2436 5668 2787 5741 videbimus)
2804 5670 2905 5741 qui
2927 5671 3216 5728 interfecit
3240 5690 3309 5730 ex
3328 5675 3413 5732 eis
3432 5692 3560 5733 cen-

1910 5767 2038 5819 tum
2068 5759 2365 5833 octoginta
2394 5757 2654 5833 quinque
2684 5756 2871 5816 millia
2894 5759 2984 5836 (IV
3011 5761 3138 5834 Reg.
3169 5762 3307 5842 xm).
