3960 6404
380 467 499 529 ’715

752 467 1163 529 HAYMONIS
1210 464 1755 527 HALBERSTAT.
1800 464 2048 529 EPISC.
2095 466 2268 529 OPP.
2316 465 2519 527 PARS
2564 466 2612 526 Ι.
2661 500 2738 511 -
2779 465 3189 529 COMMENT.
3238 467 3440 529 BIBL.

3687 466 3803 528 778

455 623 485 652 «
516 601 586 656 Et
616 601 830 655 subtus
861 598 1049 671 gloria
1074 599 1206 670 ejus
1250 614 1555 665 succensa,
1588 598 1820 654 ardebit
1861 601 2035 671 quasi
2063 603 2118 669 Α
2148 600 2278 672 Ipse
2298 603 2495 655 autem
2526 616 2643 655 non
2675 599 2941 655 liberavit
2966 616 3089 669 eos,
3113 599 3215 656 sed
3250 598 3536 655 Dominus
3566 603 3804 672 propter

382 688 710 746 combustio
741 687 954 759 ignis.»
975 686 1127 742 Dicit
1146 687 1355 743 beatus
1375 686 1762 760 Hieronymus
1778 689 2037 761 quodam
2080 754 2091 765 I

381 778 543 835 loco:
575 776 723 842 Quia
757 776 994 847 quando
1024 776 1313 831 exercitus
1364 775 1525 831 illius
1558 776 1897 832 interfectus
1924 783 2035 845 est,

380 868 577 923 omnia
607 882 851 938 corpora
880 869 1086 920 exusta
1120 869 1260 920 sunt
1288 866 1362 920 ab
1398 864 1529 937 igne
1559 864 1777 920 caelesti
1814 883 1827 920 :
1862 867 2037 921 vesti-

380 959 578 1011 menta
606 958 801 1009 autem
836 954 1017 1009 illaesa
1037 959 1505 1025 permanserunt.
1531 955 1601 1009 Et
1622 954 1920 1009 venientes
1940 956 2039 1011 Ju-

377 1042 483 1099 daei
515 1043 883 1116 accipiebant
912 1043 1318 1098 summitatem
1350 1043 1550 1109 vestis,
1582 1048 1639 1099 et
1667 1044 2039 1099 excutiebant

376 1131 674 1206 pulverem
706 1149 1041 1206 corporum,
1073 1149 1202 1204 quae
1236 1132 1294 1186 in
1329 1130 1564 1204 pulvere
1594 1133 1830 1189 redacta
1873 1137 2032 1189 sunt.

377 1221 686 1293 Pmpterea
733 1237 870 1291 ergo
914 1221 1058 1277 dicit
1092 1238 1105 1276 :
1138 1220 1325 1293 gloria
1361 1221 1491 1292 ejus
1534 1238 1781 1277 accensa
1810 1222 2038 1277 ardebit

375 1310 545 1383 quasi
576 1310 909 1366 combustio
949 1309 1104 1391 ignis
1129 1326 1141 1364 :
1166 1310 1235 1365 Et
1256 1327 1503 1366 accensa
1551 1311 1779 1366 ardebit
1799 1311 2033 1378 subtus,

374 1400 433 1455 id
455 1400 683 1466 est,sub
711 1399 1101 1455 vestimentis.
1116 1398 1374 1454 Gloriam
1396 1403 1594 1454 autem
1615 1400 1869 1473 appellat
1888 1400 2036 1455 mul-

372 1487 687 1545 titudinem
718 1486 1028 1544 exercitus.
1063 1488 1211 1554 Quia
1240 1488 1558 1544 multitudo
1606 1490 1807 1562 pepuli
1851 1489 2036 1564 gloria

375 1577 530 1650 regis
557 1580 667 1633 est.
702 1576 887 1648 (Prov.
919 1580 1060 1645 xxv).

445 1690 474 1717 ‹‹
509 1667 579 1723 Et
606 1665 717 1721 erit
743 1665 945 1722 lumen
979 1665 1157 1722 Israel
1192 1666 1250 1721 in
1282 1665 1438 1739 igne.
1459 1689 1485 1715 ››
1521 1667 1744 1722 Lumen
1778 1666 2036 1740 appellat

374 1754 674 1827 angelum,
703 1754 804 1826 qui
838 1756 1146 1810 succendit
1179 1754 1330 1809 illos.
1369 1756 1491 1810 «Et
1520 1760 1762 1811 sanctus
1811 1757 1942 1827 ejus
1974 1756 2033 1810 in

372 1844 631 1901 flamma.
664 1864 693 1893 »ι
731 1843 952 1898 Lumen
985 1846 1043 1897 et
1070 1848 1313 1898 sanctus
1344 1861 1531 1899 unum
1564 1848 1673 1912 est,
1706 1844 1808 1916 qui
1840 1843 1951 1903 fuit
1974 1845 2033 1900 in

370 1932 504 2006 igne
549 1934 608 1987 et
655 1931 897 1987 ﬂamma
936 1931 1214 2003 Assyriis,
1247 1932 1403 2004 quod
1453 1949 1659 1989 omnes
1698 1932 2030 1989 combussit

367 2020 522 2094 igne.
558 2020 783 2076 Lumen
814 2023 1035 2088 autem,
1069 2020 1128 2076 id
1160 2024 1251 2075 est
1292 2019 1593 2094 angelum,
1631 2022 1808 2092 Israel
1836 2021 1979 2078 dicit
2009 2039 2023 2078 :

368 2109 508 2183 quia
535 2108 855 2180 unicuique
885 2108 1043 2182 genti
1074 2126 1111 2165 a
1139 2109 1255 2165 Deo
1280 2108 1510 2182 legatus
1538 2115 1630 2166 est
1660 2110 1928 2183 angelus.
1962 2112 2034 2167 Et

367 2199 574 2256 dicunt
595 2198 838 2265 llehrzei,
854 2198 1011 2269 quod
1037 2197 1281 2254 Michael
1305 2198 1697 2272 archangelus
1718 2198 1917 2267 fuerit,
1936 2199 2029 2255 cui

367 2287 687 2344 commissa
704 2291 830 2342 erat
850 2286 949 2341 illa
983 2303 1129 2359 gens
1164 2286 1674 2354 Israelitica,sieut
1704 2287 1763 2343 in
1794 2288 2033 2343 Daniele

366 2378 641 2450 legimus.
672 2400 705 2427 «
740 2376 1121 2432 Devorabitur
1147 2376 1319 2447 spina
1348 2377 1500 2448 ejus,
1533 2397 1562 2426 »
1591 2376 1652 2431 id
1700 2380 1811 2444 est,
1842 2375 2032 2449 gloria

365 2469 497 2539 ejus
526 2472 585 2522 et
614 2464 848 2531 divitias,
884 2488 911 2515 ‹‹
947 2469 1006 2520 et
1053 2481 1259 2536 vepres
1291 2486 1320 2514 »
1351 2464 1529 2519 etiam
1581 2469 2027 2520 consumantur.

366 2557 429 2611 Id
460 2558 553 2611 est
576 2553 942 2627 iniquitates,
970 2557 1029 2609 et
1059 2556 1298 2625 peccata
1329 2552 1771 2625 apprehendent
1798 2570 1955 2608 eum.

440 2667 470 2697 ‹‹
491 2645 556 2701 In
587 2661 706 2701 una
733 2643 848 2699 die.
868 2642 1066 2699 Gloria
1096 2641 1284 2697 saltus
1315 2643 1444 2713 ejus
1474 2645 1532 2697 et
1561 2642 1797 2698 earmeli
1830 2644 1980 2714 ejus.
1999 2665 2028 2693 »

365 2733 625 2791 Gloriam
658 2730 915 2805 appellat
937 2729 1381 2787 multitudinem
1405 2730 1777 2803 populorum.
1802 2731 2032 2787 Carme-

366 2824 461 2881 lus
490 2839 663 2881 mons
694 2837 948 2894 magnus
974 2824 1086 2887 est,
1104 2818 1331 2875 habens
1363 2819 1805 2875 multitudinem
1835 2820 2029 2893 ligno-

365 2914 611 2971 rum.Et
640 2916 730 2977 est
758 2927 937 2968 sensu
964 2927 978 2967 :
1002 2908 1305 2966 Exercitus
1334 2914 1498 2978 tuus,
1530 2909 1631 2981 qui
1670 2913 1873 2966 tantus
1916 2914 2026 2977 est,

364 3002 540 3059 sicuti
562 3001 799 3058 arbores
819 2998 879 3056 in
900 2996 1080 3072 sylvis
1101 3002 1159 3054 et
1187 2998 1248 3054 in
1280 3003 1478 3055 monte
1526 2998 1798 3065 Carmeli,
1818 2998 2031 3071 peribit

366 3097 424 3147 et
451 3092 512 3149 in
538 3105 785 3162 corpore
815 3092 872 3147 et
900 3088 960 3145 in
1006 3087 1225 3145 anima.
1258 3112 1287 3139 ‹‹
1313 3090 1384 3145 Et
1414 3089 1527 3144 erit
1567 3094 1787 3144 terrore
1838 3089 2033 3161 profu-

364 3198 536 3253 gus.»
556 3180 704 3235 Cum
732 3178 1081 3235 surrexisset
1098 3194 1271 3233 mane
1287 3176 1768 3245 Sennacherib,et
1787 3177 2032 3233 vidisset

366 3287 603 3326 omnem
646 3267 964 3324 exercitum
996 3284 1173 3322 suum
1204 3268 1585 3322 combustum
1632 3267 1753 3339 igni
1780 3284 1795 3321 :
1820 3267 2031 3322 timore

2057 1981 2105 2045 B

2148 706 2383 745 servum
2433 705 2611 744 suum
2670 687 2873 744 David.
2920 688 3068 744 Cum
3124 692 3320 744 autem
3380 687 3479 746 ille
3536 692 3803 746 mortuus

2148 776 2377 846 fuisset,
2413 776 2689 850 filiusque
2714 776 2847 848 ejus
2875 776 3154 834 Ezechias
3197 776 3360 850 regni
3408 776 3801 850 gubernacula

2146 865 2416 938 cepisset,
2445 866 2646 921 omnia
2666 864 2985 922 simulacra
3013 882 3143 938 qua:
3164 870 3332 921 erant
3351 865 3411 921 in
3440 864 3799 922 Hierusalem

2145 954 2449 1027 confregit,
2471 954 2874 1028 populumque
2904 954 3006 1009 Dei
3028 971 3205 1027 quem
3236 959 3405 1027 pater
3431 954 3561 1026 ejus
3583 956 3653 1010 ad
3676 954 3796 1010 cul-

2128 1036 2272 1098 tum
2303 1044 2570 1116 gentium
2619 1043 3033 1116 verterat,ipse
3063 1045 3137 1099 ad
3170 1044 3271 1100 Dei
3303 1044 3530 1100 cultum
3571 1059 3801 1101 revoca-

2142 1131 2244 1187 vit.
2260 1133 2406 1188 Nam
2439 1149 2543 1205 per
2563 1149 2768 1188 omnes
2791 1132 3041 1206 angulos
3057 1132 3409 1206 platearum,
3426 1137 3484 1188 et
3502 1149 3680 1206 super
3697 1134 3802 1190 do—

2146 1238 2274 1277 mos
2296 1226 2353 1277 et
2382 1221 2441 1276 in
2475 1222 2816 1277 nemoribus
2837 1226 2893 1277 et
2915 1221 2974 1277 in
2996 1221 3166 1292 lucis,
3186 1221 3314 1295 ipse
3334 1222 3594 1296 perﬁdus
3613 1222 3805 1279 Achaz

2144 1309 2303 1365 idola
2333 1310 2698 1367 diversorum
2730 1326 3012 1383 generum
3044 1312 3463 1369 constituerat:
3490 1329 3619 1385 qum
3642 1310 3801 1369 filius

2144 1400 2275 1471 ejus
2296 1399 2575 1456 Ezechias
2594 1398 2794 1455 omnia
2823 1398 3161 1455 minutatim
3185 1400 3560 1474 confregit,et
3588 1401 3647 1457 in
3679 1402 3802 1475 pul-
3839 1405 3843 1410 ’

2143 1505 2333 1545 verem
2356 1488 2597 1561 redegit.
2616 1488 2734 1544 Hoc
2754 1488 3002 1545 audiens
3023 1489 3658 1563 Sennacherib,spiritu
3682 1507 3804 1547 ma-

2142 1577 2430 1651 lignitatis
2450 1582 3114 1651 succensus,postquam
3134 1579 3345 1636 habuit
3363 1580 3562 1653 Syrios
3586 1584 3647 1636 et
3668 1580 3801 1636 Phi-

2098 1699 2106 1705 -
2144 1666 2655 1734 listsaos,etdecem
2676 1666 2870 1722 tribus
2900 1666 3341 1740 depradationis
3360 1684 3536 1723 onere
3554 1667 3806 1741 captiva-

2145 1756 2237 1809 tas
2256 1752 2414 1809 venit
2435 1753 2509 1810 ab
2530 1753 2775 1826 [Egypto
2798 1770 2934 1809 cum
2956 1752 3379 1810 innumerabili
3398 1753 3804 1825 multitudine,

2142 1842 2391 1898 tendens
2413 1842 2523 1898 iter
2551 1843 2623 1898 ad
2662 1841 3027 1899 Hierusalem
3067 1842 3128 1897 in
3160 1842 3615 1901 directum.Jam
3642 1843 3806 1900 enim

2146 1929 2329 1987 altera
2357 1931 2481 1987 vice
2508 1934 2838 1995 vastaverat
2866 1930 3132 1988 civitates
3156 1932 3342 2002 Judze,
3361 1936 3572 2005 printer
3599 1932 3802 1989 Hieru-

2144 2018 2351 2077 salem.
2382 2020 2692 2095 Propterea
2737 2019 3016 2093 dirigitur
3062 2037 3256 2079 sermo
3304 2020 3682 2095 propheticus
3730 2021 3807 2078 ad

2142 2109 2293 2165 duas
2322 2108 2512 2166 tribus
2531 2125 2661 2181 quae
2684 2112 2857 2166 antea
2876 2125 3043 2182 spem
3066 2115 3390 2183 posuerant
3432 2127 3613 2184 super
3627 2111 3804 2184 Egy-

2142 2196 2296 2270 ptios
2325 2202 2382 2253 et
2398 2196 2797 2269 Assyrios,qui
2820 2214 2919 2254 eos
2942 2214 3094 2269 saepe
3125 2198 3568 2270 percutiebant:
3594 2202 3662 2255 ut
3687 2215 3810 2257 non

2142 2284 2297 2341 ultra
2326 2285 2658 2343 innitantur
2676 2302 2857 2358 super
2878 2286 3109 2354 eos,sed
3132 2286 3193 2341 in
3216 2287 3466 2345 Domino
3487 2287 3607 2344 Deo
3626 2286 3809 2344 Israel

2141 2390 2306 2446 spem
2338 2378 2580 2447 ponant.
2613 2398 2641 2427 «
2678 2374 2741 2430 In
2771 2374 3034 2443 veritate,
3061 2397 3088 2424 ››
3122 2393 3238 2432 non
3268 2364 3425 2446 ﬁcta,
3448 2393 3560 2434 nee
3584 2374 3812 2451 duplici

2140 2463 2334 2530 corde,
2369 2463 2469 2518 sed
2502 2466 2623 2519 toto
2654 2463 2870 2520 mentis
2901 2463 3113 2519 affectu
3150 2486 3178 2516 α
3208 2463 3468 2536 reliquiae
3502 2488 3533 2515 ››
3563 2482 3693 2538 qua:
3724 2480 3817 2521 re-

2140 2554 2504 2619 manserunt,
2539 2556 2597 2607 et
2626 2568 2777 2624 quas
2806 2552 3093 2608 Dominus
3124 2552 3371 2609 sabaoth
3403 2552 3692 2610 liberavit.

2212 2663 2241 2692 (ι
2271 2641 2696 2698 Convertentur
2724 2642 2796 2697 ad
2828 2640 3017 2697 illum.
3055 2642 3115 2698 Si
3148 2641 3305 2699 enim
3340 2642 3515 2699 fuerit
3543 2642 3811 2715 populus

2139 2734 2280 2785 tuus
2313 2728 2510 2785 Israel.
2548 2752 2576 2779 ››
2609 2730 2727 2786 Ηοο
2775 2730 2849 2785 ad
2896 2730 3214 2786 adventum
3264 2730 3484 2787 Christi
3525 2732 3806 2804 pertinet.

2137 2818 2260 2874 Vox
2291 2818 2606 2891 prophetae.
2627 2819 2672 2875 Ο
2693 2820 2906 2876 domus
2930 2818 3270 2890 lsrael,licet
3292 2822 3458 2876 tanta
3484 2819 3807 2878 multitudo

2138 2907 2218 2964 sit
2237 2907 2296 2962 in
2322 2908 2514 2964 medio
2544 2908 2632 2965 tui
2656 2909 2827 2980 quasi
2859 2924 3039 2965 arena
3059 2908 3244 2964 maris
3272 2925 3286 2963 :
3314 2911 3514 2965 tamen
3532 2908 3607 2965 ad
3639 2925 3804 2966 com-

2140 2998 2505 3070 parationem
2537 2996 2797 3067 illorum,
2831 2996 3120 3070 quidquid
3154 2997 3213 3053 in
3247 2997 3468 3054 duritia
3496 3000 3687 3055 cordis
3716 3017 3809 3056 re-

2140 3085 2774 3155 manebit,adveniente
2794 3086 3024 3143 Christo
3055 3086 3115 3141 in
3147 3087 3516 3160 earne,quasi
3538 3086 3800 3161 reliquiae

2139 3179 2553 3231 convertentur
2581 3192 2649 3232 ex
2680 3174 2827 3247 ipsis
2876 3176 2948 3231 ad
2982 3174 3178 3248 ipsum
3219 3178 3395 3247 (Rom.
3432 3192 3509 3245 Ix,
3533 3179 3631 3246 ιι).
3663 3180 3803 3243 Qum

2138 3265 2379 3321 fuerunt
2415 3263 2542 3320 ista:
2593 3263 2890 3337 reliquiae?
2918 3264 3202 3337 Apostoli,
3235 3270 3302 3320 nt
3348 3264 3447 3321 alii
3506 3265 3606 3338 qui
3664 3270 3804 3323 ante

366 3356 899 3433 perterritus,fugit
927 3356 987 3411 in
1021 3360 1240 3410 terram
1268 3372 1459 3411 suam.
1494 3357 1565 3410 Et
1594 3372 1729 3411 cum
1760 3357 2031 3411 adoraret
2059 3351 2102 3418 C
2141 3354 2545 3411 ascensionem
2579 3353 2813 3411 Domini
2844 3353 3219 3411 crediderunt
3244 3371 3314 3410 ex
3342 3355 3581 3412 Judaeis.
3616 3355 3685 3411 Et
3712 3354 3801 3410 illi

367 3449 427 3502 in
480 3442 701 3516 templo
733 3442 992 3499 Nesrach
1040 3443 1216 3498 deum
1247 3443 1565 3508 suum,filii
1599 3444 1691 3499 sui
1721 3444 2026 3501 interfece-

368 3539 507 3591 runt
535 3548 672 3589 eum
697 3531 790 3599 (IV
819 3532 949 3601 Reg.
983 3533 1119 3600 nx).

441 3644 469 3673 ι(
500 3621 573 3676 Et
601 3635 748 3693 puer
774 3619 980 3675 scribit
1007 3635 1166 3686 eos,»
1198 3619 1257 3674 id
1288 3624 1396 3686 est,
1419 3637 1671 3692 quorum
1695 3625 1830 3676 ante
1850 3621 2029 3676 addu-

368 3715 529 3768 xerat
557 3712 784 3767 tantam
835 3707 1277 3764 multitudinem
1310 3708 1468 3764 sicut
1494 3726 1733 3765 arenam
1765 3728 1893 3782 quae
1940 3715 2030 3766 est

368 3801 427 3855 in
460 3798 653 3854 littore
684 3796 885 3864 maris,
921 3800 978 3851 et
1029 3796 1183 3852 sicut
1214 3796 1452 3853 arbores
1485 3814 1611 3869 qua:
1640 3802 1782 3853 sunt
1811 3799 1869 3852 in
1902 3815 2026 3853 ma-

365 3889 522 3945 ximo
553 3886 731 3959 saltu,
766 3904 800 3942 a
850 3903 1031 3958 puero
1088 3886 1330 3959 parvulo
1379 3891 1658 3959 poterunt
1706 3888 2022 3943 numerari.

367 3978 530 4047 Quod
579 3976 663 4033 ita
706 3977 928 4033 factum
982 3981 1095 4032 est.
1130 3976 1257 4032 Non
1310 3980 1723 4032 remanserunt
1770 3977 1928 4033 enim
1960 3994 2031 4033 ex

365 4065 526 4123 omni
556 4064 661 4121 illa
708 4064 1090 4121 multitudine
1140 4064 1252 4120 nisi
1286 4066 1487 4123 decem
1518 4065 1624 4120 viri
1666 4065 1767 4138 qui
1812 4064 2031 4138 pariter

367 4173 503 4211 cum
536 4154 635 4210 illo
668 4155 807 4227 fuga
832 4153 984 4227 lapsi
1016 4159 1177 4210 sunt.

438 4268 467 4296 «ι
502 4245 576 4301 Et
603 4242 716 4301 erit
743 4243 804 4298 in
834 4242 929 4299 die
959 4242 1082 4299 illa.
1115 4265 1144 4295 ››
1173 4242 1338 4299 Diem
1370 4243 1567 4317 accipe
1597 4261 1703 4317 pro
1739 4249 2025 4317 tempore.

367 4360 395 4386 ‹‹
430 4335 557 4391 Νοη
586 4331 826 4405 adjiciet
868 4333 1170 4389 residuum
1204 4332 1408 4389 Israel.
1439 4356 1460 4383 ο
1499 4333 1820 4390 Residuum
1855 4333 2031 4390 Israel

364 4427 534 4481 vocat
562 4421 697 4479 illos
726 4421 829 4493 qui
862 4425 1273 4478 remanserunt
1301 4439 1370 4477 ex
1396 4421 1517 4499 illis
1564 4423 1794 4479 duabus
1842 4422 2028 4478 tribu-

367 4511 618 4585 bus,qui
648 4528 765 4569 non
797 4515 936 4568 sunt
955 4511 1109 4583 capti
1141 4529 1177 4566 a
1196 4511 1850 4569 Sennacherib.0mnes
1869 4512 2029 4568 enim

367 4603 632 4659 civitates
660 4600 922 4658 munitas
951 4599 1117 4657 Judm
1143 4605 1203 4656 et
1222 4600 1528 4673 Benjamin
1548 4602 1783 4673 cepit,et
1803 4606 2029 4673 partem

367 4692 545 4749 etiam
600 4689 934 4747 inferiorem
991 4691 1065 4745 de
1109 4689 1496 4758 Hierusalem,
1528 4691 1794 4746 tradente
1834 4690 2031 4746 Sobna
2060 4726 2106 4790 Β

369 4780 563 4838 scriba
584 4796 700 4851 prae
725 4779 955 4835 timore.
980 4779 1144 4844 Quod
1176 4783 1371 4836 autem
1405 4780 1547 4835 dicit
1579 4803 1605 4831 α
1639 4779 1739 4851 qui
1771 4779 2030 4852 fugerint

367 4869 549 4925 Jacob
582 4884 595 4923 :
635 4891 663 4917 »
694 4868 766 4925 ad
797 4868 908 4923 hoc
937 4867 1197 4940 respicit,
1232 4868 1371 4940 quia
1399 4884 1533 4924 cum
1565 4868 1677 4924 illae
1709 4885 1914 4924 omnes
1939 4868 2025 4923 ci-

367 4957 576 5014 vitates
596 4956 760 5013 Judaa
791 4956 1517 5028 depopularentur,omnes
1534 4959 1633 5030 qui
1654 4958 1802 5030 fugae
1824 4956 2026 5029 praesi-

369 5046 535 5102 dium
565 5061 770 5118 capere
793 5050 1109 5118 potuerunt
1136 5045 1195 5101 in
1230 5045 1594 5102 Hierusalem
1623 5046 1695 5102 ad
1719 5046 2025 5101 Ezechiam

371 5135 665 5208 fugerunt.
698 5135 769 5190 Et
799 5135 954 5206 quod
989 5133 1132 5189 dicit
1164 5156 1191 5185 ς(
1224 5152 1341 5191 non
1390 5136 1628 5207 adjiciet
1674 5134 1868 5202 inniti,
1906 5158 1933 5184 »
1966 5135 2026 5190 id

369 5230 458 5279 est
487 5224 800 5290 conlidere,
826 5245 853 5273 «
877 5240 1057 5297 super
1085 5240 1151 5279 eo
1184 5222 1283 5295 qui
1316 5224 1569 5296 percutit
1591 5241 1691 5280 eos
1724 5240 1737 5279 :
1774 5245 1802 5274 »
1828 5224 1912 5279 sic
1938 5228 2028 5281 est

370 5310 819 5383 intelligendum
842 5312 931 5380 (IV
961 5313 1095 5384 Reg.
1115 5316 1406 5381 xv:,xvm)
1430 5330 1443 5367 ε
1472 5314 1762 5385 Tempore
1785 5312 1882 5367 illo
1909 5328 2025 5384 quo

372 5396 593 5455 Phacee
621 5404 679 5454 et
710 5398 887 5456 Rasin
917 5399 1228 5457 voluerunt
1256 5401 1471 5469 venire,
1506 5401 1561 5456 id
1613 5405 1704 5457 est
1734 5400 2026 5457 debellare

371 5487 521 5544 duas
570 5487 781 5555 tribus,
813 5489 978 5545 misit
1025 5506 1123 5544 rex
1148 5489 1341 5545 Achaz
1370 5491 1624 5546 duarum
1656 5490 1919 5545 tribuum
1953 5490 2026 5545 ad

370 5590 569 5649 regem
618 5570 866 5648 Egypti,
899 5582 964 5633 ut
991 5577 1265 5635 liberaret
1294 5595 1429 5635 eum
1461 5580 1532 5636 de
1565 5579 1842 5636 manibus
1882 5579 2027 5635 duo-

370 5676 503 5717 rum
522 5675 728 5731 rcgum
749 5663 950 5723 dicens
971 5682 986 5719 :
1016 5688 1043 5716 ››
1066 5667 1280 5723 Servus
1295 5671 1434 5723 tuus
1454 5668 2028 5737 sum,tantummodo

370 5747 501 5803 veni
533 5749 593 5801 et
612 5748 774 5825 auter
797 5752 1014 5827 jugum
1048 5752 1268 5812 Phaeca
1297 5760 1353 5812 et
1380 5756 1561 5814 Basia
1593 5757 1665 5815 de
1694 5754 1844 5817 collo
1875 5773 2031 5817 meo.

2138 3444 2210 3499 de
2240 3442 2457 3515 quibus
2488 3442 2705 3515 legitur
2730 3442 2792 3499 in
2821 3444 3066 3499 Actibus
3112 3443 3510 3516 apostolorum
3536 3460 3551 3499 :
3591 3466 3617 3494 ι(
3650 3443 3805 3509 Quia

2138 3531 2492 3604 praedicante
2521 3532 2686 3589 Petro
2718 3531 3094 3589 crediderunt
3124 3550 3241 3589 una
3287 3533 3382 3589 die
3430 3532 3543 3589 tria
3587 3531 3798 3601 millia,

2137 3618 2320 3676 altera
2343 3619 2434 3677 die
2462 3620 2725 3693 quinque
2746 3621 2935 3677 millia
2950 3622 3089 3692 (Act.
3113 3638 3175 3690 ιι,
3204 3625 3343 3692 ιν).››
3362 3646 3391 3674 ι(
3415 3623 3799 3680 Consumma-

2138 3708 2243 3776 tio,
2278 3731 2306 3757 ››
2339 3708 2398 3764 id
2436 3714 2527 3766 est
2569 3709 2843 3782 perfectio
2896 3710 3016 3767 sive
3069 3710 3382 3784 completio
3412 3734 3439 3762 ‹‹
3462 3710 3801 3768 abbreviata

2138 3796 2469 3865 inundabit,
2498 3821 2525 3849 ››
2558 3798 2614 3853 id
2649 3802 2741 3855 est
2770 3799 3060 3856 inundare
3093 3800 3265 3856 faciet
3294 3799 3693 3872 «justitiam.»
3716 3799 3800 3855 De

2138 3884 2393 3939 adventu
2424 3883 2655 3940 Domini
2688 3885 3067 3943 continentur
3095 3888 3229 3944 ista.
3264 3888 3564 3954 Quomodo
3593 3888 3803 3944 abbre-

2136 3973 2293 4031 viata
2311 3977 2401 4029 est
2429 3972 2744 4045 perfectio?
2766 3974 2913 4040 Quia
2933 3975 3133 4032 omnia
3170 3993 3298 4049 qua:
3328 3976 3388 4032 in
3418 3976 3545 4049 lege
3573 3980 3632 4033 et
3658 3992 3799 4049 pro-

2138 4062 2330 4135 phetis
2359 4062 2430 4118 de
2461 4062 2708 4119 Domino
2757 4065 3035 4136 praedicta
3081 4069 3249 4121 erant
3296 4082 3401 4139 per
3439 4065 3615 4138 longa
3663 4068 3799 4120 ante

2044 4190 2051 4205 .
2137 4156 2422 4224 tempora,
2451 4152 2562 4226 ipsi
2587 4152 2646 4209 in
2668 4153 2829 4210 brevi
2856 4158 3120 4227 tempore
3141 4154 3501 4228 adimplevit,
3524 4154 3585 4211 in
3605 4154 3799 4211 tribus

2101 4241 2405 4311 ,videlicet
2450 4240 2623 4299 annis
2667 4248 2726 4299 et
2775 4242 2943 4299 semi.
2977 4243 3047 4299 Et
3099 4245 3391 4317 quomodo
3440 4243 3577 4300 fecit
3619 4242 3797 4298 inuno

2140 4331 2300 4399 dare,
2335 4330 2392 4387 id
2420 4335 2510 4388 est
2561 4331 2862 4388 abundare
2900 4331 3244 4404 justitiam?
3272 4332 3421 4400 Quia
3463 4331 3798 4406 praedicatio

2143 4419 2546 4492 apostolorum
2595 4421 2655 4476 in
2707 4437 2943 4478 omnem
2992 4425 3210 4479 terram
3240 4421 3431 4490 exivit,
3463 4425 3521 4478 et
3554 4420 3617 4477 in
3647 4421 3798 4477 tim

2151 4512 2316 4565 terrae
2346 4508 2522 4565 verba
2566 4526 2767 4566 eorum
2822 4515 3213 4583 pervenerunt
3239 4512 3412 4582 (Psal.
3442 4512 3624 4580 xvm).
3656 4511 3798 4576 Qus

2138 4597 2250 4654 fuit
2281 4597 2392 4655 ista
2416 4597 2691 4670 justitia‘?
2718 4598 2867 4667 Quia
2897 4598 3226 4655 humanum
3258 4616 3467 4672 genus,
3482 4599 3639 4672 quod
3668 4598 3800 4654 dia-

2140 4682 2310 4739 bolus
2340 4700 2444 4756 per
2473 4683 2764 4741 fallaciam
2805 4685 3164 4757 possidebat,
3198 4687 3324 4759 ipse
3371 4703 3475 4759 per
3504 4685 3798 4761 passionis

2136 4773 2463 4845 trophaeum
2498 4791 2533 4830 a
2561 4774 2770 4831 mortis
2800 4773 3033 4831 vinculo
3062 4774 3348 4831 liberavit.

2207 4888 2234 4915 α
2271 4863 2874 4936 Consummationem,
2909 4888 2936 4913 ι»
2967 4865 3025 4920 id
3074 4870 3164 4921 est
3214 4864 3624 4938 perfectionem
3672 4865 3799 4921 sive

2134 4951 2606 5024 eompletioncm,
2641 4976 2667 5003 «
2702 4958 2760 5009 et
2788 4953 3282 5010 abbreviationem
3311 4953 3482 5013 faciet
3508 4953 3798 5011 Dominus

2136 5042 2194 5096 in
2228 5042 2422 5097 medio
2453 5046 2639 5109 terrae,
2676 5065 2704 5093 ››
2736 5041 2909 5099 sicuti
2933 5043 3060 5115 jam
3089 5042 3365 5100 diximus.

2205 5130 2306 5187 Vel
2322 5132 2499 5187 etiam
2513 5133 2668 5204 quod
2682 5131 2917 5188 brevius
2931 5148 3251 5205 possumus
3272 5133 3483 5201 dicere,
3498 5133 3797 5197 abbrevia-

2136 5220 2354 5276 tionem
2370 5220 2504 5277 feeit
2516 5220 2800 5277 Dominus
2817 5238 2829 5276 :
2848 5221 3081 5293 quando
3094 5220 3155 5277 in
3169 5221 3359 5278 tribus
3370 5222 3579 5278 diebus
3594 5221 3796 5277 omnia

2135 5327 2263 5382 quae
2285 5310 2357 5365 de
2379 5326 2488 5365 sua
2509 5310 2781 5381 passione
2801 5315 2859 5365 et
2888 5311 3312 5367 resurrectione
3340 5310 3429 5367 vel
3449 5310 3791 5366 liberatione

2135 5399 2379 5455 humani
2392 5399 2623 5470 generis
2636 5399 2915 5472 przedicta
2924 5399 3427 5472 erant,complevit
3446 5402 3596 5470 (Luc.
3609 5404 3787 5469 xxxv).

2138 5489 2201 5545 In
2224 5489 2419 5544 medio
2441 5493 2635 5546 autem
2661 5494 2823 5545 terra:
2844 5488 3155 5561 dieit,quia
3175 5487 3541 5546 Hierusalem
3560 5488 3659 5545 ubi
3677 5487 3789 5544 hoc

2138 5577 2485 5650 mysterium
2511 5577 2767 5634 salutare
2790 5583 3087 5651 patratum
3118 5582 3227 5645 est,
3244 5577 3558 5635 umbilicus
3576 5577 3791 5632 dicitur

2138 5683 2266 5724 esse
2300 5671 2462 5722 terra:
2512 5668 2725 5737 (Ezech.
2760 5668 2896 5740 xvx).
2928 5666 3033 5724 Vel
3075 5667 3254 5724 etiam
3297 5665 3791 5724 abbreviationem

2141 5755 2295 5825 fecit,
2310 5756 2547 5829 quando
2569 5772 2805 5816 omnem
2831 5755 3128 5817 inﬁnitam
3149 5753 3588 5817 multitudinem
3612 5755 3791 5834 Assy-
