  <div class='ocr_page' id='page_1' title='image "/cluster/home/n/w/nwhite01/storage/ocr_20150623/115-116/uc1.31175006916467/113.png"; bbox 0 0 3944 6408; ppageno 0'>
   <div class='ocr_carea' id='block_1_1' title="bbox 277 299 568 358">
    <p class='ocr_par' dir='ltr' id='par_1_1' title="bbox 277 299 568 358">
     <span class='ocr_line' id='line_1_1' title="bbox 277 299 568 358; baseline 0.007 -4"><span class='ocrx_word' id='word_1_1' title='bbox 277 347 285 354; x_wconf 92' lang='grc'>.</span> <span class='ocrx_word' id='word_1_2' title='bbox 395 299 568 358; x_wconf 76' lang='grc'><strong>211⁹</strong></span> 
     </span>
    </p>
   </div>
   <div class='ocr_carea' id='block_1_2' title="bbox 1507 287 2735 354">
    <p class='ocr_par' dir='ltr' id='par_1_2' title="bbox 1507 287 2735 354">
     <span class='ocr_line' id='line_1_2' title="bbox 1507 287 2735 354; baseline -0.007 0"><span class='ocrx_word' id='word_1_3' title='bbox 1507 294 1866 354; x_wconf 77' lang='lat' dir='ltr'>ANGELOMI</span> <span class='ocrx_word' id='word_1_4' title='bbox 1908 287 2381 350; x_wconf 77' lang='lat' dir='ltr'>LUXOVIENSIS</span> <span class='ocrx_word' id='word_1_5' title='bbox 2415 291 2735 348; x_wconf 72' lang='lat' dir='ltr'>MONACHI</span> 
     </span>
    </p>
   </div>
   <div class='ocr_carea' id='block_1_3' title="bbox 3727 297 3830 354">
    <p class='ocr_par' dir='ltr' id='par_1_3' title="bbox 3727 297 3830 354">
     <span class='ocr_line' id='line_1_3' title="bbox 3727 297 3830 354; baseline 0 0"><span class='ocrx_word' id='word_1_6' title='bbox 3727 297 3830 354; x_wconf 73' lang='grc'>212</span> 
     </span>
    </p>
   </div>
   <div class='ocr_carea' id='block_1_4' title="bbox 397 411 3832 498">
    <p class='ocr_par' dir='ltr' id='par_1_4' title="bbox 397 411 3832 498">
     <span class='ocr_line' id='line_1_4' title="bbox 397 411 3832 498; baseline -0.001 -17"><span class='ocrx_word' id='word_1_7' title='bbox 397 421 504 498; x_wconf 89' lang='grc' dir='ltr'>[Ζ.,</span> <span class='ocrx_word' id='word_1_8' title='bbox 534 424 672 495; x_wconf 87' lang='lat' dir='ltr'>hoc]</span> <span class='ocrx_word' id='word_1_9' title='bbox 697 423 1020 496; x_wconf 89' lang='lat' dir='ltr'>deposcere</span> <span class='ocrx_word' id='word_1_10' title='bbox 1048 421 1346 488; x_wconf 87' lang='lat' dir='ltr'>videntur,</span> <span class='ocrx_word' id='word_1_11' title='bbox 1367 426 1424 478; x_wconf 92' lang='lat' dir='ltr'>et</span> <span class='ocrx_word' id='word_1_12' title='bbox 1453 436 1527 478; x_wconf 91' lang='lat' dir='ltr'>ne</span> <span class='ocrx_word' id='word_1_13' title='bbox 1557 421 1850 494; x_wconf 83' lang='lat' dir='ltr'>recipiant</span> <span class='ocrx_word' id='word_1_14' title='bbox 1873 417 2055 485; x_wconf 90' lang='lat' dir='ltr'>mala,</span> <span class='ocrx_word' id='word_1_15' title='bbox 2099 416 2147 472; x_wconf 80' lang='grc' dir='ltr'><strong>Δ</strong></span> <span class='ocrx_word' id='word_1_16' title='bbox 2172 411 2487 486; x_wconf 85' lang='lat' dir='ltr'>impletum</span> <span class='ocrx_word' id='word_1_17' title='bbox 2509 415 2785 472; x_wconf 83' lang='lat' dir='ltr'>videmus</span> <span class='ocrx_word' id='word_1_18' title='bbox 2813 417 2958 490; x_wconf 86' lang='lat' dir='ltr'>quia</span> <span class='ocrx_word' id='word_1_19' title='bbox 2986 416 3048 474; x_wconf 92' lang='lat' dir='ltr'>in</span> <span class='ocrx_word' id='word_1_20' title='bbox 3070 420 3330 489; x_wconf 81' lang='lat' dir='ltr'>quatuor</span> <span class='ocrx_word' id='word_1_21' title='bbox 3351 418 3629 491; x_wconf 87' lang='lat' dir='ltr'>partibus</span> <span class='ocrx_word' id='word_1_22' title='bbox 3653 436 3832 478; x_wconf 91' lang='lat' dir='ltr'>mun-</span> 
     </span>
    </p>
   </div>
   <div class='ocr_carea' id='block_1_5' title="bbox 395 511 1892 583">
    <p class='ocr_par' dir='ltr' id='par_1_5' title="bbox 395 511 1892 583">
     <span class='ocr_line' id='line_1_5' title="bbox 395 511 1892 583; baseline -0.003 -14"><span class='ocrx_word' id='word_1_23' title='bbox 395 512 878 570; x_wconf 89' lang='lat' dir='ltr'>benedictionem</span> <span class='ocrx_word' id='word_1_24' title='bbox 912 511 1238 583; x_wconf 90' lang='lat' dir='ltr'>postulant,</span> <span class='ocrx_word' id='word_1_25' title='bbox 1270 527 1393 566; x_wconf 92' lang='lat' dir='ltr'>non</span> <span class='ocrx_word' id='word_1_26' title='bbox 1418 511 1892 566; x_wconf 81' lang='lat' dir='ltr'>retributionem.</span> 
     </span>
    </p>
   </div>
   <div class='ocr_carea' id='block_1_6' title="bbox 469 601 2060 670">
    <p class='ocr_par' dir='ltr' id='par_1_6' title="bbox 469 601 2060 670">
     <span class='ocr_line' id='line_1_6' title="bbox 469 601 2060 670; baseline -0.003 -14"><span class='ocrx_word' id='word_1_27' title='bbox 469 603 648 658; x_wconf 73' lang='lat' dir='ltr'>Vens.</span> <span class='ocrx_word' id='word_1_28' title='bbox 679 605 768 659; x_wconf 88' lang='lat'>30.</span> <span class='ocrx_word' id='word_1_29' title='bbox 791 633 860 642; x_wconf 95' lang='lat'>—</span> <span class='ocrx_word' id='word_1_30' title='bbox 879 602 959 656; x_wconf 87' lang='lat' dir='ltr'>Et</span> <span class='ocrx_word' id='word_1_31' title='bbox 979 601 1124 670; x_wconf 84' lang='lat' dir='ltr'>fecit</span> <span class='ocrx_word' id='word_1_32' title='bbox 1158 601 1282 655; x_wconf 86' lang='lat' dir='ltr'>illis</span> <span class='ocrx_word' id='word_1_33' title='bbox 1312 601 1672 656; x_wconf 76' lang='lat' dir='ltr'>convivium.</span> <span class='ocrx_word' id='word_1_34' title='bbox 1705 601 1947 654; x_wconf 78' lang='lat' dir='ltr'>Certum</span> <span class='ocrx_word' id='word_1_35' title='bbox 1969 603 2060 651; x_wconf 82' lang='lat' dir='ltr'>est</span> 
     </span>
    </p>
   </div>
   <div class='ocr_carea' id='block_1_7' title="bbox 399 688 2064 764">
    <p class='ocr_par' dir='ltr' id='par_1_7' title="bbox 399 688 2064 764">
     <span class='ocr_line' id='line_1_7' title="bbox 399 688 2064 764; baseline -0.005 -16"><span class='ocrx_word' id='word_1_36' title='bbox 399 691 562 748; x_wconf 91' lang='lat' dir='ltr'>enim</span> <span class='ocrx_word' id='word_1_37' title='bbox 589 689 734 764; x_wconf 87' lang='lat' dir='ltr'>quia</span> <span class='ocrx_word' id='word_1_38' title='bbox 784 690 888 763; x_wconf 89' lang='lat' dir='ltr'>qui</span> <span class='ocrx_word' id='word_1_39' title='bbox 917 688 1214 747; x_wconf 81' lang='lat' dir='ltr'>ministrat</span> <span class='ocrx_word' id='word_1_40' title='bbox 1259 689 1536 760; x_wconf 83' lang='lat' dir='ltr'>verbum,</span> <span class='ocrx_word' id='word_1_41' title='bbox 1579 688 1950 761; x_wconf 81' lang='lat' dir='ltr'>sapientibus</span> <span class='ocrx_word' id='word_1_42' title='bbox 2006 689 2064 742; x_wconf 90' lang='lat' dir='ltr'>et</span> 
     </span>
    </p>
   </div>
   <div class='ocr_carea' id='block_1_8' title="bbox 398 777 1220 854">
    <p class='ocr_par' dir='ltr' id='par_1_8' title="bbox 398 777 1220 854">
     <span class='ocr_line' id='line_1_8' title="bbox 398 777 1220 854; baseline -0.006 -16"><span class='ocrx_word' id='word_1_43' title='bbox 398 779 826 854; x_wconf 86' lang='lat' dir='ltr'>insipientibus</span> <span class='ocrx_word' id='word_1_44' title='bbox 850 777 1086 834; x_wconf 84' lang='lat' dir='ltr'>debitor</span> <span class='ocrx_word' id='word_1_45' title='bbox 1113 782 1220 834; x_wconf 89' lang='lat' dir='ltr'>est.</span> 
     </span>
    </p>
   </div>
   <div class='ocr_carea' id='block_1_9' title="bbox 996 885 1464 942">
    <p class='ocr_par' dir='ltr' id='par_1_9' title="bbox 996 885 1464 942">
     <span class='ocr_line' id='line_1_9' title="bbox 996 885 1464 942; baseline 0.006 -4"><span class='ocrx_word' id='word_1_46' title='bbox 996 885 1225 942; x_wconf 81' lang='lat' dir='ltr'>CAPUT</span> <span class='ocrx_word' id='word_1_47' title='bbox 1262 886 1464 941; x_wconf 79' lang='lat' dir='ltr'>XXVI].</span> 
     </span>
    </p>
   </div>
   <div class='ocr_carea' id='block_1_10' title="bbox 419 991 2056 1064">
    <p class='ocr_par' dir='ltr' id='par_1_10' title="bbox 419 991 2056 1064">
     <span class='ocr_line' id='line_1_10' title="bbox 419 991 2056 1064; baseline -0.002 -17"><span class='ocrx_word' id='word_1_48' title='bbox 419 1013 424 1017; x_wconf 92' lang='grc'>·</span> <span class='ocrx_word' id='word_1_49' title='bbox 472 993 651 1050; x_wconf 76' lang='lat' dir='ltr'>Vens.</span> <span class='ocrx_word' id='word_1_50' title='bbox 685 993 774 1049; x_wconf 76' lang='grc'>42.</span> <span class='ocrx_word' id='word_1_51' title='bbox 802 1025 870 1033; x_wconf 92' lang='grc'><strong>-</strong></span> <span class='ocrx_word' id='word_1_52' title='bbox 893 993 1173 1064; x_wconf 68' lang='lat' dir='ltr'>Dixitque</span> <span class='ocrx_word' id='word_1_53' title='bbox 1192 991 1451 1048; x_wconf 85' lang='lat' dir='ltr'>Rebecca</span> <span class='ocrx_word' id='word_1_54' title='bbox 1475 992 1555 1047; x_wconf 88' lang='lat' dir='ltr'>ad</span> <span class='ocrx_word' id='word_1_55' title='bbox 1573 991 1762 1048; x_wconf 84' lang='lat' dir='ltr'>Jacob</span> <span class='ocrx_word' id='word_1_56' title='bbox 1781 1008 1794 1046; x_wconf 88' lang='lat'><strong>:</strong></span> <span class='ocrx_word' id='word_1_57' title='bbox 1813 991 2056 1056; x_wconf 78' lang='lat' dir='ltr'>Audivi,</span> 
     </span>
    </p>
   </div>
   <div class='ocr_carea' id='block_1_11' title="bbox 401 1079 2062 1156">
    <p class='ocr_par' dir='ltr' id='par_1_11' title="bbox 401 1079 2062 1156">
     <span class='ocr_line' id='line_1_11' title="bbox 401 1079 2062 1156; baseline -0.004 -17"><span class='ocrx_word' id='word_1_58' title='bbox 401 1083 560 1156; x_wconf 85' lang='lat' dir='ltr'>quod</span> <span class='ocrx_word' id='word_1_59' title='bbox 581 1083 784 1153; x_wconf 81' lang='lat' dir='ltr'>frater</span> <span class='ocrx_word' id='word_1_60' title='bbox 805 1088 943 1136; x_wconf 90' lang='lat' dir='ltr'>tuus</span> <span class='ocrx_word' id='word_1_61' title='bbox 973 1082 1139 1136; x_wconf 82' lang='lat' dir='ltr'>Esau</span> <span class='ocrx_word' id='word_1_62' title='bbox 1167 1082 1441 1136; x_wconf 76' lang='lat' dir='ltr'>minatur</span> <span class='ocrx_word' id='word_1_63' title='bbox 1461 1082 1727 1136; x_wconf 81' lang='lat' dir='ltr'>occidere</span> <span class='ocrx_word' id='word_1_64' title='bbox 1747 1087 1818 1135; x_wconf 89' lang='lat' dir='ltr'>te.</span> <span class='ocrx_word' id='word_1_65' title='bbox 1845 1079 2062 1144; x_wconf 60' lang='lat' dir='ltr'>Quaeri-</span> 
     </span>
    </p>
   </div>
   <div class='ocr_carea' id='block_1_12' title="bbox 403 1169 2056 1244">
    <p class='ocr_par' dir='ltr' id='par_1_12' title="bbox 403 1169 2056 1244">
     <span class='ocr_line' id='line_1_12' title="bbox 403 1169 2056 1244; baseline -0.004 -16"><span class='ocrx_word' id='word_1_66' title='bbox 403 1177 496 1228; x_wconf 89' lang='lat' dir='ltr'>tur</span> <span class='ocrx_word' id='word_1_67' title='bbox 520 1171 832 1244; x_wconf 92' lang='lat' dir='ltr'>quomodo</span> <span class='ocrx_word' id='word_1_68' title='bbox 850 1170 1206 1226; x_wconf 88' lang='lat' dir='ltr'>annuntiata</span> <span class='ocrx_word' id='word_1_69' title='bbox 1225 1175 1363 1224; x_wconf 90' lang='lat' dir='ltr'>sunt</span> <span class='ocrx_word' id='word_1_70' title='bbox 1379 1170 1563 1225; x_wconf 90' lang='lat' dir='ltr'>verba</span> <span class='ocrx_word' id='word_1_71' title='bbox 1585 1173 1736 1225; x_wconf 84' lang='lat' dir='ltr'>Esau</span> <span class='ocrx_word' id='word_1_72' title='bbox 1754 1169 2056 1238; x_wconf 70' lang='lat' dir='ltr'>Rebeccae,</span> 
     </span>
    </p>
   </div>
   <div class='ocr_carea' id='block_1_13' title="bbox 400 1257 2057 1334">
    <p class='ocr_par' dir='ltr' id='par_1_13' title="bbox 400 1257 2057 1334">
     <span class='ocr_line' id='line_1_13' title="bbox 400 1257 2057 1334; baseline -0.003 -18"><span class='ocrx_word' id='word_1_73' title='bbox 400 1261 622 1334; x_wconf 88' lang='lat' dir='ltr'>quibus</span> <span class='ocrx_word' id='word_1_74' title='bbox 652 1259 1058 1316; x_wconf 84' lang='lat' dir='ltr'>comminatus</span> <span class='ocrx_word' id='word_1_75' title='bbox 1087 1263 1174 1314; x_wconf 92' lang='lat' dir='ltr'>est</span> <span class='ocrx_word' id='word_1_76' title='bbox 1221 1257 1491 1313; x_wconf 88' lang='lat' dir='ltr'>occidere</span> <span class='ocrx_word' id='word_1_77' title='bbox 1543 1258 1786 1314; x_wconf 87' lang='lat' dir='ltr'>fratrem</span> <span class='ocrx_word' id='word_1_78' title='bbox 1841 1275 2057 1324; x_wconf 89' lang='lat' dir='ltr'>suum;</span> 
     </span>
    </p>
   </div>
   <div class='ocr_carea' id='block_1_14' title="bbox 401 1348 2059 1419">
    <p class='ocr_par' dir='ltr' id='par_1_14' title="bbox 401 1348 2059 1419">
     <span class='ocr_line' id='line_1_14' title="bbox 401 1348 2059 1419; baseline -0.002 -12"><span class='ocrx_word' id='word_1_79' title='bbox 401 1367 539 1406; x_wconf 88' lang='lat' dir='ltr'>cum</span> <span class='ocrx_word' id='word_1_80' title='bbox 575 1351 877 1419; x_wconf 85' lang='lat' dir='ltr'>Scriptura</span> <span class='ocrx_word' id='word_1_81' title='bbox 930 1348 1091 1403; x_wconf 90' lang='lat' dir='ltr'>dicat</span> <span class='ocrx_word' id='word_1_82' title='bbox 1116 1349 1231 1403; x_wconf 90' lang='lat' dir='ltr'>hoc</span> <span class='ocrx_word' id='word_1_83' title='bbox 1283 1364 1418 1403; x_wconf 89' lang='lat' dir='ltr'>eum</span> <span class='ocrx_word' id='word_1_84' title='bbox 1453 1349 1512 1403; x_wconf 89' lang='lat' dir='ltr'>in</span> <span class='ocrx_word' id='word_1_85' title='bbox 1564 1366 1672 1404; x_wconf 89' lang='lat' dir='ltr'>sua</span> <span class='ocrx_word' id='word_1_86' title='bbox 1703 1349 2059 1415; x_wconf 73' lang='lat' dir='ltr'>cogitatione</span> 
     </span>
    </p>
   </div>
   <div class='ocr_carea' id='block_1_15' title="bbox 401 1435 2058 1510">
    <p class='ocr_par' dir='ltr' id='par_1_15' title="bbox 401 1435 2058 1510">
     <span class='ocr_line' id='line_1_15' title="bbox 401 1435 2058 1510; baseline -0.002 -15"><span class='ocrx_word' id='word_1_87' title='bbox 401 1439 623 1494; x_wconf 84' lang='lat' dir='ltr'>dixisse</span> <span class='ocrx_word' id='word_1_88' title='bbox 639 1438 668 1492; x_wconf 89' lang='lat'><strong>?</strong></span> <span class='ocrx_word' id='word_1_89' title='bbox 694 1437 818 1492; x_wconf 87' lang='lat' dir='ltr'>Nisi</span> <span class='ocrx_word' id='word_1_90' title='bbox 848 1439 996 1510; x_wconf 87' lang='lat' dir='ltr'>quia</span> <span class='ocrx_word' id='word_1_91' title='bbox 1017 1437 1112 1492; x_wconf 91' lang='lat' dir='ltr'>hic</span> <span class='ocrx_word' id='word_1_92' title='bbox 1136 1436 1311 1492; x_wconf 91' lang='lat' dir='ltr'>nobis</span> <span class='ocrx_word' id='word_1_93' title='bbox 1340 1435 1518 1492; x_wconf 92' lang='lat' dir='ltr'>datur</span> <span class='ocrx_word' id='word_1_94' title='bbox 1546 1437 1871 1507; x_wconf 85' lang='lat' dir='ltr'>intelligere</span> <span class='ocrx_word' id='word_1_95' title='bbox 1893 1437 2058 1510; x_wconf 89' lang='lat' dir='ltr'>quod</span> 
     </span>
    </p>
   </div>
   <div class='ocr_carea' id='block_1_16' title="bbox 402 1522 1746 1597">
    <p class='ocr_par' dir='ltr' id='par_1_16' title="bbox 402 1522 1746 1597">
     <span class='ocr_line' id='line_1_16' title="bbox 402 1522 1746 1597; baseline 0 -15"><span class='ocrx_word' id='word_1_96' title='bbox 402 1525 690 1582; x_wconf 88' lang='lat' dir='ltr'>divinitus</span> <span class='ocrx_word' id='word_1_97' title='bbox 721 1524 774 1581; x_wconf 91' lang='lat' dir='ltr'>ei</span> <span class='ocrx_word' id='word_1_98' title='bbox 799 1522 902 1597; x_wconf 89' lang='lat' dir='ltr'>[Z.,</span> <span class='ocrx_word' id='word_1_99' title='bbox 931 1523 1038 1590; x_wconf 91' lang='lat' dir='ltr'>eis]</span> <span class='ocrx_word' id='word_1_100' title='bbox 1072 1523 1495 1580; x_wconf 89' lang='lat' dir='ltr'>revelabantur</span> <span class='ocrx_word' id='word_1_101' title='bbox 1521 1525 1746 1582; x_wconf 87' lang='lat' dir='ltr'>omnia.</span> 
     </span>
    </p>
   </div>
   <div class='ocr_carea' id='block_1_17' title="bbox 979 1649 1486 1706">
    <p class='ocr_par' dir='ltr' id='par_1_17' title="bbox 979 1649 1486 1706">
     <span class='ocr_line' id='line_1_17' title="bbox 979 1649 1486 1706; baseline 0 0"><span class='ocrx_word' id='word_1_102' title='bbox 979 1649 1210 1706; x_wconf 84' lang='lat' dir='ltr'><strong>CAPUT</strong></span> <span class='ocrx_word' id='word_1_103' title='bbox 1247 1649 1486 1706; x_wconf 82' lang='lat' dir='ltr'>XXVIII.</span> 
     </span>
    </p>
   </div>
   <div class='ocr_carea' id='block_1_18' title="bbox 2172 502 3831 566">
    <p class='ocr_par' dir='ltr' id='par_1_18' title="bbox 2172 502 3831 566">
     <span class='ocr_line' id='line_1_18' title="bbox 2172 502 3831 566; baseline 0.006 -10"><span class='ocrx_word' id='word_1_104' title='bbox 2172 502 2231 556; x_wconf 88' lang='lat' dir='ltr'>di</span> <span class='ocrx_word' id='word_1_105' title='bbox 2265 502 2521 558; x_wconf 78' lang='lat' dir='ltr'>Ecclesia</span> <span class='ocrx_word' id='word_1_106' title='bbox 2554 505 2762 562; x_wconf 85' lang='lat' dir='ltr'>Christi</span> <span class='ocrx_word' id='word_1_107' title='bbox 2793 513 2884 562; x_wconf 91' lang='lat' dir='ltr'>est</span> <span class='ocrx_word' id='word_1_108' title='bbox 2909 506 3172 562; x_wconf 87' lang='lat' dir='ltr'>dilatata.</span> <span class='ocrx_word' id='word_1_109' title='bbox 3209 509 3286 562; x_wconf 85' lang='lat' dir='ltr'>Et</span> <span class='ocrx_word' id='word_1_110' title='bbox 3319 508 3743 565; x_wconf 81' lang='lat' dir='ltr'>benedicentur</span> <span class='ocrx_word' id='word_1_111' title='bbox 3771 512 3831 566; x_wconf 85' lang='lat' dir='ltr'>in</span> 
     </span>
    </p>
   </div>
   <div class='ocr_carea' id='block_1_19' title="bbox 2172 592 3831 670">
    <p class='ocr_par' dir='ltr' id='par_1_19' title="bbox 2172 592 3831 670">
     <span class='ocr_line' id='line_1_19' title="bbox 2172 592 3831 670; baseline 0.005 -23"><span class='ocrx_word' id='word_1_112' title='bbox 2172 597 2246 655; x_wconf 90' lang='lat' dir='ltr'>te,</span> <span class='ocrx_word' id='word_1_113' title='bbox 2306 592 2369 648; x_wconf 86' lang='lat' dir='ltr'>id</span> <span class='ocrx_word' id='word_1_114' title='bbox 2398 599 2488 650; x_wconf 89' lang='lat' dir='ltr'>est</span> <span class='ocrx_word' id='word_1_115' title='bbox 2515 593 2576 650; x_wconf 92' lang='lat' dir='ltr'>in</span> <span class='ocrx_word' id='word_1_116' title='bbox 2631 595 2882 663; x_wconf 81' lang='lat' dir='ltr'>Christo,</span> <span class='ocrx_word' id='word_1_117' title='bbox 2913 613 3096 668; x_wconf 89' lang='lat' dir='ltr'>quem</span> <span class='ocrx_word' id='word_1_118' title='bbox 3129 602 3191 652; x_wconf 91' lang='lat' dir='ltr'>tu</span> <span class='ocrx_word' id='word_1_119' title='bbox 3242 597 3598 670; x_wconf 68' lang='lat' dir='ltr'>prteﬁguras</span> <span class='ocrx_word' id='word_1_120' title='bbox 3624 620 3640 664; x_wconf 69' lang='grc' dir='ltr'><strong>ς</strong></span> <span class='ocrx_word' id='word_1_121' title='bbox 3671 605 3726 656; x_wconf 88' lang='lat' dir='ltr'>et</span> <span class='ocrx_word' id='word_1_122' title='bbox 3773 602 3831 656; x_wconf 86' lang='lat' dir='ltr'>in</span> 
     </span>
    </p>
   </div>
   <div class='ocr_carea' id='block_1_20' title="bbox 2170 681 3832 756">
    <p class='ocr_par' dir='ltr' id='par_1_20' title="bbox 2170 681 3832 756">
     <span class='ocr_line' id='line_1_20' title="bbox 2170 681 3832 756; baseline 0.007 -21"><span class='ocrx_word' id='word_1_123' title='bbox 2170 681 2389 738; x_wconf 83' lang='lat' dir='ltr'>semine</span> <span class='ocrx_word' id='word_1_124' title='bbox 2415 689 2534 746; x_wconf 86' lang='lat' dir='ltr'>tuo,</span> <span class='ocrx_word' id='word_1_125' title='bbox 2567 684 2682 739; x_wconf 89' lang='lat' dir='ltr'>hoc</span> <span class='ocrx_word' id='word_1_126' title='bbox 2708 690 2795 738; x_wconf 92' lang='lat' dir='ltr'>est</span> <span class='ocrx_word' id='word_1_127' title='bbox 2824 683 2885 739; x_wconf 93' lang='lat' dir='ltr'>in</span> <span class='ocrx_word' id='word_1_128' title='bbox 2916 684 3205 756; x_wconf 88' lang='lat' dir='ltr'>apostolis</span> <span class='ocrx_word' id='word_1_129' title='bbox 3239 693 3468 743; x_wconf 54' lang='lat' dir='ltr'>cuncta</span> <span class='ocrx_word' id='word_1_130' title='bbox 3491 687 3682 744; x_wconf 78' lang='lat' dir='ltr'>tribus</span> <span class='ocrx_word' id='word_1_131' title='bbox 3715 695 3832 746; x_wconf 83' lang='lat' dir='ltr'>ter-</span> 
     </span>
    </p>
   </div>
   <div class='ocr_carea' id='block_1_21' title="bbox 2171 770 3256 838">
    <p class='ocr_par' dir='ltr' id='par_1_21' title="bbox 2171 770 3256 838">
     <span class='ocr_line' id='line_1_21' title="bbox 2171 770 3256 838; baseline 0.007 -14"><span class='ocrx_word' id='word_1_132' title='bbox 2171 785 2276 838; x_wconf 58' lang='lat' dir='ltr'>ra,</span> <span class='ocrx_word' id='word_1_133' title='bbox 2307 770 2372 828; x_wconf 88' lang='lat' dir='ltr'>id</span> <span class='ocrx_word' id='word_1_134' title='bbox 2400 777 2487 830; x_wconf 92' lang='lat' dir='ltr'>est</span> <span class='ocrx_word' id='word_1_135' title='bbox 2516 789 2729 831; x_wconf 91' lang='lat' dir='ltr'>omnes</span> <span class='ocrx_word' id='word_1_136' title='bbox 2757 774 3032 830; x_wconf 89' lang='lat' dir='ltr'>nationes</span> <span class='ocrx_word' id='word_1_137' title='bbox 3065 780 3256 832; x_wconf 71' lang='lat' dir='ltr'>terrae.</span> 
     </span>
    </p>
   </div>
   <div class='ocr_carea' id='block_1_22' title="bbox 2241 861 3837 937">
    <p class='ocr_par' dir='ltr' id='par_1_22' title="bbox 2241 861 3837 937">
     <span class='ocr_line' id='line_1_22' title="bbox 2241 861 3837 937; baseline 0.006 -21"><span class='ocrx_word' id='word_1_138' title='bbox 2241 861 2320 916; x_wconf 87' lang='lat' dir='ltr'>Et</span> <span class='ocrx_word' id='word_1_139' title='bbox 2351 877 2449 918; x_wconf 88' lang='lat' dir='ltr'>ero</span> <span class='ocrx_word' id='word_1_140' title='bbox 2497 869 2690 919; x_wconf 86' lang='lat' dir='ltr'>custos</span> <span class='ocrx_word' id='word_1_141' title='bbox 2722 869 2881 932; x_wconf 86' lang='lat' dir='ltr'>tuus,</span> <span class='ocrx_word' id='word_1_142' title='bbox 2907 879 3262 937; x_wconf 87' lang='lat' dir='ltr'>quocunque</span> <span class='ocrx_word' id='word_1_143' title='bbox 3286 868 3654 934; x_wconf 73' lang='lat' dir='ltr'>perrexeris.</span> <span class='ocrx_word' id='word_1_144' title='bbox 3689 867 3837 934; x_wconf 88' lang='lat' dir='ltr'>Quia</span> 
     </span>
    </p>
   </div>
   <div class='ocr_carea' id='block_1_23' title="bbox 2170 949 3836 1030">
    <p class='ocr_par' dir='ltr' id='par_1_23' title="bbox 2170 949 3836 1030">
     <span class='ocr_line' id='line_1_23' title="bbox 2170 949 3836 1030; baseline 0.008 -26"><span class='ocrx_word' id='word_1_145' title='bbox 2170 949 2326 1004; x_wconf 90' lang='lat' dir='ltr'>Deus</span> <span class='ocrx_word' id='word_1_146' title='bbox 2357 950 2528 1007; x_wconf 87' lang='lat' dir='ltr'>Pater</span> <span class='ocrx_word' id='word_1_147' title='bbox 2556 952 2875 1008; x_wconf 79' lang='lat' dir='ltr'>custodivit</span> <span class='ocrx_word' id='word_1_148' title='bbox 2896 953 3166 1018; x_wconf 88' lang='lat' dir='ltr'>eum,vel</span> <span class='ocrx_word' id='word_1_149' title='bbox 3186 969 3409 1026; x_wconf 88' lang='lat' dir='ltr'>corpus</span> <span class='ocrx_word' id='word_1_150' title='bbox 3437 955 3648 1028; x_wconf 85' lang='lat' dir='ltr'>ipsius,</span> <span class='ocrx_word' id='word_1_151' title='bbox 3666 956 3836 1030; x_wconf 91' lang='lat' dir='ltr'>quod</span> 
     </span>
    </p>
   </div>
   <div class='ocr_carea' id='block_1_24' title="bbox 2169 1039 3837 1116">
    <p class='ocr_par' dir='ltr' id='par_1_24' title="bbox 2169 1039 3837 1116">
     <span class='ocr_line' id='line_1_24' title="bbox 2169 1039 3837 1116; baseline 0.007 -23"><span class='ocrx_word' id='word_1_152' title='bbox 2169 1042 2258 1094; x_wconf 83' lang='lat' dir='ltr'>est</span> <span class='ocrx_word' id='word_1_153' title='bbox 2289 1039 2564 1096; x_wconf 87' lang='lat' dir='ltr'>Ecclesia.</span> <span class='ocrx_word' id='word_1_154' title='bbox 2594 1042 2672 1096; x_wconf 89' lang='lat' dir='ltr'>Et</span> <span class='ocrx_word' id='word_1_155' title='bbox 2700 1043 2981 1097; x_wconf 76' lang='lat' dir='ltr'>reducam</span> <span class='ocrx_word' id='word_1_156' title='bbox 3013 1048 3067 1098; x_wconf 88' lang='lat' dir='ltr'>te</span> <span class='ocrx_word' id='word_1_157' title='bbox 3097 1044 3158 1097; x_wconf 90' lang='lat' dir='ltr'>in</span> <span class='ocrx_word' id='word_1_158' title='bbox 3189 1049 3412 1100; x_wconf 84' lang='lat' dir='ltr'>terram</span> <span class='ocrx_word' id='word_1_159' title='bbox 3447 1044 3638 1114; x_wconf 78' lang='lat' dir='ltr'>hanc;</span> <span class='ocrx_word' id='word_1_160' title='bbox 3662 1046 3837 1116; x_wconf 78' lang='lat' dir='ltr'>juxta</span> 
     </span>
    </p>
   </div>
   <div class='ocr_carea' id='block_1_25' title="bbox 2167 1127 3830 1201">
    <p class='ocr_par' dir='ltr' id='par_1_25' title="bbox 2167 1127 3830 1201">
     <span class='ocr_line' id='line_1_25' title="bbox 2167 1127 3830 1201; baseline 0.003 -20"><span class='ocrx_word' id='word_1_161' title='bbox 2167 1127 2333 1199; x_wconf 87' lang='lat' dir='ltr'>quod</span> <span class='ocrx_word' id='word_1_162' title='bbox 2383 1128 2602 1188; x_wconf 86' lang='lat' dir='ltr'>Paulus</span> <span class='ocrx_word' id='word_1_163' title='bbox 2635 1129 2762 1185; x_wconf 88' lang='lat' dir='ltr'>ait:</span> <span class='ocrx_word' id='word_1_164' title='bbox 2805 1129 3058 1186; x_wconf 77' lang='lat' dir='ltr'>C(ecitas</span> <span class='ocrx_word' id='word_1_165' title='bbox 3105 1145 3181 1187; x_wconf 76' lang='lat' dir='ltr'>ex</span> <span class='ocrx_word' id='word_1_166' title='bbox 3233 1137 3411 1200; x_wconf 87' lang='lat' dir='ltr'>parte</span> <span class='ocrx_word' id='word_1_167' title='bbox 3466 1132 3717 1201; x_wconf 88' lang='lat' dir='ltr'>contigit</span> <span class='ocrx_word' id='word_1_168' title='bbox 3774 1133 3830 1186; x_wconf 76' lang='lat' dir='ltr'>in</span> 
     </span>
    </p>
   </div>
   <div class='ocr_carea' id='block_1_26' title="bbox 2168 1218 3830 1290">
    <p class='ocr_par' dir='ltr' id='par_1_26' title="bbox 2168 1218 3830 1290">
     <span class='ocr_line' id='line_1_26' title="bbox 2168 1218 3830 1290; baseline 0.003 -19"><span class='ocrx_word' id='word_1_169' title='bbox 2168 1218 2382 1277; x_wconf 81' lang='lat' dir='ltr'>Israel.</span> <span class='ocrx_word' id='word_1_170' title='bbox 2417 1219 2564 1274; x_wconf 90' lang='lat' dir='ltr'>Cum</span> <span class='ocrx_word' id='word_1_171' title='bbox 2595 1225 2794 1276; x_wconf 88' lang='lat' dir='ltr'>autem</span> <span class='ocrx_word' id='word_1_172' title='bbox 2843 1220 3161 1289; x_wconf 86' lang='lat' dir='ltr'>plenitudo</span> <span class='ocrx_word' id='word_1_173' title='bbox 3190 1221 3472 1290; x_wconf 87' lang='lat' dir='ltr'>temporis</span> <span class='ocrx_word' id='word_1_174' title='bbox 3529 1221 3830 1278; x_wconf 78' lang='lat' dir='ltr'>introierit</span> 
     </span>
    </p>
   </div>
   <div class='ocr_carea' id='block_1_27' title="bbox 2171 1308 3592 1381">
    <p class='ocr_par' dir='ltr' id='par_1_27' title="bbox 2171 1308 3592 1381">
     <span class='ocr_line' id='line_1_27' title="bbox 2171 1308 3592 1381; baseline 0.004 -21"><span class='ocrx_word' id='word_1_175' title='bbox 2171 1311 2314 1362; x_wconf 84' lang='lat' dir='ltr'>tunc</span> <span class='ocrx_word' id='word_1_176' title='bbox 2343 1308 2532 1363; x_wconf 85' lang='lat' dir='ltr'>omnis</span> <span class='ocrx_word' id='word_1_177' title='bbox 2568 1309 2758 1364; x_wconf 81' lang='lat' dir='ltr'>Israel</span> <span class='ocrx_word' id='word_1_178' title='bbox 2784 1309 2987 1363; x_wconf 85' lang='lat' dir='ltr'>salvus</span> <span class='ocrx_word' id='word_1_179' title='bbox 3017 1311 3114 1375; x_wconf 84' lang='lat' dir='ltr'>ﬁet</span> <span class='ocrx_word' id='word_1_180' title='bbox 3147 1310 3335 1376; x_wconf 82' lang='lat' dir='ltr'>(Rom.</span> <span class='ocrx_word' id='word_1_181' title='bbox 3367 1326 3448 1376; x_wconf 83' lang='lat' dir='ltr'>x1,</span> <span class='ocrx_word' id='word_1_182' title='bbox 3475 1311 3592 1381; x_wconf 81' lang='lat'>25).</span> 
     </span>
    </p>
   </div>
   <div class='ocr_carea' id='block_1_28' title="bbox 2242 1395 3838 1469">
    <p class='ocr_par' dir='ltr' id='par_1_28' title="bbox 2242 1395 3838 1469">
     <span class='ocr_line' id='line_1_28' title="bbox 2242 1395 3838 1469; baseline 0.003 -18"><span class='ocrx_word' id='word_1_183' title='bbox 2242 1395 2510 1466; x_wconf 82' lang='lat' dir='ltr'>Cumque</span> <span class='ocrx_word' id='word_1_184' title='bbox 2553 1398 2888 1466; x_wconf 81' lang='lat' dir='ltr'>evigilasset</span> <span class='ocrx_word' id='word_1_185' title='bbox 2937 1398 3122 1452; x_wconf 85' lang='lat' dir='ltr'>Jacob</span> <span class='ocrx_word' id='word_1_186' title='bbox 3152 1399 3225 1453; x_wconf 87' lang='lat' dir='ltr'>de</span> <span class='ocrx_word' id='word_1_187' title='bbox 3253 1413 3480 1469; x_wconf 86' lang='lat' dir='ltr'>somno,</span> <span class='ocrx_word' id='word_1_188' title='bbox 3513 1399 3603 1456; x_wconf 85' lang='lat' dir='ltr'>ait</span> <span class='ocrx_word' id='word_1_189' title='bbox 3637 1415 3652 1454; x_wconf 91' lang='lat'>:</span> <span class='ocrx_word' id='word_1_190' title='bbox 3699 1400 3838 1455; x_wconf 87' lang='lat' dir='ltr'>Vere</span> 
     </span>
    </p>
   </div>
   <div class='ocr_carea' id='block_1_29' title="bbox 2171 1485 3839 1558">
    <p class='ocr_par' dir='ltr' id='par_1_29' title="bbox 2171 1485 3839 1558">
     <span class='ocr_line' id='line_1_29' title="bbox 2171 1485 3839 1558; baseline 0.004 -19"><span class='ocrx_word' id='word_1_191' title='bbox 2171 1485 2458 1539; x_wconf 87' lang='lat' dir='ltr'>Dominus</span> <span class='ocrx_word' id='word_1_192' title='bbox 2485 1491 2570 1541; x_wconf 90' lang='lat' dir='ltr'>est</span> <span class='ocrx_word' id='word_1_193' title='bbox 2599 1487 2658 1540; x_wconf 89' lang='lat' dir='ltr'>in</span> <span class='ocrx_word' id='word_1_194' title='bbox 2693 1487 2819 1542; x_wconf 92' lang='lat' dir='ltr'>loco</span> <span class='ocrx_word' id='word_1_195' title='bbox 2849 1486 2980 1541; x_wconf 88' lang='lat' dir='ltr'>isto.</span> <span class='ocrx_word' id='word_1_196' title='bbox 3034 1485 3460 1558; x_wconf 78' lang='lat' dir='ltr'>l’rophetando</span> <span class='ocrx_word' id='word_1_197' title='bbox 3489 1486 3661 1557; x_wconf 89' lang='lat' dir='ltr'>dixit,</span> <span class='ocrx_word' id='word_1_198' title='bbox 3689 1487 3839 1546; x_wconf 83' lang='lat' dir='ltr'>sicut</span> 
     </span>
    </p>
   </div>
   <div class='ocr_carea' id='block_1_30' title="bbox 2173 1571 3842 1642">
    <p class='ocr_par' dir='ltr' id='par_1_30' title="bbox 2173 1571 3842 1642">
     <span class='ocr_line' id='line_1_30' title="bbox 2173 1571 3842 1642; baseline 0.002 -15"><span class='ocrx_word' id='word_1_199' title='bbox 2173 1571 2298 1642; x_wconf 81' lang='lat' dir='ltr'>iam</span> <span class='ocrx_word' id='word_1_200' title='bbox 2325 1573 2640 1630; x_wconf 87' lang='lat' dir='ltr'>manifeste</span> <span class='ocrx_word' id='word_1_201' title='bbox 2671 1573 3244 1632; x_wconf 88' lang='lat' dir='ltr'>demonstravimus.</span> <span class='ocrx_word' id='word_1_202' title='bbox 3279 1575 3430 1641; x_wconf 88' lang='lat' dir='ltr'>Quia</span> <span class='ocrx_word' id='word_1_203' title='bbox 3454 1574 3686 1632; x_wconf 78' lang='lat' dir='ltr'>futurm</span> <span class='ocrx_word' id='word_1_204' title='bbox 3717 1579 3842 1632; x_wconf 90' lang='lat' dir='ltr'>erat</span> 
     </span>
    </p>
   </div>
   <div class='ocr_carea' id='block_1_31' title="bbox 2174 1662 3837 1737">
    <p class='ocr_par' dir='ltr' id='par_1_31' title="bbox 2174 1662 3837 1737">
     <span class='ocr_line' id='line_1_31' title="bbox 2174 1662 3837 1737; baseline 0.002 -21"><span class='ocrx_word' id='word_1_205' title='bbox 2174 1665 2238 1718; x_wconf 88' lang='lat' dir='ltr'>ut</span> <span class='ocrx_word' id='word_1_206' title='bbox 2270 1663 2556 1718; x_wconf 89' lang='lat' dir='ltr'>Dominus</span> <span class='ocrx_word' id='word_1_207' title='bbox 2605 1663 2668 1719; x_wconf 89' lang='lat' dir='ltr'>in</span> <span class='ocrx_word' id='word_1_208' title='bbox 2710 1662 2925 1719; x_wconf 90' lang='lat' dir='ltr'>eadem</span> <span class='ocrx_word' id='word_1_209' title='bbox 2960 1668 3116 1720; x_wconf 89' lang='lat' dir='ltr'>terra</span> <span class='ocrx_word' id='word_1_210' title='bbox 3150 1663 3458 1724; x_wconf 85' lang='lat' dir='ltr'>visibiliter</span> <span class='ocrx_word' id='word_1_211' title='bbox 3497 1670 3837 1737; x_wconf 85' lang='lat' dir='ltr'>appareret.</span> 
     </span>
    </p>
   </div>
   <div class='ocr_carea' id='block_1_32' title="bbox 478 1752 3843 1830">
    <p class='ocr_par' dir='ltr' id='par_1_32' title="bbox 478 1752 3843 1830">
     <span class='ocr_line' id='line_1_32' title="bbox 478 1752 3843 1830; baseline -0 -17"><span class='ocrx_word' id='word_1_212' title='bbox 478 1760 643 1815; x_wconf 75' lang='lat' dir='ltr'>Vens.</span> <span class='ocrx_word' id='word_1_213' title='bbox 701 1757 856 1814; x_wconf 82' lang='lat' dir='ltr'>ll-t9</span> <span class='ocrx_word' id='word_1_214' title='bbox 904 1758 1151 1828; x_wconf 86' lang='lat' dir='ltr'>passim.</span> <span class='ocrx_word' id='word_1_215' title='bbox 1179 1788 1248 1798; x_wconf 90' lang='lat'><strong>—</strong></span> <span class='ocrx_word' id='word_1_216' title='bbox 1297 1756 1439 1813; x_wconf 92' lang='lat' dir='ltr'>Inde</span> <span class='ocrx_word' id='word_1_217' title='bbox 1488 1757 1755 1830; x_wconf 86' lang='lat' dir='ltr'>sequitur</span> <span class='ocrx_word' id='word_1_218' title='bbox 1809 1759 2060 1830; x_wconf 86' lang='lat' dir='ltr'>qualiter</span> <span class='ocrx_word' id='word_1_219' title='bbox 2107 1752 2252 1830; x_wconf 75' lang='lat' dir='ltr'>BEt</span> <span class='ocrx_word' id='word_1_220' title='bbox 2280 1767 2385 1822; x_wconf 88' lang='lat' dir='ltr'>ego</span> <span class='ocrx_word' id='word_1_221' title='bbox 2417 1753 2765 1809; x_wconf 78' lang='lat' dir='ltr'>nesciebam.</span> <span class='ocrx_word' id='word_1_222' title='bbox 2803 1755 2922 1809; x_wconf 84' lang='lat' dir='ltr'>Hoc</span> <span class='ocrx_word' id='word_1_223' title='bbox 2963 1768 3032 1808; x_wconf 81' lang='lat' dir='ltr'>ex</span> <span class='ocrx_word' id='word_1_224' title='bbox 3081 1767 3344 1826; x_wconf 89' lang='lat' dir='ltr'>persona</span> <span class='ocrx_word' id='word_1_225' title='bbox 3369 1753 3601 1812; x_wconf 71' lang='lat' dir='ltr'>Iudaici</span> <span class='ocrx_word' id='word_1_226' title='bbox 3631 1754 3843 1828; x_wconf 83' lang='lat' dir='ltr'>populi</span> 
     </span>
    </p>
   </div>
   <div class='ocr_carea' id='block_1_33' title="bbox 407 1843 2058 1918">
    <p class='ocr_par' dir='ltr' id='par_1_33' title="bbox 407 1843 2058 1918">
     <span class='ocr_line' id='line_1_33' title="bbox 407 1843 2058 1918; baseline 0.001 -18"><span class='ocrx_word' id='word_1_227' title='bbox 407 1845 597 1904; x_wconf 89' lang='lat' dir='ltr'>Jacob</span> <span class='ocrx_word' id='word_1_228' title='bbox 653 1845 716 1902; x_wconf 93' lang='lat' dir='ltr'>in</span> <span class='ocrx_word' id='word_1_229' title='bbox 771 1844 976 1902; x_wconf 90' lang='lat' dir='ltr'>itinere</span> <span class='ocrx_word' id='word_1_230' title='bbox 1033 1844 1361 1914; x_wconf 90' lang='lat' dir='ltr'>dormiens,</span> <span class='ocrx_word' id='word_1_231' title='bbox 1393 1843 1656 1916; x_wconf 84' lang='lat' dir='ltr'>lapidem</span> <span class='ocrx_word' id='word_1_232' title='bbox 1714 1847 1893 1918; x_wconf 86' lang='lat' dir='ltr'>capiti</span> <span class='ocrx_word' id='word_1_233' title='bbox 1948 1863 2058 1902; x_wconf 91' lang='lat' dir='ltr'>suo</span> 
     </span>
    </p>
   </div>
   <div class='ocr_carea' id='block_1_34' title="bbox 409 1933 2064 2008">
    <p class='ocr_par' dir='ltr' id='par_1_34' title="bbox 409 1933 2064 2008">
     <span class='ocr_line' id='line_1_34' title="bbox 409 1933 2064 2008; baseline 0.001 -18"><span class='ocrx_word' id='word_1_234' title='bbox 409 1934 746 2008; x_wconf 89' lang='lat' dir='ltr'>supposuit,</span> <span class='ocrx_word' id='word_1_235' title='bbox 773 1938 830 1990; x_wconf 90' lang='lat' dir='ltr'>et</span> <span class='ocrx_word' id='word_1_236' title='bbox 877 1933 1262 2004; x_wconf 89' lang='lat' dir='ltr'>obdormivit,</span> <span class='ocrx_word' id='word_1_237' title='bbox 1295 1938 1350 1990; x_wconf 92' lang='lat' dir='ltr'>et</span> <span class='ocrx_word' id='word_1_238' title='bbox 1393 1933 1540 1988; x_wconf 85' lang='lat' dir='ltr'>vidit</span> <span class='ocrx_word' id='word_1_239' title='bbox 1587 1934 1812 1991; x_wconf 90' lang='lat' dir='ltr'>scalam</span> <span class='ocrx_word' id='word_1_240' title='bbox 1843 1952 1879 1991; x_wconf 88' lang='lat' dir='ltr'>a</span> <span class='ocrx_word' id='word_1_241' title='bbox 1912 1943 2064 1992; x_wconf 89' lang='lat' dir='ltr'>terra</span> 
     </span>
    </p>
   </div>
   <div class='ocr_carea' id='block_1_35' title="bbox 407 2022 2066 2094">
    <p class='ocr_par' dir='ltr' id='par_1_35' title="bbox 407 2022 2066 2094">
     <span class='ocr_line' id='line_1_35' title="bbox 407 2022 2066 2094; baseline -0.001 -13"><span class='ocrx_word' id='word_1_242' title='bbox 407 2023 560 2081; x_wconf 78' lang='lat' dir='ltr'>ccelo</span> <span class='ocrx_word' id='word_1_243' title='bbox 581 2024 991 2091; x_wconf 77' lang='lat' dir='ltr'>inhaerentem,</span> <span class='ocrx_word' id='word_1_244' title='bbox 1009 2022 1285 2078; x_wconf 89' lang='lat' dir='ltr'>innixum</span> <span class='ocrx_word' id='word_1_245' title='bbox 1303 2022 1477 2078; x_wconf 66' lang='lat' dir='ltr'>scala)</span> <span class='ocrx_word' id='word_1_246' title='bbox 1501 2023 1836 2094; x_wconf 88' lang='lat' dir='ltr'>Dominum,</span> <span class='ocrx_word' id='word_1_247' title='bbox 1860 2041 2066 2080; x_wconf 89' lang='lat' dir='ltr'>ascen-</span> 
     </span>
    </p>
   </div>
   <div class='ocr_carea' id='block_1_36' title="bbox 405 2111 2061 2186">
    <p class='ocr_par' dir='ltr' id='par_1_36' title="bbox 405 2111 2061 2186">
     <span class='ocr_line' id='line_1_36' title="bbox 405 2111 2061 2186; baseline 0.002 -17"><span class='ocrx_word' id='word_1_248' title='bbox 405 2112 614 2169; x_wconf 88' lang='lat' dir='ltr'>dentes</span> <span class='ocrx_word' id='word_1_249' title='bbox 638 2127 883 2185; x_wconf 89' lang='lat' dir='ltr'>quoque</span> <span class='ocrx_word' id='word_1_250' title='bbox 912 2114 970 2167; x_wconf 91' lang='lat' dir='ltr'>et</span> <span class='ocrx_word' id='word_1_251' title='bbox 997 2111 1428 2168; x_wconf 88' lang='lat' dir='ltr'>descendentes</span> <span class='ocrx_word' id='word_1_252' title='bbox 1459 2112 1706 2177; x_wconf 83' lang='lat' dir='ltr'>angelos</span> <span class='ocrx_word' id='word_1_253' title='bbox 1731 2116 2061 2186; x_wconf 72' lang='lat' dir='ltr'>conspexit.</span> 
     </span>
    </p>
   </div>
   <div class='ocr_carea' id='block_1_37' title="bbox 405 2199 2063 2275">
    <p class='ocr_par' dir='ltr' id='par_1_37' title="bbox 405 2199 2063 2275">
     <span class='ocr_line' id='line_1_37' title="bbox 405 2199 2063 2275; baseline 0.001 -18"><span class='ocrx_word' id='word_1_254' title='bbox 405 2202 472 2258; x_wconf 92' lang='lat' dir='ltr'>In</span> <span class='ocrx_word' id='word_1_255' title='bbox 526 2201 732 2259; x_wconf 89' lang='lat' dir='ltr'>itinere</span> <span class='ocrx_word' id='word_1_256' title='bbox 779 2199 1005 2274; x_wconf 89' lang='lat' dir='ltr'>quippe</span> <span class='ocrx_word' id='word_1_257' title='bbox 1053 2199 1313 2256; x_wconf 85' lang='lat' dir='ltr'>dormire</span> <span class='ocrx_word' id='word_1_258' title='bbox 1363 2205 1451 2257; x_wconf 91' lang='lat' dir='ltr'>est</span> <span class='ocrx_word' id='word_1_259' title='bbox 1497 2201 1558 2257; x_wconf 91' lang='lat' dir='ltr'>in</span> <span class='ocrx_word' id='word_1_260' title='bbox 1611 2202 1724 2258; x_wconf 91' lang='lat' dir='ltr'>hoc</span> <span class='ocrx_word' id='word_1_261' title='bbox 1753 2204 2063 2275; x_wconf 62' lang='lat' dir='ltr'>praesentis</span> 
     </span>
    </p>
   </div>
   <div class='ocr_carea' id='block_1_38' title="bbox 403 2289 2063 2364">
    <p class='ocr_par' dir='ltr' id='par_1_38' title="bbox 403 2289 2063 2364">
     <span class='ocr_line' id='line_1_38' title="bbox 403 2289 2063 2364; baseline -0.001 -16"><span class='ocrx_word' id='word_1_262' title='bbox 403 2290 538 2348; x_wconf 75' lang='lat' dir='ltr'>vitas</span> <span class='ocrx_word' id='word_1_263' title='bbox 569 2289 822 2347; x_wconf 86' lang='lat' dir='ltr'>transitu</span> <span class='ocrx_word' id='word_1_264' title='bbox 848 2305 885 2346; x_wconf 93' lang='lat' dir='ltr'>a</span> <span class='ocrx_word' id='word_1_265' title='bbox 907 2304 1109 2346; x_wconf 90' lang='lat' dir='ltr'>rerum</span> <span class='ocrx_word' id='word_1_266' title='bbox 1159 2289 1583 2361; x_wconf 87' lang='lat' dir='ltr'>temporalium</span> <span class='ocrx_word' id='word_1_267' title='bbox 1633 2307 1838 2347; x_wconf 89' lang='lat' dir='ltr'>amore</span> <span class='ocrx_word' id='word_1_268' title='bbox 1867 2293 2063 2364; x_wconf 90' lang='lat' dir='ltr'>quies-</span> 
     </span>
    </p>
   </div>
   <div class='ocr_carea' id='block_1_39' title="bbox 405 2376 2066 2451">
    <p class='ocr_par' dir='ltr' id='par_1_39' title="bbox 405 2376 2066 2451">
     <span class='ocr_line' id='line_1_39' title="bbox 405 2376 2066 2451; baseline 0.001 -16"><span class='ocrx_word' id='word_1_269' title='bbox 405 2394 558 2449; x_wconf 86' lang='lat' dir='ltr'>cere,</span> <span class='ocrx_word' id='word_1_270' title='bbox 581 2377 740 2435; x_wconf 89' lang='lat' dir='ltr'>etab</span> <span class='ocrx_word' id='word_1_271' title='bbox 769 2377 1040 2451; x_wconf 90' lang='lat' dir='ltr'>appetitu</span> <span class='ocrx_word' id='word_1_272' title='bbox 1064 2376 1393 2433; x_wconf 85' lang='lat' dir='ltr'>visibilium</span> <span class='ocrx_word' id='word_1_273' title='bbox 1428 2378 1645 2434; x_wconf 89' lang='lat' dir='ltr'>mentis</span> <span class='ocrx_word' id='word_1_274' title='bbox 1674 2380 1883 2438; x_wconf 87' lang='lat' dir='ltr'>oculos</span> <span class='ocrx_word' id='word_1_275' title='bbox 1907 2380 2066 2436; x_wconf 91' lang='lat' dir='ltr'>clau-</span> 
     </span>
    </p>
   </div>
   <div class='ocr_carea' id='block_1_40' title="bbox 405 2466 2063 2538">
    <p class='ocr_par' dir='ltr' id='par_1_40' title="bbox 405 2466 2063 2538">
     <span class='ocr_line' id='line_1_40' title="bbox 405 2466 2063 2538; baseline -0.001 -13"><span class='ocrx_word' id='word_1_276' title='bbox 405 2467 567 2525; x_wconf 90' lang='lat' dir='ltr'>dere.</span> <span class='ocrx_word' id='word_1_277' title='bbox 598 2466 858 2538; x_wconf 82' lang='lat' dir='ltr'>Angelos</span> <span class='ocrx_word' id='word_1_278' title='bbox 902 2481 1046 2522; x_wconf 91' lang='lat' dir='ltr'>vero</span> <span class='ocrx_word' id='word_1_279' title='bbox 1093 2466 1485 2522; x_wconf 87' lang='lat' dir='ltr'>ascendentes</span> <span class='ocrx_word' id='word_1_280' title='bbox 1545 2472 1602 2522; x_wconf 89' lang='lat' dir='ltr'>et</span> <span class='ocrx_word' id='word_1_281' title='bbox 1631 2468 2063 2525; x_wconf 83' lang='lat' dir='ltr'>descendentes</span> 
     </span>
    </p>
   </div>
   <div class='ocr_carea' id='block_1_41' title="bbox 405 2554 2066 2630">
    <p class='ocr_par' dir='ltr' id='par_1_41' title="bbox 405 2554 2066 2630">
     <span class='ocr_line' id='line_1_41' title="bbox 405 2554 2066 2630; baseline -0.001 -15"><span class='ocrx_word' id='word_1_282' title='bbox 405 2571 646 2616; x_wconf 86' lang='lat' dir='ltr'>cernere</span> <span class='ocrx_word' id='word_1_283' title='bbox 675 2559 732 2612; x_wconf 92' lang='lat' dir='ltr'>et</span> <span class='ocrx_word' id='word_1_284' title='bbox 767 2555 926 2612; x_wconf 91' lang='lat' dir='ltr'>cives</span> <span class='ocrx_word' id='word_1_285' title='bbox 967 2554 1222 2610; x_wconf 67' lang='lat' dir='ltr'>caelestis</span> <span class='ocrx_word' id='word_1_286' title='bbox 1271 2555 1476 2628; x_wconf 69' lang='lat' dir='ltr'>patria:</span> <span class='ocrx_word' id='word_1_287' title='bbox 1508 2558 1922 2630; x_wconf 87' lang='lat' dir='ltr'>contemplari,</span> <span class='ocrx_word' id='word_1_288' title='bbox 1973 2558 2066 2615; x_wconf 85' lang='lat' dir='ltr'>vel</span> 
     </span>
    </p>
   </div>
   <div class='ocr_carea' id='block_1_42' title="bbox 403 2643 2068 2720">
    <p class='ocr_par' dir='ltr' id='par_1_42' title="bbox 403 2643 2068 2720">
     <span class='ocr_line' id='line_1_42' title="bbox 403 2643 2068 2720; baseline 0.001 -18"><span class='ocrx_word' id='word_1_289' title='bbox 403 2647 634 2720; x_wconf 77' lang='lat' dir='ltr'>quanto</span> <span class='ocrx_word' id='word_1_290' title='bbox 663 2659 868 2702; x_wconf 87' lang='lat' dir='ltr'>amore</span> <span class='ocrx_word' id='word_1_291' title='bbox 897 2643 1191 2701; x_wconf 87' lang='lat' dir='ltr'>conditori</span> <span class='ocrx_word' id='word_1_292' title='bbox 1222 2659 1332 2699; x_wconf 88' lang='lat' dir='ltr'>suo</span> <span class='ocrx_word' id='word_1_293' title='bbox 1362 2659 1543 2716; x_wconf 84' lang='lat' dir='ltr'>super</span> <span class='ocrx_word' id='word_1_294' title='bbox 1589 2647 1944 2718; x_wconf 90' lang='lat' dir='ltr'>semetipsos</span> <span class='ocrx_word' id='word_1_295' title='bbox 1982 2647 2068 2704; x_wconf 90' lang='lat' dir='ltr'>in-</span> 
     </span>
    </p>
   </div>
   <div class='ocr_carea' id='block_1_43' title="bbox 405 2733 2063 2807">
    <p class='ocr_par' dir='ltr' id='par_1_43' title="bbox 405 2733 2063 2807">
     <span class='ocr_line' id='line_1_43' title="bbox 405 2733 2063 2807; baseline 0 -15"><span class='ocrx_word' id='word_1_296' title='bbox 405 2734 695 2803; x_wconf 66' lang='lat' dir='ltr'>hwreant,</span> <span class='ocrx_word' id='word_1_297' title='bbox 726 2733 822 2791; x_wconf 93' lang='lat' dir='ltr'>vel</span> <span class='ocrx_word' id='word_1_298' title='bbox 872 2737 1104 2807; x_wconf 89' lang='lat' dir='ltr'>quanta</span> <span class='ocrx_word' id='word_1_299' title='bbox 1151 2733 1572 2806; x_wconf 87' lang='lat' dir='ltr'>compassione</span> <span class='ocrx_word' id='word_1_300' title='bbox 1600 2735 1901 2792; x_wconf 86' lang='lat' dir='ltr'>charitatis</span> <span class='ocrx_word' id='word_1_301' title='bbox 1954 2752 2063 2792; x_wconf 92' lang='lat' dir='ltr'>no-</span> 
     </span>
    </p>
   </div>
   <div class='ocr_carea' id='block_1_44' title="bbox 405 2821 2064 2882">
    <p class='ocr_par' dir='ltr' id='par_1_44' title="bbox 405 2821 2064 2882">
     <span class='ocr_line' id='line_1_44' title="bbox 405 2821 2064 2882; baseline 0.001 -3"><span class='ocrx_word' id='word_1_302' title='bbox 405 2823 518 2882; x_wconf 81' lang='lat' dir='ltr'>stri</span> <span class='ocrx_word' id='word_1_303' title='bbox 553 2821 1006 2882; x_wconf 86' lang='lat' dir='ltr'>inﬁrmitatibus</span> <span class='ocrx_word' id='word_1_304' title='bbox 1063 2821 1573 2878; x_wconf 88' lang='lat' dir='ltr'>condescendant.</span> <span class='ocrx_word' id='word_1_305' title='bbox 1606 2825 1672 2880; x_wconf 90' lang='lat' dir='ltr'>Et</span> <span class='ocrx_word' id='word_1_306' title='bbox 1727 2824 2064 2880; x_wconf 89' lang='lat' dir='ltr'>notandum</span> 
     </span>
    </p>
   </div>
   <div class='ocr_carea' id='block_1_45' title="bbox 401 2910 2064 2986">
    <p class='ocr_par' dir='ltr' id='par_1_45' title="bbox 401 2910 2064 2986">
     <span class='ocr_line' id='line_1_45' title="bbox 401 2910 2064 2986; baseline 0.001 -17"><span class='ocrx_word' id='word_1_307' title='bbox 401 2911 580 2972; x_wconf 84' lang='lat' dir='ltr'>valde</span> <span class='ocrx_word' id='word_1_308' title='bbox 612 2916 701 2970; x_wconf 89' lang='lat' dir='ltr'>est</span> <span class='ocrx_word' id='word_1_309' title='bbox 741 2911 909 2986; x_wconf 90' lang='lat' dir='ltr'>quod</span> <span class='ocrx_word' id='word_1_310' title='bbox 935 2910 1031 2970; x_wconf 92' lang='lat' dir='ltr'>ille</span> <span class='ocrx_word' id='word_1_311' title='bbox 1061 2910 1366 2969; x_wconf 89' lang='lat' dir='ltr'>dormiens</span> <span class='ocrx_word' id='word_1_312' title='bbox 1420 2911 1666 2982; x_wconf 87' lang='lat' dir='ltr'>angelos</span> <span class='ocrx_word' id='word_1_313' title='bbox 1697 2913 1856 2970; x_wconf 88' lang='lat' dir='ltr'>videt</span> <span class='ocrx_word' id='word_1_314' title='bbox 1903 2918 1960 2969; x_wconf 93' lang='lat' dir='ltr'>et</span> <span class='ocrx_word' id='word_1_315' title='bbox 2001 2915 2064 2970; x_wconf 89' lang='lat' dir='ltr'>in</span> 
     </span>
    </p>
   </div>
   <div class='ocr_carea' id='block_1_46' title="bbox 400 2999 2062 3075">
    <p class='ocr_par' dir='ltr' id='par_1_46' title="bbox 400 2999 2062 3075">
     <span class='ocr_line' id='line_1_46' title="bbox 400 2999 2062 3075; baseline 0.001 -17"><span class='ocrx_word' id='word_1_316' title='bbox 400 3000 603 3075; x_wconf 85' lang='lat' dir='ltr'>lapide</span> <span class='ocrx_word' id='word_1_317' title='bbox 634 3005 816 3074; x_wconf 89' lang='lat' dir='ltr'>caput</span> <span class='ocrx_word' id='word_1_318' title='bbox 841 3001 1034 3074; x_wconf 92' lang='lat' dir='ltr'>ponit.</span> <span class='ocrx_word' id='word_1_319' title='bbox 1067 3000 1218 3067; x_wconf 86' lang='lat' dir='ltr'>Quia</span> <span class='ocrx_word' id='word_1_320' title='bbox 1247 2999 1531 3058; x_wconf 89' lang='lat' dir='ltr'>nimirum</span> <span class='ocrx_word' id='word_1_321' title='bbox 1557 3001 1687 3074; x_wconf 91' lang='lat' dir='ltr'>ipse</span> <span class='ocrx_word' id='word_1_322' title='bbox 1713 3001 1791 3059; x_wconf 89' lang='lat' dir='ltr'>ab</span> <span class='ocrx_word' id='word_1_323' title='bbox 1813 3002 2062 3060; x_wconf 83' lang='lat' dir='ltr'>exterio-</span> 
     </span>
    </p>
   </div>
   <div class='ocr_carea' id='block_1_47' title="bbox 2174 1839 3841 1914">
    <p class='ocr_par' dir='ltr' id='par_1_47' title="bbox 2174 1839 3841 1914">
     <span class='ocr_line' id='line_1_47' title="bbox 2174 1839 3841 1914; baseline 0.004 -18"><span class='ocrx_word' id='word_1_324' title='bbox 2174 1839 2341 1906; x_wconf 81' lang='lat' dir='ltr'>dixit,</span> <span class='ocrx_word' id='word_1_325' title='bbox 2372 1841 2476 1913; x_wconf 89' lang='lat' dir='ltr'>qui</span> <span class='ocrx_word' id='word_1_326' title='bbox 2501 1842 2842 1898; x_wconf 86' lang='lat' dir='ltr'>nescierunt</span> <span class='ocrx_word' id='word_1_327' title='bbox 2871 1841 3176 1898; x_wconf 88' lang='lat' dir='ltr'>Christum</span> <span class='ocrx_word' id='word_1_328' title='bbox 3222 1858 3334 1914; x_wconf 89' lang='lat' dir='ltr'>pro</span> <span class='ocrx_word' id='word_1_329' title='bbox 3384 1842 3576 1900; x_wconf 89' lang='lat' dir='ltr'>salute</span> <span class='ocrx_word' id='word_1_330' title='bbox 3625 1844 3841 1902; x_wconf 78' lang='lat' dir='ltr'>mundi</span> 
     </span>
    </p>
   </div>
   <div class='ocr_carea' id='block_1_48' title="bbox 2175 1930 3148 2003">
    <p class='ocr_par' dir='ltr' id='par_1_48' title="bbox 2175 1930 3148 2003">
     <span class='ocr_line' id='line_1_48' title="bbox 2175 1930 3148 2003; baseline 0.002 -17"><span class='ocrx_word' id='word_1_331' title='bbox 2175 1930 2236 1988; x_wconf 85' lang='lat' dir='ltr'>in</span> <span class='ocrx_word' id='word_1_332' title='bbox 2264 1932 2430 1986; x_wconf 87' lang='lat' dir='ltr'>terris</span> <span class='ocrx_word' id='word_1_333' title='bbox 2453 1931 2788 1988; x_wconf 85' lang='lat' dir='ltr'>advenisse.</span> <span class='ocrx_word' id='word_1_334' title='bbox 2827 1932 3104 2003; x_wconf 87' lang='lat' dir='ltr'>Sequitur</span> <span class='ocrx_word' id='word_1_335' title='bbox 3135 1949 3148 1988; x_wconf 87' lang='lat'><strong>:</strong></span> 
     </span>
    </p>
   </div>
   <div class='ocr_carea' id='block_1_49' title="bbox 2243 2019 3838 2092">
    <p class='ocr_par' dir='ltr' id='par_1_49' title="bbox 2243 2019 3838 2092">
     <span class='ocr_line' id='line_1_49' title="bbox 2243 2019 3838 2092; baseline 0.001 -16"><span class='ocrx_word' id='word_1_336' title='bbox 2243 2021 2712 2092; x_wconf 81' lang='lat' dir='ltr'>Appellavitque</span> <span class='ocrx_word' id='word_1_337' title='bbox 2763 2035 2973 2076; x_wconf 86' lang='lat' dir='ltr'>nomen</span> <span class='ocrx_word' id='word_1_338' title='bbox 3009 2021 3169 2076; x_wconf 85' lang='lat' dir='ltr'>urbis</span> <span class='ocrx_word' id='word_1_339' title='bbox 3200 2019 3432 2077; x_wconf 88' lang='lat' dir='ltr'>Bethel.</span> <span class='ocrx_word' id='word_1_340' title='bbox 3489 2023 3634 2088; x_wconf 68' lang='lat' dir='ltr'>Quae</span> <span class='ocrx_word' id='word_1_341' title='bbox 3666 2021 3838 2078; x_wconf 90' lang='lat' dir='ltr'>inter-</span> 
     </span>
    </p>
   </div>
   <div class='ocr_carea' id='block_1_50' title="bbox 2174 2109 3837 2184">
    <p class='ocr_par' dir='ltr' id='par_1_50' title="bbox 2174 2109 3837 2184">
     <span class='ocr_line' id='line_1_50' title="bbox 2174 2109 3837 2184; baseline 0.001 -20"><span class='ocrx_word' id='word_1_342' title='bbox 2174 2113 2442 2182; x_wconf 86' lang='lat' dir='ltr'>pretatur</span> <span class='ocrx_word' id='word_1_343' title='bbox 2497 2110 2705 2165; x_wconf 86' lang='lat' dir='ltr'>domus</span> <span class='ocrx_word' id='word_1_344' title='bbox 2759 2111 2888 2165; x_wconf 85' lang='lat' dir='ltr'>Dei.</span> <span class='ocrx_word' id='word_1_345' title='bbox 2939 2109 3247 2174; x_wconf 73' lang='lat' dir='ltr'>Signiﬁcat</span> <span class='ocrx_word' id='word_1_346' title='bbox 3302 2109 3656 2178; x_wconf 82' lang='lat' dir='ltr'>Ecclesiam,</span> <span class='ocrx_word' id='word_1_347' title='bbox 3703 2128 3837 2184; x_wconf 72' lang='lat' dir='ltr'>quae</span> 
     </span>
    </p>
   </div>
   <div class='ocr_carea' id='block_1_51' title="bbox 2171 2196 3832 2272">
    <p class='ocr_par' dir='ltr' id='par_1_51' title="bbox 2171 2196 3832 2272">
     <span class='ocr_line' id='line_1_51' title="bbox 2171 2196 3832 2272; baseline 0.002 -21"><span class='ocrx_word' id='word_1_348' title='bbox 2171 2196 2391 2253; x_wconf 91' lang='lat' dir='ltr'>domus</span> <span class='ocrx_word' id='word_1_349' title='bbox 2421 2197 2521 2254; x_wconf 89' lang='lat' dir='ltr'>Dei</span> <span class='ocrx_word' id='word_1_350' title='bbox 2572 2201 2682 2254; x_wconf 89' lang='lat' dir='ltr'>est.</span> <span class='ocrx_word' id='word_1_351' title='bbox 2717 2198 2860 2266; x_wconf 74' lang='lat' dir='ltr'>Qute</span> <span class='ocrx_word' id='word_1_352' title='bbox 2887 2199 3058 2268; x_wconf 89' lang='lat' dir='ltr'>prius</span> <span class='ocrx_word' id='word_1_353' title='bbox 3087 2199 3252 2254; x_wconf 80' lang='lat' dir='ltr'>Luza</span> <span class='ocrx_word' id='word_1_354' title='bbox 3311 2199 3667 2268; x_wconf 81' lang='lat' dir='ltr'>vocabatur,</span> <span class='ocrx_word' id='word_1_355' title='bbox 3697 2216 3832 2272; x_wconf 69' lang='lat' dir='ltr'>quae</span> 
     </span>
    </p>
   </div>
   <div class='ocr_carea' id='block_1_52' title="bbox 2172 2285 3832 2358">
    <p class='ocr_par' dir='ltr' id='par_1_52' title="bbox 2172 2285 3832 2358">
     <span class='ocr_line' id='line_1_52' title="bbox 2172 2285 3832 2358; baseline 0.002 -17"><span class='ocrx_word' id='word_1_356' title='bbox 2172 2285 2595 2358; x_wconf 88' lang='lat' dir='ltr'>interpretatur</span> <span class='ocrx_word' id='word_1_357' title='bbox 2659 2288 3074 2357; x_wconf 70' lang='lat' dir='ltr'>azzzygdalum.</span> <span class='ocrx_word' id='word_1_358' title='bbox 3163 2287 3469 2354; x_wconf 77' lang='lat' dir='ltr'>Signiﬁcat</span> <span class='ocrx_word' id='word_1_359' title='bbox 3533 2287 3832 2344; x_wconf 72' lang='lat' dir='ltr'>Judeeam.</span> 
     </span>
    </p>
   </div>
   <div class='ocr_carea' id='block_1_53' title="bbox 2174 2375 3836 2448">
    <p class='ocr_par' dir='ltr' id='par_1_53' title="bbox 2174 2375 3836 2448">
     <span class='ocr_line' id='line_1_53' title="bbox 2174 2375 3836 2448; baseline 0.002 -17"><span class='ocrx_word' id='word_1_360' title='bbox 2174 2375 2333 2432; x_wconf 90' lang='lat' dir='ltr'>Sicut</span> <span class='ocrx_word' id='word_1_361' title='bbox 2378 2376 2742 2448; x_wconf 78' lang='lat' dir='ltr'>amygdalus</span> <span class='ocrx_word' id='word_1_362' title='bbox 2788 2376 2948 2432; x_wconf 83' lang='lat' dir='ltr'>enim</span> <span class='ocrx_word' id='word_1_363' title='bbox 2997 2380 3134 2432; x_wconf 87' lang='lat' dir='ltr'>ante</span> <span class='ocrx_word' id='word_1_364' title='bbox 3176 2392 3388 2433; x_wconf 89' lang='lat' dir='ltr'>omnes</span> <span class='ocrx_word' id='word_1_365' title='bbox 3419 2377 3671 2433; x_wconf 88' lang='lat' dir='ltr'>arbores</span> <span class='ocrx_word' id='word_1_366' title='bbox 3701 2377 3836 2434; x_wconf 84' lang='lat' dir='ltr'>folia</span> 
     </span>
    </p>
   </div>
   <div class='ocr_carea' id='block_1_54' title="bbox 2174 2462 3836 2534">
    <p class='ocr_par' dir='ltr' id='par_1_54' title="bbox 2174 2462 3836 2534">
     <span class='ocr_line' id='line_1_54' title="bbox 2174 2462 3836 2534; baseline 0.004 -17"><span class='ocrx_word' id='word_1_367' title='bbox 2174 2462 2404 2534; x_wconf 89' lang='lat' dir='ltr'>emittit,</span> <span class='ocrx_word' id='word_1_368' title='bbox 2436 2465 2516 2518; x_wconf 89' lang='lat' dir='ltr'>ita</span> <span class='ocrx_word' id='word_1_369' title='bbox 2547 2468 2604 2520; x_wconf 90' lang='lat' dir='ltr'>et</span> <span class='ocrx_word' id='word_1_370' title='bbox 2647 2463 2853 2520; x_wconf 71' lang='grc' dir='ltr'>ιιι]ίίωᾶ</span> <span class='ocrx_word' id='word_1_371' title='bbox 2885 2468 3024 2520; x_wconf 87' lang='lat' dir='ltr'>ante</span> <span class='ocrx_word' id='word_1_372' title='bbox 3070 2479 3281 2520; x_wconf 88' lang='lat' dir='ltr'>omnes</span> <span class='ocrx_word' id='word_1_373' title='bbox 3310 2469 3514 2531; x_wconf 82' lang='lat' dir='ltr'>gentes</span> <span class='ocrx_word' id='word_1_374' title='bbox 3563 2466 3836 2522; x_wconf 87' lang='lat' dir='ltr'>notitiam</span> 
     </span>
    </p>
   </div>
   <div class='ocr_carea' id='block_1_55' title="bbox 2173 2551 3840 2625">
    <p class='ocr_par' dir='ltr' id='par_1_55' title="bbox 2173 2551 3840 2625">
     <span class='ocr_line' id='line_1_55' title="bbox 2173 2551 3840 2625; baseline 0.003 -21"><span class='ocrx_word' id='word_1_375' title='bbox 2173 2551 2276 2608; x_wconf 91' lang='lat' dir='ltr'>Dei</span> <span class='ocrx_word' id='word_1_376' title='bbox 2327 2558 2384 2610; x_wconf 88' lang='lat' dir='ltr'>et</span> <span class='ocrx_word' id='word_1_377' title='bbox 2431 2551 2577 2618; x_wconf 77' lang='lat' dir='ltr'>legis</span> <span class='ocrx_word' id='word_1_378' title='bbox 2606 2552 2835 2616; x_wconf 88' lang='lat' dir='ltr'>habuit,</span> <span class='ocrx_word' id='word_1_379' title='bbox 2873 2558 2928 2609; x_wconf 89' lang='lat' dir='ltr'>et</span> <span class='ocrx_word' id='word_1_380' title='bbox 2970 2552 3144 2625; x_wconf 91' lang='lat' dir='ltr'>quasi</span> <span class='ocrx_word' id='word_1_381' title='bbox 3190 2551 3307 2608; x_wconf 82' lang='lat' dir='ltr'>fide</span> <span class='ocrx_word' id='word_1_382' title='bbox 3337 2551 3569 2618; x_wconf 88' lang='lat' dir='ltr'>ﬂoruit;</span> <span class='ocrx_word' id='word_1_383' title='bbox 3605 2559 3666 2612; x_wconf 90' lang='lat' dir='ltr'>et</span> <span class='ocrx_word' id='word_1_384' title='bbox 3692 2555 3840 2612; x_wconf 88' lang='lat' dir='ltr'>sicut</span> 
     </span>
    </p>
   </div>
   <div class='ocr_carea' id='block_1_56' title="bbox 2175 2639 3839 2713">
    <p class='ocr_par' dir='ltr' id='par_1_56' title="bbox 2175 2639 3839 2713">
     <span class='ocr_line' id='line_1_56' title="bbox 2175 2639 3839 2713; baseline 0.003 -19"><span class='ocrx_word' id='word_1_385' title='bbox 2175 2639 2420 2713; x_wconf 90' lang='lat' dir='ltr'>quidem</span> <span class='ocrx_word' id='word_1_386' title='bbox 2447 2656 2632 2712; x_wconf 89' lang='lat' dir='ltr'>poma</span> <span class='ocrx_word' id='word_1_387' title='bbox 2661 2657 2757 2697; x_wconf 89' lang='lat' dir='ltr'>am</span> <span class='ocrx_word' id='word_1_388' title='bbox 2766 2641 2972 2713; x_wconf 75' lang='lat' dir='ltr'>ygdali</span> <span class='ocrx_word' id='word_1_389' title='bbox 3005 2641 3114 2696; x_wconf 89' lang='lat' dir='ltr'>tria</span> <span class='ocrx_word' id='word_1_390' title='bbox 3160 2641 3468 2698; x_wconf 90' lang='lat' dir='ltr'>continent</span> <span class='ocrx_word' id='word_1_391' title='bbox 3495 2642 3557 2698; x_wconf 92' lang='lat' dir='ltr'>in</span> <span class='ocrx_word' id='word_1_392' title='bbox 3606 2660 3694 2711; x_wconf 90' lang='lat' dir='ltr'>se,</span> <span class='ocrx_word' id='word_1_393' title='bbox 3727 2645 3839 2702; x_wconf 87' lang='lat' dir='ltr'>hoc</span> 
     </span>
    </p>
   </div>
   <div class='ocr_carea' id='block_1_57' title="bbox 2174 2729 3836 2804">
    <p class='ocr_par' dir='ltr' id='par_1_57' title="bbox 2174 2729 3836 2804">
     <span class='ocr_line' id='line_1_57' title="bbox 2174 2729 3836 2804; baseline 0.002 -20"><span class='ocrx_word' id='word_1_394' title='bbox 2174 2734 2263 2785; x_wconf 91' lang='lat' dir='ltr'>est</span> <span class='ocrx_word' id='word_1_395' title='bbox 2292 2729 2543 2796; x_wconf 90' lang='lat' dir='ltr'>corium,</span> <span class='ocrx_word' id='word_1_396' title='bbox 2579 2734 2794 2785; x_wconf 89' lang='lat' dir='ltr'>testam</span> <span class='ocrx_word' id='word_1_397' title='bbox 2846 2735 2902 2785; x_wconf 91' lang='lat' dir='ltr'>et</span> <span class='ocrx_word' id='word_1_398' title='bbox 2948 2729 3231 2786; x_wconf 89' lang='lat' dir='ltr'>nucleum</span> <span class='ocrx_word' id='word_1_399' title='bbox 3261 2748 3274 2798; x_wconf 86' lang='lat'><strong>;</strong></span> <span class='ocrx_word' id='word_1_400' title='bbox 3303 2730 3384 2786; x_wconf 89' lang='lat' dir='ltr'>ita</span> <span class='ocrx_word' id='word_1_401' title='bbox 3433 2747 3608 2788; x_wconf 88' lang='lat' dir='ltr'>sacra</span> <span class='ocrx_word' id='word_1_402' title='bbox 3643 2733 3836 2804; x_wconf 89' lang='lat' dir='ltr'>Scrip-</span> 
     </span>
    </p>
   </div>
   <div class='ocr_carea' id='block_1_58' title="bbox 2173 2818 3840 2894">
    <p class='ocr_par' dir='ltr' id='par_1_58' title="bbox 2173 2818 3840 2894">
     <span class='ocr_line' id='line_1_58' title="bbox 2173 2818 3840 2894; baseline 0.002 -21"><span class='ocrx_word' id='word_1_403' title='bbox 2173 2821 2328 2887; x_wconf 87' lang='lat' dir='ltr'>tura,</span> <span class='ocrx_word' id='word_1_404' title='bbox 2363 2834 2550 2892; x_wconf 88' lang='lat' dir='ltr'>quam</span> <span class='ocrx_word' id='word_1_405' title='bbox 2577 2819 2785 2875; x_wconf 68' lang='lat' dir='ltr'>Judaaa</span> <span class='ocrx_word' id='word_1_406' title='bbox 2815 2818 2986 2894; x_wconf 90' lang='lat' dir='ltr'>plebs</span> <span class='ocrx_word' id='word_1_407' title='bbox 3010 2818 3295 2892; x_wconf 89' lang='lat' dir='ltr'>percepit,</span> <span class='ocrx_word' id='word_1_408' title='bbox 3327 2819 3546 2876; x_wconf 90' lang='lat' dir='ltr'>trinam</span> <span class='ocrx_word' id='word_1_409' title='bbox 3576 2821 3840 2877; x_wconf 89' lang='lat' dir='ltr'>continet</span> 
     </span>
    </p>
   </div>
   <div class='ocr_carea' id='block_1_59' title="bbox 2173 2907 3840 2981">
    <p class='ocr_par' dir='ltr' id='par_1_59' title="bbox 2173 2907 3840 2981">
     <span class='ocr_line' id='line_1_59' title="bbox 2173 2907 3840 2981; baseline 0.001 -18"><span class='ocrx_word' id='word_1_410' title='bbox 2173 2907 2236 2965; x_wconf 92' lang='lat' dir='ltr'>in</span> <span class='ocrx_word' id='word_1_411' title='bbox 2270 2923 2333 2963; x_wconf 91' lang='lat' dir='ltr'>se</span> <span class='ocrx_word' id='word_1_412' title='bbox 2390 2907 2864 2977; x_wconf 85' lang='lat' dir='ltr'>intelligentiam,</span> <span class='ocrx_word' id='word_1_413' title='bbox 2894 2907 2958 2964; x_wconf 90' lang='lat' dir='ltr'>id</span> <span class='ocrx_word' id='word_1_414' title='bbox 2987 2915 3072 2964; x_wconf 89' lang='lat' dir='ltr'>est</span> <span class='ocrx_word' id='word_1_415' title='bbox 3104 2908 3442 2981; x_wconf 83' lang='lat' dir='ltr'>physicam,</span> <span class='ocrx_word' id='word_1_416' title='bbox 3468 2909 3754 2981; x_wconf 87' lang='lat' dir='ltr'>ethicam,</span> <span class='ocrx_word' id='word_1_417' title='bbox 3785 2914 3840 2966; x_wconf 90' lang='lat' dir='ltr'>et</span> 
     </span>
    </p>
   </div>
   <div class='ocr_carea' id='block_1_60' title="bbox 2174 2995 3838 3068">
    <p class='ocr_par' dir='ltr' id='par_1_60' title="bbox 2174 2995 3838 3068">
     <span class='ocr_line' id='line_1_60' title="bbox 2174 2995 3838 3068; baseline 0.004 -19"><span class='ocrx_word' id='word_1_418' title='bbox 2174 2995 2457 3067; x_wconf 91' lang='lat' dir='ltr'>logicam,</span> <span class='ocrx_word' id='word_1_419' title='bbox 2485 2997 2601 3054; x_wconf 91' lang='lat' dir='ltr'>hoc</span> <span class='ocrx_word' id='word_1_420' title='bbox 2630 3002 2718 3054; x_wconf 90' lang='lat' dir='ltr'>est</span> <span class='ocrx_word' id='word_1_421' title='bbox 2764 2997 3154 3066; x_wconf 86' lang='lat' dir='ltr'>historialem,</span> <span class='ocrx_word' id='word_1_422' title='bbox 3187 2997 3598 3068; x_wconf 89' lang='lat' dir='ltr'>allegoricam,</span> <span class='ocrx_word' id='word_1_423' title='bbox 3632 3006 3692 3058; x_wconf 87' lang='lat' dir='ltr'>et</span> <span class='ocrx_word' id='word_1_424' title='bbox 3716 3017 3838 3056; x_wconf 88' lang='lat' dir='ltr'>mo-</span> 
     </span>
    </p>
   </div>
   <div class='ocr_carea' id='block_1_61' title="bbox 405 3085 2912 3186">
    <p class='ocr_par' dir='ltr' id='par_1_61' title="bbox 405 3085 2912 3186">
     <span class='ocr_line' id='line_1_61' title="bbox 405 3085 2912 3186; baseline -0.001 -37"><span class='ocrx_word' id='word_1_425' title='bbox 405 3090 578 3149; x_wconf 88' lang='lat' dir='ltr'>ribus</span> <span class='ocrx_word' id='word_1_426' title='bbox 637 3090 922 3165; x_wconf 90' lang='lat' dir='ltr'>operibus</span> <span class='ocrx_word' id='word_1_427' title='bbox 975 3106 1240 3160; x_wconf 88' lang='lat' dir='ltr'>cessans,</span> <span class='ocrx_word' id='word_1_428' title='bbox 1308 3089 1542 3147; x_wconf 89' lang='lat' dir='ltr'>interna</span> <span class='ocrx_word' id='word_1_429' title='bbox 1594 3096 1883 3164; x_wconf 89' lang='lat' dir='ltr'>penetrat,</span> <span class='ocrx_word' id='word_1_430' title='bbox 1958 3093 2061 3165; x_wconf 91' lang='lat' dir='ltr'>qui</span> <span class='ocrx_word' id='word_1_431' title='bbox 2103 3085 2362 3186; x_wconf 70' lang='lat' dir='ltr'>cratem</span> <span class='ocrx_word' id='word_1_432' title='bbox 2393 3085 2912 3155; x_wconf 75' lang='lat' dir='ltr'>signiﬁcationem.</span> 
     </span>
    </p>
   </div>
   <div class='ocr_carea' id='block_1_62' title="bbox 400 3177 2058 3255">
    <p class='ocr_par' dir='ltr' id='par_1_62' title="bbox 400 3177 2058 3255">
     <span class='ocr_line' id='line_1_62' title="bbox 400 3177 2058 3255; baseline -0.002 -15"><span class='ocrx_word' id='word_1_433' title='bbox 400 3179 630 3240; x_wconf 88' lang='lat' dir='ltr'>intenta</span> <span class='ocrx_word' id='word_1_434' title='bbox 703 3183 924 3250; x_wconf 86' lang='lat' dir='ltr'>mente,</span> <span class='ocrx_word' id='word_1_435' title='bbox 987 3179 1155 3254; x_wconf 87' lang='lat' dir='ltr'>quod</span> <span class='ocrx_word' id='word_1_436' title='bbox 1218 3177 1549 3255; x_wconf 89' lang='lat' dir='ltr'>principale</span> <span class='ocrx_word' id='word_1_437' title='bbox 1622 3184 1713 3236; x_wconf 90' lang='lat' dir='ltr'>est</span> <span class='ocrx_word' id='word_1_438' title='bbox 1774 3181 2058 3250; x_wconf 87' lang='lat' dir='ltr'>hominis,</span> 
     </span>
    </p>
   </div>
   <div class='ocr_carea' id='block_1_63' title="bbox 398 3268 2063 3344">
    <p class='ocr_par' dir='ltr' id='par_1_63' title="bbox 398 3268 2063 3344">
     <span class='ocr_line' id='line_1_63' title="bbox 398 3268 2063 3344; baseline -0.001 -17"><span class='ocrx_word' id='word_1_439' title='bbox 398 3269 800 3328; x_wconf 88' lang='lat' dir='ltr'>imitationem</span> <span class='ocrx_word' id='word_1_440' title='bbox 857 3268 950 3328; x_wconf 89' lang='lat' dir='ltr'>sui</span> <span class='ocrx_word' id='word_1_441' title='bbox 1021 3268 1434 3342; x_wconf 81' lang='lat' dir='ltr'>Redemptoris</span> <span class='ocrx_word' id='word_1_442' title='bbox 1511 3268 1812 3327; x_wconf 89' lang='lat' dir='ltr'>observat.</span> <span class='ocrx_word' id='word_1_443' title='bbox 1871 3273 2063 3344; x_wconf 79' lang='lat' dir='ltr'>Caput</span> 
     </span>
    </p>
   </div>
   <div class='ocr_carea' id='block_1_64' title="bbox 399 3357 2062 3436">
    <p class='ocr_par' dir='ltr' id='par_1_64' title="bbox 399 3357 2062 3436">
     <span class='ocr_line' id='line_1_64' title="bbox 399 3357 2062 3436; baseline -0.014 0"><span class='ocrx_word' id='word_1_444' title='bbox 399 3357 629 3436; x_wconf 69' lang='grc' dir='ltr'>(ῙυίΡΡθ</span> <span class='ocrx_word' id='word_1_445' title='bbox 656 3357 721 3415; x_wconf 79' lang='lat' dir='ltr'>in</span> <span class='ocrx_word' id='word_1_446' title='bbox 748 3357 949 3430; x_wconf 81' lang='lat' dir='ltr'>lapide</span> <span class='ocrx_word' id='word_1_447' title='bbox 977 3372 1202 3431; x_wconf 91' lang='lat' dir='ltr'>ponere</span> <span class='ocrx_word' id='word_1_448' title='bbox 1249 3360 1340 3414; x_wconf 89' lang='lat' dir='ltr'>est</span> <span class='ocrx_word' id='word_1_449' title='bbox 1383 3360 1582 3412; x_wconf 88' lang='lat' dir='ltr'>mente</span> <span class='ocrx_word' id='word_1_450' title='bbox 1613 3357 1844 3416; x_wconf 89' lang='lat' dir='ltr'>Christo</span> <span class='ocrx_word' id='word_1_451' title='bbox 1871 3359 2062 3414; x_wconf 80' lang='lat' dir='ltr'>inhae-</span> 
     </span>
    </p>
   </div>
   <div class='ocr_carea' id='block_1_65' title="bbox 401 3461 554 3502">
    <p class='ocr_par' dir='ltr' id='par_1_65' title="bbox 401 3461 554 3502">
     <span class='ocr_line' id='line_1_65' title="bbox 401 3461 554 3502; baseline 0 0"><span class='ocrx_word' id='word_1_452' title='bbox 401 3461 554 3502; x_wconf 86' lang='lat' dir='ltr'>rere.</span> 
     </span>
    </p>
   </div>
   <div class='ocr_carea' id='block_1_66' title="bbox 476 3533 2064 3609">
    <p class='ocr_par' dir='ltr' id='par_1_66' title="bbox 476 3533 2064 3609">
     <span class='ocr_line' id='line_1_66' title="bbox 476 3533 2064 3609; baseline 0.004 -19"><span class='ocrx_word' id='word_1_453' title='bbox 476 3533 632 3604; x_wconf 87' lang='lat' dir='ltr'>Quid</span> <span class='ocrx_word' id='word_1_454' title='bbox 662 3536 752 3592; x_wconf 89' lang='lat' dir='ltr'>est</span> <span class='ocrx_word' id='word_1_455' title='bbox 779 3533 948 3609; x_wconf 85' lang='lat' dir='ltr'>quod</span> <span class='ocrx_word' id='word_1_456' title='bbox 973 3533 1158 3591; x_wconf 85' lang='lat' dir='ltr'>Jacob</span> <span class='ocrx_word' id='word_1_457' title='bbox 1187 3533 1337 3592; x_wconf 90' lang='lat' dir='ltr'>dixit</span> <span class='ocrx_word' id='word_1_458' title='bbox 1368 3551 1382 3590; x_wconf 77' lang='grc' dir='ltr'>ε</span> <span class='ocrx_word' id='word_1_459' title='bbox 1421 3535 1728 3592; x_wconf 87' lang='lat' dir='ltr'>Terribilis</span> <span class='ocrx_word' id='word_1_460' title='bbox 1785 3542 1869 3593; x_wconf 90' lang='lat' dir='ltr'>est</span> <span class='ocrx_word' id='word_1_461' title='bbox 1899 3538 2064 3596; x_wconf 88' lang='lat' dir='ltr'>locus</span> 
     </span>
    </p>
   </div>
   <div class='ocr_carea' id='block_1_67' title="bbox 399 3621 2064 3694">
    <p class='ocr_par' dir='ltr' id='par_1_67' title="bbox 399 3621 2064 3694">
     <span class='ocr_line' id='line_1_67' title="bbox 399 3621 2064 3694; baseline 0.001 -13"><span class='ocrx_word' id='word_1_462' title='bbox 399 3625 531 3682; x_wconf 87' lang='lat' dir='ltr'>iste.</span> <span class='ocrx_word' id='word_1_463' title='bbox 561 3623 698 3681; x_wconf 90' lang='lat' dir='ltr'>Non</span> <span class='ocrx_word' id='word_1_464' title='bbox 735 3627 820 3680; x_wconf 84' lang='lat' dir='ltr'>est</span> <span class='ocrx_word' id='word_1_465' title='bbox 849 3621 946 3680; x_wconf 82' lang='lat' dir='ltr'>hic</span> <span class='ocrx_word' id='word_1_466' title='bbox 975 3622 1169 3691; x_wconf 87' lang='lat' dir='ltr'>aliud,</span> <span class='ocrx_word' id='word_1_467' title='bbox 1214 3623 1333 3680; x_wconf 87' lang='lat' dir='ltr'>nisi</span> <span class='ocrx_word' id='word_1_468' title='bbox 1359 3623 1568 3679; x_wconf 89' lang='lat' dir='ltr'>domus</span> <span class='ocrx_word' id='word_1_469' title='bbox 1618 3625 1730 3680; x_wconf 90' lang='lat' dir='ltr'>Dei</span> <span class='ocrx_word' id='word_1_470' title='bbox 1776 3630 1830 3681; x_wconf 89' lang='lat' dir='ltr'>et</span> <span class='ocrx_word' id='word_1_471' title='bbox 1882 3633 2064 3694; x_wconf 91' lang='lat' dir='ltr'>porta</span> 
     </span>
    </p>
   </div>
   <div class='ocr_carea' id='block_1_68' title="bbox 403 3710 2062 3786">
    <p class='ocr_par' dir='ltr' id='par_1_68' title="bbox 403 3710 2062 3786">
     <span class='ocr_line' id='line_1_68' title="bbox 403 3710 2062 3786; baseline -0.001 -14"><span class='ocrx_word' id='word_1_472' title='bbox 403 3713 584 3772; x_wconf 70' lang='lat' dir='ltr'>caeli?</span> <span class='ocrx_word' id='word_1_473' title='bbox 612 3715 747 3770; x_wconf 73' lang='lat' dir='ltr'>Haec</span> <span class='ocrx_word' id='word_1_474' title='bbox 776 3711 965 3770; x_wconf 87' lang='lat' dir='ltr'>verba</span> <span class='ocrx_word' id='word_1_475' title='bbox 1005 3711 1086 3770; x_wconf 92' lang='lat' dir='ltr'>ad</span> <span class='ocrx_word' id='word_1_476' title='bbox 1132 3710 1514 3784; x_wconf 91' lang='lat' dir='ltr'>prophetiam</span> <span class='ocrx_word' id='word_1_477' title='bbox 1544 3712 1861 3784; x_wconf 90' lang='lat' dir='ltr'>pertinent,</span> <span class='ocrx_word' id='word_1_478' title='bbox 1896 3715 2062 3786; x_wconf 89' lang='lat' dir='ltr'>quod</span> 
     </span>
    </p>
   </div>
   <div class='ocr_carea' id='block_1_69' title="bbox 399 3799 2062 3874">
    <p class='ocr_par' dir='ltr' id='par_1_69' title="bbox 399 3799 2062 3874">
     <span class='ocr_line' id='line_1_69' title="bbox 399 3799 2062 3874; baseline -0.001 -14"><span class='ocrx_word' id='word_1_479' title='bbox 399 3802 670 3862; x_wconf 84' lang='lat' dir='ltr'>futurum</span> <span class='ocrx_word' id='word_1_480' title='bbox 701 3805 829 3860; x_wconf 88' lang='lat' dir='ltr'>erat</span> <span class='ocrx_word' id='word_1_481' title='bbox 849 3801 913 3860; x_wconf 92' lang='lat' dir='ltr'>in</span> <span class='ocrx_word' id='word_1_482' title='bbox 938 3805 1095 3860; x_wconf 90' lang='lat' dir='ltr'>terra</span> <span class='ocrx_word' id='word_1_483' title='bbox 1124 3799 1606 3874; x_wconf 88' lang='lat' dir='ltr'>repromissionis</span> <span class='ocrx_word' id='word_1_484' title='bbox 1632 3803 1820 3858; x_wconf 89' lang='lat' dir='ltr'>Deum</span> <span class='ocrx_word' id='word_1_485' title='bbox 1850 3818 2062 3860; x_wconf 87' lang='lat' dir='ltr'>verum</span> 
     </span>
    </p>
   </div>
   <div class='ocr_carea' id='block_1_70' title="bbox 399 3888 2062 3964">
    <p class='ocr_par' dir='ltr' id='par_1_70' title="bbox 399 3888 2062 3964">
     <span class='ocr_line' id='line_1_70' title="bbox 399 3888 2062 3964; baseline -0.001 -14"><span class='ocrx_word' id='word_1_486' title='bbox 399 3891 630 3961; x_wconf 88' lang='lat' dir='ltr'>timere,</span> <span class='ocrx_word' id='word_1_487' title='bbox 661 3895 720 3950; x_wconf 91' lang='lat' dir='ltr'>et</span> <span class='ocrx_word' id='word_1_488' title='bbox 749 3891 966 3964; x_wconf 91' lang='lat' dir='ltr'>colere,</span> <span class='ocrx_word' id='word_1_489' title='bbox 998 3888 1580 3963; x_wconf 85' lang='lat' dir='ltr'>tabernaculumque</span> <span class='ocrx_word' id='word_1_490' title='bbox 1606 3889 1660 3946; x_wconf 91' lang='lat' dir='ltr'>ei</span> <span class='ocrx_word' id='word_1_491' title='bbox 1714 3890 1863 3960; x_wconf 87' lang='lat' dir='ltr'>ﬁeri,</span> <span class='ocrx_word' id='word_1_492' title='bbox 1892 3908 2062 3949; x_wconf 89' lang='lat' dir='ltr'>eum-</span> 
     </span>
    </p>
   </div>
   <div class='ocr_carea' id='block_1_71' title="bbox 399 3977 2062 4054">
    <p class='ocr_par' dir='ltr' id='par_1_71' title="bbox 399 3977 2062 4054">
     <span class='ocr_line' id='line_1_71' title="bbox 399 3977 2062 4054; baseline 0 -17"><span class='ocrx_word' id='word_1_493' title='bbox 399 3997 541 4054; x_wconf 90' lang='lat' dir='ltr'>que,</span> <span class='ocrx_word' id='word_1_494' title='bbox 572 3981 679 4054; x_wconf 92' lang='lat' dir='ltr'>qui</span> <span class='ocrx_word' id='word_1_495' title='bbox 703 3985 794 4038; x_wconf 88' lang='lat' dir='ltr'>est</span> <span class='ocrx_word' id='word_1_496' title='bbox 821 3995 1062 4053; x_wconf 87' lang='lat' dir='ltr'>semper</span> <span class='ocrx_word' id='word_1_497' title='bbox 1087 3978 1296 4038; x_wconf 91' lang='lat' dir='ltr'>omnia</span> <span class='ocrx_word' id='word_1_498' title='bbox 1314 3977 1668 4036; x_wconf 89' lang='lat' dir='ltr'>benedictus</span> <span class='ocrx_word' id='word_1_499' title='bbox 1693 3980 1871 4047; x_wconf 89' lang='lat' dir='ltr'>Deus,</span> <span class='ocrx_word' id='word_1_500' title='bbox 1900 3981 2062 4052; x_wconf 88' lang='lat' dir='ltr'>pedi-</span> 
     </span>
    </p>
   </div>
   <div class='ocr_carea' id='block_1_72' title="bbox 398 4067 2062 4127">
    <p class='ocr_par' dir='ltr' id='par_1_72' title="bbox 398 4067 2062 4127">
     <span class='ocr_line' id='line_1_72' title="bbox 398 4067 2062 4127; baseline 0.001 -1"><span class='ocrx_word' id='word_1_501' title='bbox 398 4068 518 4126; x_wconf 88' lang='lat' dir='ltr'>bus</span> <span class='ocrx_word' id='word_1_502' title='bbox 547 4069 670 4126; x_wconf 88' lang='lat' dir='ltr'>suis</span> <span class='ocrx_word' id='word_1_503' title='bbox 701 4069 1016 4126; x_wconf 88' lang='lat' dir='ltr'>ambulare</span> <span class='ocrx_word' id='word_1_504' title='bbox 1043 4069 1107 4126; x_wconf 90' lang='lat' dir='ltr'>in</span> <span class='ocrx_word' id='word_1_505' title='bbox 1157 4084 1249 4125; x_wconf 90' lang='lat' dir='ltr'>ea.</span> <span class='ocrx_word' id='word_1_506' title='bbox 1286 4070 1519 4124; x_wconf 86' lang='lat' dir='ltr'>Portam</span> <span class='ocrx_word' id='word_1_507' title='bbox 1557 4067 1690 4124; x_wconf 80' lang='lat' dir='ltr'>cceli</span> <span class='ocrx_word' id='word_1_508' title='bbox 1739 4073 1942 4126; x_wconf 90' lang='lat' dir='ltr'>autem</span> <span class='ocrx_word' id='word_1_509' title='bbox 1976 4070 2062 4127; x_wconf 90' lang='lat' dir='ltr'>sic</span> 
     </span>
    </p>
   </div>
   <div class='ocr_carea' id='block_1_73' title="bbox 399 4154 2064 4229">
    <p class='ocr_par' dir='ltr' id='par_1_73' title="bbox 399 4154 2064 4229">
     <span class='ocr_line' id='line_1_73' title="bbox 399 4154 2064 4229; baseline 0.002 -16"><span class='ocrx_word' id='word_1_510' title='bbox 399 4155 726 4228; x_wconf 77' lang='lat' dir='ltr'>intelligere</span> <span class='ocrx_word' id='word_1_511' title='bbox 755 4157 1050 4215; x_wconf 85' lang='lat' dir='ltr'>debemus</span> <span class='ocrx_word' id='word_1_512' title='bbox 1079 4161 1378 4229; x_wconf 88' lang='lat' dir='ltr'>tanquam</span> <span class='ocrx_word' id='word_1_513' title='bbox 1408 4154 1680 4214; x_wconf 83' lang='lat' dir='ltr'>inde&#39;ﬁat</span> <span class='ocrx_word' id='word_1_514' title='bbox 1709 4157 1908 4214; x_wconf 90' lang='lat' dir='ltr'>aditus</span> <span class='ocrx_word' id='word_1_515' title='bbox 1943 4175 2064 4216; x_wconf 80' lang='lat' dir='ltr'>cre-</span> 
     </span>
    </p>
   </div>
   <div class='ocr_carea' id='block_1_74' title="bbox 402 4243 1890 4316">
    <p class='ocr_par' dir='ltr' id='par_1_74' title="bbox 402 4243 1890 4316">
     <span class='ocr_line' id='line_1_74' title="bbox 402 4243 1890 4316; baseline 0.001 -16"><span class='ocrx_word' id='word_1_516' title='bbox 402 4243 686 4302; x_wconf 86' lang='lat' dir='ltr'>dentibus</span> <span class='ocrx_word' id='word_1_517' title='bbox 711 4243 791 4300; x_wconf 90' lang='lat' dir='ltr'>ad</span> <span class='ocrx_word' id='word_1_518' title='bbox 820 4243 1263 4316; x_wconf 89' lang='lat' dir='ltr'>capessendum</span> <span class='ocrx_word' id='word_1_519' title='bbox 1295 4258 1550 4313; x_wconf 85' lang='lat' dir='ltr'>regnum</span> <span class='ocrx_word' id='word_1_520' title='bbox 1579 4245 1890 4303; x_wconf 77' lang='lat' dir='ltr'>caelorum.</span> 
     </span>
    </p>
   </div>
   <div class='ocr_carea' id='block_1_75' title="bbox 475 4329 2060 4409">
    <p class='ocr_par' dir='ltr' id='par_1_75' title="bbox 475 4329 2060 4409">
     <span class='ocr_line' id='line_1_75' title="bbox 475 4329 2060 4409; baseline 0.003 -19"><span class='ocrx_word' id='word_1_521' title='bbox 475 4334 591 4390; x_wconf 91' lang='lat' dir='ltr'>Cur</span> <span class='ocrx_word' id='word_1_522' title='bbox 637 4331 823 4390; x_wconf 79' lang='lat' dir='ltr'>Jacob</span> <span class='ocrx_word' id='word_1_523' title='bbox 875 4331 1076 4389; x_wconf 91' lang='lat' dir='ltr'>oleum</span> <span class='ocrx_word' id='word_1_524' title='bbox 1132 4329 1287 4389; x_wconf 87' lang='lat' dir='ltr'>fudit</span> <span class='ocrx_word' id='word_1_525' title='bbox 1333 4348 1512 4407; x_wconf 90' lang='lat' dir='ltr'>super</span> <span class='ocrx_word' id='word_1_526' title='bbox 1559 4333 1828 4408; x_wconf 87' lang='lat' dir='ltr'>lapidem</span> <span class='ocrx_word' id='word_1_527' title='bbox 1877 4352 2060 4409; x_wconf 90' lang='lat' dir='ltr'>quem</span> 
     </span>
    </p>
   </div>
   <div class='ocr_carea' id='block_1_76' title="bbox 401 4419 2062 4482">
    <p class='ocr_par' dir='ltr' id='par_1_76' title="bbox 401 4419 2062 4482">
     <span class='ocr_line' id='line_1_76' title="bbox 401 4419 2062 4482; baseline 0.002 -4"><span class='ocrx_word' id='word_1_528' title='bbox 401 4421 587 4480; x_wconf 77' lang='lat' dir='ltr'>erexit</span> <span class='ocrx_word' id='word_1_529' title='bbox 609 4421 672 4482; x_wconf 91' lang='lat' dir='ltr'>in</span> <span class='ocrx_word' id='word_1_530' title='bbox 701 4421 982 4480; x_wconf 83' lang='lat' dir='ltr'>titulum?</span> <span class='ocrx_word' id='word_1_531' title='bbox 1011 4425 1138 4480; x_wconf 90' lang='lat' dir='ltr'>Non</span> <span class='ocrx_word' id='word_1_532' title='bbox 1161 4419 1511 4479; x_wconf 66' lang='lat' dir='ltr'>idololatria:</span> <span class='ocrx_word' id='word_1_533' title='bbox 1541 4423 1674 4479; x_wconf 83' lang='lat' dir='ltr'>fecit</span> <span class='ocrx_word' id='word_1_534' title='bbox 1703 4423 1912 4480; x_wconf 86' lang='lat' dir='ltr'>simile.</span> <span class='ocrx_word' id='word_1_535' title='bbox 1934 4428 2062 4481; x_wconf 85' lang='lat' dir='ltr'>Non</span> 
     </span>
    </p>
   </div>
   <div class='ocr_carea' id='block_1_77' title="bbox 402 4508 2059 4585">
    <p class='ocr_par' dir='ltr' id='par_1_77' title="bbox 402 4508 2059 4585">
     <span class='ocr_line' id='line_1_77' title="bbox 402 4508 2059 4585; baseline 0.001 -19"><span class='ocrx_word' id='word_1_536' title='bbox 402 4511 565 4568; x_wconf 89' lang='lat' dir='ltr'>enim</span> <span class='ocrx_word' id='word_1_537' title='bbox 615 4508 712 4568; x_wconf 88' lang='lat' dir='ltr'>vel</span> <span class='ocrx_word' id='word_1_538' title='bbox 759 4513 901 4570; x_wconf 88' lang='lat' dir='ltr'>tunc</span> <span class='ocrx_word' id='word_1_539' title='bbox 951 4508 1043 4568; x_wconf 90' lang='lat' dir='ltr'>vel</span> <span class='ocrx_word' id='word_1_540' title='bbox 1089 4513 1300 4584; x_wconf 87' lang='lat' dir='ltr'>postea</span> <span class='ocrx_word' id='word_1_541' title='bbox 1353 4509 1752 4584; x_wconf 88' lang='lat' dir='ltr'>frequentavit</span> <span class='ocrx_word' id='word_1_542' title='bbox 1794 4510 2059 4585; x_wconf 89' lang='lat' dir='ltr'>lapidem</span> 
     </span>
    </p>
   </div>
   <div class='ocr_carea' id='block_1_78' title="bbox 403 4597 2062 4668">
    <p class='ocr_par' dir='ltr' id='par_1_78' title="bbox 403 4597 2062 4668">
     <span class='ocr_line' id='line_1_78' title="bbox 403 4597 2062 4668; baseline 0.001 -11"><span class='ocrx_word' id='word_1_543' title='bbox 403 4597 720 4658; x_wconf 87' lang='lat' dir='ltr'>adorando</span> <span class='ocrx_word' id='word_1_544' title='bbox 744 4603 850 4658; x_wconf 89' lang='lat' dir='ltr'>aut</span> <span class='ocrx_word' id='word_1_545' title='bbox 897 4598 952 4656; x_wconf 91' lang='lat' dir='ltr'>ei</span> <span class='ocrx_word' id='word_1_546' title='bbox 982 4597 1414 4668; x_wconf 85' lang='lat' dir='ltr'>sacriﬁcando;</span> <span class='ocrx_word' id='word_1_547' title='bbox 1448 4597 1556 4654; x_wconf 84' lang='lat' dir='ltr'>sed</span> <span class='ocrx_word' id='word_1_548' title='bbox 1589 4599 1832 4667; x_wconf 91' lang='lat' dir='ltr'>signum</span> <span class='ocrx_word' id='word_1_549' title='bbox 1863 4599 1971 4657; x_wconf 78' lang='lat' dir='ltr'>fuit</span> <span class='ocrx_word' id='word_1_550' title='bbox 1998 4601 2062 4658; x_wconf 91' lang='lat' dir='ltr'>in</span> 
     </span>
    </p>
   </div>
   <div class='ocr_carea' id='block_1_79' title="bbox 399 4687 2064 4764">
    <p class='ocr_par' dir='ltr' id='par_1_79' title="bbox 399 4687 2064 4764">
     <span class='ocr_line' id='line_1_79' title="bbox 399 4687 2064 4764; baseline -0.001 -16"><span class='ocrx_word' id='word_1_551' title='bbox 399 4689 718 4764; x_wconf 85' lang='lat' dir='ltr'>prophetia</span> <span class='ocrx_word' id='word_1_552' title='bbox 744 4687 1198 4748; x_wconf 82' lang='lat' dir='ltr'>evidentissima</span> <span class='ocrx_word' id='word_1_553' title='bbox 1225 4687 1616 4744; x_wconf 90' lang='lat' dir='ltr'>constitutum</span> <span class='ocrx_word' id='word_1_554' title='bbox 1646 4703 1783 4760; x_wconf 73' lang='lat' dir='ltr'>quae</span> <span class='ocrx_word' id='word_1_555' title='bbox 1810 4688 2064 4760; x_wconf 91' lang='lat' dir='ltr'>pertinet</span> 
     </span>
    </p>
   </div>
   <div class='ocr_carea' id='block_1_80' title="bbox 401 4776 2063 4845">
    <p class='ocr_par' dir='ltr' id='par_1_80' title="bbox 401 4776 2063 4845">
     <span class='ocr_line' id='line_1_80' title="bbox 401 4776 2063 4845; baseline 0.001 -10"><span class='ocrx_word' id='word_1_556' title='bbox 401 4778 483 4836; x_wconf 90' lang='lat' dir='ltr'>ad</span> <span class='ocrx_word' id='word_1_557' title='bbox 533 4778 901 4836; x_wconf 91' lang='lat' dir='ltr'>unctionem.</span> <span class='ocrx_word' id='word_1_558' title='bbox 937 4777 1103 4835; x_wconf 90' lang='lat' dir='ltr'>Unde</span> <span class='ocrx_word' id='word_1_559' title='bbox 1155 4776 1365 4834; x_wconf 91' lang='lat' dir='ltr'>Christi</span> <span class='ocrx_word' id='word_1_560' title='bbox 1424 4778 1715 4845; x_wconf 44' lang='lat' dir='ltr'>nomenia</span> <span class='ocrx_word' id='word_1_561' title='bbox 1745 4776 2063 4836; x_wconf 88' lang='lat' dir='ltr'>chrismate</span> 
     </span>
    </p>
   </div>
   <div class='ocr_carea' id='block_1_81' title="bbox 402 4863 1706 4939">
    <p class='ocr_par' dir='ltr' id='par_1_81' title="bbox 402 4863 1706 4939">
     <span class='ocr_line' id='line_1_81' title="bbox 402 4863 1706 4939; baseline -0.002 -15"><span class='ocrx_word' id='word_1_562' title='bbox 402 4871 508 4928; x_wconf 88' lang='lat' dir='ltr'>est.</span> <span class='ocrx_word' id='word_1_563' title='bbox 543 4867 876 4928; x_wconf 84' lang='lat' dir='ltr'>Prodamus</span> <span class='ocrx_word' id='word_1_564' title='bbox 902 4866 1280 4925; x_wconf 87' lang='lat' dir='ltr'>manifestius</span> <span class='ocrx_word' id='word_1_565' title='bbox 1309 4881 1418 4939; x_wconf 90' lang='lat' dir='ltr'>per</span> <span class='ocrx_word' id='word_1_566' title='bbox 1449 4863 1706 4934; x_wconf 87' lang='lat' dir='ltr'>singula.</span> 
     </span>
    </p>
   </div>
   <div class='ocr_carea' id='block_1_82' title="bbox 483 4954 2065 5030">
    <p class='ocr_par' dir='ltr' id='par_1_82' title="bbox 483 4954 2065 5030">
     <span class='ocr_line' id='line_1_82' title="bbox 483 4954 2065 5030; baseline 0 -14"><span class='ocrx_word' id='word_1_567' title='bbox 483 4957 758 5030; x_wconf 86' lang='lat' dir='ltr'>Viditque</span> <span class='ocrx_word' id='word_1_568' title='bbox 772 4958 1096 5020; x_wconf 88' lang='lat' dir='ltr'>Dominum</span> <span class='ocrx_word' id='word_1_569' title='bbox 1120 4955 1310 5013; x_wconf 91' lang='lat' dir='ltr'>Jacob</span> <span class='ocrx_word' id='word_1_570' title='bbox 1332 4954 1612 5010; x_wconf 71' lang='lat' dir='ltr'>innixum</span> <span class='ocrx_word' id='word_1_571' title='bbox 1635 4955 1838 5023; x_wconf 74' lang='lat' dir='ltr'>scalte,</span> <span class='ocrx_word' id='word_1_572' title='bbox 1867 4955 2065 5016; x_wconf 85' lang='lat' dir='ltr'>dicen-</span> 
     </span>
    </p>
   </div>
   <div class='ocr_carea' id='block_1_83' title="bbox 405 5042 2063 5118">
    <p class='ocr_par' dir='ltr' id='par_1_83' title="bbox 405 5042 2063 5118">
     <span class='ocr_line' id='line_1_83' title="bbox 405 5042 2063 5118; baseline 0 -17"><span class='ocrx_word' id='word_1_573' title='bbox 405 5051 518 5102; x_wconf 88' lang='lat' dir='ltr'>tem</span> <span class='ocrx_word' id='word_1_574' title='bbox 547 5046 700 5103; x_wconf 85' lang='lat' dir='ltr'>sibi:</span> <span class='ocrx_word' id='word_1_575' title='bbox 732 5047 862 5118; x_wconf 86' lang='lat' dir='ltr'>Ego</span> <span class='ocrx_word' id='word_1_576' title='bbox 892 5061 1022 5103; x_wconf 89' lang='lat' dir='ltr'>sum</span> <span class='ocrx_word' id='word_1_577' title='bbox 1063 5047 1224 5102; x_wconf 88' lang='lat' dir='ltr'>Deus</span> <span class='ocrx_word' id='word_1_578' title='bbox 1271 5042 1580 5098; x_wconf 84' lang='lat' dir='ltr'>Abraham</span> <span class='ocrx_word' id='word_1_579' title='bbox 1623 5043 1821 5112; x_wconf 81' lang='lat' dir='ltr'>patris</span> <span class='ocrx_word' id='word_1_580' title='bbox 1871 5045 1978 5112; x_wconf 87' lang='lat' dir='ltr'>tui,</span> <span class='ocrx_word' id='word_1_581' title='bbox 2009 5051 2063 5102; x_wconf 90' lang='lat' dir='ltr'>et</span> 
     </span>
    </p>
   </div>
   <div class='ocr_carea' id='block_1_84' title="bbox 402 5131 2061 5203">
    <p class='ocr_par' dir='ltr' id='par_1_84' title="bbox 402 5131 2061 5203">
     <span class='ocr_line' id='line_1_84' title="bbox 402 5131 2061 5203; baseline 0.001 -13"><span class='ocrx_word' id='word_1_582' title='bbox 402 5134 561 5190; x_wconf 85' lang='lat' dir='ltr'>Deus</span> <span class='ocrx_word' id='word_1_583' title='bbox 607 5133 801 5194; x_wconf 85' lang='lat' dir='ltr'>Isaac.</span> <span class='ocrx_word' id='word_1_584' title='bbox 853 5134 1100 5190; x_wconf 79' lang='lat' dir='ltr'>Terram</span> <span class='ocrx_word' id='word_1_585' title='bbox 1155 5133 1219 5188; x_wconf 89' lang='lat' dir='ltr'>in</span> <span class='ocrx_word' id='word_1_586' title='bbox 1275 5145 1396 5203; x_wconf 88' lang='lat' dir='ltr'>qua</span> <span class='ocrx_word' id='word_1_587' title='bbox 1448 5131 1672 5186; x_wconf 86' lang='lat' dir='ltr'>dormis</span> <span class='ocrx_word' id='word_1_588' title='bbox 1732 5131 1840 5190; x_wconf 84' lang='lat' dir='ltr'>tibi</span> <span class='ocrx_word' id='word_1_589' title='bbox 1888 5133 2061 5192; x_wconf 86' lang='lat' dir='ltr'>dabo.</span> 
     </span>
    </p>
   </div>
   <div class='ocr_carea' id='block_1_85' title="bbox 403 5219 2065 5294">
    <p class='ocr_par' dir='ltr' id='par_1_85' title="bbox 403 5219 2065 5294">
     <span class='ocr_line' id='line_1_85' title="bbox 403 5219 2065 5294; baseline 0.002 -17"><span class='ocrx_word' id='word_1_590' title='bbox 403 5220 791 5290; x_wconf 89' lang='lat' dir='ltr'>Subauditur,</span> <span class='ocrx_word' id='word_1_591' title='bbox 841 5220 905 5278; x_wconf 91' lang='lat' dir='ltr'>in</span> <span class='ocrx_word' id='word_1_592' title='bbox 951 5236 1080 5294; x_wconf 88' lang='lat' dir='ltr'>spe,</span> <span class='ocrx_word' id='word_1_593' title='bbox 1109 5224 1165 5276; x_wconf 90' lang='lat' dir='ltr'>et</span> <span class='ocrx_word' id='word_1_594' title='bbox 1207 5219 1423 5276; x_wconf 86' lang='lat' dir='ltr'>semini</span> <span class='ocrx_word' id='word_1_595' title='bbox 1463 5225 1584 5291; x_wconf 88' lang='lat' dir='ltr'>tuo,</span> <span class='ocrx_word' id='word_1_596' title='bbox 1634 5219 1697 5276; x_wconf 91' lang='lat' dir='ltr'>in</span> <span class='ocrx_word' id='word_1_597' title='bbox 1743 5237 1824 5278; x_wconf 91' lang='lat' dir='ltr'>re.</span> <span class='ocrx_word' id='word_1_598' title='bbox 1854 5221 1920 5278; x_wconf 89' lang='lat' dir='ltr'>Id</span> <span class='ocrx_word' id='word_1_599' title='bbox 1978 5229 2065 5282; x_wconf 90' lang='lat' dir='ltr'>est</span> 
     </span>
    </p>
   </div>
   <div class='ocr_carea' id='block_1_86' title="bbox 407 5307 2070 5382">
    <p class='ocr_par' dir='ltr' id='par_1_86' title="bbox 407 5307 2070 5382">
     <span class='ocr_line' id='line_1_86' title="bbox 407 5307 2070 5382; baseline -0.001 -12"><span class='ocrx_word' id='word_1_600' title='bbox 407 5310 657 5382; x_wconf 79' lang='lat' dir='ltr'>Christo,</span> <span class='ocrx_word' id='word_1_601' title='bbox 683 5310 858 5382; x_wconf 88' lang='lat' dir='ltr'>juxta</span> <span class='ocrx_word' id='word_1_602' title='bbox 912 5307 1102 5366; x_wconf 89' lang='lat' dir='ltr'>illud:</span> <span class='ocrx_word' id='word_1_603' title='bbox 1135 5309 1390 5366; x_wconf 78' lang='lat' dir='ltr'>Postulo</span> <span class='ocrx_word' id='word_1_604' title='bbox 1439 5323 1478 5365; x_wconf 92' lang='lat' dir='ltr'>a</span> <span class='ocrx_word' id='word_1_605' title='bbox 1526 5325 1616 5366; x_wconf 91' lang='lat' dir='ltr'>me</span> <span class='ocrx_word' id='word_1_606' title='bbox 1665 5315 1720 5366; x_wconf 90' lang='lat' dir='ltr'>et</span> <span class='ocrx_word' id='word_1_607' title='bbox 1773 5311 1926 5368; x_wconf 87' lang='lat' dir='ltr'>dabo</span> <span class='ocrx_word' id='word_1_608' title='bbox 1958 5313 2070 5368; x_wconf 86' lang='lat' dir='ltr'>tibi</span> 
     </span>
    </p>
   </div>
   <div class='ocr_carea' id='block_1_87' title="bbox 404 5397 2065 5475">
    <p class='ocr_par' dir='ltr' id='par_1_87' title="bbox 404 5397 2065 5475">
     <span class='ocr_line' id='line_1_87' title="bbox 404 5397 2065 5475; baseline 0.001 -19"><span class='ocrx_word' id='word_1_609' title='bbox 404 5405 606 5469; x_wconf 83' lang='lat' dir='ltr'>gentes</span> <span class='ocrx_word' id='word_1_610' title='bbox 659 5398 850 5471; x_wconf 89' lang='lat' dir='ltr'>(Psal.</span> <span class='ocrx_word' id='word_1_611' title='bbox 910 5412 972 5468; x_wconf 81' lang='grc' dir='ltr'>ιι,</span> <span class='ocrx_word' id='word_1_612' title='bbox 1029 5397 1104 5469; x_wconf 84' lang='grc'>8).</span> <span class='ocrx_word' id='word_1_613' title='bbox 1159 5397 1260 5455; x_wconf 83' lang='lat' dir='ltr'>Vel</span> <span class='ocrx_word' id='word_1_614' title='bbox 1309 5413 1514 5455; x_wconf 90' lang='lat' dir='ltr'>semen</span> <span class='ocrx_word' id='word_1_615' title='bbox 1572 5397 1749 5466; x_wconf 91' lang='lat' dir='ltr'>illius,</span> <span class='ocrx_word' id='word_1_616' title='bbox 1805 5401 2065 5475; x_wconf 89' lang='lat' dir='ltr'>apostoli</span> 
     </span>
    </p>
   </div>
   <div class='ocr_carea' id='block_1_88' title="bbox 405 5486 2062 5561">
    <p class='ocr_par' dir='ltr' id='par_1_88' title="bbox 405 5486 2062 5561">
     <span class='ocr_line' id='line_1_88' title="bbox 405 5486 2062 5561; baseline 0 -17"><span class='ocrx_word' id='word_1_617' title='bbox 405 5486 818 5557; x_wconf 82' lang='lat' dir='ltr'>designantur.</span> <span class='ocrx_word' id='word_1_618' title='bbox 849 5486 1103 5558; x_wconf 86' lang='lat' dir='ltr'>Eritque</span> <span class='ocrx_word' id='word_1_619' title='bbox 1127 5503 1369 5560; x_wconf 84' lang='lat' dir='ltr'>germen</span> <span class='ocrx_word' id='word_1_620' title='bbox 1394 5493 1584 5558; x_wconf 90' lang='lat' dir='ltr'>tuum,</span> <span class='ocrx_word' id='word_1_621' title='bbox 1616 5487 1677 5545; x_wconf 92' lang='lat' dir='ltr'>id</span> <span class='ocrx_word' id='word_1_622' title='bbox 1697 5494 1785 5546; x_wconf 90' lang='lat' dir='ltr'>est</span> <span class='ocrx_word' id='word_1_623' title='bbox 1831 5489 2062 5561; x_wconf 90' lang='lat' dir='ltr'>ﬁdeles,</span> 
     </span>
    </p>
   </div>
   <div class='ocr_carea' id='block_1_89' title="bbox 406 5575 2064 5654">
    <p class='ocr_par' dir='ltr' id='par_1_89' title="bbox 406 5575 2064 5654">
     <span class='ocr_line' id='line_1_89' title="bbox 406 5575 2064 5654; baseline 0.002 -23"><span class='ocrx_word' id='word_1_624' title='bbox 406 5575 560 5632; x_wconf 84' lang='lat' dir='ltr'>sicut</span> <span class='ocrx_word' id='word_1_625' title='bbox 582 5575 788 5644; x_wconf 80' lang='lat' dir='ltr'>pulvis</span> <span class='ocrx_word' id='word_1_626' title='bbox 843 5581 1038 5643; x_wconf 73' lang='lat' dir='ltr'>terrae,</span> <span class='ocrx_word' id='word_1_627' title='bbox 1063 5593 1186 5650; x_wconf 71' lang='lat' dir='ltr'>prae</span> <span class='ocrx_word' id='word_1_628' title='bbox 1216 5577 1594 5636; x_wconf 89' lang='lat' dir='ltr'>multitudine</span> <span class='ocrx_word' id='word_1_629' title='bbox 1635 5577 1734 5654; x_wconf 87' lang='lat' dir='ltr'>[Z.,</span> <span class='ocrx_word' id='word_1_630' title='bbox 1766 5579 2064 5648; x_wconf 82' lang='lat' dir='ltr'>magnitu-</span> 
     </span>
    </p>
   </div>
   <div class='ocr_carea' id='block_1_90' title="bbox 408 5660 2058 5737">
    <p class='ocr_par' dir='ltr' id='par_1_90' title="bbox 408 5660 2058 5737">
     <span class='ocr_line' id='line_1_90' title="bbox 408 5660 2058 5737; baseline 0.004 -18"><span class='ocrx_word' id='word_1_631' title='bbox 408 5660 568 5736; x_wconf 89' lang='lat' dir='ltr'>dine]</span> <span class='ocrx_word' id='word_1_632' title='bbox 615 5662 988 5737; x_wconf 86' lang='lat' dir='ltr'>subauditur,</span> <span class='ocrx_word' id='word_1_633' title='bbox 1031 5667 1384 5725; x_wconf 89' lang='lat' dir='ltr'>dilataberis</span> <span class='ocrx_word' id='word_1_634' title='bbox 1435 5667 1518 5726; x_wconf 90' lang='lat' dir='ltr'>ad</span> <span class='ocrx_word' id='word_1_635' title='bbox 1580 5669 1964 5737; x_wconf 82' lang='lat' dir='ltr'>occidentem,</span> <span class='ocrx_word' id='word_1_636' title='bbox 2005 5676 2058 5725; x_wconf 88' lang='lat' dir='ltr'>et</span> 
     </span>
    </p>
   </div>
   <div class='ocr_carea' id='block_1_91' title="bbox 406 5751 2058 5828">
    <p class='ocr_par' dir='ltr' id='par_1_91' title="bbox 406 5751 2058 5828">
     <span class='ocr_line' id='line_1_91' title="bbox 406 5751 2058 5828; baseline 0.007 -19"><span class='ocrx_word' id='word_1_637' title='bbox 406 5751 714 5823; x_wconf 76' lang='lat' dir='ltr'>orientem,</span> <span class='ocrx_word' id='word_1_638' title='bbox 763 5759 819 5814; x_wconf 88' lang='lat' dir='ltr'>et</span> <span class='ocrx_word' id='word_1_639' title='bbox 871 5759 1350 5828; x_wconf 83' lang='lat' dir='ltr'>septentrionem,</span> <span class='ocrx_word' id='word_1_640' title='bbox 1402 5763 1458 5816; x_wconf 89' lang='lat' dir='ltr'>et</span> <span class='ocrx_word' id='word_1_641' title='bbox 1505 5757 1830 5819; x_wconf 85' lang='lat' dir='ltr'>meridiem.</span> <span class='ocrx_word' id='word_1_642' title='bbox 1885 5757 2058 5826; x_wconf 84' lang='lat' dir='ltr'>Quod</span> 
     </span>
    </p>
   </div>
   <div class='ocr_carea' id='block_1_92' title="bbox 2781 3229 3223 3285">
    <p class='ocr_par' dir='ltr' id='par_1_92' title="bbox 2781 3229 3223 3285">
     <span class='ocr_line' id='line_1_92' title="bbox 2781 3229 3223 3285; baseline 0.002 -4"><span class='ocrx_word' id='word_1_643' title='bbox 2781 3229 3010 3284; x_wconf 76' lang='lat' dir='ltr'>CAPUT</span> <span class='ocrx_word' id='word_1_644' title='bbox 3051 3231 3223 3285; x_wconf 83' lang='lat' dir='ltr'>XXIX.</span> 
     </span>
    </p>
   </div>
   <div class='ocr_carea' id='block_1_93' title="bbox 2244 3353 3839 3428">
    <p class='ocr_par' dir='ltr' id='par_1_93' title="bbox 2244 3353 3839 3428">
     <span class='ocr_line' id='line_1_93' title="bbox 2244 3353 3839 3428; baseline 0.003 -21"><span class='ocrx_word' id='word_1_645' title='bbox 2244 3355 2414 3409; x_wconf 74' lang='lat' dir='ltr'>Vsus.</span> <span class='ocrx_word' id='word_1_646' title='bbox 2453 3353 2500 3410; x_wconf 95' lang='lat' dir='ltr'>l.</span> <span class='ocrx_word' id='word_1_647' title='bbox 2531 3385 2598 3392; x_wconf 90' lang='lat'><strong>—</strong></span> <span class='ocrx_word' id='word_1_648' title='bbox 2625 3353 2943 3426; x_wconf 80' lang='lat' dir='ltr'>Profectus</span> <span class='ocrx_word' id='word_1_649' title='bbox 2983 3368 3123 3423; x_wconf 84' lang='lat' dir='ltr'>ergo</span> <span class='ocrx_word' id='word_1_650' title='bbox 3151 3354 3361 3428; x_wconf 90' lang='lat' dir='ltr'>Jacob,</span> <span class='ocrx_word' id='word_1_651' title='bbox 3391 3353 3452 3410; x_wconf 91' lang='lat' dir='ltr'>id</span> <span class='ocrx_word' id='word_1_652' title='bbox 3494 3359 3585 3411; x_wconf 89' lang='lat' dir='ltr'>est</span> <span class='ocrx_word' id='word_1_653' title='bbox 3643 3356 3839 3412; x_wconf 84' lang='lat' dir='ltr'>Domi-</span> 
     </span>
    </p>
   </div>
   <div class='ocr_carea' id='block_1_94' title="bbox 2172 3443 3836 3516">
    <p class='ocr_par' dir='ltr' id='par_1_94' title="bbox 2172 3443 3836 3516">
     <span class='ocr_line' id='line_1_94' title="bbox 2172 3443 3836 3516; baseline 0.001 -16"><span class='ocrx_word' id='word_1_654' title='bbox 2172 3458 2290 3500; x_wconf 92' lang='lat' dir='ltr'>nus</span> <span class='ocrx_word' id='word_1_655' title='bbox 2340 3445 2510 3500; x_wconf 82' lang='lat' dir='ltr'>Jesus</span> <span class='ocrx_word' id='word_1_656' title='bbox 2558 3443 2849 3503; x_wconf 89' lang='lat' dir='ltr'>Christus.</span> <span class='ocrx_word' id='word_1_657' title='bbox 2893 3444 3066 3515; x_wconf 90' lang='lat' dir='ltr'>cujus</span> <span class='ocrx_word' id='word_1_658' title='bbox 3123 3449 3340 3516; x_wconf 87' lang='lat' dir='ltr'>typum</span> <span class='ocrx_word' id='word_1_659' title='bbox 3391 3444 3580 3500; x_wconf 90' lang='lat' dir='ltr'>tenuit</span> <span class='ocrx_word' id='word_1_660' title='bbox 3604 3444 3668 3503; x_wconf 93' lang='lat' dir='ltr'>in</span> <span class='ocrx_word' id='word_1_661' title='bbox 3724 3446 3836 3502; x_wconf 89' lang='lat' dir='ltr'>hoc</span> 
     </span>
    </p>
   </div>
   <div class='ocr_carea' id='block_1_95' title="bbox 2171 3531 3836 3607">
    <p class='ocr_par' dir='ltr' id='par_1_95' title="bbox 2171 3531 3836 3607">
     <span class='ocr_line' id='line_1_95' title="bbox 2171 3531 3836 3607; baseline 0.003 -20"><span class='ocrx_word' id='word_1_662' title='bbox 2171 3531 2324 3599; x_wconf 92' lang='lat' dir='ltr'>loco,</span> <span class='ocrx_word' id='word_1_663' title='bbox 2354 3532 2436 3589; x_wconf 91' lang='lat' dir='ltr'>ad</span> <span class='ocrx_word' id='word_1_664' title='bbox 2481 3538 2705 3588; x_wconf 89' lang='lat' dir='ltr'>terram</span> <span class='ocrx_word' id='word_1_665' title='bbox 2753 3534 3125 3600; x_wconf 85' lang='lat' dir='ltr'>orientalem,</span> <span class='ocrx_word' id='word_1_666' title='bbox 3157 3534 3272 3590; x_wconf 90' lang='lat' dir='ltr'>hoc</span> <span class='ocrx_word' id='word_1_667' title='bbox 3304 3536 3391 3588; x_wconf 90' lang='lat' dir='ltr'>est</span> <span class='ocrx_word' id='word_1_668' title='bbox 3429 3532 3507 3589; x_wconf 91' lang='lat' dir='ltr'>ad</span> <span class='ocrx_word' id='word_1_669' title='bbox 3535 3534 3836 3607; x_wconf 88' lang='lat' dir='ltr'>populum</span> 
     </span>
    </p>
   </div>
   <div class='ocr_carea' id='block_1_96' title="bbox 2172 3622 3834 3694">
    <p class='ocr_par' dir='ltr' id='par_1_96' title="bbox 2172 3622 3834 3694">
     <span class='ocr_line' id='line_1_96' title="bbox 2172 3622 3834 3694; baseline 0.003 -19"><span class='ocrx_word' id='word_1_670' title='bbox 2172 3622 2545 3691; x_wconf 70' lang='lat' dir='ltr'>Judaaorum,</span> <span class='ocrx_word' id='word_1_671' title='bbox 2595 3622 2700 3694; x_wconf 89' lang='lat' dir='ltr'>qui</span> <span class='ocrx_word' id='word_1_672' title='bbox 2731 3623 3091 3679; x_wconf 81' lang='lat' dir='ltr'>videbantur</span> <span class='ocrx_word' id='word_1_673' title='bbox 3121 3623 3395 3680; x_wconf 88' lang='lat' dir='ltr'>notitiam</span> <span class='ocrx_word' id='word_1_674' title='bbox 3425 3623 3573 3692; x_wconf 80' lang='lat' dir='ltr'>legis</span> <span class='ocrx_word' id='word_1_675' title='bbox 3632 3629 3693 3680; x_wconf 92' lang='lat' dir='ltr'>et</span> <span class='ocrx_word' id='word_1_676' title='bbox 3740 3625 3834 3682; x_wconf 85' lang='lat' dir='ltr'>Dei</span> 
     </span>
    </p>
   </div>
   <div class='ocr_carea' id='block_1_97' title="bbox 2171 3711 3834 3785">
    <p class='ocr_par' dir='ltr' id='par_1_97' title="bbox 2171 3711 3834 3785">
     <span class='ocr_line' id='line_1_97' title="bbox 2171 3711 3834 3785; baseline 0.001 -19"><span class='ocrx_word' id='word_1_677' title='bbox 2171 3711 2416 3778; x_wconf 89' lang='lat' dir='ltr'>habere,</span> <span class='ocrx_word' id='word_1_678' title='bbox 2469 3711 2544 3767; x_wconf 90' lang='lat' dir='ltr'>de</span> <span class='ocrx_word' id='word_1_679' title='bbox 2601 3727 2724 3784; x_wconf 91' lang='lat' dir='ltr'>quo</span> <span class='ocrx_word' id='word_1_680' title='bbox 2769 3713 3062 3785; x_wconf 87' lang='lat' dir='ltr'>Propheta</span> <span class='ocrx_word' id='word_1_681' title='bbox 3103 3712 3229 3770; x_wconf 89' lang='lat' dir='ltr'>ait:</span> <span class='ocrx_word' id='word_1_682' title='bbox 3263 3713 3416 3770; x_wconf 84' lang='lat' dir='ltr'>Ecce</span> <span class='ocrx_word' id='word_1_683' title='bbox 3464 3713 3580 3781; x_wconf 86' lang='lat' dir='ltr'>vir,</span> <span class='ocrx_word' id='word_1_684' title='bbox 3625 3714 3834 3772; x_wconf 84' lang='lat' dir='ltr'>Oriens</span> 
     </span>
    </p>
   </div>
   <div class='ocr_carea' id='block_1_98' title="bbox 2173 3800 3036 3873">
    <p class='ocr_par' dir='ltr' id='par_1_98' title="bbox 2173 3800 3036 3873">
     <span class='ocr_line' id='line_1_98' title="bbox 2173 3800 3036 3873; baseline 0.007 -19"><span class='ocrx_word' id='word_1_685' title='bbox 2173 3815 2384 3855; x_wconf 85' lang='lat' dir='ltr'>nomen</span> <span class='ocrx_word' id='word_1_686' title='bbox 2415 3801 2544 3869; x_wconf 86' lang='lat' dir='ltr'>ejus</span> <span class='ocrx_word' id='word_1_687' title='bbox 2594 3800 2788 3866; x_wconf 79' lang='lat' dir='ltr'>(Zach.</span> <span class='ocrx_word' id='word_1_688' title='bbox 2822 3816 2900 3869; x_wconf 77' lang='lat' dir='ltr'>v1,</span> <span class='ocrx_word' id='word_1_689' title='bbox 2930 3803 3036 3873; x_wconf 83' lang='lat' dir='ltr'>t2).</span> 
     </span>
    </p>
   </div>
   <div class='ocr_carea' id='block_1_99' title="bbox 2249 3890 3838 3962">
    <p class='ocr_par' dir='ltr' id='par_1_99' title="bbox 2249 3890 3838 3962">
     <span class='ocr_line' id='line_1_99' title="bbox 2249 3890 3838 3962; baseline 0.004 -20"><span class='ocrx_word' id='word_1_690' title='bbox 2249 3891 2411 3946; x_wconf 74' lang='lat' dir='ltr'>Vsus.</span> <span class='ocrx_word' id='word_1_691' title='bbox 2446 3893 2574 3943; x_wconf 76' lang='grc'><strong>2.-</strong></span> <span class='ocrx_word' id='word_1_692' title='bbox 2604 3891 2680 3945; x_wconf 89' lang='lat' dir='ltr'>Et</span> <span class='ocrx_word' id='word_1_693' title='bbox 2711 3890 2858 3948; x_wconf 83' lang='lat' dir='ltr'>vidit</span> <span class='ocrx_word' id='word_1_694' title='bbox 2891 3897 3139 3962; x_wconf 89' lang='lat' dir='ltr'>puteum</span> <span class='ocrx_word' id='word_1_695' title='bbox 3162 3893 3224 3948; x_wconf 90' lang='lat' dir='ltr'>in</span> <span class='ocrx_word' id='word_1_696' title='bbox 3265 3907 3431 3962; x_wconf 85' lang='lat' dir='ltr'>agro.</span> <span class='ocrx_word' id='word_1_697' title='bbox 3464 3890 3838 3950; x_wconf 86' lang='lat' dir='ltr'>Profundita-</span> 
     </span>
    </p>
   </div>
   <div class='ocr_carea' id='block_1_100' title="bbox 2173 3978 3836 4054">
    <p class='ocr_par' dir='ltr' id='par_1_100' title="bbox 2173 3978 3836 4054">
     <span class='ocr_line' id='line_1_100' title="bbox 2173 3978 3836 4054; baseline 0.002 -22"><span class='ocrx_word' id='word_1_698' title='bbox 2173 3981 2292 4032; x_wconf 91' lang='lat' dir='ltr'>tem</span> <span class='ocrx_word' id='word_1_699' title='bbox 2323 3978 2594 4035; x_wconf 89' lang='lat' dir='ltr'>videlicet</span> <span class='ocrx_word' id='word_1_700' title='bbox 2627 3980 3067 4052; x_wconf 76' lang='lat' dir='ltr'>Scripturarum</span> <span class='ocrx_word' id='word_1_701' title='bbox 3097 3980 3157 4036; x_wconf 94' lang='lat' dir='ltr'>in</span> <span class='ocrx_word' id='word_1_702' title='bbox 3184 3980 3413 4054; x_wconf 92' lang='lat' dir='ltr'>populo</span> <span class='ocrx_word' id='word_1_703' title='bbox 3436 3980 3714 4046; x_wconf 83' lang='lat' dir='ltr'>Judaico,</span> <span class='ocrx_word' id='word_1_704' title='bbox 3734 3997 3836 4036; x_wconf 91' lang='lat' dir='ltr'>seu</span> 
     </span>
    </p>
   </div>
   <div class='ocr_carea' id='block_1_101' title="bbox 2172 4066 3834 4144">
    <p class='ocr_par' dir='ltr' id='par_1_101' title="bbox 2172 4066 3834 4144">
     <span class='ocr_line' id='line_1_101' title="bbox 2172 4066 3834 4144; baseline 0.004 -23"><span class='ocrx_word' id='word_1_705' title='bbox 2172 4066 2426 4135; x_wconf 90' lang='lat' dir='ltr'>gratiam</span> <span class='ocrx_word' id='word_1_706' title='bbox 2477 4066 2784 4140; x_wconf 88' lang='lat' dir='ltr'>baptismi,</span> <span class='ocrx_word' id='word_1_707' title='bbox 2815 4069 2875 4124; x_wconf 91' lang='lat' dir='ltr'>in</span> <span class='ocrx_word' id='word_1_708' title='bbox 2923 4069 3090 4128; x_wconf 84' lang='lat' dir='ltr'>libris</span> <span class='ocrx_word' id='word_1_709' title='bbox 3136 4069 3284 4138; x_wconf 84' lang='lat' dir='ltr'>legis</span> <span class='ocrx_word' id='word_1_710' title='bbox 3315 4076 3372 4126; x_wconf 92' lang='lat' dir='ltr'>et</span> <span class='ocrx_word' id='word_1_711' title='bbox 3399 4071 3834 4144; x_wconf 89' lang='lat' dir='ltr'>prophetarum</span> 
     </span>
    </p>
   </div>
   <div class='ocr_carea' id='block_1_102' title="bbox 2170 4155 3836 4233">
    <p class='ocr_par' dir='ltr' id='par_1_102' title="bbox 2170 4155 3836 4233">
     <span class='ocr_line' id='line_1_102' title="bbox 2170 4155 3836 4233; baseline 0.004 -23"><span class='ocrx_word' id='word_1_712' title='bbox 2170 4155 2640 4228; x_wconf 71' lang='lat' dir='ltr'>praefiguratam.</span> <span class='ocrx_word' id='word_1_713' title='bbox 2679 4161 2934 4230; x_wconf 86' lang='lat' dir='ltr'>Tresque</span> <span class='ocrx_word' id='word_1_714' title='bbox 2977 4175 3180 4233; x_wconf 86' lang='lat' dir='ltr'>greges</span> <span class='ocrx_word' id='word_1_715' title='bbox 3234 4161 3432 4218; x_wconf 88' lang='lat' dir='ltr'>ovium</span> <span class='ocrx_word' id='word_1_716' title='bbox 3474 4163 3836 4218; x_wconf 85' lang='lat' dir='ltr'>accubantes</span> 
     </span>
    </p>
   </div>
   <div class='ocr_carea' id='block_1_103' title="bbox 2161 4247 3837 4322">
    <p class='ocr_par' dir='ltr' id='par_1_103' title="bbox 2161 4247 3837 4322">
     <span class='ocr_line' id='line_1_103' title="bbox 2161 4247 3837 4322; baseline 0 -18"><span class='ocrx_word' id='word_1_717' title='bbox 2161 4248 2351 4315; x_wconf 75' lang='lat' dir='ltr'>juxta</span> <span class='ocrx_word' id='word_1_718' title='bbox 2379 4262 2530 4304; x_wconf 85' lang='lat' dir='ltr'>eum.</span> <span class='ocrx_word' id='word_1_719' title='bbox 2567 4248 2717 4314; x_wconf 90' lang='lat' dir='ltr'>Quia</span> <span class='ocrx_word' id='word_1_720' title='bbox 2741 4247 3028 4304; x_wconf 87' lang='lat' dir='ltr'>Judaicus</span> <span class='ocrx_word' id='word_1_721' title='bbox 3060 4248 3320 4322; x_wconf 91' lang='lat' dir='ltr'>populus</span> <span class='ocrx_word' id='word_1_722' title='bbox 3363 4247 3667 4322; x_wconf 90' lang='lat' dir='ltr'>triplieiter</span> <span class='ocrx_word' id='word_1_723' title='bbox 3693 4250 3837 4306; x_wconf 86' lang='lat' dir='ltr'>divi-</span> 
     </span>
    </p>
   </div>
   <div class='ocr_carea' id='block_1_104' title="bbox 2173 4334 3838 4412">
    <p class='ocr_par' dir='ltr' id='par_1_104' title="bbox 2173 4334 3838 4412">
     <span class='ocr_line' id='line_1_104' title="bbox 2173 4334 3838 4412; baseline 0.004 -24"><span class='ocrx_word' id='word_1_724' title='bbox 2173 4351 2278 4389; x_wconf 91' lang='lat' dir='ltr'>sus</span> <span class='ocrx_word' id='word_1_725' title='bbox 2306 4340 2450 4406; x_wconf 90' lang='lat' dir='ltr'>erat,</span> <span class='ocrx_word' id='word_1_726' title='bbox 2481 4334 2543 4391; x_wconf 92' lang='lat' dir='ltr'>id</span> <span class='ocrx_word' id='word_1_727' title='bbox 2575 4341 2666 4392; x_wconf 90' lang='lat' dir='ltr'>est</span> <span class='ocrx_word' id='word_1_728' title='bbox 2694 4335 2754 4391; x_wconf 93' lang='lat' dir='ltr'>in</span> <span class='ocrx_word' id='word_1_729' title='bbox 2782 4337 3118 4406; x_wconf 66' lang='lat' dir='ltr'>Pharisaeis,</span> <span class='ocrx_word' id='word_1_730' title='bbox 3150 4342 3208 4393; x_wconf 91' lang='lat' dir='ltr'>et</span> <span class='ocrx_word' id='word_1_731' title='bbox 3253 4337 3622 4409; x_wconf 72' lang='lat' dir='ltr'>Sadduceeis,</span> <span class='ocrx_word' id='word_1_732' title='bbox 3653 4344 3715 4395; x_wconf 89' lang='lat' dir='ltr'>et</span> <span class='ocrx_word' id='word_1_733' title='bbox 3738 4354 3838 4412; x_wconf 91' lang='lat' dir='ltr'>po-</span> 
     </span>
    </p>
   </div>
   <div class='ocr_carea' id='block_1_105' title="bbox 2173 4423 3835 4500">
    <p class='ocr_par' dir='ltr' id='par_1_105' title="bbox 2173 4423 3835 4500">
     <span class='ocr_line' id='line_1_105' title="bbox 2173 4423 3835 4500; baseline 0.002 -21"><span class='ocrx_word' id='word_1_734' title='bbox 2173 4423 2318 4496; x_wconf 88' lang='lat' dir='ltr'>pulo</span> <span class='ocrx_word' id='word_1_735' title='bbox 2349 4425 2602 4492; x_wconf 81' lang='lat' dir='ltr'>vulgari.</span> <span class='ocrx_word' id='word_1_736' title='bbox 2634 4427 2787 4482; x_wconf 83' lang='lat' dir='ltr'>Nam</span> <span class='ocrx_word' id='word_1_737' title='bbox 2818 4442 2894 4482; x_wconf 77' lang='lat' dir='ltr'>ea:</span> <span class='ocrx_word' id='word_1_738' title='bbox 2921 4428 3030 4483; x_wconf 91' lang='lat' dir='ltr'>illo</span> <span class='ocrx_word' id='word_1_739' title='bbox 3079 4443 3296 4496; x_wconf 84' lang='lat' dir='ltr'>pecora</span> <span class='ocrx_word' id='word_1_740' title='bbox 3344 4425 3835 4500; x_wconf 87' lang='lat' dir='ltr'>adaquabantur.</span> 
     </span>
    </p>
   </div>
   <div class='ocr_carea' id='block_1_106' title="bbox 2101 4478 3836 4589">
    <p class='ocr_par' dir='ltr' id='par_1_106' title="bbox 2101 4478 3836 4589">
     <span class='ocr_line' id='line_1_106' title="bbox 2101 4478 3836 4589; baseline 0.005 -23"><span class='ocrx_word' id='word_1_741' title='bbox 2101 4478 2145 4537; x_wconf 74' lang='grc' dir='ltr'>ο</span> <span class='ocrx_word' id='word_1_742' title='bbox 2174 4478 2581 4570; x_wconf 57' lang='grc' dir='ltr'>ῑᾱξειᾰὶὶὶίέέέ</span> <span class='ocrx_word' id='word_1_743' title='bbox 2591 4478 2680 4572; x_wconf 69' lang='grc' dir='ltr'>’ίιῖ</span> <span class='ocrx_word' id='word_1_744' title='bbox 2694 4478 2883 4571; x_wconf 54' lang='lat' dir='ltr'>sui;</span> <span class='ocrx_word' id='word_1_745' title='bbox 2923 4478 3108 4572; x_wconf 61' lang='grc' dir='ltr'>ὶὲῖτεὲ</span> <span class='ocrx_word' id='word_1_746' title='bbox 3127 4478 3627 4589; x_wconf 37' lang='lat' dir='ltr'>sedas—dsit};</span> <span class='ocrx_word' id='word_1_747' title='bbox 3638 4478 3836 4574; x_wconf 39' lang='lat' dir='ltr'>“dic—tis</span> 
     </span>
    </p>
   </div>
   <div class='ocr_carea' id='block_1_107' title="bbox 2173 4603 3838 4678">
    <p class='ocr_par' dir='ltr' id='par_1_107' title="bbox 2173 4603 3838 4678">
     <span class='ocr_line' id='line_1_107' title="bbox 2173 4603 3838 4678; baseline 0.003 -21"><span class='ocrx_word' id='word_1_748' title='bbox 2173 4603 2391 4659; x_wconf 81' lang='lat' dir='ltr'>Veteris</span> <span class='ocrx_word' id='word_1_749' title='bbox 2422 4605 2781 4662; x_wconf 88' lang='lat' dir='ltr'>Testamenti</span> <span class='ocrx_word' id='word_1_750' title='bbox 2814 4605 3265 4662; x_wconf 88' lang='lat' dir='ltr'>instruebantur</span> <span class='ocrx_word' id='word_1_751' title='bbox 3290 4624 3302 4674; x_wconf 95' lang='lat'><strong>;</strong></span> <span class='ocrx_word' id='word_1_752' title='bbox 3331 4605 3422 4660; x_wconf 91' lang='lat' dir='ltr'>vel</span> <span class='ocrx_word' id='word_1_753' title='bbox 3453 4611 3656 4678; x_wconf 87' lang='lat' dir='ltr'>patres</span> <span class='ocrx_word' id='word_1_754' title='bbox 3688 4605 3838 4664; x_wconf 87' lang='lat' dir='ltr'>anti-</span> 
     </span>
    </p>
   </div>
   <div class='ocr_carea' id='block_1_108' title="bbox 2172 4691 3835 4767">
    <p class='ocr_par' dir='ltr' id='par_1_108' title="bbox 2172 4691 3835 4767">
     <span class='ocr_line' id='line_1_108' title="bbox 2172 4691 3835 4767; baseline 0.002 -21"><span class='ocrx_word' id='word_1_755' title='bbox 2172 4691 2296 4764; x_wconf 86' lang='lat' dir='ltr'>qui,</span> <span class='ocrx_word' id='word_1_756' title='bbox 2327 4691 2699 4764; x_wconf 88' lang='lat' dir='ltr'>baptismum</span> <span class='ocrx_word' id='word_1_757' title='bbox 2724 4693 2789 4748; x_wconf 91' lang='lat' dir='ltr'>in</span> <span class='ocrx_word' id='word_1_758' title='bbox 2814 4693 2980 4748; x_wconf 89' lang='lat' dir='ltr'>libris</span> <span class='ocrx_word' id='word_1_759' title='bbox 3009 4693 3155 4764; x_wconf 87' lang='lat' dir='ltr'>legis</span> <span class='ocrx_word' id='word_1_760' title='bbox 3195 4700 3252 4750; x_wconf 87' lang='lat' dir='ltr'>et</span> <span class='ocrx_word' id='word_1_761' title='bbox 3279 4694 3719 4767; x_wconf 86' lang='lat' dir='ltr'>prophetarum</span> <span class='ocrx_word' id='word_1_762' title='bbox 3749 4696 3835 4752; x_wconf 89' lang='lat' dir='ltr'>in-</span> 
     </span>
    </p>
   </div>
   <div class='ocr_carea' id='block_1_109' title="bbox 2173 4779 3835 4856">
    <p class='ocr_par' dir='ltr' id='par_1_109' title="bbox 2173 4779 3835 4856">
     <span class='ocr_line' id='line_1_109' title="bbox 2173 4779 3835 4856; baseline 0.004 -20"><span class='ocrx_word' id='word_1_763' title='bbox 2173 4779 2499 4848; x_wconf 86' lang='lat' dir='ltr'>telligentes</span> <span class='ocrx_word' id='word_1_764' title='bbox 2529 4779 2631 4853; x_wconf 90' lang='lat' dir='ltr'>[Z.,</span> <span class='ocrx_word' id='word_1_765' title='bbox 2679 4798 2800 4837; x_wconf 91' lang='lat' dir='ltr'>non</span> <span class='ocrx_word' id='word_1_766' title='bbox 2851 4781 3056 4856; x_wconf 88' lang='lat' dir='ltr'>intel.].</span> <span class='ocrx_word' id='word_1_767' title='bbox 3090 4784 3168 4837; x_wconf 88' lang='lat' dir='ltr'>Et</span> <span class='ocrx_word' id='word_1_768' title='bbox 3197 4798 3260 4838; x_wconf 91' lang='lat' dir='ltr'>os</span> <span class='ocrx_word' id='word_1_769' title='bbox 3306 4786 3434 4852; x_wconf 80' lang='lat' dir='ltr'>ejus</span> <span class='ocrx_word' id='word_1_770' title='bbox 3479 4785 3710 4852; x_wconf 85' lang='lat' dir='ltr'>grandi</span> <span class='ocrx_word' id='word_1_771' title='bbox 3753 4785 3835 4842; x_wconf 83' lang='lat' dir='ltr'>la-</span> 
     </span>
    </p>
   </div>
   <div class='ocr_carea' id='block_1_110' title="bbox 2167 4868 3836 4944">
    <p class='ocr_par' dir='ltr' id='par_1_110' title="bbox 2167 4868 3836 4944">
     <span class='ocr_line' id='line_1_110' title="bbox 2167 4868 3836 4944; baseline 0.001 -20"><span class='ocrx_word' id='word_1_772' title='bbox 2167 4869 2309 4938; x_wconf 84' lang='lat' dir='ltr'>pide</span> <span class='ocrx_word' id='word_1_773' title='bbox 2339 4868 2754 4926; x_wconf 86' lang='lat' dir='ltr'>claudebatur.</span> <span class='ocrx_word' id='word_1_774' title='bbox 2793 4870 2964 4944; x_wconf 82' lang='lat' dir='ltr'>Lapis</span> <span class='ocrx_word' id='word_1_775' title='bbox 3013 4869 3174 4926; x_wconf 88' lang='lat' dir='ltr'>enim</span> <span class='ocrx_word' id='word_1_776' title='bbox 3231 4871 3551 4938; x_wconf 88' lang='lat' dir='ltr'>Christum,</span> <span class='ocrx_word' id='word_1_777' title='bbox 3582 4871 3691 4942; x_wconf 86' lang='lat' dir='ltr'>qui</span> <span class='ocrx_word' id='word_1_778' title='bbox 3742 4888 3836 4927; x_wconf 90' lang='lat' dir='ltr'>oc-</span> 
     </span>
    </p>
   </div>
   <div class='ocr_carea' id='block_1_111' title="bbox 2172 4956 3835 5033">
    <p class='ocr_par' dir='ltr' id='par_1_111' title="bbox 2172 4956 3835 5033">
     <span class='ocr_line' id='line_1_111' title="bbox 2172 4956 3835 5033; baseline 0.002 -21"><span class='ocrx_word' id='word_1_779' title='bbox 2172 4956 2512 5016; x_wconf 89' lang='lat' dir='ltr'>cultabatur</span> <span class='ocrx_word' id='word_1_780' title='bbox 2567 4957 2912 5026; x_wconf 86' lang='lat' dir='ltr'>incredulis,</span> <span class='ocrx_word' id='word_1_781' title='bbox 2967 4957 3054 5013; x_wconf 86' lang='lat' dir='ltr'>vel</span> <span class='ocrx_word' id='word_1_782' title='bbox 3130 4957 3411 5018; x_wconf 88' lang='lat' dir='ltr'>duritiam</span> <span class='ocrx_word' id='word_1_783' title='bbox 3472 4958 3642 5029; x_wconf 87' lang='lat' dir='ltr'>legis,</span> <span class='ocrx_word' id='word_1_784' title='bbox 3712 4975 3835 5033; x_wconf 90' lang='lat' dir='ltr'>qua</span> 
     </span>
    </p>
   </div>
   <div class='ocr_carea' id='block_1_112' title="bbox 2173 5045 3837 5122">
    <p class='ocr_par' dir='ltr' id='par_1_112' title="bbox 2173 5045 3837 5122">
     <span class='ocr_line' id='line_1_112' title="bbox 2173 5045 3837 5122; baseline 0.004 -23"><span class='ocrx_word' id='word_1_785' title='bbox 2173 5045 2452 5118; x_wconf 91' lang='lat' dir='ltr'>spiritalis</span> <span class='ocrx_word' id='word_1_786' title='bbox 2503 5045 2888 5116; x_wconf 86' lang='lat' dir='ltr'>intelligentia</span> <span class='ocrx_word' id='word_1_787' title='bbox 2915 5046 3009 5102; x_wconf 92' lang='lat' dir='ltr'>vel</span> <span class='ocrx_word' id='word_1_788' title='bbox 3041 5047 3236 5116; x_wconf 85' lang='lat' dir='ltr'>gratia</span> <span class='ocrx_word' id='word_1_789' title='bbox 3279 5047 3570 5122; x_wconf 87' lang='lat' dir='ltr'>Baptismi</span> <span class='ocrx_word' id='word_1_790' title='bbox 3601 5048 3837 5106; x_wconf 86' lang='lat' dir='ltr'>celaba-</span> 
     </span>
    </p>
   </div>
   <div class='ocr_carea' id='block_1_113' title="bbox 2173 5133 2630 5204">
    <p class='ocr_par' dir='ltr' id='par_1_113' title="bbox 2173 5133 2630 5204">
     <span class='ocr_line' id='line_1_113' title="bbox 2173 5133 2630 5204; baseline -0.002 -15"><span class='ocrx_word' id='word_1_791' title='bbox 2173 5138 2286 5200; x_wconf 89' lang='lat' dir='ltr'>tur,</span> <span class='ocrx_word' id='word_1_792' title='bbox 2313 5133 2630 5204; x_wconf 86' lang='lat' dir='ltr'>signiﬁcat.</span> 
     </span>
    </p>
   </div>
   <div class='ocr_carea' id='block_1_114' title="bbox 2244 5223 3835 5296">
    <p class='ocr_par' dir='ltr' id='par_1_114' title="bbox 2244 5223 3835 5296">
     <span class='ocr_line' id='line_1_114' title="bbox 2244 5223 3835 5296; baseline 0.005 -21"><span class='ocrx_word' id='word_1_793' title='bbox 2244 5223 2416 5281; x_wconf 72' lang='lat' dir='ltr'>Vens.</span> <span class='ocrx_word' id='word_1_794' title='bbox 2432 5227 2626 5280; x_wconf 87' lang='lat'>3-6.—</span> <span class='ocrx_word' id='word_1_795' title='bbox 2648 5225 2950 5296; x_wconf 72' lang='lat' dir='ltr'>Morz&#39;sque</span> <span class='ocrx_word' id='word_1_796' title='bbox 2978 5232 3106 5282; x_wconf 84' lang='lat' dir='ltr'>erat</span> <span class='ocrx_word' id='word_1_797' title='bbox 3133 5232 3196 5282; x_wconf 91' lang='lat' dir='ltr'>ut</span> <span class='ocrx_word' id='word_1_798' title='bbox 3223 5227 3453 5281; x_wconf 86' lang='lat' dir='ltr'>cunctis</span> <span class='ocrx_word' id='word_1_799' title='bbox 3473 5226 3681 5282; x_wconf 71' lang='lat' dir='ltr'>ovibus</span> <span class='ocrx_word' id='word_1_800' title='bbox 3703 5243 3835 5282; x_wconf 90' lang='lat' dir='ltr'>con-</span> 
     </span>
    </p>
   </div>
   <div class='ocr_carea' id='block_1_115' title="bbox 2170 5314 3834 5396">
    <p class='ocr_par' dir='ltr' id='par_1_115' title="bbox 2170 5314 3834 5396">
     <span class='ocr_line' id='line_1_115' title="bbox 2170 5314 3834 5396; baseline 0.001 -28"><span class='ocrx_word' id='word_1_801' title='bbox 2170 5314 2408 5384; x_wconf 84' lang='lat' dir='ltr'>gregati</span> <span class='ocrx_word' id='word_1_802' title='bbox 2435 5314 2816 5396; x_wconf 76' lang='lat' dir='ltr'>devolverent</span> <span class='ocrx_word' id='word_1_803' title='bbox 2851 5315 3131 5383; x_wconf 83' lang='lat' dir='ltr'>lapidem.</span> <span class='ocrx_word' id='word_1_804' title='bbox 3167 5315 3317 5384; x_wconf 88' lang='lat' dir='ltr'>Quia</span> <span class='ocrx_word' id='word_1_805' title='bbox 3348 5331 3486 5370; x_wconf 84' lang='lat' dir='ltr'>cuin</span> <span class='ocrx_word' id='word_1_806' title='bbox 3522 5315 3834 5388; x_wconf 88' lang='lat' dir='ltr'>plenitu-lo</span> 
     </span>
    </p>
   </div>
   <div class='ocr_carea' id='block_1_116' title="bbox 2172 5402 3837 5474">
    <p class='ocr_par' dir='ltr' id='par_1_116' title="bbox 2172 5402 3837 5474">
     <span class='ocr_line' id='line_1_116' title="bbox 2172 5402 3837 5474; baseline 0.004 -17"><span class='ocrx_word' id='word_1_807' title='bbox 2172 5402 2462 5474; x_wconf 88' lang='lat' dir='ltr'>temporis</span> <span class='ocrx_word' id='word_1_808' title='bbox 2492 5402 2756 5472; x_wconf 87' lang='lat' dir='ltr'>advenit,</span> <span class='ocrx_word' id='word_1_809' title='bbox 2782 5408 2969 5474; x_wconf 88' lang='lat' dir='ltr'>utper</span> <span class='ocrx_word' id='word_1_810' title='bbox 2991 5405 3372 5473; x_wconf 84' lang='lat' dir='ltr'>Unigenitum</span> <span class='ocrx_word' id='word_1_811' title='bbox 3401 5419 3593 5473; x_wconf 88' lang='lat' dir='ltr'>genus</span> <span class='ocrx_word' id='word_1_812' title='bbox 3623 5405 3837 5464; x_wconf 83' lang='lat' dir='ltr'>huma-</span> 
     </span>
    </p>
   </div>
   <div class='ocr_carea' id='block_1_117' title="bbox 2171 5490 3832 5563">
    <p class='ocr_par' dir='ltr' id='par_1_117' title="bbox 2171 5490 3832 5563">
     <span class='ocr_line' id='line_1_117' title="bbox 2171 5490 3832 5563; baseline 0.002 -19"><span class='ocrx_word' id='word_1_813' title='bbox 2171 5505 2317 5545; x_wconf 89' lang='lat' dir='ltr'>num</span> <span class='ocrx_word' id='word_1_814' title='bbox 2349 5490 2698 5558; x_wconf 89' lang='lat' dir='ltr'>salvaretur,</span> <span class='ocrx_word' id='word_1_815' title='bbox 2730 5491 2858 5563; x_wconf 86' lang='lat' dir='ltr'>ipse</span> <span class='ocrx_word' id='word_1_816' title='bbox 2887 5492 3148 5548; x_wconf 85' lang='lat' dir='ltr'>revelare</span> <span class='ocrx_word' id='word_1_817' title='bbox 3169 5493 3450 5562; x_wconf 90' lang='lat' dir='ltr'>dignatus</span> <span class='ocrx_word' id='word_1_818' title='bbox 3481 5497 3592 5562; x_wconf 90' lang='lat' dir='ltr'>est,</span> <span class='ocrx_word' id='word_1_819' title='bbox 3616 5499 3674 5549; x_wconf 90' lang='lat' dir='ltr'>et</span> <span class='ocrx_word' id='word_1_820' title='bbox 3696 5499 3832 5550; x_wconf 92' lang='lat' dir='ltr'>tunc</span> 
     </span>
    </p>
   </div>
   <div class='ocr_carea' id='block_1_118' title="bbox 2168 5577 3830 5654">
    <p class='ocr_par' dir='ltr' id='par_1_118' title="bbox 2168 5577 3830 5654">
     <span class='ocr_line' id='line_1_118' title="bbox 2168 5577 3830 5654; baseline 0.001 -21"><span class='ocrx_word' id='word_1_821' title='bbox 2168 5577 2384 5635; x_wconf 77' lang='lat' dir='ltr'>duritia</span> <span class='ocrx_word' id='word_1_822' title='bbox 2402 5579 2546 5634; x_wconf 68' lang='lat' dir='ltr'>leuis</span> <span class='ocrx_word' id='word_1_823' title='bbox 2570 5580 2948 5637; x_wconf 79' lang='lat' dir='ltr'>manifestata</span> <span class='ocrx_word' id='word_1_824' title='bbox 2969 5585 3075 5637; x_wconf 88' lang='lat' dir='ltr'>est.</span> <span class='ocrx_word' id='word_1_825' title='bbox 3096 5581 3391 5654; x_wconf 87' lang='lat' dir='ltr'>Scriptum</span> <span class='ocrx_word' id='word_1_826' title='bbox 3415 5597 3682 5654; x_wconf 87' lang='lat' dir='ltr'>namque</span> <span class='ocrx_word' id='word_1_827' title='bbox 3707 5589 3830 5637; x_wconf 86' lang='lat' dir='ltr'>est:</span> 
     </span>
    </p>
   </div>
   <div class='ocr_carea' id='block_1_119' title="bbox 2175 5669 3833 5740">
    <p class='ocr_par' dir='ltr' id='par_1_119' title="bbox 2175 5669 3833 5740">
     <span class='ocr_line' id='line_1_119' title="bbox 2175 5669 3833 5740; baseline 0.002 -19"><span class='ocrx_word' id='word_1_828' title='bbox 2175 5669 2338 5724; x_wconf 87' lang='lat' dir='ltr'>Tunc</span> <span class='ocrx_word' id='word_1_829' title='bbox 2351 5671 2589 5739; x_wconf 83' lang='lat' dir='ltr'>aperuit</span> <span class='ocrx_word' id='word_1_830' title='bbox 2604 5670 2683 5725; x_wconf 87' lang='lat' dir='ltr'>eis</span> <span class='ocrx_word' id='word_1_831' title='bbox 2695 5685 2950 5737; x_wconf 83' lang='lat' dir='ltr'>sensum,</span> <span class='ocrx_word' id='word_1_832' title='bbox 2970 5677 3033 5726; x_wconf 87' lang='lat' dir='ltr'>ut</span> <span class='ocrx_word' id='word_1_833' title='bbox 3053 5673 3456 5740; x_wconf 81' lang='lat' dir='ltr'>intelligerent</span> <span class='ocrx_word' id='word_1_834' title='bbox 3478 5671 3833 5740; x_wconf 84' lang='lat' dir='ltr'>Seripturas</span> 
     </span>
    </p>
   </div>
   <div class='ocr_carea' id='block_1_120' title="bbox 2167 5758 3835 5832">
    <p class='ocr_par' dir='ltr' id='par_1_120' title="bbox 2167 5758 3835 5832">
     <span class='ocr_line' id='line_1_120' title="bbox 2167 5758 3835 5832; baseline 0.003 -20"><span class='ocrx_word' id='word_1_835' title='bbox 2167 5758 2336 5826; x_wconf 91' lang='lat' dir='ltr'>(Luc.</span> <span class='ocrx_word' id='word_1_836' title='bbox 2364 5761 2727 5828; x_wconf 71' lang='lat' dir='ltr'>xx1v,45).—</span> <span class='ocrx_word' id='word_1_837' title='bbox 2747 5759 2827 5814; x_wconf 89' lang='lat' dir='ltr'>Et</span> <span class='ocrx_word' id='word_1_838' title='bbox 2857 5761 3094 5828; x_wconf 82' lang='lat' dir='ltr'>refectis</span> <span class='ocrx_word' id='word_1_839' title='bbox 3119 5760 3424 5832; x_wconf 83' lang='lat' dir='ltr'>gregibus,</span> <span class='ocrx_word' id='word_1_840' title='bbox 3442 5760 3560 5818; x_wconf 87' lang='lat' dir='ltr'>hoc</span> <span class='ocrx_word' id='word_1_841' title='bbox 3589 5765 3682 5818; x_wconf 86' lang='lat' dir='ltr'>est</span> <span class='ocrx_word' id='word_1_842' title='bbox 3713 5774 3835 5818; x_wconf 76' lang='lat' dir='ltr'>cre&#39;</span> 
     </span>
    </p>
   </div>
  </div>
