3960 6368
164 399 282 475 777

1279 398 1682 461 COMMENT.
1734 398 1809 458 IN
1857 395 2152 460 ISAlAM.
2189 400 2336 460 LIB.
2383 401 2459 462 Il.

3463 410 3581 472 ’ΠΒ

164 529 392 585 riorum
424 544 540 584 una
560 534 731 583 nocte
760 529 1029 601 peremit,
1054 536 1260 602 printer
1281 532 1477 587 decem
1502 534 1674 587 viros.
1698 530 1814 585 Vox
1846 530 1900 597 Α
1931 532 2172 603 scriptio
2201 531 2449 604 viarum,
2472 550 2575 606 per
2605 550 2732 605 qua:
2781 533 2908 591 loca
2935 538 3157 593 venerit
3186 540 3583 597 Sennaeherib

163 619 263 675 Dei
298 635 405 690 per
434 616 799 691 prophetam.

235 732 264 758 α
304 707 544 779 Propter
588 706 697 761 hoc
746 706 888 762 dicit
947 707 1245 775 Dominus,
1278 732 1302 757 ››
1326 713 1389 764 ut
1445 728 1557 765 non
1619 710 1820 765 timeat

162 794 441 851 Ezechias
470 798 528 850 et
558 794 811 867 populus
842 796 969 865 ejus
1001 796 1073 850 ab
1102 798 1304 863 Assur,
1340 798 1446 852 hoc
1478 802 1588 867 est,
1621 818 1654 853 a
1684 800 1819 853 Sen-

162 884 444 940 naeherib
463 888 521 940 et
543 883 761 956 populo
789 885 920 956 ejus
943 901 955 940 :
981 884 1119 956 quia
1145 886 1265 957 ipse
1291 886 1346 941 in
1370 888 1527 942 brevi
1561 893 1817 958 tempore

159 980 217 1030 et
260 978 563 1030 momento
612 972 898 1045 percutiet
945 991 1065 1029 eos.
1095 976 1161 1029 Et
1211 975 1343 1030 licet
1394 975 1450 1030 in
1502 977 1816 1047 virga,hoc

159 1068 248 1118 est
278 1063 337 1117 in
359 1061 791 1135 deprzedatione
811 1060 1111 1116 civitatum
1133 1080 1360 1132 eorum,
1384 1066 1675 1136 percutiat
1696 1082 1815 1131 eos,

164 1158 362 1208 tamen
396 1150 735 1208 nullatenus
758 1151 1089 1224 praevalebit
1109 1170 1314 1209 omnes
1346 1156 1580 1225 penitus
1602 1154 1815 1223 delere,

161 1242 302 1315 quia
333 1240 631 1297 civitatem
672 1239 1033 1296 Hierusalem
1066 1240 1326 1299 liberabo
1367 1244 1438 1298 de
1478 1259 1656 1299 manu
1688 1246 1817 1314 ejus

160 1335 402 1404 propter
419 1329 599 1385 David
625 1345 854 1385 servum
883 1346 1104 1401 meum,
1126 1336 1181 1386 et
1202 1332 1505 1388 Ezechiam
1530 1332 1816 1388 famulum

161 1436 362 1475 meum
387 1419 476 1488 (IV
500 1420 626 1490 Reg.
650 1420 787 1488 χιχ).
811 1419 974 1484 Quod
1014 1424 1212 1475 autem
1258 1420 1400 1476 dicit
1432 1438 1497 1476 ;‹‹
1535 1421 1816 1477 Baculum

158 1524 339 1563 suum
388 1505 605 1563 levabit
652 1522 831 1579 super
861 1510 914 1562 te
944 1507 1002 1561 in
1034 1507 1126 1563 via
1163 1508 1411 1580 JEgypti,
1437 1530 1464 1558 ιι
1494 1509 1579 1565 sic
1610 1513 1699 1565 est
1729 1509 1815 1564 in-

158 1596 596 1671 telligendum:
644 1595 961 1669 Postquam
1016 1596 1413 1653 Sennaeherib
1462 1598 1672 1654 habuit
1717 1599 1816 1654 de-

157 1702 283 1741 cem
346 1684 540 1742 tribus
595 1684 982 1757 deprmdatas,
1015 1702 1281 1741 reversus
1312 1690 1369 1741 et
1406 1704 1510 1758 per
1556 1687 1817 1744 civitates

155 1775 323 1830 Juda:
357 1772 749 1857 etﬁenjamin
781 1789 910 1845 quae
952 1778 1123 1829 orant
1164 1774 1221 1829 in
1262 1774 1354 1830 via
1385 1776 1632 1847 ASgypti,
1667 1793 1816 1848 quas

156 1880 369 1920 omnes
399 1862 708 1918 subvertit.
739 1861 842 1918 Vel
876 1862 1050 1919 etiam
1096 1862 1372 1919 baculum
1406 1882 1605 1930 suum,
1640 1864 1697 1919 id
1728 1870 1817 1920 est

155 1951 424 2025 gladium
481 1966 681 2017 suum,
714 1948 929 2005 levabit
957 1967 1135 2023 super
1163 1968 1263 2005 eos
1302 1950 1358 2006 in
1418 1952 1512 2007 via
1564 1953 1813 2024 z’Egypti,

157 2039 297 2113 quia
325 2043 641 2112 postquam
672 2037 853 2094 semel
893 2038 1099 2095 habuit
1137 2042 1341 2096 omnes
1371 2040 1634 2096 civitates
1665 2042 1813 2096 dua-

158 2146 292 2185 rum
326 2127 589 2184 tribuum
621 2126 1159 2200 comprehensas,et
1190 2146 1324 2201 pars
1355 2129 1529 2185 etiam
1562 2130 1815 2186 civitatis

160 2215 526 2274 Hierusalem
573 2216 791 2273 tradita
830 2215 887 2272 in
931 2234 1144 2273 manus
1203 2218 1482 2290 Rapsacis
1531 2218 1814 2291 principis

156 2308 319 2363 illius
350 2324 385 2362 a
414 2307 628 2374 Sobna,
657 2304 847 2361 scriba
878 2305 989 2361 fuit
1011 2306 1204 2374 (sicuti
1232 2307 1504 2379 superius
1525 2309 1651 2379 jam
1675 2307 1814 2363 dixi-

160 2398 320 2466 mus)
350 2399 407 2451 et
438 2410 707 2450 reversus
744 2397 900 2449 esset
938 2393 996 2448 in
1038 2395 1349 2467 {Egyptum
1386 2412 1397 2450 :
1433 2396 1646 2452 iterum
1680 2414 1813 2452 cum

159 2485 377 2541 rediret
425 2483 498 2539 ad
550 2481 912 2538 Hierusalem
958 2483 1327 2555 capiendam,
1360 2501 1566 2538 omnes
1608 2484 1814 2541 civita-

158 2578 243 2629 tes
274 2572 512 2628 illorum
546 2588 675 2645 qua:
710 2577 1131 2639 remanserant,
1164 2590 1291 2645 qua:
1323 2577 1490 2629 erant
1518 2573 1576 2628 in
1609 2573 1814 2629 itinere

158 2662 229 2718 ab
292 2663 536 2735 (Egypto
594 2660 966 2716 venientibus
1026 2660 1426 2727 Hierusalem,
1488 2663 1611 2735 ipse
1667 2664 1813 2718 sub-

157 2749 354 2807 vertit.

226 2863 258 2889 ‹‹
293 2838 499 2894 Adhuc
554 2836 862 2911 paululum
896 2860 923 2888 ››
957 2837 1129 2911 longo
1189 2844 1449 2912 tempore
1501 2846 1813 2913 postquam

156 2928 283 2984 haec
305 2927 582 3000 pradicta
603 2932 760 2995 sunt,
775 2926 1065 2999 completa
1085 2933 1244 2983 sunt.
1259 2930 1370 2984 Sed
1391 2929 1588 2985 omnia
1603 2929 1816 2985 saecula

157 3016 471 3073 aeternitati
504 3016 605 3071 Dei
636 3021 993 3088 comparata,
1028 3017 1223 3072 brevia
1256 3020 1640 3089 putabuntur.
1672 3019 1813 3074 Om-

158 3105 260 3162 nia
288 3104 448 3161 enim
477 3121 607 3177 quae
656 3104 857 3162 futura
903 3109 1062 3171 sunt,
1097 3105 1154 3161 in
1188 3107 1498 3179 przesentia
1546 3107 1645 3163 Dei
1685 3108 1813 3179 jam

158 3194 318 3250 facta
344 3192 637 3250 videntur.

230 3282 355 3339 Vox
383 3281 483 3337 Dei
516 3282 589 3338 ad
621 3281 1016 3339 Sennaeherib
1059 3287 1117 3339 et
1164 3283 1447 3357 populum
1492 3285 1620 3356 ejus
1653 3303 1665 3341 :
1692 3308 1718 3335 «
1745 3286 1814 3340 Et
1841 3257 1885 3325 Ο

159 3370 679 3428 consummabitur
698 3371 859 3426 furor
878 3388 1046 3427 meus
1064 3389 1242 3444 super
1261 3372 1453 3428 scelus
1470 3390 1694 3442 eorum,
1708 3397 1732 3421 η
1756 3374 1813 3429 id

159 3464 254 3517 est
284 3475 464 3533 super
490 3458 809 3533 Egyptios,
831 3463 890 3515 et
915 3459 1205 3533 Assyrios,
1238 3465 1297 3516 et
1327 3461 1741 3519 Sennaeherib.

233 3573 261 3599 ι(
294 3534 698 3605 Ειέυεοὶιαῢίι
725 3564 904 3621 super
923 3566 1059 3604 eum
1088 3572 1108 3599 ι
1136 3549 1244 3605 hoc
1275 3556 1383 3619 est,
1407 3568 1584 3623 super
1603 3552 1818 3608 Senna-

162 3637 365 3695 eherib
387 3660 415 3687 «
451 3635 768 3710 ﬂagellum,
792 3660 814 3688 ιι
845 3637 903 3691 id
934 3642 1025 3693 est
1058 3638 1399 3709 vindictam,
1429 3663 1455 3691 ‹‹
1487 3641 1659 3711 juxta
1688 3640 1817 3713 pla-

160 3743 301 3800 gam
334 3724 568 3782 Madian
603 3724 667 3789 in,
692 3729 859 3797 petra
889 3726 1059 3783 Oreb.
1088 3750 1116 3776 ››
1137 3726 1259 3782 Vox
1290 3728 1586 3801 prophetia
1615 3735 1818 3786 contra

162 3812 562 3872 Sennaeherib
580 3830 594 3869 :
613 3813 744 3870 Jam
763 3813 1036 3888 superius
1053 3814 1590 3889 diximus,qualiter
1605 3817 1818 3874 Madia-

164 3905 302 3960 nitaa
334 3902 463 3970 sine
484 3901 765 3959 etl‘usione
785 3902 1094 3976 sanguinis
1118 3903 1372 3961 ﬁliorum
1395 3905 1571 3961 Israel
1598 3923 1820 3978 perem-

162 3994 248 4066 pti
295 3995 438 4048 sunt
472 3991 671 4062 (ludio.
695 4008 771 4060 vx,
804 3992 926 4065 vn).
953 3991 1085 4048 Ideo
1117 3996 1420 4066 comparat
1467 3993 1818 4051 occisionem

164 4079 622 4138 Madianitarum
654 4080 1043 4137 interfectioni
1073 4082 1465 4154 Assyriorum.
1494 4082 1640 4148 Quia
1667 4083 1822 4140 sicut

162 4168 251 4224 illi
275 4168 404 4226 sine
425 4186 628 4226 cruore
646 4170 955 4244 sanguinis
977 4170 1203 4227 sudaici
1225 4170 1422 4243 pepuli
1443 4171 1637 4227 necasi
1659 4175 1818 4238 sunt,

162 4257 249 4314 ita
276 4262 336 4314 et
364 4257 483 4313 isti.
509 4282 537 4309 «
560 4259 631 4315 Et
659 4258 882 4333 virgam
915 4276 1086 4315 suam
1130 4276 1309 4332 super
1339 4276 1518 4328 mare,
1546 4282 1572 4309 ι)
1597 4260 1821 4315 subau-

164 4346 282 4414 dis,
313 4344 549 4403 levabit.
585 4346 693 4403 Per
728 4347 956 4420 virgam
1005 4346 1267 4421 intellige
1298 4347 1722 4406 fortitudinem.
1753 4349 1825 4405 Et

164 4440 259 4492 est
287 4451 536 4492 sensus:
563 4437 894 4509 Antequam
926 4453 1104 4509 super
1145 4440 1200 4492 te
1242 4437 1457 4503 veniat,
1483 4437 1591 4493 ibit
1621 4440 1824 4493 contra

164 4523 498 4581 Tharacam
542 4541 738 4598 regem
770 4524 1094 4598 Ethiopian,
1128 4530 1187 4580 et
1217 4526 1493 4582 transibit
1523 4543 1681 4583 mare
1714 4526 1826 4582 Itu-

1930 619 2001 672 ab
2033 620 2294 692 .Egyptio
2319 639 2501 693 usque
2534 622 2591 675 in
2628 622 2750 675 Nob
2776 639 2787 676 :
2817 623 2912 677 ubi
2947 629 3003 679 et
3034 626 3289 698 populus
3310 628 3439 699 ejus
3460 646 3585 701 per-

1929 705 2017 776 iit,
2051 708 2204 763 sicut
2250 708 2309 763 in
2341 709 2841 782 subsequentibus
2888 712 3240 769 videbimus.
3276 716 3320 771 0
3370 717 3585 790 populo

1929 813 2117 865 meus,
2150 797 2339 853 veniet
2370 798 2732 855 Sehennarib
2788 800 2863 855 ab
2920 801 3164 874 Egypto
3208 803 3264 859 in
3299 804 3492 875 Aioth,
3526 811 3584 863 ct

1931 904 2041 939 non
2080 890 2213 957 liget
2246 887 2303 941 in
2339 888 2609 953 tentoria,
2634 914 2659 935 α
2698 889 2796 943 sed
2846 890 3120 946 transibit
3151 891 3207 946 in
3252 892 3490 966 Magron
3526 900 3583 951 et

1930 976 2364 1030 commendabit
2397 976 2453 1030 in
2482 976 2711 1032 civitate
2744 993 2958 1050 magna
2977 996 3115 1033 vasa
3146 998 3255 1035 sua
3278 1006 3304 1029 ι»
3338 988 3391 1037 et
3424 984 3579 1056 sagi-

1932 1082 2058 1129 nas,
2095 1064 2149 1118 id
2181 1069 2269 1119 est
2299 1064 2579 1119 sarcinas.

2003 1170 2447 1224 «Transierunt
2477 1171 2752 1226 cursim.»
2782 1172 2875 1227 Sic
2906 1172 3168 1244 loquitur
3194 1176 3479 1247 propheta
3507 1178 3580 1234 de

1930 1257 2127 1312 futuro
2158 1258 2326 1328 quasi
2358 1258 2428 1313 de
2459 1259 2749 1329 praeterito
2776 1277 2788 1314 2
2814 1260 2950 1332 quia
2980 1263 3340 1319 transierunt
3357 1266 3578 1322 cursim

1928 1346 2131 1418 populi
2153 1346 2253 1418 qui
2278 1363 2412 1401 cum
2436 1347 2833 1403 Sennaeherib
2850 1355 3225 1422 venerunt,ct
3243 1352 3381 1424 quia
3397 1356 3583 1409 trans-

1928 1435 2124 1490 ierunt
2144 1434 2251 1489 has
2273 1434 2537 1489 civitates
2552 1436 2891 1492 Judmorum
2915 1454 3064 1510 quas
3086 1440 3580 1497 enumeravimus.

1927 1522 2029 1579 Vel
2048 1522 2226 1578 etiam
2244 1523 2537 1579 civitatem
2556 1542 2860 1597 magnam,
2874 1527 2972 1582 ubi
2994 1527 3258 1584 sarcinas
3279 1544 3419 1586 suas
3434 1547 3588 1585 com-

1929 1612 2374 1680 mendaverunt,
2395 1613 2508 1667 cito
2532 1613 2892 1671 transierunt
2912 1620 2971 1672 et
2990 1621 3381 1688 pervenerunt
3398 1618 3459 1675 in
3481 1619 3588 1676 Ga-

1928 1702 2059 1759 baa.
2094 1702 2164 1755 Et
2211 1718 2346 1757 cum
2396 1701 2474 1755 ibi
2525 1704 2948 1774 pervenissent,
2979 1704 3254 1761 dixerunt
3284 1723 3299 1763 :
3328 1729 3357 1758 (ι
3388 1707 3584 1766 Gabaa

1925 1791 2037 1844 erit
2071 1789 2239 1845 sedes
2285 1795 2504 1844 nostra.
2533 1813 2561 1837 »
2586 1790 2669 1845 lbi
2700 1790 2855 1847 enim
2911 1791 3119 1849 habuit
3171 1793 3576 1865 diversorium,

1844 1896 1893 1962 Β
1926 1880 2078 1933 sicut
2098 1878 2240 1933 dicit
2262 1879 2324 1933 B.
2349 1878 2755 1951 Hieronymus.
2782 1880 2850 1934 Et
2874 1879 3077 1936 territa
3096 1886 3186 1937 est
3218 1882 3360 1938 urbs
3386 1884 3579 1940 vicina

1928 1970 2131 2023 Itama.
2150 1968 2399 2034 Quidam
2430 1967 2512 2023 ita
2540 1967 2743 2023 volunt
2762 1969 3143 2040 distinguere,
3170 1974 3236 2027 ut
3264 1971 3343 2027 ita
3365 1973 3579 2045 junga-

1924 2062 2021 2113 tur
2044 2075 2057 2114 :
2083 2057 2469 2113 Transierunt
2488 2057 2657 2115 sedes
2678 2058 2884 2114 Gabaze
2908 2059 3022 2114 cito
3047 2075 3060 2113 :
3088 2064 3146 2115 et
3164 2059 3243 2115 sit
3264 2061 3432 2117 sedes
3452 2061 3577 2134 plu-

1925 2146 2066 2202 ralis
2097 2163 2400 2213 numerus,
2424 2150 2481 2201 et
2511 2150 2713 2217 postea
2734 2148 2993 2219 jungant
3020 2152 3224 2205 nostra
3254 2149 3439 2207 Rama
3467 2152 3577 2207 ob—

1924 2235 2158 2307 stupuit
2186 2251 2199 2291 :
2233 2235 2333 2290 sed
2367 2252 2483 2289 non
2516 2235 2599 2289 ita
2627 2240 2738 2290 est.
2768 2235 2921 2291 Dicit
2950 2236 3108 2292 enim
3139 2238 3345 2295 beatus
3373 2239 3578 2296 Hiero-

1925 2341 2157 2397 nymus,
2183 2324 2281 2395 qui
2327 2340 2462 2377 cum
2506 2323 2586 2378 illi
2638 2324 2986 2380 transissent
3013 2325 3287 2382 velociter
3316 2327 3579 2385 civitates

1926 2430 2192 2485 magnas,
2219 2417 2276 2467 et
2307 2412 2384 2466 ibi
2430 2415 2946 2469 commendassent
2982 2414 3221 2486 saginas
3250 2433 3412 2482 suas,
3444 2434 3581 2489 per-

1924 2502 2338 2573 venissentque
2383 2502 2454 2556 ad
2500 2502 2782 2567 Gabaam,
2814 2502 3150 2559 habuerunt
3197 2503 3278 2559 ibi
3327 2504 3581 2561 diverso-

1924 2591 2101 2655 rium,
2137 2590 2292 2645 sicut
2333 2591 2460 2661 jam
2511 2590 2788 2646 diximus.
2824 2592 3089 2648 Gabaath
3139 2596 3335 2649 autem
3388 2594 3582 2651 Saulis

1924 2696 2058 2735 cum
2091 2678 2199 2733 hoc
2226 2678 2509 2744 audisset,
2543 2679 2713 2749 fugit.
2745 2679 2939 2734 Altera
2969 2684 3059 2736 est
3088 2680 3247 2737 enim
3276 2682 3494 2754 Gabaa,
3524 2687 3582 2739 et

1923 2768 2106 2824 altera
2162 2766 2445 2821 Gabaath.
2481 2766 2678 2821 Gabaa
2734 2772 2933 2823 autem
2991 2769 3299 2825 Hebraeum
3362 2786 3577 2827 nomen

1922 2860 2032 2924 est,
2053 2858 2111 2910 et
2141 2855 2269 2909 ideo
2300 2857 2497 2908 utrum
2530 2854 2817 2911 dicamus.
2843 2856 3051 2911 Gabaze
3081 2857 3203 2913 sive
3229 2857 3427 2915 Gabaa
3457 2875 3573 2915 non

1921 2944 2233 3015 discrepat,
2263 2941 2400 3013 quia
2431 2941 2671 2998 alterius
2702 2941 2914 3016 linguae
2945 2945 3361 3016 proprietatem
3391 2950 3571 3003 tenet.

1921 3031 2184 3089 Gabaath
2217 3046 2350 3085 vero
2381 3030 2576 3085 Saulis
2613 3031 2850 3101 dicitur,
2874 3031 3013 3103 quia
3042 3032 3237 3089 Saulis
3266 3035 3568 3105 quondam

1921 3120 2088 3178 electi
2121 3119 2353 3175 Domini
2387 3118 2497 3173 fuit
2528 3119 2696 3175 sedes
2728 3118 2889 3192 regia
2916 3119 3019 3176 ibi.

1993 3251 2021 3277 α
2056 3227 2174 3282 Hoc
2203 3226 2377 3281 Hinni
2423 3243 2559 3281 voce
2605 3230 2728 3293 tua,
2756 3247 2786 3277 ››
2820 3227 2877 3282 id
2927 3231 3019 3283 est
3068 3229 3248 3285 eleva.
3272 3229 3396 3286 Vox
3439 3248 3572 3304 pro-

1925 3317 2132 3391 phetis.
2164 3315 2377 3372 Gallim
2416 3319 2475 3370 et
2523 3314 2713 3382 Laisa,
2763 3320 2939 3389 atque
2985 3318 3263 3375 Anathoti
3311 3317 3576 3377 civitates

1925 3406 2255 3463 Israeliticae
2285 3409 2470 3472 erant,
2503 3421 2606 3477 per
2635 3422 2784 3477 quas
2813 3404 2899 3460 illi
2928 3407 3312 3464 transierunt.

1999 3535 2027 3563 ‹‹
2061 3510 2330 3584 Migravit
2376 3510 2738 3566 Medemena.
2764 3534 2793 3562 »
2818 3515 2896 3568 De
2942 3511 3069 3569 loco
3119 3530 3226 3569 suo
3257 3513 3328 3570 ad
3373 3515 3576 3572 alium.

1928 3603 2271 3659 Medemena
2300 3604 2359 3657 et
2387 3599 2583 3671 Jabin,
2612 3599 2875 3657 civitates
2904 3605 3046 3658 sunt
3072 3602 3259 3659 Judie.

1999 3708 2253 3763 «Adhuc
2296 3706 2421 3762 dies
2470 3710 2546 3771 et,
2588 3710 2656 3763 ut
2702 3706 2761 3763 in
2814 3707 2974 3764 Nobe
3006 3708 3285 3781 (civitate)
3314 3715 3578 3781 stetur,»

1928 3798 1985 3853 id
2018 3802 2108 3853 est
2142 3795 2438 3851 habitetur
2466 3812 2500 3851 a
2530 3795 2947 3851 Sennaeherib.
2984 3796 3142 3853 Nobe
3184 3796 3386 3873 civitas
3417 3803 3582 3855 terrae

1928 3884 2402 3959 repromissionis
2432 3887 2542 3950 est,
2578 3884 2648 3938 de
2678 3900 2796 3954 qua
2845 3883 2956 3938 fuit
3004 3883 3175 3940 Gesbi
3226 3884 3326 3956 qui
3371 3885 3482 3941 fuit
3509 3887 3582 3942 de

1928 3972 2170 4045 triginta
2216 3970 2583 4042 principibus
2614 3969 2816 4037 Da’vid,
2849 3969 3004 4025 sicut
3052 3970 3111 4025 in
3163 3970 3312 4027 libro
3364 3972 3579 4028 Parali-

1929 4076 2219 4134 pomenon
2263 4060 2312 4126 (I
2339 4060 2468 4112 Par.
2502 4057 2677 4130 xxvn)
2728 4056 2998 4129 legimus.
3051 4058 3153 4114 Est
3209 4063 3408 4116 autem
3463 4078 3580 4118 non

1927 4149 2098 4222 longe
2130 4149 2202 4203 ab
2236 4145 2620 4202 Hierusalem.
2654 4147 2723 4202 Et
2761 4164 2943 4219 quare
2989 4147 3134 4203 dicit
3165 4165 3178 4205 :
3212 4148 3406 4206 adhuc
3455 4151 3582 4206 dies

1930 4242 2019 4295 est
2051 4235 2203 4291 utin
2244 4235 2403 4291 Nobe
2452 4237 2643 4290 stetur
2671 4234 2744 4291 ab
2776 4233 2915 4291 illo?
2956 4235 3097 4309 quia
3145 4236 3383 4310 quando
3433 4238 3582 4295 Sen-

1930 4326 2208 4384 naeherib
2242 4323 2381 4380 illuc
2412 4324 2693 4398 pervenit,
2726 4342 2937 4399 parum
2966 4329 3091 4383 erat
3119 4326 3311 4384 adhuc
3337 4326 3473 4383 diei.

2006 4457 2035 4489 ‹‹
2065 4432 2325 4507 Agitabit
2356 4454 2383 4483 »
2416 4446 2553 4505 ergo
2587 4448 2881 4488 «manum
2913 4450 3106 4501 suam,
3131 4457 3159 4483 »
3188 4432 3247 4488 id
3274 4424 3369 4490 est
3398 4449 3587 4491 move-

1933 4522 2038 4590 bit,
2073 4519 2307 4576 minans
2339 4517 2525 4574 multa
2555 4516 2712 4573 mala
2738 4518 3131 4589 Hierusalem;
3158 4524 3465 4594 propterea
3489 4538 3589 4579 au-

164 4606 367 4680 brum,
399 4616 458 4667 et
485 4611 703 4669 levabit
732 4614 1000 4669 eamdem
1030 4612 1253 4686 virgam
1282 4631 1459 4687 super
1487 4614 1821 4687 Egyptum.
1852 4625 1901 4693 D
1935 4616 2053 4667 tem
2086 4634 2113 4659 ‹‹
2148 4624 2327 4682 super
2355 4611 2614 4664 montem
2646 4606 2785 4663 Sion
2816 4612 2873 4663 et
2900 4607 3110 4665 collem
3141 4607 3530 4678 Hierusalem,
3556 4634 3585 4661 »

165 4702 237 4757 Et
264 4705 409 4756 tunc
440 4704 762 4759 revertetur
786 4718 921 4758 cum
944 4700 1130 4758 multo
1161 4702 1437 4772 exercitu,
1463 4703 1703 4758 veniens
1734 4721 1827 4759 su-

165 4808 273 4864 per
305 4788 689 4846 Hierusalem.

239 4902 268 4929 ‹‹
305 4878 375 4934 Et
405 4878 516 4935 erit
545 4878 605 4935 in
638 4880 732 4936 die
762 4879 884 4936 illa.
915 4903 942 4929 ››
965 4880 1131 4937 Diem
1164 4881 1361 4954 accipe
1402 4898 1504 4954 pro
1544 4885 1822 4954 tempore.

163 4968 293 5024 Vox
322 4966 424 5023 Dei
457 4967 531 5022 ad
563 4969 786 5025 tribum
815 4969 1030 5026 Judam
1061 4974 1119 5025 et
1148 4970 1475 5042 Benjamin.
1501 4971 1563 5025 In
1586 4989 1704 5044 qua
1732 4971 1826 5026 die

164 5056 258 5114 vel
294 5056 353 5111 in
377 5072 492 5128 quo
524 5059 784 5130 tempore
815 5056 1012 5114 ablata
1042 5062 1132 5114 est
1162 5057 1483 5114 dominatio
1505 5059 1830 5116 Sennaehe-

168 5146 261 5201 rib
296 5145 371 5201 de
399 5144 548 5200 collo
572 5145 823 5201 duarum
856 5146 1159 5203 tribuum?
1190 5149 1432 5213 Quando
1453 5149 1740 5204 exercitus
1766 5148 1830 5203 il-

167 5234 290 5290 lius
320 5233 394 5289 ah
415 5233 624 5306 angelo
654 5233 1041 5307 interemptus
1066 5240 1175 5291 est.
1205 5258 1231 5286 ‹‹
1255 5237 1322 5291 Et
1343 5242 1824 5310 computrescct,»

167 5324 232 5394 id
264 5325 357 5378 est
387 5321 922 5396 deficietujugum,
948 5346 973 5372 η
995 5323 1106 5379 hoc
1136 5329 1243 5392 est,
1268 5324 1590 5381 dominatio
1622 5330 1678 5381 et
1705 5344 1828 5381 ser-

164 5412 327 5467 vitus
358 5409 430 5465 de
459 5409 708 5466 humero
737 5415 861 5479 tuo,
898 5430 931 5468 0
962 5412 1215 5485 populus
1246 5414 1498 5467 duarum
1544 5414 1828 5481 tribuum,

172 5521 201 5549 ‹‹
224 5517 260 5555 a
291 5497 439 5555 facie
470 5497 638 5569 olei,»
663 5498 722 5554 id
756 5502 846 5556 est
876 5517 910 5555 a
932 5500 1243 5572 praesentia
1274 5499 1684 5555 misericordia:
1707 5501 1828 5557 Dei.

168 5588 280 5645 Per
309 5585 508 5644 oleum
538 5604 799 5660 namque
830 5588 1231 5644 misericordia
1260 5592 1516 5643 notatur.

244 5700 273 5729 ‹‹
308 5673 518 5733 Veniet
548 5673 607 5729 in
645 5675 839 5732 Aioth.
865 5698 893 5726 ››
917 5675 1041 5732 Vox
1082 5675 1399 5753 propheta.
1434 5676 1563 5734 llaec
1608 5682 1695 5733 est
1725 5678 1830 5735 de-

499 5800 764 5866 PATROL.
810 5803 1010 5866 CXVI.

1935 4701 2077 4774 quia
2104 4699 2243 4755 Sion
2277 4714 2446 4754 mons
2478 4701 2568 4753 est
2596 4701 2653 4752 et
2699 4697 3058 4753 Hierusalem
3090 4698 3246 4755 circa
3273 4696 3502 4768 collem,
3525 4698 3586 4755 id

1934 4794 2025 4845 est
2053 4788 2208 4845 circa
2235 4785 2444 4843 vallem
2476 4783 2636 4841 illius
2668 4785 2887 4843 montis
2917 4786 3031 4842 sita
3050 4789 3159 4843 est.
3182 4787 3424 4855 Quando
3451 4803 3587 4844 vero

1935 4875 2330 4935 Sennaeherib
2370 4874 2544 4930 exivit
2575 4875 2644 4931 de
2676 4874 2937 4947 Egypto,
2971 4877 3144 4946 prout
3173 4873 3349 4931 citius
3378 4874 3585 4948 quivit,

1935 4966 2275 5026 acceleravit
2303 4982 2599 5038 gressum,
2620 4965 2866 5021 tendens
2896 4965 3005 5021 iter
3029 4966 3099 5021 ad
3132 4964 3496 5022 Hierusalem
3524 4969 3591 5023 ut

1936 5073 2115 5129 supra
2145 5055 2368 5110 dictum
2394 5058 2503 5109 est.
3496 5114 3501 5123 Α

2006 5146 2153 5201 Cum
2183 5147 2380 5198 autem
2411 5141 2671 5197 venisset
2712 5141 2769 5196 in
2813 5141 2992 5209 Nobe,
3016 5142 3261 5199 tetendit
3290 5142 3370 5198 ibi
3401 5145 3589 5199 tento-

1889 5270 1904 5289 .
1938 5234 2112 5300 rium,
2165 5230 2365 5288 volens
2424 5228 2681 5284 diluculo
2740 5246 3025 5302 occupare
3080 5230 3491 5287 Hierusalem:
3534 5222 3593 5287 et

1940 5326 2250 5395 postquam
2296 5318 2437 5373 illuc
2468 5317 2645 5383 venit,
2672 5335 2783 5373 non
2818 5319 3068 5375 cessavit
3115 5336 3303 5393 usque
3334 5318 3591 5375 mediam

1941 5415 2169 5467 noctem
2191 5406 2402 5462 minari
2426 5404 2845 5461 desolationem
2874 5406 3230 5464 Hierusalem
3252 5408 3451 5464 dicens
3473 5425 3485 5462 :
3504 5408 3592 5463 En

1941 5502 2054 5556 ista
2083 5496 2208 5553 sola
2228 5495 2433 5549 civitas
2462 5493 2677 5566 poterit
2707 5494 2939 5550 liberari
2961 5497 3032 5551 de
3063 5513 3242 5553 manu
3274 5497 3443 5553 mea?
3465 5485 3592 5553 Non

1941 5589 2051 5645 erit
2082 5587 2188 5653 ita;
2215 5583 2315 5639 sed
2347 5581 2501 5637 sicut
2532 5582 2637 5638 feci
2672 5583 2948 5639 Samaria:
2980 5589 3038 5641 et
3068 5586 3187 5659 regi
3220 5587 3369 5658 ejus,
3394 5585 3479 5642 sic
3509 5585 3593 5643 fa-

1942 5677 2090 5735 ciam
2127 5670 2487 5731 Hicrusalem
2518 5676 2574 5728 et
2605 5670 2723 5748 regi
2759 5670 2948 5746 ipsius
2978 5673 3255 5734 Ezechiae.
3290 5674 3401 5734 Sed
3433 5677 3594 5749 post-

3196 5804 3276 5868 25
