3960 6376
374 398 497 482 ττθ

788 419 1193 482 HAYMONIS
1225 418 1768 479 HALBERSTA'I‘.
1803 416 2046 479 EPISC.
2083 417 2257 479 OPP.
2292 419 2522 479 PARS.
2556 418 2604 478 l.
2641 451 2718 462 —
2749 417 3077 479 COMMEN
3098 420 3158 479 Γ.
3192 417 3392 478 BIBL.

3690 419 3804 481 780

374 569 555 628 quam
586 551 782 609 ierunt
827 550 1173 621 dormitum,
1204 567 1410 607 omnes
1459 550 1722 624 percussi
1774 553 1913 608 sunt
1960 551 2034 607 ab
2065 549 2121 619 Α
2151 554 2206 606 et
2237 550 2642 607 confricabant
2688 550 2987 619 manibus,
3029 553 3087 606 et
3135 548 3575 606 manducabant
3603 550 3805 624 (Matth.

375 641 583 716 angelo
615 639 870 697 Domini.

450 754 477 782 ‹‹
499 732 644 786 Ecce
674 726 1020 785 Dominator
1059 728 1371 795 Dominus,
1397 728 1724 802 confringet
1752 730 2042 801 laguncu—

376 820 492 877 lam
525 820 582 874 in
614 822 893 875 terrore.»
914 817 1037 874 Vox
1068 818 1363 891 prophetze
1390 819 1460 873 de
1488 819 1761 891 passione
1783 818 2039 875 Domini.

378 906 745 981 Laguncula,
766 907 1187 964 diminutivum
1235 925 1450 964 nomen
1483 912 1572 964 est
1601 927 1635 964 a
1663 908 1891 982 lagona.
1926 909 2037 963 La-
2080 902 2083 903 ⁷

371 994 587 1069 guncla
618 998 840 1065 autem,
874 1012 1003 1068 qua:
1037 995 1196 1052 lutea
1223 1001 1336 1064 est,
1368 994 1665 1069 significat
1694 1014 1907 1069 corpus
1938 996 2044 1051 Do-

372 1083 684 1152 minicum,
709 1085 868 1158 quod
900 1084 1264 1141 confractum
1298 1090 1388 1141 est
1428 1090 1691 1157 tempore
1723 1085 2038 1158 passionis.

373 1174 690 1231 lnterrore
747 1179 949 1231 autem
1010 1174 1174 1242 dicit,
1198 1174 1340 1247 quia
1396 1178 1783 1231 monumenta
1839 1179 2044 1247 aperta

370 1266 535 1332 sunt,
569 1265 748 1336 atque
792 1264 1162 1319 terreemotus
1211 1263 1403 1318 factus
1432 1268 1522 1319 est
1552 1279 1826 1336 magnus,
1848 1268 1904 1319 et
1933 1280 2041 1318 oze-

373 1357 498 1409 tera
523 1367 657 1425 quin
684 1350 747 1408 in
779 1350 1054 1424 passione
1105 1352 1236 1423 ejus
1282 1357 1524 1409 ostensa
1574 1355 1735 1407 sunt.
1757 1374 1787 1403 ι‹
1816 1351 2040 1408 Exoelsi

372 1440 592 1498 succisi
622 1443 820 1510 sunt,»
848 1440 907 1495 id
938 1444 1029 1497 est
1052 1440 1240 1497 Judaai
1272 1439 1567 1497 humiliati
1588 1446 1749 1513 sunt,
1773 1444 1830 1497 et
1851 1457 1886 1497 a
1915 1456 2042 1514 pro-

372 1529 505 1604 prio
536 1527 663 1586 solo
693 1527 909 1587 succisi
937 1532 997 1585 et
1026 1529 1270 1602 projeeti
1302 1534 1462 1586 sunt.

444 1643 477 1671 κ
508 1619 579 1676 Et
607 1618 1028 1676 subvertentur
1069 1619 1388 1675 condensa.
1413 1641 1442 1670 ››
1478 1619 1541 1675 Id
1586 1623 1676 1676 est
1716 1619 2038 1676 densitates

372 1726 403 1760 σε
435 1707 699 1766 saltuum
754 1708 926 1764 ferro.
970 1729 999 1759 »
1043 1706 1274 1765 Saltum
1334 1707 1590 1781 appellat
1649 1708 2036 1778 Hierusalem,

373 1800 614 1872 propter
640 1794 1085 1854 multitudinem
1127 1796 1479 1870 populorum
1513 1814 1643 1870 qua:
1691 1798 1922 1854 succisa
1949 1800 2041 1853 est

373 1886 528 1943 ferro
571 1885 1046 1943 Romanorum.«
1066 1884 1139 1942 Et
1178 1886 1440 1944 Libanus
1478 1902 1612 1942 cum
1653 1886 1900 1944 excelsis
1938 1902 2037 1942 ea-
2067 1928 2116 1997 Β

376 1976 467 1997 Δ-1
520 1973 625 1997 ηε)
663 1974 744 1997 Α-ι
802 1973 1160 1997 YI3_.___-_I-_..
1204 1990 1328 1997 ---μ
1359 1976 1759 1997 ---_..J_1.'l_h_
1798 1981 1847 1997 ,ι
1882 1976 2008 1997 -με-

372 1976 492 2047 det,
518 1996 547 2024 υ
563 1973 627 2033 id
652 1974 767 2044 est,
802 1973 1165 2032 Hierusalem
1198 1990 1334 2031 cum
1357 1976 1762 2032 sacerdotibus
1793 1981 1854 2031 et
1882 1976 2039 2049 prin-

373 2063 608 2137 cipibus
663 2063 812 2121 suis.
856 2064 964 2120 Per
1019 2064 1311 2121 Libanum
1371 2066 1656 2122 debemus
1714 2064 2036 2137 intelligere

371 2152 661 2226 templum
688 2152 779 2210 vel
824 2153 1142 2221 civitatem,
1175 2155 1330 2210 sicut
1360 2155 1582 2211 dicitur
1630 2172 1733 2229 per
1780 2153 2035 2229 prophe-

372 2245 497 2298 tam
532 2257 546 2298 :
576 2240 772 2314 Aperi,
803 2241 1047 2309 Libane,
1089 2246 1289 2316 portas
1330 2248 1484 2310 tuas,
1518 2248 1576 2299 et
1617 2244 1849 2300 devoret
1880 2242 2034 2314 ignis

374 2330 580 2387 eedros
608 2333 767 2387 tuas.

1019 2417 1254 2474 CAPUT
1293 2419 1386 2475 ΧΙ.

445 2530 474 2558 κ
506 2505 856 2580 Egredietur
881 2505 1048 2579 virga
1090 2507 1162 2564 de
1211 2508 1407 2564 radice
1454 2508 1640 2565 Jesse.
1670 2509 1850 2582 n"Vox
1900 2526 2033 2581 pro-

372 2595 563 2670 pheta)
594 2596 667 2651 de
696 2594 1000 2651 nativitate
1032 2594 1287 2651 Domini.
1324 2596 1620 2669 Propheta;
1653 2615 1770 2653 non
1800 2604 2036 2653 servant

371 2684 641 2742 ordinem
670 2683 952 2741 historia}.
976 2684 1262 2756 Superius
1293 2685 1453 2740 enim
1484 2685 1631 2741 dixit
1658 2687 1730 2742 de
1761 2687 2035 2758 passione

372 2772 608 2831 Domini
645 2789 659 2829 :
694 2789 851 2829 nunc
878 2790 1013 2830 vero
1070 2772 1337 2846 loquitur
1375 2774 1447 2830 de
1491 2774 1792 2831 nativitate
1846 2775 2030 2832 illius.

370 2861 552 2935 Virga
580 2862 654 2919 de
684 2861 880 2918 radice
899 2863 1066 2919 Jesse
1094 2879 1332 2935 egressa
1361 2867 1470 2929 est,
1498 2864 1639 2935 quia
1665 2864 1827 2937 virgo
1850 2863 2034 2919 Maria

370 2967 441 3006 ex
470 2950 792 3026 propagine
823 2951 1005 3008 David
1056 2956 1187 3007 orta
1229 2956 1339 3009 est.
1361 2975 1389 3002 ‹‹
1418 2952 1548 3008 Flos
1577 2953 1649 3009 de
1680 2953 1873 3009 radice
1902 2954 2032 3024 ejus

371 3039 708 3109 ascendet,»
730 3038 789 3095 id
810 3044 903 3097 est
921 3041 992 3096 de
1014 3041 1239 3098 semine
1259 3042 1427 3098 Jesso
1459 3042 1643 3114 patris
1674 3041 1854 3098 David
1876 3041 2035 3099 Chri-

371 3133 503 3186 stus
534 3133 711 3187 natus
733 3133 847 3201 est,
870 3130 978 3187 ﬂos
1004 3130 1312 3199 virtutum,
1337 3137 1395 3187 et
1423 3147 1638 3188 corona
1665 3130 2030 3205 angelorum,

370 3222 431 3277 et
452 3222 682 3279 sertum
713 3219 893 3279 etiam
918 3219 1232 3278 hominum
1258 3219 1602 3278 electorum.

2154 658 2265 709 xu;
2297 640 2460 696 Marc.
2484 658 2621 709 vm;
2656 642 2782 696 Luc.
2813 643 2917 709 v1).
2960 640 3107 696 Nam
3166 656 3301 695 cum
3356 639 3643 696 vidissent
3698 640 3803 698 hoc

2151 728 2413 800 quidam,
2446 729 2951 801 reprehenderunt
2988 727 3305 801 apostolos.
3341 726 3453 784 Sed
3496 727 3637 801 quid
3676 729 3807 785 fecit

2151 817 2478 873 Dominus?
2505 818 2806 890 redarguit
2826 806 3227 889 apostolorum
3249 817 3727 884 contradictores,
3749 821 3805 874 et

2151 906 2297 962 dixit
2329 906 2446 962 illis
2470 925 2519 962 :«
2546 908 2627 962 lte
2658 912 2716 963 et
2753 906 2961 963 discite
3005 906 3147 979 quid
3201 909 3309 976 est,
3344 905 3802 963 misericordiam

2148 993 2300 1063 volo,
2337 999 2395 1052 et
2444 1013 2562 1051 non
2612 995 2971 1052 sacriﬁcium
3011 995 3201 1066 (Math.
3225 1012 3313 1064 iv;
3356 994 3475 1051 088.
3498 998 3598 1065 γι).
3626 1017 3654 1045 ››
3677 1018 3705 1045 ‹‹
3739 996 3808 1052 Et

2150 1084 2435 1157 percutiet
2464 1090 2680 1141 terram
2701 1085 2865 1158 virga
2884 1085 3005 1140 oris
3037 1086 3186 1141 sui.»
3212 1086 3455 1141 Terram
3486 1084 3685 1158 posuit
3703 1100 3806 1157 pro

2150 1173 2582 1230 habitatoribus
2612 1178 2810 1242 terrea;
2833 1173 3056 1246 virgam
3089 1190 3193 1248 pro
3223 1173 3491 1230 doctrina
3517 1172 3805 1247 evangeli-

2150 1279 2238 1318 ca.
2252 1262 2497 1330 Quando
2519 1262 2811 1336 percussit
2830 1261 2961 1320 illos
2976 1262 3159 1338 virga,
3174 1262 3232 1320 id
3247 1266 3338 1320 est
3359 1261 3625 1320 doctrina
3642 1278 3809 1318 evan-

2148 1350 2374 1423 gelica?
2403 1350 2551 1408 Cum
2583 1368 2688 1426 per
2717 1351 3193 1425 praedicationem
3222 1350 3620 1425 apostolorum
3650 1350 3807 1423 prin-

2148 1439 2297 1513 cipis
2319 1439 2496 1508 Petri,
2519 1444 2653 1514 post
2674 1440 3080 1498 ascensionem
3104 1440 3266 1498 illius
3286 1439 3659 1498 crediderunt
3687 1454 3804 1496 uno

2148 1528 2242 1585 die
2262 1528 2376 1585 tria
2396 1528 2601 1599 millia,
2626 1528 2809 1587 altera
2828 1528 2921 1586 die
2944 1530 3206 1602 quinque
3227 1528 3430 1602 millia,
3453 1532 3513 1586 et
3531 1529 3807 1603 deinceps

2147 1616 2337 1674 multa
2366 1617 2587 1674 millia:
2620 1619 2882 1675 dicentes
2912 1614 3014 1692 (iui
3046 1618 3421 1676 crediderant
3446 1618 3650 1676 audita
3676 1619 3806 1691 ejus

2146 1706 2563 1780 praedicatione
2588 1724 2637 1763 :«
2662 1706 2815 1774 Quid
2838 1706 3142 1779 faciemus,
3166 1707 3272 1764 viri
3295 1707 3504 1765 fratres
3515 1705 3577 1764 ἵ»
3597 1707 3668 1765 Et
3698 1708 3807 1764 Pe-

2145 1799 2274 1851 trus
2295 1797 2369 1852 ad
2398 1795 2531 1852 illos
2556 1814 2609 1853 τι(
2630 1796 3002 1853 Pmnitemini
3025 1801 3082 1853 et
3101 1797 3547 1867 convertemirﬁ
3560 1802 3625 1854 ut
3652 1796 3807 1853 dele-

2146 1889 2323 1941 antur
2340 1888 2536 1942 vestra
2563 1891 2821 1959 peccata.
2839 1908 2868 1936 ››
2891 1885 3177 1943 Similiter
3198 1903 3307 1959 per
3333 1885 3809 1959 prmdicationem

2145 1973 2549 2047 apostolorum
2589 1975 2766 2031 corda
2801 1974 3155 2049 populorum
3197 1975 3491 2050 percussit
3523 1993 3535 2033 :
3570 1975 3810 2048 quando

2145 2062 2548 2136 relinquentes
2577 2064 2846 2137 proprias
2876 2064 3232 2134 voluntates,
3260 2065 3716 2139 baptizabantur
3746 2064 3808 2121 in

2144 2151 2381 2208 nomine
2411 2153 2574 2210 Jesu.
2605 2153 2800 2209 Potest
2830 2158 2887 2209 et
2916 2170 3020 2226 per
3046 2154 3272 2227 virgam
3304 2154 3596 2212 sententia
3622 2152 3809 2210 divini

2142 2241 2431 2296 examinis
2462 2240 2731 2314 intelligi.
2755 2242 3010 2298 Veniens
3042 2243 3329 2300 Dominus
3361 2244 3421 2300 in
3457 2260 3652 2314 carne,
3683 2241 3809 2316 pri-

2143 2344 2311 2385 mum
2342 2329 2518 2402 cmpit
2553 2330 2873 2401 praedicare
2915 2330 3324 2403 paenitentiam
3356 2332 3560 2390 dicens
3583 2348 3597 2389 :
3621 2354 3651 2384 «
3684 2331 3812 2391 Pce-

2143 2416 2455 2473 nitentiam
2476 2417 2652 2489 agite,
2673 2418 3175 2492 appropinquabit
3193 2419 3352 2475 enim
3373 2436 3623 2492 regnum
3641 2418 3814 2478 caelo-

2142 2522 2275 2561 rum
2309 2505 2513 2579 (Matth.
2538 2506 2636 2579 iv).
2655 2528 2684 2556 ››
2707 2507 2777 2562 Et
2813 2507 3193 2579 postmodum
3223 2507 3539 2565 subintulit
3562 2526 3575 2564 :
3599 2533 3629 2559 «
3660 2510 3805 2566 Om-

2143 2594 2235 2650 nis
2265 2595 2439 2651 arbor
2467 2590 2596 2667 quae
2627 2612 2744 2651 non
2777 2595 2917 2652 facit
2947 2596 3204 2653 fructum
3234 2595 3477 2666 bonum,
3505 2596 3809 2654 exeidetur

2141 2688 2199 2739 et
2241 2683 2302 2739 in
2348 2684 2549 2757 ignem
2595 2684 2862 2740 mittetur
2888 2684 3095 2756 (Matth.
3118 2688 3242 2753 vn).
3266 2708 3297 2738 ιι
3318 2684 3439 2742 Hac
3487 2686 3803 2756 sententia,

2141 2773 2239 2828 isti
2255 2773 2478 2844 judicis
2499 2773 2865 2829 advenientis
2885 2777 3253 2830 terrenorum
3269 2773 3580 2831 hominum
3602 2774 3803 2844 corda,

2142 2862 2540 2934 relinquentes
2559 2861 2812 2935 pristina
2836 2863 3000 2931 vitia,
3023 2867 3325 2937 coeperunt
3344 2862 3418 2919 ab
3440 2862 3803 2937 baptismum

2143 2951 2304 3007 illius
2333 2951 2650 3021 conﬂuere,
2682 2952 2755 3007 de
2803 2952 3024 3024 quibus
3055 2950 3328 3025 discipuli
3378 2950 3623 3009 Joannis
3652 2953 3800 3010 invi-

2141 3040 2347 3095 dentes
2393 3038 2647 3106 Cbristo,
2682 3038 2956 3095 dixerunt
3002 3039 3288 3112 magistro
3338 3055 3447 3096 suo
3478 3056 3494 3096 :
3522 3062 3555 3091 α
3588 3039 3797 3107 Rabbi,

2140 3145 2274 3186 ecce
2303 3126 2502 3201 plures
2529 3127 2775 3184 veniunt
2813 3128 2886 3184 ad
2928 3128 3133 3185 Jesum
3164 3143 3343 3201 quem
3371 3132 3438 3185 tu
3467 3128 3801 3207 baptizasti,

2141 3233 2321 3291 quam
2352 3217 2425 3273 ad
2455 3220 2512 3272 te
2533 3217 2709 3290 (Joan.
2734 3219 2842 3287 in).
2868 3239 2897 3267 ››
2919 3217 2989 3273 Et
3009 3217 3221 3290 spiritu
3242 3216 3533 3274 labiorum
3556 3232 3801 3274 suorum

443 3328 475 3361 οι
505 3307 577 3367 Et
604 3306 934 3381 nequieseet
960 3325 1140 3382 super
1167 3326 1326 3376 eum,
1354 3332 1382 3361 υ
1411 3309 1471 3365 id
1502 3314 1592 3366 est
1622 3326 1801 3383 super
1828 3310 2030 3368 Chris—
2061 3299 2105 3367 C
2137 3305 2449 3363 interﬁciat
2478 3304 2751 3379 impium.
2776 3328 2804 3358 ››
2834 3306 2895 3362 Id
2926 3310 3017 3363 est
3044 3305 3496 3377 Antichristum,
3523 3305 3676 3363 sicut
3704 3307 3794 3363 di-

370 3400 501 3453 tum
527 3417 557 3447 α
577 3396 826 3469 spiritus
850 3397 1145 3455 Domini.»
1169 3398 1289 3455 Hoc
1318 3397 1629 3471 impletum
1658 3404 1771 3469 est,
1794 3401 2031 3473 quando

370 3483 705 3561 baptizatus
732 3488 827 3543 est
852 3502 890 3547 α
911 3485 1138 3545 Joanne
1168 3485 1230 3543 in
1257 3487 1538 3544 .lordane.
1566 3488 1871 3561 Requievit
1901 3489 2031 3562 Spi-

370 3572 526 3659 ritus
554 3576 797 3631 sanctus
816 3590 1001 3651 super
1027 3591 1166 3632 eum
1194 3574 1256 3631 in
1287 3574 1478 3649 specie
1510 3575 1812 3645 colombm,
1837 3582 1896 3633 et
1925 3594 2033 3635 vox

372 3660 562 3721 Patris
600 3662 806 3721 audita
832 3667 925 3721 est
945 3664 1098 3737 (Luc.
1121 3666 1524 3735 ui).Attamen
1555 3682 1671 3722 non
1720 3670 1812 3723 est
1857 3666 2033 3723 intel-

369 3748 675 3825 ligendum
697 3752 853 3825 quod
875 3750 950 3809 ab
980 3751 1081 3810 illo
1104 3752 1475 3810 solummodo
1500 3758 1762 3828 tempore
1792 3755 2034 3829 coeperit

367 3836 639 3895 habitare
666 3837 924 3913 Spiritus
954 3844 1199 3898 sanctus
1229 3840 1289 3897 in
1322 3840 1571 3898 Domino
1600 3842 1743 3898 Jesu
1774 3842 2028 3914 Christo,

367 3926 472 4011 qui
493 3926 822 3987 secundum
845 3928 1211 3987 divinitatem
1234 3934 1367 3988 ante
1390 3930 1587 3988 omnia
1611 3930 1825 3988 saecula
1845 3949 2033 4005 requa-

366 4006 504 4074 liter
522 4033 659 4075 cum
688 4017 861 4075 Patre
888 4019 1153 4092 possedit
1184 4019 1382 4094 ipsum
1405 4020 1692 4094 Spiritum
1723 4025 2027 4092 sanetum;

365 4104 471 4163 sed
493 4104 671 4167 sicuti
691 4122 762 4163 ex
776 4111 1041 4182 tempore
1059 4108 1458 4181 eoneeptionis
1476 4111 1804 4167 secundum
1826 4110 2032 4167 huma-

366 4193 639 4268 nitatem,
662 4197 830 4265 tanta
852 4198 943 4253 est
967 4196 1163 4271 gratia
1188 4196 1400 4255 collata
1424 4198 1481 4256 ei
1512 4199 1818 4257 Mediatori
1847 4200 1949 4257 Dei
1974 4204 2033 4257 et

364 4274 676 4341 hominum
709 4281 933 4343 homini
963 4283 1105 4344 Jesu
1128 4284 1380 4356 Christo,
1405 4290 1471 4345 ut
1497 4304 1671 4345 verus
1693 4293 1847 4346 esset
1874 4289 2031 4347 Deus

364 4376 426 4430 et
455 4390 629 4433 verus
656 4368 837 4444 homo
860 4390 873 4432 :
900 4372 982 4431 ita
1021 4379 1080 4433 et
1123 4376 1453 4433 secundum
1485 4376 1639 4449 quod
1685 4376 1863 4447 homo
1897 4378 2027 4448 fuit,

358 4459 631 4537 Spiritus.
648 4464 893 4521 sanctus
912 4478 1092 4537 super
1118 4461 1289 4523 illum
1312 4464 1619 4538 requievit,
1641 4467 1877 4539 quando
1900 4484 2031 4540 ope-

363 4549 590 4619 ratione
621 4549 887 4625 ejusdem
934 4550 1195 4626 Spiritus
1239 4555 1427 4611 sancti
1475 4553 1536 4610 in
1586 4558 1752 4611 utero
1782 4554 2029 4628 virginis

362 4654 602 4711 carnem
631 4644 846 4697 nostra:
877 4639 1215 4716 fragilitatis
1247 4642 1573 4716 assumpsit
1601 4644 1753 4716 (Luc.
1779 4647 1845 4716 ι).

435 4726 569 4785 limo
595 4744 733 4786 vero
762 4732 989 4802 septem
1031 4728 1185 4787 dona
1227 4730 1483 4804 Spiritus
1532 4732 1742 4802 sancti,
1768 4751 1899 4805 quae
1928 4732 2024 4790 hic

358 4822 923 4887 commemorantur,
956 4818 1016 4874 in
1064 4819 1296 4876 Christo
1347 4822 1747 4893 requiescunt,
1782 4822 1921 4895 quia
1962 4823 2021 4880 in

360 4906 491 4980 ipso
510 4904 742 4975 habitat
760 4908 955 4964 omnis
975 4907 1282 4980 plenitudo
1299 4907 1620 4968 divinitatis
1645 4912 2026 4985 corporaliter

356 4994 500 5065 (Col.
521 5013 543 5053 ι
570 4999 632 5053 et
658 4997 745 5071 ιι).

435 5107 465 5139 ‹‹
494 5085 622 5143 Non
652 5086 980 5143 secundum
1011 5085 1296 5144 visionem
1328 5088 1634 5145 oculorum
1667 5089 2017 5163 judicabit.»

358 5172 423 5230 Id
452 5178 547 5232 est
573 5192 691 5231 non
723 5177 985 5233 attendet
1018 5193 1329 5249 personam
1371 5179 1650 5247 hominis,
1683 5182 1824 5252 quia
1854 5182 1925 5238 de
1954 5200 2021 5238 eo

356 5260 647 5339 scriptum
677 5267 767 5321 est
791 5282 843 5321 :«
867 5265 991 5321 Non
1024 5272 1112 5323 est
1132 5285 1516 5340 personarum
1548 5274 1820 5342 acceptor
1838 5271 2014 5340 Deus,

354 5351 462 5411 sed
490 5351 553 5409 in
578 5352 747 5410 omni
778 5359 950 5426 gente
981 5356 1080 5427 qui
1124 5356 1293 5413 timet
1322 5374 1457 5414 eum
1497 5362 1770 5431 acceptus
1809 5365 1900 5415 est
1931 5361 2014 5416 illi

353 5439 493 5510 (Act.
524 5442 606 5513 x).
636 5462 667 5492 »

430 5551 462 5583 ιι
478 5531 703 5604 ᾼιιεῐιει
724 5528 785 5587 in
808 5531 1080 5605 equitate
1101 5550 1205 5608 pro
1236 5535 1562 5595 mansuetis
1582 5541 1769 5594 terrae.
1797 5560 1824 5588 »
1850 5540 2014 5597 Tunc

352 5612 691 5690 increpavit
710 5617 997 5678 Dominus
1028 5622 1481 5694 reprehensores
1515 5625 1855 5694 humilium,
1877 5646 2013 5685 cum

352 5699 631 5779 discipuli
662 5705 791 5775 ejus
819 5708 1190 5765 ambulantes
1210 5727 1313 5781 per
1337 5716 1464 5769 sata
1483 5713 1768 5773 evellebat
1787 5717 2010 5788 spicas,

2141 3394 2222 3452 cit
2251 3394 2522 3468 egregius
2542 3394 2890 3467 praedicator
2911 3411 2925 3450 :
2946 3418 2974 3446 «
2999 3396 3183 3463 Quem
3209 3394 3497 3453 Dominus
3513 3394 3689 3453 Jesus
3707 3395 3798 3451 in-

2140 3484 2388 3540 terﬁciet
2444 3482 2655 3556 spiritu
2713 3483 2834 3541 oris
2891 3483 2985 3541 sui
3025 3484 3101 3555 (II
3130 3483 3311 3542 Thess:
3342 3487 3427 3557 ιι).
3450 3507 3478 3537 η
3500 3483 3572 3541 Et
3598 3484 3735 3541 licet
3763 3501 3799 3541 a

2143 3571 2427 3630 Michaele
2445 3576 2871 3646 prosternatur,
2888 3573 3044 3630 sicut
3061 3573 3301 3647 quidam
3319 3574 3543 3646 dicunt,
3561 3574 3797 3633 Domini

2140 3664 2339 3718 tamen
2369 3666 2520 3718 nutu
2552 3660 2699 3718 illud
2730 3661 3172 3735 adimplebitur.
3764 3672 3769 3675 ‘

2214 3773 2244 3802 ‹‹
2266 3752 2337 3808 Et
2363 3751 2473 3808 erit
2494 3751 2732 3824 justitia
2749 3751 3055 3827 cingulum
3084 3753 3422 3811 lumborum
3442 3755 3630 3827 ejus.»
3651 3752 3795 3822 Quis

2138 3839 2287 3896 vidit
2316 3857 2581 3913 unquam
2612 3840 2917 3914 cingulum
2942 3841 3015 3899 de
3037 3841 3297 3914 justitia,
3318 3848 3421 3901 aut
3446 3842 3793 3911 cinetorium

2141 3929 2213 3985 de
2242 3929 2396 3986 ﬁde?
2418 3930 2525 3987 Per
2538 3931 2836 4003 justitiam
2857 3935 2916 3987 et
2934 3932 3132 4002 ﬁdem,
3158 3932 3441 3990 debemus
3470 3930 3795 4005 intelligam

2138 4022 2399 4089 sanctos,
2421 4018 2521 4091 qui
2552 4036 2657 4092 per
2681 4020 2858 4076 fidem
2887 4025 2947 4077 et
2967 4020 3264 4094 justitiam
3294 4021 3587 4096 operando
3614 4020 3790 4091 bona,

2141 4107 2388 4165 Domino
2411 4107 2705 4165 cohaerent
2722 4108 2878 4166 sicut
2892 4109 3259 4168 vestimenta.
3274 4110 3437 4168 Unde
3455 4126 3525 4168 ex
3544 4125 3794 4184 persona

2142 4196 2329 4256 Patris
2358 4196 2622 4270 loquitur
2670 4197 2851 4255 Isaias
2902 4197 3016 4257 alio
3045 4198 3106 4255 in
3136 4199 3264 4257 laco
3310 4200 3382 4257 de
3432 4198 3617 4258 Filio:
3648 4198 3790 4257 Vivo

2139 4300 2269 4361 ego,
2290 4286 2431 4360 quia
2458 4285 2554 4343 his
2584 4288 2863 4347 omnibus
2892 4287 3054 4346 velut
3078 4289 3428 4347 vestimento
3455 4288 3738 4348 vestieris.

2210 4398 2240 4428 ‹‹
2273 4375 2573 4433 Habitabit
2614 4375 2791 4450 lupus
2822 4393 2958 4434 eum
2988 4394 3160 4453 agno.
3185 4400 3214 4432 ››
3245 4378 3376 4436 Haec
3414 4379 3584 4452 juxta
3610 4378 3792 4436 histo-

2134 4464 2288 4522 riam
2332 4469 2533 4523 carent
2579 4482 2780 4524 sensu.
2811 4466 3133 4541 Allegorice
3180 4473 3399 4537 autem,
3431 4485 3535 4541 per
3579 4467 3788 4542 lupum

2138 4571 2457 4628 possumus
2478 4554 2802 4630 intelligere
2822 4573 3040 4615 saevum
3061 4562 3119 4614 et
3139 4556 3434 4615 infidelem
3456 4557 3786 4628 hominem;

2054 4666 2104 4734 θ
2136 4660 2327 4717 agnus
2353 4661 2488 4702 vero
2519 4643 2752 4713 humili,
2773 4650 2831 4702 et
2851 4650 3179 4716 mansueto,
3202 4645 3477 4720 ﬁdelique
3502 4645 3790 4705 assimila-

2133 4737 2253 4789 tur.
2280 4734 2481 4807 Lupus
2511 4750 2648 4808 ergo
2670 4751 2807 4790 cum
2829 4751 2979 4808 agno
3008 4734 3293 4793 habitavit
3311 4740 3444 4809 post
3470 4736 3785 4793 adventum

2132 4821 2388 4892 Domini,
2420 4822 2635 4880 Paulus
2683 4823 2941 4881 crudelis
2998 4829 3338 4898 perseeutor
3382 4841 3517 4881 cum
3560 4824 3786 4882 Anania

2131 4917 2463 4982 mansueto,
2482 4911 2570 4968 vel
2590 4929 2728 4969 cum
2756 4913 2943 4971 Petro.
2969 4914 3063 4972 Sic
3084 4918 3141 4970 et
3166 4913 3238 4970 de
3265 4912 3470 4971 multis
3504 4912 3787 4987 accipien-

2131 5000 2296 5068 dum,
2320 5001 2419 5073 qui
2450 5002 2523 5057 de
2553 5001 2770 5059 duritia
2798 5001 3228 5060 incredulitatis
3251 5003 3325 5060 ad
3348 5004 3524 5059 fidem
3550 5001 3782 5059 Domini

2128 5094 2433 5146 venerunt.
2460 5091 2682 5148 Pardus
2713 5091 3010 5165 significat
3028 5091 3328 5149 hominem
3359 5089 3784 5165 multiplicibus

2131 5179 2481 5237 criminibus
2510 5184 2567 5236 et
2594 5181 2891 5239 erroribus
2933 5181 3319 5251 maculatum,
3343 5180 3666 5239 honoribus
3693 5184 3783 5237 ta-

2128 5287 2263 5325 men
2294 5270 2470 5326 istius
2501 5270 2699 5326 saeculi
2732 5269 3070 5343 pollentem.

2198 5359 2412 5416 Haedus
2436 5364 2812 5433 comparatur
2830 5359 3041 5417 humili
3061 5362 3371 5433 peccatori.
3390 5383 3419 5412 ‹‹
3440 5360 3659 5418 Pardus
3688 5374 3777 5425 er-

2124 5466 2199 5522 go
2220 5465 2356 5506 cum
2382 5449 2548 5506 hmdo
2577 5449 2884 5525 habitavit,
2911 5472 2939 5501 »
2962 5450 3021 5507 id
3055 5455 3164 5521 est,
3188 5450 3481 5525 superbus
3509 5455 3779 5524 peccator

2125 5556 2260 5596 eum
2314 5538 2527 5595 humili
2578 5545 2882 5613 peccatore
2936 5539 3091 5607 infra
3146 5546 3415 5599 sanctam
3461 5538 3776 5601 Eeclesiam

2124 5627 2408 5696 manebit,
2433 5645 2549 5684 non
2586 5628 2917 5703 despiciens
2946 5628 3141 5700 illum,
3159 5629 3298 5686 licet
3324 5628 3571 5693 terrenis
3601 5627 3779 5686 lucris

2122 5717 2374 5791 polleat:
2400 5718 2541 5790 quia
2558 5718 3051 5778 verecundabitur
3084 5721 3156 5778 de
3188 5719 3314 5778 suis
3335 5717 3527 5779 malis.
3562 5717 3774 5778 Hadus
