3960 6370
215 428 355 487 ’781

1357 433 1769 494 CUMMENT.
1815 434 1892 493 lN
1939 433 2230 499 ISAIAM.
2283 439 2428 499 LIB.
2478 441 2554 500 ll.

3543 456 3656 516 782

234 564 439 656 autem
457 577 573 656 non
593 561 721 656 ideo
740 568 1114 656 comparatur
1144 567 1534 656 mansuetudo
1565 566 1717 656 quod
1743 565 1892 656 insi-
1918 572 1973 639 Α
2004 572 2200 628 autem
2216 569 2359 624 dicit
2377 571 2658 644 reliquias
2679 575 2933 633 duarum
2955 579 3395 654 tribuum,quas
3415 583 3658 656 relique-

228 651 442 706 nistris
471 650 579 706 sit:
599 650 702 706 sed
725 651 864 722 quia
887 653 1204 708 mortiﬁeat
1235 655 1617 724 semetipsum
1650 654 1896 708 Domino
2008 662 2138 713 rant
2168 658 2248 712 illi
2287 660 2482 730 pOpuli
2515 663 2616 732 qui
2646 671 3088 736 enumerantur,
3113 674 3170 724 et
3202 650 3316 726 non
3353 650 3656 730 interfece-

225 739 378 810 (Col.
412 740 633 808 xu).Per
662 738 915 795 vitulum
949 745 1007 797 et
1037 759 1223 808 ovem,
1259 743 1530 798 similiter
1559 742 1814 798 humiles
1840 742 1900 798 et
2005 751 2138 802 rant
2172 765 2183 801 :
2218 749 2319 802 sed
2353 765 2454 818 per
2499 767 2704 810 omnes
2747 753 2951 827 plagas
3001 759 3207 814 mundi
3253 759 3387 815 illos
3425 761 3656 818 exsules

225 829 596 893 innocentes,
630 829 730 900 qui
765 845 827 884 se
858 830 1214 887 mortiﬁcant
1249 848 1382 887 cum
1418 832 1574 887 vitiis
1603 837 1660 886 et
1688 849 1896 886 concu-

2003 834 2276 890 fecerant.
2313 836 2411 891 Vel
2443 839 2619 897 etiam
2653 844 2907 899 secundo
2939 845 3175 917 adjiciet
3207 864 3448 905 manum
3481 866 3652 907 suam

220 917 550 992 piscentiis.
585 918 694 1009 Per
729 917 959 974 leonem
1009 925 1208 1009 autem
1261 920 1517 993 aliquem
1568 920 1891 992 principem
2005 922 2061 976 in
2091 923 2183 978 die
2206 925 2412 995 judieii
2449 945 2462 982 :
2498 931 2756 999 quando,
2789 933 3138 1004 praedicante
3169 935 3294 993 Elia
3336 942 3392 994 et
3429 939 3650 1009 Euocb,

226 1009 404 1064 istius
426 1007 623 1064 saeculi
659 1023 979 1080 possumus
1011 1008 1358 1082 intelligere,
1378 1011 1478 1082 qui
1511 1011 1726 1081 pariter
1756 1026 1889 1064 cum

219 1097 640 1152 innocentibus
669 1096 729 1151 in
762 1095 1024 1154 Ecclesia
1054 1104 1337 1154 moratur.
1372 1099 1655 1155 Similiter
1685 1117 1786 1170 per
1809 1098 1889 1153 vi-

218 1187 417 1248 tulum
448 1192 506 1242 et
538 1203 740 1242 ursum
771 1185 1226 1257 intelligendum
1259 1193 1367 1243 est.

298 1301 326 1327 ‹‹
364 1278 477 1332 Leo
508 1275 682 1348 quasi
711 1275 819 1330 bos
851 1277 1118 1331 comedet
1163 1277 1381 1349 paleas.
1423 1301 1442 1326 ι
1481 1277 1588 1331 Per
1636 1276 1886 1342 leonem,

221 1366 476 1433 rex,sive
501 1362 812 1436 aliquis(ut
837 1363 1062 1420 dictum
1097 1367 1489 1438 est)princeps
1515 1365 1882 1436 intelligitur;

223 1473 332 1528 per
360 1456 566 1511 bovem
599 1456 816 1521 autem,
851 1454 1096 1525 quilibet
1125 1455 1515 1528 simplex.Leo
1545 1472 1682 1526 ergo
1714 1453 1880 1525 quasi

219 1547 332 1601 bos
354 1542 609 1600 comedit
623 1541 1174 1616 paleas,simplicem
1192 1544 1458 1600 videlicet
1476 1543 1839 1598 intellectum
1861 1558 1875 1595 :

218 1635 370 1707 quia
390 1632 686 1706 principes
715 1631 888 1688 istius
937 1632 1134 1688 saeculi
1181 1632 1414 1688 litterali
1467 1632 1775 1704 superﬁcie
1823 1635 1881 1686 et

216 1723 475 1779 historia
505 1719 762 1776 contenti
796 1725 959 1791 sunt,
991 1721 1144 1777 sicut
1193 1726 1252 1777 et
1298 1720 1598 1792 simplices
1637 1720 1874 1793 quique.

297 1831 327 1866 ι
355 1812 427 1866 Et
454 1808 843 1866 delectabitur
891 1809 1110 1865 infans.
1157 1834 1179 1862 ι
1219 1810 1507 1865 Infantem
1543 1809 1637 1863 hic
1667 1825 1876 1880 possu-

2001 1013 2194 1069 omnis
2227 1015 2400 1069 Israel
2431 1017 2528 1087 qui
2563 1018 2836 1076 inventus
2871 1022 3044 1078 fuerit
3072 1026 3412 1084 salvabitur.

2071 1125 2097 1150 ‹‹
2137 1103 2204 1156 Et
2233 1103 2446 1158 levabit
2474 1105 2709 1177 signum
2761 1131 2789 1158 ››
2838 1109 3111 1181 victorias,
3145 1113 3253 1169 hoc
3290 1120 3380 1172 est
3408 1116 3644 1188 signum

1997 1189 2286 1246 crucisicin
2308 1194 2714 1267 nationes-per
2734 1199 3204 1269 praedicationem
3221 1205 3642 1278 apostolorum,

2000 1284 2063 1332 ut
2087 1280 2278 1334 sciant
2302 1299 2507 1337 omnes
2537 1291 2741 1356 gentes
2768 1304 2871 1358 per
2890 1291 3043 1360 quod
3069 1296 3210 1347 sunt
3232 1294 3518 1366 redempti
3543 1296 3641 1354 de-

1992 1367 2145 1422 victo
2170 1369 2424 1428 diabolo.
2465 1394 2491 1426 σ
2521 1373 2589 1428 Et
2618 1377 2994 1447 congregabit
3039 1381 3316 1453 profugos
3364 1383 3560 1452 Israel,
3613 1407 3640 1432 η

1994 1456 2051 1511 id
2085 1461 2173 1512 est
2203 1457 2335 1513 illos
2365 1461 2466 1531 qui
2496 1478 2564 1516 ex
2595 1463 2852 1520 tribulus
2868 1466 3120 1538 dispersi
3141 1474 3281 1525 sunt
3299 1487 3400 1542 per
3415 1472 3645 1530 diversa

1992 1561 2190 1616 regna.
2225 1571 2254 1596 ‹‹
2290 1549 2358 1602 Et
2388 1548 2687 1621 dispersos
2733 1553 2890 1609 Juda
2937 1555 3190 1628 colliget,
3227 1581 3250 1608 ι
3286 1558 3396 1615 hoc
3436 1565 3527 1617 est
3575 1577 3643 1617 ex

1991 1635 2147 1688 tribu
2177 1636 2332 1692 Juda
2359 1643 2418 1692 et
2451 1639 2902 1709 Benjamin.IIoc
2922 1644 2995 1698 ad
3017 1644 3160 1700 illud
3185 1647 3643 1722 pertinet,un-

1987 1723 2060 1777 do
2090 1725 2357 1795 apostoli,
2391 1727 2484 1782 die
2517 1729 2888 1786 Pentecostes
2935 1732 3157 1806 linguis
3185 1734 3376 1807 igneis
3405 1736 3637 1798 inﬂam-

1987 1812 2150 1880 mati,
2183 1819 2485 1886 coeperunt
2513 1817 2688 1872 variis
2718 1818 2967 1891 loquelis
2993 1820 3154 1894 loqui
3194 1827 3331 1893 (Act.
3371 1826 3458 1896 ιι).
3493 1827 3634 1885 Tra-

213 1918 364 2001 mus
391 1897 719 2008 intflligere
743 1897 1068 2008 Dominum
1089 1897 1290 2008 Jpsum
1311 1899 1877 2008 Christu‘m,prop‘ter
1903 1943 1949 2008 B
1983 1901 2131 2008 dunt
2161 1901 2315 1956 enim
2337 1903 2627 2008 historiis:
2660 1906 2799 1977 quia
2825 1925 2894 1964 ex
2925 1910 3201 1967 omnibus
3230 1912 3376 1970 locis
3404 1915 3506 1970 ubi
3527 1916 3632 1976 Ju-

209 1986 613 2045 innocentiam
635 2004 649 2054 ;
671 1985 760 2042 vel
783 1986 1149 2054 Petrum,aut
1169 1986 1315 2042 alios
1336 1985 1738 2059 apostolos,,et
1752 1985 1868 2040 cla-

209 2079 484 2135 rissimos
514 2075 893 2148 sanctoszqui
915 2075 1140 2132 malitia
1162 2075 1386 2148 parvuli
1420 2078 1675 2142 fuerunt,
1691 2091 1868 2130 sensu

209 2170 413 2222 autem
444 2164 682 2238 perfecti
715 2164 761 2236 (1
783 2164 906 2221 Cor.
939 2169 1092 2234 xxv);
1127 2165 1344 2237 quibus
1375 2165 1535 2220 dedit
1582 2164 1869 2220 Dominus

213 2259 566 2328 potestatem
593 2252 802 2324 ejicere
832 2254 1129 2310 dmmones
1145 2254 1215 2310 de
1228 2254 1485 2308 obsessis
1503 2252 1866 2324 corporibus.

209 2344 423 2415 (Matth.
455 2361 522 2412 ις
554 2341 718 2399 Marc.
751 2359 838 2412 vx;
882 2343 1009 2398 Luc.
1043 2358 1099 2398 ιχ
1150 2347 1208 2398 et
1256 2347 1333 2411 x).
1365 2343 1537 2414 Aspis
1567 2341 1866 2398 diabolum

211 2432 532 2506 signiﬁcat,
565 2431 666 2504 qui
700 2431 761 2487 in
789 2430 1053 2488 cavernis
1081 2436 1138 2488 et
1169 2432 1578 2499 foraminibus,
1605 2432 1662 2485 id
1688 2435 1778 2486 est
1809 2429 1866 2484 in

210 2521 498 2578 cordibus
515 2519 1266 2593 perversorumubominum
1284 2521 1529 2577 habitat.
1542 2521 1655 2575 nAb
1669 2520 1866 2585 ubere,

211 2615 414 2666 autem
435 2608 580 2666 dicit
610 2612 968 2682 separatum,
1000 2608 1059 2663 id
1089 2614 1180 2665 est
1205 2626 1240 2665 a
1268 2609 1604 2665 carnalibus
1634 2609 1870 2664 deside-

210 2699 318 2756 riis
350 2698 800 2754 rctractum.«Et
819 2697 920 2770 qui
952 2697 1127 2753 fuerit
1155 2697 1504 2766 ablactatus,
1539 2699 1731 2754 mittet
1753 2715 1870 2752 ma-

211 2805 357 2844 num
377 2803 551 2843 suam
569 2785 630 2842 in
647 2803 957 2842 cavernam
971 2785 1210 2860 reguli.»
1223 2787 1481 2859 Regulus
1494 2792 1583 2843 est
1603 2804 1864 2858 serpens,

205 2893 308 2932 rex
336 2874 614 2932 omnium
647 2875 1138 2948 serpentium,qui
1172 2893 1278 2931 suo
1315 2878 1456 2931 ﬂatu
1479 2876 1564 2933 vel
1596 2876 1723 2932 visu
1749 2892 1865 2930 non

201 2965 402 3022 solum
449 2964 689 3032 bestias,
721 2965 822 3020 sed
870 2963 1048 3020 etiam
1097 2982 1232 3020 aves
1290 2981 1394 3037 per
1434 2981 1570 3021 aera
1607 2964 1864 3021 volantes

201 3059 395 3122 necat,
428 3058 484 3110 et
513 3053 813 3125 signiﬁcat
854 3052 1545 3121 diabolum.Ablactatus,
1577 3054 1792 3108 dicitur
1829 3071 1864 3108 a

203 3143 356 3199 lacte
385 3147 716 3216 separatus.
752 3141 952 3198 Sancti
1003 3159 1140 3214 ergo
1171 3143 1272 3214 qui
1304 3143 1376 3198 ab
1407 3143 1602 3209 ubere,
1636 3142 1743 3198 hoc
1776 3146 1865 3198 est

204 3250 242 3288 a
271 3230 610 3288 carnalibus
639 3229 949 3287 desideriis
981 3233 1259 3288 abstracti
1307 3235 1466 3300 sunt,
1490 3236 1548 3286 et
1579 3231 1677 3302 qui
1710 3230 1864 3287 abla-

201 3320 348 3376 ctati
373 3320 600 3385 sunt,id
629 3323 720 3376 est
748 3336 784 3376 a
812 3319 962 3376 lacte
990 3321 1268 3393 separati,
1286 3321 1428 3393 quia
1446 3321 1574 3392 jam
1600 3320 1857 3376 solidum
1887 3307 1932 3374 Β

199 3409 407 3465 cibum
437 3409 768 3482 percipiunt
792 3409 1072 3481 (Κώην),
1100 3408 1160 3464 id
1188 3414 1278 3465 est
1303 3411 1424 3481 jam
1458 3410 1696 3483 perfecti
1717 3415 1859 3466 sunt

206 3500 268 3554 in
299 3499 416 3556 ﬁde
445 3499 517 3554 de
545 3497 882 3571 operatione
913 3515 928 3554 :
960 3497 1047 3554 illi
1073 3497 1438 3554 delectantur
1474 3499 1703 3555 mittere
1735 3517 1857 3555 ma-

205 3605 352 3644 num
379 3586 688 3655 suam,hoo
711 3589 802 3644 est
831 3587 1225 3660 Operationem
1256 3606 1376 3643 suae
1407 3587 1857 3660 praedicationis,

205 3676 267 3732 in
302 3675 592 3732 foramine
619 3675 843 3748 aspidis
873 3675 1018 3731 etin
1050 3693 1297 3732 caverna
1326 3677 1534 3749 reguli,
1570 3678 1628 3731 id
1659 3682 1748 3733 est
1798 3677 1857 3732 in

199 3763 480 3821 cordibus
509 3764 889 3837 perfidorum,
924 3765 983 3821 et
1007 3765 1308 3821 extrahere
1339 3765 1473 3820 inde
1504 3771 1856 3838 serpentem,

204 3852 309 3925 qui
342 3857 586 3911 vocatur
615 3853 906 3910 diabolus.

277 3966 304 3992 ιι
338 3942 471 3998 Non
497 3942 954 4015 nocebuntnipsi
986 3947 1320 4015 serpentes«
1347 3943 1406 3999 in
1439 3948 1637 4000 monte
1659 3947 1860 4000 sancto

205 4048 362 4099 meo,
397 4052 426 4081 »
459 4030 518 4085 id
551 4033 639 4087 est
667 4029 727 4086 in
759 4029 1020 4087 Ecclesia
1048 4047 1200 4087 mea.
1232 4031 1353 4087 Vox
1382 4033 1612 4087 Domini
1644 4038 1733 4088 est
1755 4050 1768 4088 :
1792 4034 1862 4089 Et

200 4136 386 4192 quare
414 4134 531 4176 non
563 4120 894 4177 nocebunt?
925 4120 1219 4194 Pmpbeta
1249 4121 1584 4176 manifestat
1617 4139 1630 4176 :
1661 4144 1689 4171 «
1723 4122 1863 4193 quia

200 4208 426 4281 repleta
452 4213 541 4266 est
567 4212 724 4265 terra
750 4208 1023 4265 doctrina
1042 4209 1500 4282 nevangelicaJn
1535 4209 1682 4264 ﬁnes
1703 4208 1861 4266 enim

201 4297 368 4354 orbis
398 4301 590 4367 terra,
621 4313 806 4354 sonus
832 4297 1266 4370 przedicationis
1297 4297 1474 4353 exivit
1503 4299 1859 4372 (Psal.xvm).

205 4387 281 4442 Et
310 4386 605 4457 quomodo
636 4385 858 4458 repleta
885 4385 1014 4441 est?
1049 4408 1070 4436 ι
1102 4385 1269 4442 Sicut
1298 4403 1463 4458 aquas
1515 4385 1696 4442 maris
1727 4403 1863 4459 ope-

204 4473 717 4530 rientesirfundum
748 4473 1064 4546 sui.Aliqui
1095 4475 1329 4531 codices
1361 4474 1580 4531 habent
1610 4475 1866 4548 aperien-

209 4564 450 4620 teszsed
483 4563 632 4621 falso
663 4563 951 4636 scriptum
981 4563 1402 4634 est.Disorepat
1429 4563 1585 4619 enim
1608 4583 1642 4621 a
1663 4581 1862 4620 sensu.

1979 1989 2084 2043 dmi
2120 1995 2290 2046 antea
2319 1992 2567 2064 dispersi
2600 1994 2849 2060 fuerant,
2884 1997 2941 2051 in
2975 1998 3074 2054 illa
3104 2000 3418 2060 festivitate
3447 2002 3630 2077 aliqui

1979 2077 2214 2134 illorum
2247 2081 2538 2136 redissent
2568 2083 2640 2137 ad
2674 2085 2977 2156 proprium
3009 2087 3202 2144 solum
3227 2101 3241 2145 :
3265 2090 3421 2147 sicut
3443 2092 3629 2152 Lucas

1978 2165 2036 2220 in
2068 2169 2309 2225 Actibus
2338 2170 2739 2240 apostolorum
2773 2173 2917 2230 dicit
2949 2191 2963 2230 :
3000 2176 3177 2234 Erant
3197 2182 3395 2235 autem
3417 2179 3476 2236 in
3504 2181 3629 2242 Hie-

1977 2256 2232 2312 rusalem
2265 2257 2599 2315 habitantes
2629 2261 2816 2316 Judazi
2840 2262 2946 2318 viri
2969 2263 3320 2337 religiosi,ex
3349 2270 3509 2325 omni
3531 2288 3629 2332 na-

1977 2343 2134 2401 tione
2159 2363 2287 2417 quae
2318 2348 2429 2402 sub
2459 2347 2602 2403 coelo
2634 2353 2742 2403 est.
2767 2350 2848 2404 Ex
2869 2351 3087 2422 quibus
3115 2354 3491 2412 crediderunt
3510 2375 3630 2420 una

1976 2434 2070 2489 die
2101 2435 2190 2506 (ut
2219 2436 2444 2491 dictum
2485 2442 2576 2494 est
2617 2439 2744 2510 jam
2793 2441 3110 2512 superius),
3143 2444 3495 2514 praedicante
3525 2447 3627 2503 Pe-

1975 2527 2086 2591 tro,
2108 2523 2220 2579 tria
2249 2524 2456 2593 millia,
2490 2525 2676 2582 altera
2704 2527 2798 2582 die
2828 2528 3089 2602 quinque
3118 2531 3308 2588 millia
3335 2533 3624 2606 (Addat),
3733 2567 3739 2572 -

1975 2616 2033 2668 et
2059 2613 2336 2685 deinceps
2369 2613 2556 2670 multa
2587 2615 2792 2670 millia.

2049 2703 2151 2757 «Et
2180 2704 2476 2757 auferetur
2503 2703 2662 2759 zelus
2685 2705 2984 2775 Ephraim,
3011 2711 3069 2762 et
3097 2707 3296 2766 hostes
3325 2710 3481 2769 Juda
3502 2725 3627 2786 per-

1975 2789 2162 2844 ibunt.
2203 2814 2224 2838 ι
2263 2791 2505 2856 Quando
2536 2791 2719 2847 Isaias
2749 2791 2858 2847 hoc
2889 2794 3267 2864 prtedicabat,
3317 2801 3622 2860 contraria

1972 2877 2127 2933 inter
2155 2895 2218 2933 se
2249 2878 2449 2934 decem
2473 2878 2661 2934 tribus
2680 2879 2711 2934 J
2721 2880 2838 2934 uda
2854 2897 2920 2935 ac
2940 2881 3245 2952 Benjamin
3266 2889 3628 2950 erant.Tem-

1973 2967 2214 3039 poribus
2235 2971 2431 3022 autem
2451 2966 2963 3039 apostolorum,illi
2985 2969 3086 3040 qui
3114 2971 3623 3038 credideranttam

1971 3074 2041 3112 ex
2065 3057 2219 3112 Juda
2247 3073 2426 3127 quam
2457 3073 2526 3112 ex
2557 3057 2886 3128 Benjamin,
2920 3075 3036 3114 non
3079 3061 3424 3132 pugnabant
3472 3065 3625 3127 inter

1971 3161 2034 3200 se
2064 3143 2234 3200 sicuti
2263 3144 2447 3217 prius,
2482 3143 2576 3199 his
2605 3145 2703 3216 qui
2735 3146 3037 3217 conjuncti
3076 3154 3243 3206 erant
3287 3150 3348 3206 in
3399 3153 3622 3214 unitate

1971 3233 2106 3290 ﬁdei
2136 3239 2195 3288 et
2224 3233 2572 3290 dilectionis.

2043 3347 2072 3373 ι(
2106 3324 2175 3378 Et
2201 3322 2483 3378 volabunt
2513 3322 2571 3378 in
2602 3322 2882 3381 humeros
2903 3325 3214 3383 Philistiim
3246 3345 3352 3402 per
3379 3347 3561 3391 mare.
3592 3355 3620 3382 »

1963 3412 2074 3481 Qui
2107 3416 2282 3468 erunt
2328 3411 2423 3467 isti
2474 3411 2575 3484 qui
2626 3412 2949 3492 volabunt?
2980 3417 3264 3489 Apostoli,
3297 3419 3370 3477 de
3397 3421 3619 3492 (ιιιὶδῶ

1967 3502 2104 3558 alibi
2136 3502 2423 3574 scriptum
2454 3506 2580 3558 est:
2614 3502 2723 3569 Qui
2772 3507 2913 3560 sunt
2950 3505 3048 3562 isti
3077 3508 3179 3580 qui
3213 3511 3278 3566 ut
3307 3510 3495 3568 nubes
3521 3527 3622 3570 vo-

1967 3590 2128 3648 lant?
2159 3591 2364 3646 Volarc
2397 3596 2596 3648 autem
2627 3592 2924 3663 dicuntur,
2950 3600 3187 3668 propter
3215 3598 3462 3658 celerem
3490 3617 3624 3660 our-

1969 3697 2132 3738 sum:
2149 3680 2290 3753 quia
2305 3680 2556 3753 apostoli
2578 3698 2682 3754 per
2702 3699 2864 3740 mare
2886 3700 3169 3759 magnum
3187 3688 3419 3761 navigio
3441 3693 3628 3748 trans-

1971 3771 2166 3826 ierunt
2194 3770 2266 3825 ad
2295 3769 2522 3826 insulas
2534 3769 2977 3827 Philistinorum
2995 3789 3006 3828 :
3024 3773 3396 3834 sicutbeatus
3409 3778 3625 3839 Paulus

1969 3856 2402 3931 apostolus,qui
2426 3857 2697 3914 Rhodum
2721 3859 2978 3915 insulam
2999 3865 3057 3918 et
3081 3862 3470 3934 Pamphiliam
3493 3883 3622 3921 ver-

1969 3948 2112 4003 bum
2143 3947 2272 4002 vita:
2295 3945 3150 4019 docuit(Act.xxvu).Rropterea
3181 3953 3378 4006 autem
3415 3951 3622 4012 dicun-

1969 4041 2066 4092 tur
2093 4035 2286 4091 volare
2317 4050 2494 4105 super
2521 4033 2800 4090 humeros
2831 4035 3448 4110 Philistinorum,qui~a
3468 4040 3624 4098 sicut

1971 4124 2092 4181 avis
2121 4123 2310 4180 evolat
2337 4139 2519 4194 supra
2547 4137 2778 4178 ramum
2811 4123 3026 4190 subito,
3052 4123 3132 4180 ita
3162 4126 3623 4202 apo'stoli,ins.pi-

1970 4218 2135 4270 rante
2163 4210 2410 4268 Domino
2441 4211 2712 4268 adierunt
2759 4211 2914 4280 illos,
2944 4215 3002 4268 et
3055 4213 3332 4271 similiter
3377 4217 3624 4288 praedati

1971 4307 2112 4360 sunt
2141 4301 2293 4358 ﬁlios
2323 4300 2575 4359 Orientis
2607 4318 2717 4358 sua
2745 4301 3176 4374 praedicatione.
3208 4327 3238 4356 ‹‹
3271 4304 3530 4362 Idumam
3570 4312 3631 4364 et

1973 4392 2143 4450 Moab
2194 4394 2550 4463 praeceptum
2600 4407 2813 4448 manus
2858 4407 3084 4460 eorum,
3132 4412 3160 4447 ι
3195 4393 3482 4452 subaudis
3527 4409 3620 4454 se-

1973 4483 2248 4552 quentur.
2284 4477 2523 4540 Idumaei
2554 4480 2612 4535 et
2641 4495 2895 4550 namque
2939 4484 2996 4537 et
3041 4480 3308 4538 Moabitae
3337 4486 3629 4555 praecepto

1975 4565 2309 4639 evangelico
2339 4581 2402 4622 se
2433 4570 2890 4638 supposuerunt,
2904 4566 3207 4626 credentes
3238 4567 3297 4624 in
3329 4567 3629 4630 Christum

211 4652 384 4745 Sicut
411 4667 548 4745 ergo
577 4667 741 4745 aqua:
771 4651 1100 4745 aperientes
1133 4653 1491 4724 profundum
1523 4653 1703 4710 maris
1737 4671 1750 4711 :
1783 4654 1871 4711 sic
1898 4679 1948 4745 Β
1977 4655 2190 4713 Filium
2212 4654 2366 4710 Dei.¢
2503 4653 2611 4745 ﬁlii
2630 4656 2881 4745 Ammon
2914 4671 2966 4710 ε»
2999 4655 3272 4714 similiter
3292 4679 3318 4712 ι
3351 4657 3628 4720 obedien-

209 4739 415 4796 omnis
441 4743 598 4796 terra
627 4740 873 4796 scientia
900 4739 1006 4796 Dei
1023 4740 1197 4813 plena
1225 4745 1334 4797 est.

289 4829 399 4884 «Et
425 4829 538 4884 erit
565 4829 625 4884 in
657 4828 750 4886 die
779 4829 884 4884 illa
917 4847 930 4884 :
962 4829 1214 4902 Adjiciet
1243 4829 1528 4887 Dominus
1553 4834 1866 4888 secundo.-

212 4918 338 4973 Vox
367 4917 664 4991 propheta:
695 4919 766 4974 de
794 4918 1017 4975 Judaeis
1045 4917 1147 4990 qui
1179 4919 1238 4973 in
1271 4919 1587 4975 Dominum
1618 4923 1873 4978 credide-

211 5006 520 5063 runt.Dies
550 5007 931 5079 accipiendus
963 5011 1054 5063 est
1084 5024 1188 5079 pro
1221 5009 1571 5079 tempore.ln
1594 5027 1711 5082 quo
1734 5017 1874 5067 tem-

213 5112 356 5168 pore
386 5095 498 5151 erit
525 5095 724 5152 istud?
753 5096 992 5168 quando
1014 5118 1042 5147 «
1067 5096 1404 5168 sepulcrum
1435 5098 1668 5153 Domini
1701 5100 1874 5156 fuerit

211 5184 542 5258 gloriosum
576 5201 590 5240 :
622 5185 762 5241 nhoc
791 5189 880 5241 est
909 5189 1042 5258 post
1069 5186 1556 5243 resurrectionem
1588 5189 1876 5246 ascensio-

214 5289 474 5345 nemque
495 5274 642 5345 ejus.
660 5276 849 5341 Quare
882 5273 1024 5330 dicit
1055 5276 1351 5331 secundo?
1381 5277 1518 5348 quia
1565 5278 1691 5348 ipse
1743 5284 1875 5334 ante

213 5362 556 5434 passionem
586 5380 758 5419 suam
789 5362 1050 5435 primum
1084 5364 1440 5436 praedicavit,
1475 5365 1675 5422 dicens
1703 5368 1878 5424 :«Poe-

215 5450 532 5506 nitentiam
579 5451 735 5523 agite
764 5451 967 5520 (Matth.
1001 5455 1099 5522 xv).
1137 5475 1165 5502 »
1211 5454 1346 5508 Post
1393 5455 1876 5512 resurrectionem

213 5555 390 5594 suam
417 5542 476 5595 et
505 5538 1201 5606 ascensionem,secundo
1229 5541 1474 5611 adjecit:
1508 5545 1876 5612 manum,»id

217 5632 311 5684 est
320 5625 796 5699 praedicationem
809 5644 914 5700 per
936 5627 1250 5700 apostolos,
1260 5629 1473 5685 docens
1496 5629 1626 5686 illos
1652 5632 1876 5690 fructus

215 5716 434 5793 dignos
475 5715 832 5793 poenitentia
877 5718 1067 5775 facere
1095 5719 1249 5790 (Luc.
1281 5718 1390 5791 III).
1425 5742 1452 5770 «
1488 5719 1811 5778 Residuum
1844 5745 1873 5775 »

1981 4751 2070 4802 tes
2106 4767 2132 4793 »
2164 4745 2402 4799 luerunt
2432 4743 2709 4799 doctrinae
2741 4743 2997 4802 illorum.

2052 4858 2078 4886 ‹‹
2114 4835 2182 4888 Et
2211 4831 2499 4889 desolabit
2529 4832 2813 4888 Dominus
2844 4831 3111 4906 linguam
3131 4833 3312 4892 maris
3343 4835 3633 4909 Egypti,»

1981 4922 2486 4988 Quemadmodum
2514 4920 2752 4977 Idumaei
2783 4926 2840 4977 et
2868 4922 3156 4993 Moabitae,
3191 4928 3250 4980 et
3283 4926 3635 4984 Ammanitae

1981 5009 2318 5066 obedientes
2362 5010 2714 5070 exstiterunt
2761 5011 3068 5083 przeceptis
3123 5013 3477 5086 evangelicis
3529 5031 3634 5087 per

1983 5099 2451 5172 praedicationem
2485 5097 2884 5170 apostolorum
2919 5118 2932 5156 :
2967 5099 3049 5154 sic
3080 5100 3205 5172 ipse
3235 5101 3521 5158 Dominus
3542 5103 3636 5160 de-

1983 5189 2200 5245 solabit
2251 5205 2354 5259 per
2407 5187 2787 5258 semetipsum
2837 5187 3102 5261 linguam
3153 5189 3335 5246 maris
3375 5190 3630 5264 lEgypti.

1985 5277 2382 5349 Maraz'Egypti
2397 5275 2725 5347 appellatur
2736 5281 2972 5348 propter
2988 5277 3426 5336 multitudinem
3449 5295 3635 5351 popu-

1987 5367 2275 5422 lorum.Et
2305 5365 2798 5436 notandum,quia
2821 5382 2979 5420 mare
3003 5383 3116 5422 non
3149 5366 3324 5423 habet
3343 5366 3632 5438 linguam,

1987 5458 2087 5512 sed
2123 5454 2516 5526 metaphorice
2549 5451 2829 5524 loquitur.
2855 5453 3140 5526 Linguam
3168 5471 3306 5528 ergo
3337 5455 3541 5525 maris,
3574 5455 3635 5514 id

1985 5549 2075 5600 est
2097 5542 2378 5616 populum
2403 5540 2627 5614 ngypti
2641 5539 2922 5596 desolavit
2933 5541 3483 5616 Dominus,quando
3503 5541 3636 5602 illos

1985 5633 2086 5706 qui
2120 5637 2252 5689 ante
2285 5630 2442 5688 soliti
2473 5633 2640 5686 erant
2676 5627 2848 5684 labiis
2886 5627 3012 5685 suis
3052 5628 3291 5689 laudare
3311 5634 3370 5688 et
3390 5630 3637 5690 adorare

1985 5721 2141 5781 idola
2198 5721 2551 5791 manufacta,
2602 5717 2937 5778 immutavit
2990 5735 3095 5792 per
3157 5720 3634 5794 medicationem
