3960 6380
405 436 525 500 783

779 439 1189 501 HAYMONIS
1234 436 1776 501 HALBERSTA'I‘.
1825 434 2073 498 EPISC.
2121 433 2295 498 OPP.
2341 435 2541 499 PARS
2587 436 2635 498 Ι.
2686 469 2763 482 -—
2805 434 3213 498 COMMENT.
3259 434 3458 496 BIBL.

3704 436 3826 496 784

406 572 826 646 apostolorum,
852 576 917 626 ut
947 575 1186 643 possent
1213 576 1270 626 et
1298 572 1515 626 scirent
1548 571 1786 626 laudare
1825 571 2057 625 Creato-
2087 572 2141 638 Α
2170 570 2328 625 enim
2361 571 2775 643 magniﬁcatus
2803 574 2890 625 est
2926 586 2938 624 :
2973 570 3058 624 sic
3090 574 3309 641 pangat
3336 568 3551 623 iterum
3570 584 3705 623 cum
3729 586 3825 624 so-

407 678 529 719 rem
561 677 736 717 suum
769 664 827 716 et
858 660 1250 717 liberatorem.
1287 660 1442 717 Gens
1470 660 1628 715 enim
1660 660 2061 732 Egyptiorum

409 750 542 824 plus
572 747 850 805 omnibus
878 747 1155 821 gentibus
1176 749 1371 804 dedita
1394 750 1507 806 fuit
1530 748 1871 803 idololatriae
1894 753 1952 803 et
1973 766 2062 803 va-

404 839 663 897 nissimas
686 837 1089 910 superstitioni
1106 839 1441 894 daemonum
1468 837 1557 893 :in
1577 841 1807 893 tantum
1833 841 1898 892 ut
1919 838 2065 893 acci-

411 929 712 1002 pitrem,et
737 943 966 995 canem,
997 931 1055 983 et
1074 926 1331 995 asinum,
1352 945 1456 1001 pro
1480 928 1588 983 deo
1612 927 2061 983 eolerent.’l‘unc

401 1034 533 1074 vero
566 1016 816 1072 mutavit
860 1015 1148 1072 Dominus
1190 1015 1453 1089 linguam
1502 1016 1654 1088 ejus,
1690 1017 1925 1088 quando
1957 1018 2062 1071 de-

401 1103 618 1162 struxit
645 1103 964 1160 simulacra
993 1122 1120 1177 qua:
1152 1108 1287 1161 ante
1317 1104 1601 1161 adorabat
1620 1108 1677 1160 et
1697 1103 2064 1173 laudabat,et

402 1194 580 1269 capit
610 1193 877 1251 conﬁteri
906 1192 1166 1250 Creatori
1196 1210 1304 1250 suo
1335 1192 1710 1265 iniquitatem
1732 1210 2065 1261 suam,con-

399 1302 570 1344 versa
590 1285 663 1343 ad
692 1282 1235 1357 pmnitentiamJEt
1254 1281 1470 1339 levabit
1499 1280 1786 1338 Dominus
1817 1298 2060 1337 manum

402 1388 578 1439 suam
606 1387 786 1446 super
813 1371 1208 1440 ﬂumen,»hoc
1232 1373 1321 1427 est
1341 1386 1517 1443 super
1538 1386 1785 1443 regnum
1807 1369 2060 1442 .Egypti,

405 1484 436 1514 ‹‹
466 1461 530 1518 in
560 1458 903 1517 fortitudine
937 1459 1183 1532 spiritus
1212 1458 1328 1526 sui,
1364 1482 1391 1509 ››
1424 1459 1483 1514 id
1514 1462 1604 1515 est
1631 1458 1691 1514 in
1722 1457 2065 1514 fortitudine

404 1550 830 1608 Romanorum.
863 1572 892 1599 ‹‹
926 1550 996 1605 Et
1025 1549 1319 1621 percutiet
1350 1565 1484 1605 eum
1533 1548 1592 1604 in
1643 1553 1868 1621 septem
1899 1546 2061 1620 rivis,

403 1640 489 1697 ita
514 1643 583 1698 ut
609 1642 915 1696 transeant
941 1654 1047 1710 per
1076 1654 1212 1694 eum
1245 1635 1507 1694 caleeati.
1543 1659 1572 1687 »
1605 1637 1849 1705 Quando
1881 1635 2062 1693 Isaias

403 1728 515 1786 hoc
544 1726 921 1802 praedicabat,
944 1726 1206 1783 nondum
1229 1731 1353 1783 erat
1381 1725 1549 1782 Nilus
1572 1742 1826 1799 magnus
1848 1725 2062 1782 ﬂuvius

404 1813 993 1874 divisus.Alexander
1020 1831 1155 1871 vero
1187 1814 1426 1871 Macedo
1453 1814 1650 1870 divisit
1670 1814 1836 1869 illum
1860 1818 2064 1887 postea

404 1906 465 1964 in
497 1907 722 1979 septem
751 1904 928 1960 rivos.
957 1904 1260 1978 Regnante
1292 1907 1488 1961 autem
1519 1903 1744 1960 Czesare
1772 1905 2058 1977 Augusto,

404 1995 642 2069 quando
672 1995 781 2051 ﬂos
812 1994 883 2050 de
914 1992 1107 2050 radice
1136 1993 1301 2050 Jesse
1330 1995 1566 2050 exortus
1598 1996 1709 2061 est,
1740 1997 1799 2049 et
1830 1992 1889 2047 in
1922 1992 2066 2048 urbe

407 2086 672 2142 Romana
696 2083 891 2157 prima
917 2081 1069 2138 facta
1102 2087 1193 2139 est
1221 2081 1538 2156 descriptio
1569 2082 1791 2155 (Luam)
1824 2099 1838 2137 :
1868 2086 2067 2154 poten-

404 2174 706 2233 tissimum
738 2189 988 2246 regnum
1016 2171 1420 2245 zEgyptiorum
1459 2172 1615 2245 quod
1649 2171 1853 2228 multis
1894 2170 2067 2227 annis

402 2261 663 2321 solidum
694 2264 1013 2327 manserat,
1047 2260 1107 2315 in
1139 2265 1326 2317 morte
1354 2260 1668 2334 CleOpatra:
1699 2262 2065 2317 destructum

406 2356 498 2408 est
526 2367 542 2408 :
574 2354 635 2407 et
663 2349 850 2407 divisa
878 2354 969 2406 est
996 2349 1191 2406 omnis
1222 2350 1506 2422 [Egyptus
1536 2350 1598 2405 in
1631 2355 1856 2421 septem
1888 2348 2062 2419 rivos,

403 2440 517 2497 hoc
543 2444 637 2497 est
665 2438 726 2495 in
755 2442 982 2512 septem
1007 2439 1327 2512 principes,
1357 2455 1485 2511 qua:
1535 2442 1707 2495 antea
1737 2439 1847 2495 sub
1888 2439 2065 2495 unius

403 2528 667 2586 hominis
697 2527 981 2601 regimine
1023 2528 1350 2583 constabat.
1401 2527 1570 2583 Nilus
1620 2528 1796 2583 etiam
1852 2528 2066 2584 ﬂuvius

408 2633 700 2691 aquarum
731 2615 1185 2687 multarum,qui
1218 2621 1534 2689 antequam
1554 2617 1626 2672 ab
1642 2616 1968 2672 Alexandro
1987 2615 2068 2672 di-

408 2704 708 2763 videretur
736 2703 1242 2761 intransmeabilis
1271 2710 1415 2773 erat,
1450 2706 1593 2761 dum
1627 2706 1870 2761 Romani
1907 2705 2066 2778 ipsos

409 2793 568 2850 rivos
589 2793 1140 2867 ampliﬁcassent,in
1158 2797 1388 2850 tantum
1412 2794 1737 2851 cxsiccatus
1757 2799 1847 2850 est
1868 2795 2069 2850 decur-

410 2898 547 2939 rens
577 2898 683 2956 per
712 2882 1080 2939 humillimas
1112 2882 1383 2952 valles,ut
1401 2884 1573 2940 siccis
1602 2883 1852 2956 pedibus
1876 2888 2065 2941 trans-

411 2973 619 3029 iretur.
653 2971 787 3028 Ideo
819 2976 1016 3028 autem
1046 2971 1262 3028 dicitur
1291 2972 1545 3029 maxime
1575 2972 1636 3028 in
1668 2977 1891 3046 septem
1926 2973 2066 3030 rivis

409 3076 541 3119 esse
570 3077 919 3135 percussum
934 3062 1081 3118 illud
1099 3064 1512 3136 regnum,quia
1528 3068 1754 3137 septem
1771 3064 2065 3138 principes

410 3166 517 3225 pro
548 3167 666 3207 uno
696 3148 943 3219 habens,
966 3150 1156 3225 gloria
1184 3154 1453 3225 potentias
1483 3153 1612 3224 ejus
1642 3153 1933 3210 minorata
1952 3159 2061 3210 est.

409 3239 559 3297 Nam
580 3237 764 3296 alium
793 3256 988 3313 regem
1018 3239 1275 3296 habebat
1297 3240 1686 3313 Libya,alium
1709 3242 2062 3316 Pentapolis,

2168 659 2361 715 lutum
2395 659 2904 732 fueritimperium
2938 658 3259 724 illorum,et
3284 657 3565 714 Dominus
3585 657 3831 729 coeperit

2173 767 2413 821 regnare
2436 767 2614 821 super
2634 748 2767 805 illos
2792 765 2804 803 :
2832 748 3090 821 psallens
3122 765 3255 803 cum
3280 747 3481 803 laetitia
3500 751 3558 803 et
3578 747 3833 805 exsulta-

2172 837 2347 906 tione,
2383 838 2585 893 dicens
2619 856 2631 894 :
2673 860 2700 891 «ι
2738 837 3033 893 Confiteor
3076 835 3202 905 tibi,
3238 836 3502 905 Domine,
3538 860 3565 887 ››
3599 838 3707 893 hoc
3738 839 3834 893 est

2169 926 2509 998 gloriﬁcabo
2540 932 2688 982 te'et
2720 927 3129 1000 magniﬁcabo,
3169 947 3194 978 α
3218 927 3498 997 quoniam
3529 927 3676 982 iram
3712 946 3835 985 me-

2172 1014 2282 1084 rui,
2317 1016 2418 1070 sed
2452 1016 2613 1070 furor
2642 1019 2782 1071 tuus
2812 1016 2871 1070 in
2908 1015 3371 1070 misericordiam
3406 1032 3606 1069 versus
3638 1022 3748 1084 est,
3774 1021 3834 1072 et

2171 1102 2510 1160 consolatus
2538 1122 2601 1161 es
2633 1122 2746 1174 me,
2778 1124 2806 1157 ιι
2845 1105 2903 1159 id
2936 1108 3025 1160 est
3055 1103 3368 1176 suscepisti
3412 1121 3505 1159 me
3554 1109 3612 1159 et
3662 1107 3832 1162 rede-

2172 1192 2333 1249 misti
2365 1193 2438 1249 de
2469 1210 2649 1250 manu
2683 1193 2889 1250 mortis
2920 1197 2977 1250 et
3007 1191 3381 1250 calamitatis.

2246 1283 2447 1338 «Ecce
2487 1283 2644 1339 Deus
2694 1282 2951 1339 salvator
2994 1297 3183 1339 meus.
3234 1304 3262 1331 ››
3306 1282 3478 1339 Jesus
3525 1284 3830 1352 Hebraice,

2173 1372 2377 1428 Latine
2405 1372 2665 1430 Salvator
2686 1373 3124 1445 interpretatur.
3176 1372 3248 1429 Et
3293 1387 3474 1443 quare
3522 1372 3833 1431 Salvator?

2171 1461 2495 1535 quiaclpse
2525 1461 2751 1518 salvum
2787 1462 2956 1517 faciet
2986 1460 3269 1534 populum
3300 1478 3476 1518 suum
3507 1479 3539 1518 a
3570 1464 3833 1536 peccatis

2169 1565 2373 1606 eorum
2407 1550 2630 1623 (Matth.
2666 1554 2724 1621 l).
2758 1570 2786 1604 ιι
2824 1552 2969 1606 Ecce
3016 1550 3171 1607 Deus
3220 1566 3412 1619 meus,
3440 1551 3614 1609 Jesus
3656 1569 3834 1609 meus

2161 1638 2291 1710 jam
2310 1638 2488 1708 venit,
2513 1640 2641 1711 jam
2674 1656 2769 1696 me
2799 1656 2906 1696 suo
2939 1638 3225 1711 sanguine
3257 1638 3510 1713 pretioso
3555 1641 3831 1709 redemit,

2161 1728 2290 1800 jam
2322 1727 2588 1801 gladium
2619 1728 2954 1785 versatilem
2984 1728 3087 1800 qui
3136 1735 3262 1786 erat
3310 1733 3446 1785 ante
3484 1730 3833 1802 paradisum

2170 1816 2325 1886 (Gen.
2354 1820 2442 1888 Ill)
2462 1817 2672 1874 extulit
2704 1834 2718 1874 :
2754 1817 3132 1890 confringens
3183 1816 3380 1890 portas
3429 1835 3607 1875 cereas
3654 1820 3834 1877 bara-

2173 1905 2291 1962 thri
2310 1923 2322 1962 :
2335 1906 2462 1977 jam
2494 1907 2723 1979 aperuit
2753 1906 2897 1962 mihi
2921 1906 3171 1977 januam
3202 1904 3456 1963 ccelestis
3486 1908 3839 1980 regni,ideo-

2175 2011 2290 2067 que
2320 1994 2671 2051 ﬁducialiter
2699 2010 2870 2068 agam
2906 2017 2932 2043 υ
2965 1994 3025 2049 in
3056 1993 3354 2051 mandatis
3386 1995 3535 2067 ejus,
3560 2018 3588 2047 «
3621 2002 3680 2053 et
3711 2014 3835 2054 non

2177 2084 2420 2154 timebo,
2447 2103 2474 2136 ι»
2513 2084 2795 2157 quoniam
2827 2101 2942 2139 non
2974 2086 3114 2140 sunt
3146 2082 3422 2141 timenda.
3458 2084 3582 2141 Non
3612 2102 3835 2158 ponam

2176 2172 2432 2246 amplius
2461 2173 2521 2229 in
2554 2172 2728 2229 idolis
2759 2190 2924 2245 spem
2958 2188 3171 2240 meam,
3198 2173 3302 2229 sed
3344 2172 3405 2229 in
3432 2172 3677 2231 Domino
3710 2176 3836 2233 Deo

2175 2261 2436 2334 meo,qui
2464 2266 2555 2318 est
2585 2284 2605 2312 ι
2640 2261 2921 2318 fortitudo
2948 2280 2976 2314 ιο
3011 2264 3070 2317 et
3096 2261 3379 2333 protectio
3415 2287 3436 2313 ι
3470 2280 3601 2319 mea
3629 2289 3654 2318 ι
3690 2282 3838 2322 con-

2173 2354 2266 2407 tra
2294 2351 2494 2407 omnia
2522 2351 2785 2419 adversa,
2826 2372 2848 2402 ι
2884 2355 2943 2406 et
2972 2372 2999 2401 ››
3032 2350 3134 2422 qui
3171 2372 3194 2400 ι
3229 2350 3420 2408 factus
3449 2357 3539 2408 est
3588 2353 3736 2410 mihi
3770 2354 3834 2411 in

2176 2438 2427 2496 salutem
2462 2463 2484 2492 ι
2521 2439 2730 2512 refugii
2761 2444 2817 2495 et
2839 2439 2898 2495 in
2927 2439 3299 2495 liberatorem
3329 2439 3573 2497 inimici.

2251 2551 2274 2579 α
2310 2529 2603 2585 Haurietis
2630 2545 2817 2601 aquas
2848 2528 2909 2584 in
2938 2528 3154 2601 gaudio
3176 2528 3247 2584 de
3279 2528 3541 2587 fontibus
3568 2531 3834 2589 Salvato-

2177 2617 2278 2673 ris.
2316 2640 2345 2667 ››
2373 2617 2705 2690 Alloquitur
2736 2617 3021 2690 propheta
3059 2617 3361 2675 credentes
3393 2635 3462 2675 ex
3500 2620 3742 2690 Judaais,
3777 2626 3839 2678 et

2176 2706 2440 2778 prmdicit
2483 2705 2569 2760 eis
2616 2704 2940 2761 salutifera.
2973 2706 3158 2772 Quem
3201 2704 3477 2777 superius
3519 2706 3840 2779 appellavit

2173 2794 2545 2860 Emmanuel,
2577 2798 2635 2850 et
2679 2793 2878 2866 Spolia
2906 2793 3174 2850 detrahet
3207 2810 3218 2848 :
3252 2810 3324 2851 ne
3354 2793 3646 2852 videretur
3684 2796 3840 2853 alter

2143 2922 2151 2929 ι
2174 2900 2304 2940 esse
2320 2900 2498 2956 quam
2520 2882 2753 2939 Gabriel
2775 2880 3166 2953 archangelus
3189 2882 3484 2940 nuntiavit
3503 2884 3729 2959 Virgini
3753 2886 3840 2941 di-

2175 2989 2314 3028 cens
2347 2990 2360 3028 :
2395 2995 2423 3021 ‹‹
2470 2972 2539 3027 Et
2566 2969 2802 3026 vocabis
2833 2984 3047 3024 nomen
3081 2968 3210 3038 ejus
3239 2968 3445 3023 Jesum
3494 2973 3647 3038 (Luc.
3681 2978 3723 3044 ι)
3757 2993 3773 3032 :
3811 2997 3833 3025 ρ

2174 3076 2332 3116 nunc
2361 3059 2721 3116 Salvatorem
2753 3060 2935 3123 vocat,
2968 3060 3028 3111 et
3075 3056 3147 3111 de
3195 3056 3324 3127 ejus
3376 3057 3555 3128 fonte,
3591 3061 3705 3119 hoc
3748 3068 3839 3120 est

2170 3149 2435 3206 doctrina
2455 3144 3090 3217 evangelica,pra:dicat
3109 3162 3293 3218 aquas
3316 3145 3837 3209 hauriendas.Non

2172 3238 2245 3293 de
2277 3236 2447 3309 aquis
2477 3234 2742 3291 fluminis
2773 3234 3001 3307 IEgypti
3032 3251 3160 3307 quis
3199 3251 3489 3307 percussa:
3535 3244 3698 3308 sunt,
3731 3242 3837 3298 sed

407 3327 592 3386 alium
624 3310 993 3397 Alexandria,
1026 3333 1203 3399 atque
1235 3310 1424 3385 alium
1448 3329 1723 3387 Thebais.
1758 3310 2066 3404 Propterea
2093 3310 2137 3380 C
2175 3325 2247 3381 de
2278 3326 2436 3381 fonte
2464 3323 2753 3380 Jesu.Hoc
2775 3322 2933 3379 enim
2967 3322 3606 3391 nomine,Hebraeorum
3630 3326 3839 3402 lingua

403 3432 541 3475 vero
571 3416 686 3473 sub
716 3415 1064 3487 metaphora
1082 3415 1251 3473 Nilus
1275 3416 1488 3474 fluvius
1507 3417 1735 3476 divisus
1749 3423 1840 3477 est
1858 3421 1918 3477 in
1941 3438 2070 3493 par-

404 3508 517 3573 tes,
547 3508 608 3560 et
633 3520 822 3559 casus
850 3504 910 3559 in
941 3502 1093 3560 rivos
1126 3521 1139 3560 :
1173 3508 1241 3560 ut
1272 3504 1520 3577 apostoli
1546 3505 1808 3577 calceati,
1841 3509 1950 3565 hoc
1979 3513 2069 3567 est

408 3592 538 3651 sine
567 3591 1012 3665 impedimento,
1045 3593 1288 3648 verbum
1321 3593 1614 3666 Evangelii
1660 3597 2065 3668 prmdicantes,

409 3682 653 3755 possent
677 3679 1006 3737 discurrere
1049 3680 1251 3749 libere,
1304 3687 1362 3737 et
1410 3682 1481 3737 ad
1532 3682 1773 3740 ultimos
1821 3686 2068 3758 populos

407 3769 638 3844 Egypti
667 3769 987 3842 pervenire.

483 3881 513 3912 α
544 3860 617 3916 Et
644 3858 756 3915 erit
783 3858 877 3915 via
909 3883 937 3909 »
977 3876 1081 3932 per
1129 3861 1442 3934 Egyptum
1491 3848 1541 3911 ‹‹’
1574 3862 1808 3918 residuo
1853 3864 2068 3937 populo

411 3964 542 4005 meo
572 3947 676 4021 qui
702 3947 1071 4021 relinquetur
1095 3949 1168 4005 ab
1199 3950 1638 4022 Assyriis,sicut
1658 3951 1767 4007 fuit
1788 3952 1985 4009 Israeli
2008 3954 2066 4010 in

411 4036 506 4094 die
536 4053 655 4110 qua
684 4036 949 4094 ascendit
976 4038 1047 4093 de
1079 4042 1234 4094 terra
1264 4038 1512 4112 Egypti.
1550 4062 1578 4089 ››
1608 4042 1756 4097 Ante
1794 4042 2069 4098 nativita-

409 4129 531 4183 tem
560 4126 817 4194 Domini,
847 4144 963 4184 non
997 4133 1123 4184 erat
1152 4127 1377 4184 licitum
1411 4129 1694 4202 populum
1717 4130 1973 4203 aliquem
1997 4132 2068 4188 de

410 4219 583 4288 gente
600 4214 660 4271 in
678 4220 913 4289 gentem
946 4216 1220 4285 transire;
1228 4221 1361 4289 post
1372 4217 1706 4293 passionem
1726 4237 1861 4277 vero
1883 4219 2065 4289 illius,

409 4302 647 4362 libitum
677 4303 887 4362 habuit
910 4304 1010 4377 qui
1029 4304 1212 4362 voluit
1233 4305 1304 4361 de
1317 4306 1553 4379 regione
1568 4307 1625 4362 in
1646 4308 1943 4381 regionem
1960 4309 2064 4368 ire.

410 4391 563 4453 Dicit
586 4408 725 4452 vero
751 4392 1038 4451 Dominus
1070 4395 1142 4451 de
1172 4394 1481 4467 apostolis,
1534 4400 1591 4453 et
1638 4397 1935 4469 primitiva
1961 4400 2066 4456 Ec-

409 4481 610 4553 clesia,
638 4485 697 4541 et
726 4481 799 4539 de
827 4481 1050 4540 Judaeis
1081 4483 1181 4557 qui
1212 4482 1273 4540 in
1307 4500 1442 4541 eum
1472 4486 2067 4561 crediderunt,aqui-

409 4569 522 4627 bus
551 4570 1007 4629 disseminatum
1039 4576 1129 4629 est
1151 4572 1531 4645 Evangelium
1562 4591 1667 4646 per
1687 4580 1940 4647 quatuor
1958 4577 2067 4633 cli-

408 4660 590 4749 mata,
604 4659 818 4749 mundi
851 4660 1064 4749 rQuod
1114 4660 1270 4749 sicut
1317 4661 1493 4718 Israel
1544 4662 1707 4719 nullo
1759 4663 2067 4723 resistente
2093 4682 2144 4749 Ι)

408 4747 647 4804 transiit
675 4764 837 4804 mare
868 4748 1249 4819 Rubrum,sie
1278 4749 1362 4805 illi
1394 4767 1510 4807 non
1543 4751 1734 4808 solum
1767 4770 1871 4825 per
1892 4756 2064 4827 )Egy-

408 4838 599 4907 ptum,
629 4853 835 4893 verum
865 4836 1042 4893 etiam
1074 4854 1177 4909 per
1206 4838 1354 4894 ﬁnes
1385 4843 1673 4896 teraarum
1705 4843 1973 4911 (Psal.xvn
2002 4844 2062 4917 ι),

408 4921 535 4980 sine
563 4922 762 4996 aliquo
793 4923 1096 4983 obstaculo
1128 4926 1436 4983 transituri
1470 4933 1687 4985 essent.

1042 5066 1278 5124 CAPUT
1309 5068 1428 5125 XII.

477 5216 507 5246 ι(
539 5193 612 5250 Et
641 5193 802 5250 dices
853 5194 913 5248 in
963 5194 1058 5251 die
1102 5192 1223 5251 illa.
1261 5218 1289 5244 »
1325 5195 1607 5266 Loquitur
1658 5199 1943 5270 prepheta
1987 5201 2060 5256 ad

402 5285 620 5338 emtum
634 5281 1092 5348 credentium,ut
1112 5283 1460 5339 conﬁteatur
1473 5285 1720 5341 Domino
1744 5287 1801 5341 in
1826 5287 1923 5343 illa
1945 5288 2058 5355 die,

401 5366 512 5426 hoc
533 5368 698 5429 estin
714 5370 811 5425 illo
829 5374 1252 5443 tempore,cum
1284 5372 1555 5445 dispersa
1588 5375 1760 5430 fuerit
1777 5377 2060 5449 [Egyptus

398 5452 459 5511 in
490 5461 721 5529 septem
752 5458 1069 5533 principes,
1102 5464 1160 5513 et
1190 5465 1418 5516 mutata
1447 5461 1650 5535 lingua
1678 5465 1807 5535 ejus
1837 5467 1908 5520 ad
1934 5466 2058 5522 lau-

399 5543 671 5602 dandum
703 5544 984 5603 Deum.Et
1003 5547 1157 5603 sicut
1185 5549 1440 5606 cantavit
1467 5551 1764 5609 canticum
1788 5554 2056 5622 Domino,

393 5628 640 5714 quando
699 5644 971 5701 egressus
1040 5639 1129 5689 est
1192 5655 1259 5693 ex
1317 5639 1615 5710 ergastulo
1658 5642 2056 5714 ngyptiorum

388 5711 653 5774 transito
674 5718 842 5787 mari,
868 5720 1070 5781 dicens
1104 5738 1117 5778 :
1151 5723 1473 5790 Cantemus
1503 5711 1783 5804 Domino,
1805 5711 2059 5803 gloriose

2177 3414 2442 3472 Salvator
2488 3412 2856 3485 exprimitur.
2892 3413 3020 3469 Ista:
3078 3416 3220 3469 sunt
3276 3429 3441 3485 aquae
3499 3430 3650 3487 quas
3708 3417 3837 3490 ipse

2175 3502 2551 3559 credentibus
2582 3502 2643 3558 in
2671 3500 2985 3575 Evangelia
3033 3501 3327 3574 promittit
3375 3503 3534 3573 dare,
3580 3504 3783 3563 dicens
3819 3524 3833 3563 :

2179 3615 2209 3644 «
2241 3591 2300 3649 Si
2331 3590 2466 3664 quis
2496 3591 2641 3661 sitit,
2674 3590 2870 3647 veniat
2899 3590 2973 3646 ad
3006 3606 3101 3646 me
3130 3594 3190 3646 et
3218 3589 3382 3647 bibat
3413 3606 3427 3646 :
3459 3596 3517 3649 et
3539 3593 3610 3649 de
3629 3599 3832 3651 ventre

2177 3680 2307 3753 ejus
2336 3679 2521 3736 fluent
2548 3697 2714 3752 aquae
2742 3679 3015 3736 vivae.»Et
3045 3679 3170 3751 ipse
3194 3678 3564 3753 Evangelista
3595 3688 3835 3757 exponit

2177 3770 2335 3826 unde
2363 3767 2575 3825 dixerit
2607 3785 2620 3825 :
2654 3768 2772 3825 Hoc
2803 3767 3478 3839 autem,inquiens,dixit
3506 3770 3578 3827 de
3606 3770 3832 3843 Spiritu

2177 3875 2355 3932 quem
2403 3856 2699 3929 accepturi
2731 3860 2900 3913 erant
2928 3856 3231 3913 credentes
3261 3857 3435 3930 (Joan.
3470 3862 3589 3929 vn).
3621 3860 3833 3917 Fontes

2176 3949 2317 4004 Jesu
2348 3950 2490 4003 sunt
2519 3946 2786 4002 doctrina
2816 3945 3149 4018 evangelica
3178 3950 3236 4001 et
3264 3947 3542 4019 mysteria
3571 3952 3691 4004 tam
3720 3948 3833 4005 Ve-

2178 4036 2319 4093 teris
2349 4034 2709 4093 Testamenti
2731 4051 2910 4107 quam
2944 4035 3107 4104 Novi,
3135 4051 3261 4107 quae
3289 4036 3338 4091 si
3370 4036 3516 4093 bene
3536 4036 3831 4095 intellexe-

2176 4126 2364 4182 rimus
2393 4129 2451 4181 et
2479 4141 2661 4198 epere'
2681 4123 3197 4198 adimpleverimus
3230 4141 3243 4179 :
3268 4141 3471 4197 aquas,
3489 4125 3597 4182 hoc
3617 4130 3708 4183 est
3728 4127 3830 4183 do-

2177 4232 2255 4272 na
2282 4214 2470 4272 sancti
2502 4213 2778 4288 Spiritus,
2813 4230 2881 4269 ex
2909 4213 2994 4269 eis
3020 4213 3383 4271 hauriemus.

2248 4327 2276 4355 α
2311 4305 2383 4361 Et
2412 4302 2620 4360 dicetis
2649 4301 2711 4357 in
2743 4301 2843 4358 illa
2868 4301 2981 4371 die,
3016 4324 3039 4353 ι
3076 4301 3185 4359 hoc
3217 4306 3308 4360 est
3336 4303 3395 4358 in
3417 4302 3518 4359 illo
3549 4307 3829 4378 tempore,

2176 4410 2312 4450 cum
2343 4409 2412 4451 ex
2441 4391 2703 4450 fontibus
2735 4390 3052 4448 Salvatoris
3072 4391 3297 4449 donum
3317 4397 3377 4449 et
3396 4393 3645 4466 gratiam
3666 4410 3832 4451 sanc-

2175 4482 2222 4539 ti
2250 4481 2508 4555 Spiritus
2539 4480 2881 4552 acceperitis
2914 4496 2929 4537 :

2252 4591 2276 4620 ι
2301 4568 2674 4627 Conﬁtemini
2698 4568 3221 4639 Dominn,»omnes
3242 4570 3544 4627 credentes
3566 4571 3625 4627 in
3649 4587 3786 4628 eum
3810 4589 3824 4628 :

2175 4684 2204 4713 ‹‹
2237 4664 2295 4717 et
2326 4658 2590 4715 invocate
2620 4674 2835 4713 nomen
2864 4657 3015 4729 ejus,
3051 4680 3079 4709 ››
3111 4663 3177 4715 ut
3220 4660 3360 4731 quia
3395 4659 3537 4716 Jesu
3566 4664 3825 4728 vocatur,

2174 4748 2359 4805 salvet
2385 4751 2442 4804 et
2471 4749 2738 4819 protegat
2758 4763 2862 4803 vos
2896 4764 2949 4803 τι
2982 4751 3150 4805 notas
3178 4748 3349 4803 facite
3379 4747 3438 4803 in
3471 4748 3704 4820 populis
3725 4749 3825 4805 ad-

2174 4837 2540 4894 inventiones
2569 4836 2698 4908 ejus
2733 4853 2746 4891 :
2780 4835 2928 4892 shoc
2957 4836 3400 4907 est,doctrinam
3430 4837 3822 4910 evangelicum

2171 4932 2230 4984 et
2258 4929 2545 5001 prmeepta
2574 4942 2703 4997 qua:
2735 4925 2965 4994 docuit;
3006 4931 3065 4982 et
3109 4950 3137 4977 ‹‹
3194 4931 3487 4983 memento
3544 4928 3820 4999 quoniam

2173 5016 2337 5074 solus
2366 5014 2629 5072 excelsus
2659 5018 2751 5072 est
2780 5040 2803 5070 ι
2840 5015 2935 5071 cui
2968 5016 3325 5072 cantandum
3357 5015 3453 5071 sit.

2245 5130 2273 5158 ‹‹
2308 5104 2617 5177 Magniﬁce
2642 5104 2779 5160 fecit
2808 5103 3115 5173 Dominus,
3138 5129 3160 5158 ι
3196 5105 3478 5178 quoniam
3510 5122 3618 5162 sua
3639 5110 3820 5162 morte

2173 5192 2388 5266 simpla
2409 5191 2650 5265 duplam
2674 5197 2937 5250 nostram
2962 5193 3589 5266 destruxit,resurgens
3610 5211 3644 5250 a
3666 5211 3817 5251 mor-

2172 5283 2292 5339 tuis
2321 5287 2378 5339 et
2408 5282 2732 5339 ascendens
2779 5283 2849 5338 ad
2903 5299 3149 5356 superos
3183 5300 3196 5339 :
3232 5286 3290 5339 et
3321 5284 3554 5355 quando
3583 5299 3813 5339 carnem

2169 5377 2379 5430 nostra:
2410 5370 2764 5445 fragilitatis,
2790 5389 2968 5445 quam
3001 5372 3328 5445 assumpsit
3356 5372 3415 5428 in
3448 5377 3612 5427 utero
3638 5370 3813 5445 virgi-

2169 5464 2283 5532 nis,
2316 5462 2635 5518 transvexit
2666 5462 2737 5517 ad
2770 5460 2947 5517 cozlos
2969 5462 3173 5532 (Matth.
3205 5462 3426 5535 xxvm).

2240 5576 2267 5603 ‹‹
2302 5550 2657 5607 Annuntiate
2689 5550 2797 5605 hoc
2828 5551 2886 5604 in
2920 5550 3193 5609 universa
3221 5556 3376 5608 terra
3407 5568 3419 5608 :
3459 5574 3485 5599 ι»
3508 5550 3660 5623 quod
3694 5551 3808 5622 ipse

2168 5642 2269 5715 qui
2300 5658 2409 5696 nos
2439 5639 2809 5710 creavit,ipse
2842 5656 2949 5696 nos
2970 5641 3260 5713 reparavit
3282 5658 3295 5695 :
3317 5643 3375 5696 et
3405 5639 3624 5696 devicto
3655 5655 3806 5695 mor-

2166 5731 2243 5791 tis
2276 5733 2532 5797 auctore,
2557 5727 2782 5785 aditum
2816 5730 2979 5803 regni
3011 5729 3265 5789 caelestis
3294 5728 3665 5788 credentibus
3687 5744 3807 5802 ape-
