3960 6370
165 456 311 520 789

1296 459 1703 523 COMMENT.
1751 460 1830 522 ΙΝ
1870 459 2166 523 ΙεΑιΑΜ.
2199 463 2344 525 LIB.
2390 465 2469 529 ll.

3480 470 3613 533 7-90

166 591 377 648 Arabs
408 611 437 640 »
464 588 523 646 id
553 592 645 647 est
677 590 1028 657 Saraecnus,
1060 613 1089 642 ι(
1122 607 1229 646 nec
1275 595 1541 664 pastores
1587 593 1726 649 fessi
1757 593 1840 649 la-
1868 590 1926 661 Α
1955 598 2074 650 a-et
2117 596 2411 653 adducent
2456 614 2578 670 eos,
2614 623 2641 650 ››
2691 599 2748 655 id
2808 604 2900 657 est
2955 602 3211 659 advenas
3247 620 3271 655 ι
3293 602 3377 660 ad
3405 601 3604 661 locum

169 680 326 739 bore
357 687 490 753 post
511 678 758 752 vestigia
785 696 1032 752 gregum
1066 680 1433 753 requiescent
1464 682 1565 737 ibi.
1601 705 1628 731 ››

261 793 287 820 ι
303 770 418 828 Sed
430 768 892 841 requiescentibi
911 768 1109 825 bestias
1128 788 1141 837 ;
1159 770 1614 843 etreplebuntur
1630 772 1844 829 domus

170 875 449 927 eorum,»
482 858 540 914 id
565 862 656 914 est
686 857 1161 931 Babyloniorum,
1197 882 1225 909 ‹‹
1260 860 1645 915 draconibus:
1670 864 1727 915 et
1746 860 1844 916 ha-

170 947 465 1005 bitabunt
496 946 577 1003 ibi
608 946 994 1013 struthiones,
1028 951 1086 1004 et
1115 946 1283 1019 pilosi
1316 948 1619 1004 saltabunt
1649 949 1749 1005 ibi.
1773 951 1844 1006 Et

170 1035 720 1109 respondebuntibi
733 1035 1058 1093 ululis-sibi
1073 1036 1319 1092 invicem
1336 1036 1429 1092 «in
1444 1037 1667 1093 aedibus
1687 1038 1840 1109 ejus,

168 1130 243 1182 et
254 1124 494 1183 Sirenes
515 1124 575 1181 in
590 1123 859 1181 delubris
872 1124 1211 1197 voluptatis.
1224 1127 1495 1199 nPropter
1515 1126 1843 1182 multitudi-

170 1231 324 1273 nem
335 1212 683 1282 bestiarum,
705 1214 1158 1285 etserpentium,
1180 1230 1247 1271 ac
1261 1215 1593 1271 daemonum
1616 1233 1731 1271 non
1744 1234 1842 1271 au-

169 1304 615 1375 detquisquam
629 1306 955 1375 pastorum,
980 1302 1037 1358 id
1051 1306 1140 1359 est
1153 1303 1366 1360 deserti
1399 1304 1710 1376 appetitor,
1736 1304 1840 1359 ibi-

171 1394 318 1449 dem
342 1392 630 1448 habitare.
646 1389 912 1447 Strutbio
943 1391 1068 1447 avis
1094 1395 1184 1448 est
1206 1393 1366 1447 mira:
1388 1392 1835 1465 magnitudinis,

170 1480 566 1541 solitudinem
578 1496 865 1553 quaerens:
882 1496 1011 1553 quae
1022 1479 1177 1537 hanc
1188 1481 1367 1537 habet
1381 1486 1648 1538 naturam
1662 1483 1842 1551 (sicut

171 1569 413 1647 physici
443 1569 671 1638 dicunt)
702 1574 772 1625 ut
797 1586 905 1626 ova
933 1586 1042 1627 sua
1070 1568 1452 1626 obliviscatur
1478 1570 1539 1625 in
1571 1572 1832 1627 deserto:

172 1678 288 1736 per
306 1677 484 1735 quam
506 1658 708 1716 omnia
725 1673 943 1733 genera
963 1657 1158 1716 avium
1192 1658 1574 1716 solitudinem
1599 1659 1838 1733 diligen-

170 1751 357 1819 tium,
386 1752 446 1807 et
474 1746 697 1807 ibidem
729 1746 1147 1820 habitantium,
1171 1747 1459 1805 debemus
1486 1747 1833 1822 intelligere.

174 1837 362 1896 Pilosi
399 1835 670 1895 homines
701 1840 842 1893 sunt
871 1836 1203 1909 sylvestres,
1242 1835 1483 1909 hispidi,
1513 1836 1601 1893 vel
1633 1836 1831 1907 simili,

173 1926 283 2002 qui
314 1928 372 1984 et
400 1923 837 1991 incubones,vel
868 1923 1047 1996 satyri
1079 1940 1113 1979 a
1142 1922 1501 1995 quibusdam
1530 1926 1831 1990 vocantur,

172 2012 268 2073 vel
300 2029 523 2090 genera,
546 2012 901 2069 daemonum.
936 2010 1120 2069 Ulula:
1169 2015 1310 2068 sunt
1338 2012 1623 2075 bubones,
1655 2015 1833 2067 tantm

172 2101 610 2179 magnitudinis
636 2105 702 2158 ut
729 2100 906 2170 corvi,
939 2101 1041 2158 sed
1069 2100 1246 2157 variis
1294 2100 1543 2157 maculis
1591 2101 1833 2173 repersi,

172 2194 281 2269 qui
313 2188 507 2250 solent
545 2194 803 2247 rostrum
842 2190 1093 2264 deﬁgere
1123 2190 1183 2246 in
1216 2189 1490 2263 paludem
1523 2194 1583 2247 et
1610 2189 1835 2246 fortiter

172 2280 699 2342 resonare.Sirenie
730 2281 1013 2335 dracones
1044 2283 1203 2347 sunt,
1235 2278 1457 2336 cristati
1489 2283 1547 2335 et
1574 2278 1734 2346 alati,
1766 2282 1834 2335 ut

173 2369 392 2431 fabulis
420 2373 726 2445 poetarum
757 2368 997 2437 dicunt;
1031 2369 1222 2442 pisces
1254 2372 1395 2423 sunt
1423 2368 1830 2437 marini,simi-

171 2460 491 2519 litudinem
522 2457 841 2515 mulierum
871 2455 1177 2513 habentes.
1220 2460 1475 2513 Possunt
1522 2460 1580 2513 et
1625 2456 1830 2512 sirena:

173 2554 453 2627 portenta
499 2548 834 2606 daemonum
892 2544 1162 2620 intelligi.
1210 2547 1383 2603 Edes
1431 2550 1571 2602 sunt
1617 2548 1832 2604 domus

174 2654 428 2714 magnis.
450 2636 706 2694 Delubra
734 2641 931 2693 autem
959 2640 1124 2692 erant
1154 2635 1375 2708 templa
1406 2635 1670 2703 deorum,
1704 2653 1832 2708 quae

174 2729 529 2787 dicebantur
548 2742 584 2782 a
604 2723 1046 2792 deludendo,vcl
1069 2725 1224 2799 quod
1246 2725 1325 2779 ibi
1351 2729 1655 2797 sperarent
1675 2742 1737 2781 se
1751 2726 1833 2779 di-

172 2819 357 2886 luere,
378 2816 440 2873 id
470 2819 560 2872 est
588 2814 877 2871 mundare
905 2830 938 2870 a
967 2814 1222 2888 peccatis
1252 2830 1354 2887 per
1385 2812 1828 2869 multitudinem

172 2905 602 2966 sacriﬁciorum
618 2922 632 2973 ;
647 2903 963 2982 quiajuxta
973 2904 1177 2960 eadem
1190 2902 1411 2975 templa
1431 2905 1597 2958 erant
1616 2902 1830 2971 fontes,

172 2996 233 3052 in
259 2995 481 3071 quibus
511 2991 890 3049 diluebantur
916 2990 1140 3048 hostiae.
1158 2993 1221 3047 In
1235 2990 1496 3047 delubris
1515 2989 1830 3064 voluptatis

172 3080 337 3153 dicit,
352 3082 494 3157 quia
514 3085 649 3138 ante
671 3097 802 3137 aras
823 3081 1067 3137 deorum
1090 3096 1332 3136 suorum
1355 3079 1828 3147 luxuriabantur,

172 3179 233 3233 et
252 3188 491 3231 omnem
516 3171 709 3228 carnis
740 3170 1099 3243 voluptatem
1122 3169 1449 3242 explebant,
1481 3169 1582 3225 sed
1613 3168 1714 3224 ubi
1746 3166 1829 3223 illi

173 3264 324 3321 iram
347 3258 767 3335 omnipotentis
788 3258 888 3316 Dei
919 3261 1121 3315 contra
1149 3275 1211 3314 se
1242 3257 1495 3314 maxime
1516 3256 1832 3313 concitave-

1953 702 2127 741 suum
2152 708 2179 736 »
2214 686 2272 741 in
2306 688 2689 745 Hierusalem.
2710 690 2893 746 Datur
2912 689 3159 764 intelligi
3180 690 3401 749 multos
3419 692 3607 767 genti-

1950 773 2096 830 lium
2117 776 2353 832 Judmos
2373 778 2443 832 de
2464 778 2800 850 captivitate
2827 782 3179 835 revertentes
3202 783 3437 839 secutos
3450 797 3606 854 esse,

1951 868 2010 920 et
2032 864 2089 918 in
2112 881 2313 920 eorum
2346 865 2524 922 ritum
2556 867 2862 924 transisse.
2887 892 2913 918 ‹‹
2939 868 3008 924 Et
3036 868 3364 941 possidebit
3382 886 3483 928 eos
3507 872 3606 928 do-

1950 968 2086 1008 mus
2107 953 2281 1009 Israel
2309 977 2331 1006 ι
2367 972 2554 1028 usque
2587 978 2608 1007 ι
2636 955 2950 1028 subjicient
2976 961 3273 1014 exactores
3302 975 3505 1016 suos.»
3541 958 3605 1017 Si

1949 1041 2185 1114 prepria
2212 1042 2508 1100 voluntate
2537 1044 3002 1111 venerunt,sicut
3032 1063 3213 1119 supra
3240 1046 3469 1104 dictum
3487 1051 3602 1117 est,

1950 1132 2243 1209 quomodo
2266 1134 2655 1204 possederunt
2676 1133 2807 1190 illos
2828 1134 2888 1189 in
2909 1152 3106 1191 servos
3127 1134 3601 1194 etancillas?Du-

1949 1219 2181 1292 pliciter
2210 1224 2401 1293 potest
2427 1221 2571 1277 solvi
2596 1238 2611 1277 :
2636 1221 2723 1277 vel
2750 1222 2890 1295 quia
2910 1222 3019 1296 ipsi
3043 1223 3279 1298 propria
3297 1223 3599 1284 voluntate

1950 1312 2390 1379 supposuerunt
2418 1326 2480 1363 se
2530 1308 2736 1364 ditioni
2784 1313 2842 1365 et
2886 1309 3146 1366 dominio
3203 1309 3479 1381 illorum;
3508 1312 3597 1370 vel

1946 1399 2125 1451 tanta:
2156 1395 2460 1468 dignitatis
2490 1398 2728 1453 fuerunt
2748 1403 3060 1473 postquam
3077 1399 3149 1455 de
3164 1398 3499 1472 captivitate
3516 1418 3600 1458 re-

1946 1483 2362 1552 dierunt,utdc
2391 1486 2638 1542 diversis
2667 1487 2941 1559 gentibus
2972 1486 3190 1544 multos
3218 1504 3415 1545 servos
3428 1492 3489 1544 et
3505 1506 3601 1558 an-

1947 1573 2114 1629 cillas
2133 1578 2413 1629 emerent.
2434 1577 2557 1641 Quo
2578 1592 2713 1630 vero
2735 1574 3028 1648 sequitur:
3048 1598 3075 1625 «
3089 1575 3160 1632 Et
3177 1578 3352 1632 erunt
3364 1576 3597 1650 capien-

1947 1666 2035 1718 tes
2057 1679 2156 1718 eos
2178 1662 2279 1734 qui
2309 1680 2372 1718 se
2401 1667 2758 1736 ceperant,et
2787 1664 3104 1738 subjicient
3128 1687 3153 1714 ››
3183 1664 3297 1722 sibi
3322 1686 3351 1715 ‹‹
3371 1668 3598 1723 exacto-

1945 1767 2040 1807 res
2071 1768 2210 1807 suos
2246 1774 2268 1802 ι
2303 1752 2422 1808 sive
2454 1751 2817 1822 tributarios,
2851 1752 2923 1810 ad
2975 1757 3210 1827 tempus
3256 1754 3495 1811 Assueri
3540 1757 3600 1812 et

1944 1838 2275 1896 Holofernis
2303 1844 2395 1896 est
2422 1840 2813 1896 referendum.

2020 1949 2049 1978 ‹‹
2068 1928 2140 1983 Et
2155 1927 2266 1984 erit
2287 1927 2344 1984 in
2365 1928 2459 1984 die
2480 1927 2616 1985 illa:
2643 1942 2778 1985 cum
2802 1928 3063 2002 requiem
3102 1929 3210 1986 tibi
3240 1930 3465 1988 dederit
3491 1931 3597 1988 Do-

1944 2016 2143 2074 minus
2172 2033 2208 2074 a
2235 2016 2432 2074 labore
2462 2020 2561 2073 tuo
2592 2022 2649 2075 et
2679 2035 2715 2075 a
2742 2017 3124 2076 concussione
3151 2020 3279 2086 tua,
3299 2040 3321 2069 ι
3355 2018 3416 2077 id
3446 2023 3538 2077 est
3559 2038 3595 2079 a

1940 2104 2219 2164 violentia
2237 2121 2355 2179 qua
2382 2106 2595 2163 ductus
2616 2106 2788 2164 estin
2826 2106 3243 2181 captivitatem,
3281 2125 3305 2158 ι
3337 2110 3450 2169 eta
3477 2125 3594 2167 ser-

1939 2195 2122 2252 vitute
2144 2196 2293 2252 dura
2314 2211 2433 2268 qua
2452 2200 2587 2253 ante
2608 2195 2893 2266 servisti,-
2915 2196 3200 2254 subaudis
3217 2195 3591 2267 Chaldaeisﬁd

1941 2289 2032 2341 est
2051 2302 2187 2341 cum
2208 2284 2403 2341 soluta
2418 2285 2593 2341 fuerit
2608 2300 2679 2341 ex
2700 2289 2820 2343 toto
2836 2284 3141 2359 captivitas
3166 2305 3189 2335 ι
3212 2302 3416 2344 sumes
3430 2304 3593 2360 para-

1942 2374 2138 2430 bolam
2154 2398 2177 2427 ι
2196 2375 2316 2430 sive
2339 2374 2765 2447 proverbium,«
2783 2379 2987 2432 contra
3005 2392 3198 2449 regem
3222 2374 3592 2451 Babylonis,»

1941 2463 2613 2537 admirando,quomodo
2645 2463 2931 2520 Dominus
2959 2463 3257 2538 victorque
3281 2467 3597 2536 terrarum,

1940 2556 1998 2607 et
2017 2552 2260 2608 tributis
2289 2556 2533 2608 cunctas
2553 2552 2918 2626 depopulans
2935 2553 3227 2610 contritus
3247 2552 3493 2624 sit,etad
3515 2553 3597 2611 nio

1940 2639 2129 2697 hilum
2162 2641 2533 2697 redactus.Et
2561 2641 3034 2715 sciendum,quia
3060 2640 3176 2699 ista
3195 2658 3598 2717 quaagsequun-

1939 2732 2187 2796 tur,tam
2217 2730 2290 2785 ad
2312 2729 2853 2785 Nabuchodonosor
2880 2745 3061 2802 quam
3092 2731 3167 2787 ad
3197 2730 3598 2798 diabolum,ex

1940 2833 2189 2891 persona
2219 2816 2536 2873 electorum
2569 2817 2629 2872 in
2659 2817 2754 2873 die
2775 2817 2990 2889 judicii
3020 2817 3376 2876 referuntur.
3403 2820 3593 2885 «Quo-

1940 2904 2113 2959 modo
2134 2903 2384 2959 cessavit
2401 2907 2633 2960 exactor
2649 2927 2667 2951 ο
2685 2903 2774 2960 vel
2794 2903 3263 2973 tributorum,vel
3280 2918 3593 2979 pinnarum

1939 2990 2495 3059 Nabuchodonosor,
2526 2991 2615 3048 vel
2646 2992 2915 3049 diabolus
2946 2992 3211 3065 «quievit
3237 2984 3585 3055 tributum‘h

1941 3080 2228 3137 subaudis
2248 3080 2404 3151 quod
2426 3084 2561 3135 ante
2584 3079 2938 3136 solvebatur.
2968 3081 3211 3139 Exactor
3229 3085 3320 3139 est
3346 3081 3451 3157 qui
3469 3083 3588 3140 exi-

1939 3168 2025 3243 git
2044 3167 2330 3241 a'populis
2352 3168 2740 3225 tributum.Et
2767 3167 3038 3226 diabolus
3065 3173 3297 3227 exactor
3324 3172 3592 3244 est,quia

1939 3256 2094 3331 cogit
2123 3274 2230 3313 nos
2261 3256 2373 3313 sibi
2406 3257 2644 3326 servire,
2674 3262 2731 3313 et
2759 3256 2937 3331 exigit
2973 3258 3317 3317 servitutem
3344 3261 3589 3334 peccati.

174 3356 352 3408 runt:
387 3349 467 3406 ibi
499 3327 761 3405 minatur
790 3349 963 3404 modo
996 3346 1281 3420 propheta
1309 3347 1574 3403 habitare
1605 3345 1832 3402 diversa
1860 3327 1905 3397 0
1942 3327 2090 3415 Quia
2108 3349 2383 3419 ergo'non
2408 3346 2669 3418 potentia
2688 3327 2966 3417 hominis,
2988 3348 3089 3404 sed
3112 3327 3593 3422 Domini-quieve-

173 3456 394 3515 genera
422 3441 790 3511 serpentum,
820 3440 878 3492 et
902 3440 1171 3509 portenta
1198 3436 1643 3493 daemoniorum.

798 3632 1031 3690 CAPUT
1067 3631 1210 3688 XIV.

254 3820 276 3850 ι
295 3798 481 3869 Prope
493 3798 587 3852 est
606 3797 672 3852 ut
689 3793 891 3850 veniat
907 3796 1146 3865 tempus
1164 3793 1316 3863 ejus,
1333 3797 1389 3848 et
1409 3793 1685 3865 dies'ejus
1716 3812 1831 3850 non

170 3886 633 3961 elongabuntur.
644 3905 673 3935 »γ
684 3883 869 3940 Omne
882 3880 1469 3954 tempus,quamlibet
1479 3881 1719 3953 longum
1733 3883 1832 3953 sit,

173 3974 487 4035 mternitati
505 3973 606 4030 Dei
620 3975 1026 4043 comparatum
1036 3969 1449 4027 brevissimum
1460 3971 1835 4028 est.Minatur

170 4079 316 4139 ergo
346 4062 633 4137 propheta
678 4059 1139 4118 destructionem
1196 4058 1529 4131 Babylonis,
1558 4063 1617 4114 et
1641 4058 1784 4114 dicit
1816 4077 1828 4115 :

176 4155 367 4225 Prope
385 4149 757 4209 estutveniat
773 4146 899 4205 dies
919 4146 1237 4204 eversionis
1257 4146 1569 4219 Babylonis
1590 4150 1648 4202 et
1657 4148 1836 4220 capti-

171 4240 403 4307 vitatis,
431 4243 491 4296 et
517 4238 644 4296 dies
672 4237 1076 4294 tribulationis
1122 4237 1251 4307 ejus
1298 4252 1413 4291 non
1440 4234 1829 4309 elongabitur.

170 4353 217 4389 «Ἴ
242 4328 619 4387 Miserebitur
645 4326 804 4385 enim
831 4324 1116 4383 Dominus
1145 4324 1419 4391 Jacob,et
1445 4323 1622 4397 eliget
1640 4324 1833 4381 adhuc

172 4420 253 4476 de
284 4417 485 4485 Israel,
516 4419 577 4473 et
605 4415 971 4488 requiescere
1001 4430 1100 4470 eos
1145 4413 1317 4470 faciet
1359 4429 1536 4485 super
1582 4413 1831 4470 humum

174 4515 379 4565 suam.
402 4527 432 4557 ω
461 4504 581 4563 Hoc
604 4504 680 4562 ad
714 4508 950 4575 tempus
979 4501 1108 4575 Cyri
1138 4502 1408 4575 pertinet,
1442 4502 1615 4575 cujus
1642 4502 1832 4576 primo

170 4613 338 4654 anno
367 4594 562 4651 soluta
587 4597 678 4651 est
705 4591 1276 4665 captivitas,quando
1306 4592 1585 4649 misertus
1615 4595 1704 4648 est
1732 4608 1834 4648 eo-

1940 3434 2018 3492 rit
2040 3435 2326 3491 tributum
2350 3435 2653 3492 interfecto
2684 3441 2971 3504 exactore,
2985 3436 3325 3494 manifestat
3342 3426 3592 3513 sequen¥

1940 3524 2101 3580 tibus
2128 3523 2731 3598 verbis'propheta,cx
2760 3541 3011 3599 persona
3040 3523 3241 3599 populi
3264 3524 3592 3596 lsraelitici,

1938 3613 2027 3670 vel
2058 3613 2377 3671 electorum
2409 3614 2680 3687 loquens.

2017 3723 2046 3756 α
2076 3702 2361 3759 Contrivit
2390 3704 2681 3760 Dominus
2710 3703 2989 3761 baculum
3020 3704 3597 3782 impiorum,virgam

1941 3791 2722 3861 dominantium,cacdcntem
2754 3790 3003 3864 populos
3030 3791 3205 3865 plaga
3223 3792 3594 3860 insanabili,»

1941 3879 1998 3934 id
2014 3883 2105 3935 est
2122 3884 2309 3935 morte
2329 3878 2689 3934 irrevocabili
2714 3903 2736 3928 ι
2754 3882 3202 3950 persequentem
3223 3878 3590 3945 crudeliter,»

1940 3968 2227 4024 subaudis
2255 3983 2459 4022 omnes
2489 3965 2759 4038 populos.
2790 3965 3328 4023 Nabuchodonosor
3344 3964 3432 4021 vel
3463 3965 3590 4024 dia-

1940 4055 2141 4111 bolum
2165 4054 2422 4127 appellat
2451 4053 2727 4110 baculum
2758 4052 3105 4124 impiorum;
3133 4053 3293 4127 quia,
3314 4052 3470 4111 sicut
3489 4071 3594 4127 per

1939 4144 2109 4200 illum
2138 4142 2586 4216 ﬂagellabantur
2614 4140 2781 4213 impii
2809 4158 2843 4197 a
2873 4142 3011 4209 Deo,
3044 4140 3129 4197 ita
3155 4157 3259 4215 per
3288 4140 3590 4203 diabolum

1940 4231 2312 4305 ﬂagellantur
2336 4230 2426 4287 illi
2453 4230 2553 4303 qui
2582 4230 2643 4287 in
2671 4229 2859 4303 poenis
2886 4228 3097 4285 inferni
3130 4232 3290 4286 sunt.
3313 4229 3417 4287 Vel
3446 4231 3590 4309 dum

1940 4321 2096 4395 cogit
2124 4337 2223 4377 eos
2254 4320 2313 4376 in
2346 4320 2455 4377 hoc
2484 4319 2696 4376 saeculo
2729 4334 2989 4393 peccare,
3020 4318 3278 4394 ﬂagellat
3304 4308 3592 4381 illoesuis

1941 4408 2440 4484 suggestionibus,
2474 4412 2533 4465 et
2560 4405 3047 4465 delectationibus
3076 4407 3292 4482 pravis.

2017 4522 2040 4550 ι
2065 4497 2409 4571 Conquievit
2428 4496 2621 4565 omnis
2644 4501 2816 4565 terra,
2839 4518 2866 4545 ω
2899 4496 3185 4554 subaudis
3206 4513 3241 4554 a
3258 4496 3457 4555 labore
3489 4519 3511 4549 ι
3537 4501 3596 4556 et

1940 4588 2160 4645 siluita
2180 4589 2342 4656 fletu,
2361 4610 2390 4637 ››
2422 4586 2647 4643 scilicet
2673 4604 2708 4642 a
2736 4584 3115 4642 clamoribus.
3148 4585 3465 4658 Postquam
3496 4584 3593 4645 ille

176 4701 317 4743 rum
345 4682 655 4748 Dominus.
672 4681 974 4738 educendo
1002 4680 1073 4737 de
1103 4680 1454 4752 captivitate,
1486 4686 1545 4737 et
1573 4680 1749 4754 elegit
1767 4698 1835 4737 ex
1862 4696 1913 4763 Β
1943 4676 2232 4733 contritus
2253 4680 2397 4743 est,«
2412 4675 2613 4748 gavisa
2631 4677 2770 4763 est»
2795 4675 2867 4730 de
2888 4676 3075 4731 morte
3094 4674 3245 4746 ejus,
3271 4693 3303 4727 ιι
3319 4678 3377 4730 et
3396 4673 3593 4763 exsul-

177 4772 360 4832 Israel
383 4771 515 4827 illos
533 4771 634 4843 qui
659 4769 960 4827 redierunt
973 4785 1109 4826 cum
1131 4768 1837 4841 Zorobabel,aliisquedu~

174 4862 371 4920 cibus.
401 4859 722 4933 Allegorice
768 4862 988 4924 autem,
1019 4873 1338 4929 possumus
1382 4858 1491 4914 hoc
1519 4859 1733 4914 referre
1759 4858 1832 4914 ad

175 4955 419 5023 tempus
438 4946 861 5005 incarnationis
884 4946 1013 5003 Filii
1035 4945 1320 5019 Dei,quod
1340 4947 1402 5002 in
1427 4947 1691 5019 proximo
1712 4950 1837 5003 erat

178 5038 421 5113 quando
450 5038 576 5110 ipse
605 5038 885 5094 misertus
917 5041 1009 5093 est
1037 5036 1241 5102 Jacob,
1265 5035 1327 5091 id
1354 5040 1445 5092 est
1474 5036 1711 5093 illorum
1733 5036 1835 5108 qui

178 5127 659 5200 supplantatores
678 5125 954 5182 vitiorum
976 5123 1594 5193 fuerunt,dimittendo
1604 5125 1690 5181 eis
1704 5142 1836 5197 pec-

179 5220 351 5273 cata:
384 5219 444 5271 et
471 5215 708 5288 quando
739 5214 917 5287 elegit
942 5231 1014 5272 ex
1043 5213 1221 5270 Israel
1251 5213 1547 5286 apostolos
1574 5213 1838 5286 aliosque

181 5305 538 5361 credentes:
571 5320 721 5377 quos
768 5303 1134 5376 requiescere
1181 5302 1322 5358 facit
1362 5319 1541 5375 super
1588 5302 1837 5358 humum

182 5409 379 5462 suam,
398 5392 510 5450 hoc
540 5397 632 5451 est
650 5391 994 5478 in.Ecclesia
1015 5409 1142 5448 sua.
1175 5411 1199 5440 α
1220 5391 1591 5463 Adjungetur
1620 5391 1843 5448 advena

182 5482 259 5539 ad
279 5498 381 5539 eos
410 5502 441 5533 η
471 5481 780 5549 subaudis,
813 5480 914 5554 qui
963 5481 1036 5538 de
1083 5479 1417 5553 captivitate
1462 5483 1838 5535 revertentur.

182 5592 217 5623 (ι
248 5571 321 5627 Et
348 5570 672 5627 adhaerebit
700 5570 905 5627 domui
933 5570 1135 5627 Jacob.
1172 5591 1201 5620 ››

258 5683 288 5713 ‹‹
320 5661 394 5717 Et
425 5659 711 5716 tenebunt
731 5676 833 5717 eos
862 5658 1084 5731 populi,
1111 5680 1134 5708 ι»
1167 5656 1452 5716 subaudis
1480 5673 1596 5713 non
1625 5657 1687 5712 in
1721 5673 1841 5714 ser-

184 5749 349 5819 vitio,
373 5748 477 5805 sed
506 5746 568 5804 in
600 5747 810 5805 atl‘ectu
860 5746 1192 5805 dilectionis
1230 5750 1289 5804 et
1317 5744 1557 5804 maximi
1604 5743 1843 5803 honoris

1945 4766 2130 4823 tavit»
2154 4764 2642 4837 postmodum.Ad
2656 4762 2885 4818 ruinam
2910 4763 3148 4835 quidem
3168 4763 3299 4835 ejus
3317 4762 3598 4820 consiluit

1943 4854 2137 4911 omnis
2164 4858 2342 4920 terra,
2369 4857 2427 4909 et
2452 4870 2652 4910 vocem
2683 4851 2894 4908 laetitiae
2924 4851 3304 4925 deprompsit.

2014 4966 2042 4994 «
2058 4943 2291 4998 Abietes
2311 4959 2544 5014 quoque
2562 4941 2766 4997 laetata
2787 4944 2928 4997 sunt
2955 4956 3133 5014 super
3152 4943 3232 5009 te,
3252 4944 3312 4998 et
3331 4939 3489 4998 cedri
3509 4939 3597 4997 Li-

1945 5018 2104 5089 bani.
2141 5054 2169 5081 »
2204 5031 2311 5086 Per
2334 5030 2554 5086 abietes
2583 5034 2645 5085 et
2669 5029 2876 5085 cedros
2922 5029 3153 5099 Libani,
3184 5027 3599 5101 intelliguntur

1945 5121 2241 5194 principes
2270 5119 2632 5175 diversarum
2664 5117 3061 5191 gentium,qui
3079 5134 3114 5172 ε.
3140 5117 3600 5174 Nabuchodono-

1947 5228 2045 5267 sor
2064 5208 2266 5265 afﬂicti
2288 5212 2455 5265 sunt:
2480 5207 2589 5276 vel,
2608 5206 2763 5279 quod
2788 5206 3002 5263 melius
3017 5209 3124 5276 est,
3140 5205 3245 5261 filii
3262 5205 3598 5279 principum

1948 5316 2202 5372 quorum
2232 5301 2428 5371 patres
2459 5295 2633 5352 occisi
2665 5300 2807 5351 sunt
2834 5313 2869 5351 a
2898 5294 3601 5367 Nabuchodonosor,quia

1948 5389 2021 5445 de
2050 5391 2235 5444 morte
2266 5387 2397 5458 ejus
2422 5384 2591 5441 valde
2622 5384 2797 5440 laatati
2832 5388 2972 5440 sunt
3000 5384 3295 5441 dicentes:
3330 5406 3359 5435 ‹‹
3372 5381 3454 5439 Ex
3482 5399 3600 5456 quo

1949 5477 2278 5544 dormisti,»
2313 5475 2369 5530 id
2400 5478 2490 5531 est
2518 5491 2588 5530 ex
2618 5490 2733 5544 quo
2765 5477 3033 5529 mortuus
3062 5488 3315 5542 cannon
3337 5470 3602 5529 ascendit

1950 5567 2053 5639 qui
2086 5564 2369 5633 succidat,
2408 5586 2436 5613 ››
2467 5563 2525 5619 id
2574 5567 2665 5617 est
2715 5562 2816 5634 qui
2849 5559 3163 5617 interﬁciat
3193 5578 3321 5631 nos,
3352 5560 3509 5617 sicut
3534 5564 3601 5618 tu

1950 5653 2217 5713 occidisti
2248 5655 2447 5725 patres
2475 5654 2727 5708 nostros.

2025 5767 2052 5793 «
2086 5743 2354 5800 lnfernus
2405 5740 2607 5799 subter
2653 5739 3038 5800 conturbatus
3082 5743 3172 5797 est
3198 5738 3260 5796 in
3290 5755 3603 5797 occursum
