3960 6378
151 479 285 540 793

1273 480 1681 542 COMMENT.
1728 480 1808 541 ΙΝ
1853 480 2153 546 ISAIAM.
2212 483 2362 547 LIB.
2407 483 2485 546 ll.

3466 491 3585 552 794

155 616 311 668 tunc
336 610 788 669 resuscitahitur
816 615 982 685 pater
1012 612 1344 679 tuus.Quod
1361 629 1493 667 vero
1507 611 1820 679 subinfert,
1937 636 1965 664 ‹‹
1999 614 2069 669 Et
2099 616 2393 671 auferetur
2413 616 2651 689 jugum,
2691 642 2717 666 »ν
2748 617 2867 674 sive
2898 620 3158 691 potentia
3185 622 3582 696 Assyriorum,

153 717 316 774 quas
348 702 526 774 stirps
558 699 1064 773 inutilis:proprie
1096 700 1823 773 stirpsintelligitur,quod

151 788 217 845 in
253 789 556 846 radicibus
585 790 863 845 arborum
898 790 1181 846 nascitur.
1212 789 1461 861 Ideoque
1491 791 1709 845 dicitur
1732 791 1822 846 in-

152 877 357 945 utilis,
392 877 532 951 quia
559 877 836 934 virtutem
871 880 1062 934 aufert
1091 878 1280 933 arbori
1312 896 1485 950 poma
1518 880 1741 933 ferenti.

233 988 264 1016 «
297 968 384 1023 Tu
419 966 575 1023 enim
609 970 827 1022 terram
850 967 1349 1040 disperdidisti,tu
1376 967 1657 1039 populum
1681 967 1824 1022 occi-

150 1053 371 1112 disti.»
405 1055 523 1110 Hoc
549 1060 640 1111 est
670 1055 801 1111 illos
830 1073 978 1127 quos
1000 1056 1103 1110 tibi
1136 1056 1291 1111 Deus
1322 1054 1378 1110 in
1398 1055 1822 1127 correptionem

152 1145 427 1211 dederat,
444 1149 505 1199 tu
540 1144 844 1217 perdidisti
880 1144 1283 1200 interficiendo
1315 1144 1657 1199 eos.Aliter:
1690 1163 1822 1217 pro-

157 1236 300 1306 pter
328 1233 669 1306 superbiam
693 1237 856 1288 tuam
888 1234 1253 1289 destructum
1287 1237 1373 1287 est
1393 1250 1637 1303 regnum
1660 1233 1828 1288 Chal-

154 1321 450 1388 deorum,
476 1322 633 1394 quod
666 1321 856 1376 adhuc
889 1323 1206 1376 mansisset
1233 1321 1281 1376 si
1333 1320 1638 1377 humiliter
1680 1322 1827 1393 egis-

157 1427 283 1466 ses.
313 1409 417 1465 Vel
451 1410 532 1466 ita
564 1428 577 1465 :
609 1411 755 1466 Tam
784 1410 1040 1466 crudelis
1072 1411 1256 1481 fuisti,
1278 1415 1342 1465 ut
1374 1428 1485 1465 non
1521 1410 1710 1465 solum
1737 1429 1827 1466 ex-

156 1503 388 1567 ternos,
424 1499 523 1554 sed
558 1498 735 1554 etiam
764 1497 868 1554 tibi
903 1499 1202 1569 subjectos
1253 1499 1519 1572 populos,
1553 1504 1609 1554 et
1658 1499 1823 1554 simi-

155 1585 254 1642 les
279 1585 484 1659 inique
516 1586 806 1658 amigeres
833 1589 892 1641 et
923 1585 1302 1659 opprimeres.

238 1699 269 1725 ‹‹
302 1676 430 1732 Non
450 1676 756 1731 vocabitur
774 1675 832 1730 in
854 1680 1135 1731 zeternum
1153 1692 1349 1731 semen
1371 1675 1823 1747 pessimorum,»

158 1765 225 1820 id
260 1768 373 1833 est,
409 1780 611 1821 semen
660 1763 1200 1819 Nabuchodonosor
1247 1763 1621 1835 filiorumque
1667 1764 1819 1833 ejus.

157 1851 269 1909 Hic
293 1869 503 1909 omnes
533 1852 887 1908 concordare
915 1852 1190 1907 videntur
1226 1850 1503 1918 historim,
1537 1853 1693 1923 quod
1728 1868 1824 1907 oc-

161 1942 293 1997 ciso
326 1940 655 2009 Balthasar,
689 1939 889 1996 nullus
921 1944 1121 2013 postea
1153 1941 1223 1995 de
1254 1938 1476 1996 semine
1509 1940 1825 1995 Nabucho-

159 2031 428 2086 donosor
454 2029 751 2101 regnavit;
787 2030 886 2085 sed
921 2032 1158 2101 propter
1187 2028 1523 2101 superbiam
1560 2028 1824 2100 impieta-

157 2122 408 2191 temque
443 2117 627 2191 patris
657 2117 852 2172 omnis
882 2116 1112 2173 soboles
1143 2116 1335 2172 deleta
1365 2121 1473 2172 est.

243 2229 273 2257 α
288 2208 613 2279 Prmparate
632 2206 784 2262 filios
814 2207 943 2278 ejus
973 2204 1252 2261 oceisioni
1271 2205 1578 2277 iniquitate
1596 2209 1829 2277 patrum

168 2311 449 2366 eorum,»
478 2294 536 2350 id
566 2298 677 2366 est,
712 2299 950 2366 propter
981 2293 1355 2365 iniquitatem
1391 2298 1679 2365 patrum.«
1705 2294 1830 2349 Non

169 2386 555 2457 consurgent,
592 2404 620 2432 »
651 2384 936 2439 subaudis
971 2381 1071 2437 filii
1104 2382 1233 2453 ejus
1263 2383 1322 2437 in
1355 2399 1638 2455 regnum:
1672 2407 1699 2431 ‹‹
1727 2400 1832 2437 nec

170 2473 612 2529 haereditabunt
640 2475 878 2539 terram,
917 2495 942 2519 ››
976 2472 1033 2526 id
1064 2475 1153 2526 est
1197 2487 1444 2541 regnum
1494 2476 1829 2543 paternum.

248 2586 277 2611 ‹‹
310 2562 384 2617 Et
412 2577 763 2633 consurgam
798 2578 975 2632 super
1002 2578 1124 2627 eos,
1171 2582 1197 2608 ι)
1229 2559 1285 2614 id
1330 2564 1419 2615 est
1450 2578 1628 2632 super
1657 2561 1829 2631 filios,

174 2650 740 2717 Nabuchodonosor,
773 2665 876 2721 per
899 2649 1134 2704 Darium
1166 2653 1224 2704 et
1253 2648 1489 2720 Cyrum.

249 2740 321 2794 Et
346 2739 586 2811 perdam
618 2738 931 2811 Babylonis
971 2754 1208 2805 nomen,
1242 2760 1268 2786 ››
1302 2739 1589 2793 subaudis
1620 2744 1685 2794 ut
1716 2756 1829 2793 non

174 2826 441 2899 amplius
468 2830 707 2882 vocetur
734 2826 973 2881 domina
998 2840 1313 2897 regnorum
1339 2826 1417 2893 ;'«
1450 2830 1507 2881 et
1554 2826 1833 2898 reliquias

171 2921 233 2974 et
263 2932 528 2990 germen,
564 2937 593 2964 »
625 2914 744 2970 sive
790 2914 941 2970 ﬁlios
971 2915 1100 2985 ejus
1132 2937 1159 2961 ‹‹
1195 2918 1253 2970 et
1297 2915 1636 2987 progeniem
1674 2937 1700 2964 η
1732 2933 1830 2970 su-

174 3005 417 3072 baudis,
453 3005 718 3077 perdam,
754 3025 781 3053 «
812 3002 895 3059 ait
923 3003 1230 3059 Dominus.
1268 3025 1295 3051 ››

252 3118 281 3145 u
314 3095 386 3149 Et
414 3110 631 3167 ponam
662 3109 790 3148 eam
816 3092 875 3147 in
898 3091 1331 3165 possessionem
1358 3091 1539 3159 ericii,
1573 3096 1630 3147 et
1656 3092 1715 3147 in
1736 3110 1831 3165 pa-

173 3183 348 3240 ludes
379 3197 688 3254 aquarum.
713 3203 741 3231 n
778 3181 885 3236 Per
913 3180 1160 3236 ericium
1190 3196 1396 3236 omnes
1424 3180 1625 3236 bestia:
1656 3184 1713 3236 et
1741 3198 1834 3236 vo-

175 3272 374 3329 lucres
404 3274 465 3326 et
492 3274 795 3343 serpentes
825 3270 923 3341 qui
974 3268 1192 3324 ibidem
1243 3272 1401 3336 sunt,
1440 3268 1827 3341 accipiuntur.

1934 726 1961 751 ‹‹
1998 703 2069 757 ab
2100 703 2203 771 eis,
2240 726 2265 751 η
2296 703 2350 759 id
2379 710 2467 759 est
2494 706 2977 779 Hierosolymitis,
3012 708 3152 780 quia
3179 710 3586 782 obsideantur,

1934 814 1959 839 «
1997 796 2055 845 et
2084 810 2234 847 onus
2268 793 2444 859 illius,
2484 794 2597 852 uid
2648 800 2737 849 est
2780 797 3011 868 pondus
3060 797 3417 867 afﬂictionis,
3450 823 3476 849 ‹‹
3511 802 3586 858 ab

1933 878 2180 935 humero
2210 898 2409 936 eorum
2446 882 2699 937 tolletur.
2738 906 2766 933 ››

2008 992 2035 1018 ‹‹
2071 970 2184 1025 lloc
2215 970 2524 1026 consilium
2549 972 2703 1043 quod
2737 973 2981 1045 cogitavi
3015 991 3191 1047 super
3219 991 3451 1031 omnem
3476 979 3584 1031 ter-

1935 1075 2081 1124 ram,
2112 1063 2167 1112 et
2200 1059 2319 1113 hrec
2351 1064 2439 1115 est
2489 1077 2700 1115 manus
2736 1083 2761 1109 ››
2813 1061 2932 1116 sive
2986 1062 3245 1134 potentia
3291 1087 3319 1113 «
3351 1067 3586 1120 extenta

1934 1163 2112 1217 super
2142 1146 2442 1202 universas
2472 1154 2695 1221 gentes.
2722 1172 2748 1197 »ι
2777 1148 2897 1205 Vox
2928 1152 3133 1206 Domni
3166 1152 3584 1224 omnipotentis

1933 1240 2136 1290 contra
2166 1240 2381 1290 terram
2414 1238 2783 1309 Assyriorum
2818 1239 3168 1311 specialiter,
3189 1240 3273 1297 vel
3307 1241 3586 1313 generali-

1932 1325 2021 1377 ter
2043 1328 2244 1378 contra
2274 1341 2510 1379 omnem
2542 1326 2741 1380 orbem
2768 1343 2781 1393 ;
2816 1327 2914 1398 qui
2948 1327 3199 1399 subjecti
3230 1333 3369 1383 sunt
3401 1333 3588 1402 potes-

1935 1411 2038 1466 tati
2071 1413 2467 1468 Sennacherib
2498 1413 2586 1468 vel
2617 1413 2856 1479 diaboli,
2890 1420 2948 1469 et
2978 1417 3107 1487 ejus
3148 1416 3432 1473 voluntati
3483 1419 3584 1474 ob-

1935 1505 2283 1573 temperant.
2317 1503 2636 1558 Consilium
2671 1508 2865 1558 autem
2898 1505 3319 1577 omnipotentis
3348 1505 3447 1561 Dei
3478 1505 3588 1563 hoc

1934 1590 1990 1644 in
2026 1591 2151 1646 loco
2180 1595 2420 1646 vocatur
2448 1590 2613 1660 illud,
2649 1593 2720 1647 de
2750 1610 2869 1664 qua
2919 1593 3093 1665 paulo
3143 1595 3414 1666 superius
3462 1595 3589 1649 dic-

1932 1683 2058 1733 tum
2091 1683 2200 1733 est.
2235 1680 2393 1747 Sine,
2428 1684 2493 1735 ut
2529 1681 2729 1753 putavi
2765 1680 2844 1735 ita
2877 1682 3007 1754 erit,
3042 1688 3106 1737 ut
3133 1687 3434 1739 conteram
3482 1684 3588 1740 As-

1932 1768 2154 1840 syrium
2190 1769 2245 1823 in
2282 1773 2435 1823 terra
2468 1785 2618 1823 mea.

2003 1881 2031 1906 ‹‹
2069 1856 2349 1912 Doninus
2378 1857 2536 1913 enim
2587 1857 2950 1914 exercituum
3001 1860 3274 1927 decrevit,
3312 1882 3340 1909 ι»
3391 1860 3449 1915 id
3494 1864 3586 1916 est

1932 1946 2154 2001 statuit.
2191 1968 2220 1996 ‹‹
2252 1946 2321 2001 Et
2349 1946 2483 2018 quis
2513 1947 2729 2019 poterit
2760 1948 3078 2015 infirmare,
3116 1972 3143 1997 ι»
3175 1949 3461 2005 subaudis
3492 1950 3587 2005 de-

1940 2039 2164 2090 cretum
2215 2033 2398 2099 illius,
2447 2039 2513 2090 ut
2564 2052 2680 2090 non
2728 2039 2992 2091 conterat
3036 2037 3389 2111 Assyrium?
3437 2061 3465 2089 ‹‹
3517 2039 3590 2093 Et
3702 2072 3709 2077 -

1940 2137 2154 2175 manus
2184 2121 2314 2192 ejus
2343 2124 2597 2193 extenta,
2632 2144 2659 2170 ››
2690 2122 2747 2176 id
2778 2127 2866 2177 est
2895 2123 2969 2178 ad
3001 2124 3448 2195 percutiendum
3480 2141 3587 2197 po.

1940 2210 2122 2265 tentia
2151 2211 2281 2281 ejus
2312 2214 2596 2282 porrecta,
2629 2234 2656 2260 ‹‹
2687 2215 2747 2266 et
2785 2212 2919 2284 quis
2967 2216 3188 2268 avertet
3232 2214 3399 2269 eam?
3430 2236 3456 2262 »
3488 2231 3587 2270 su-

1940 2298 2152 2353 baudis
2180 2298 2399 2367 nullus,
2433 2299 2574 2371 quin
2609 2298 2914 2371 percutiat.
2947 2300 3216 2357 Extensio
3254 2301 3414 2357 enim
3464 2318 3588 2357 ma-

1942 2403 2075 2451 nus,
2110 2387 2379 2441 habitum
2411 2388 2809 2460 percutiendis
2837 2390 3120 2444 ostendit.

2013 2499 2040 2523 ‹‹
2070 2477 2235 2531 Anno
2268 2494 2383 2548 quo
2408 2480 2678 2531 mortuus
2707 2481 2795 2532 est
2836 2494 2934 2532 rex
2983 2478 3195 2549 Achaz,
3230 2480 3451 2534 factum
3503 2483 3594 2536 est

1941 2581 2092 2619 onus
2124 2564 2304 2619 istud.
2346 2588 2371 2613 ››
2399 2566 2442 2618 Α
2476 2565 2763 2637 principio
2796 2566 2926 2621 libri
2960 2584 3146 2639 usque
3193 2569 3265 2623 ad
3314 2568 3475 2625 hunc
3504 2568 3593 2625 lo-

1941 2669 2074 2707 cum
2109 2652 2219 2707 sub
2246 2652 2607 2724 temporibus
2626 2655 2802 2708 trium
2833 2656 3591 2727 regnum,Oziaa,Joatham,

1939 2740 2150 2808 Achaz,
2183 2757 2250 2795 ea
2280 2757 2407 2811 qua:
2447 2740 2507 2795 in
2560 2742 2753 2796 medio
2799 2743 3195 2813 continentur,
3228 2762 3263 2799 a
3309 2746 3596 2817 propheta

1940 2828 2256 2883 vaticinata
2286 2833 2444 2884 sunt.
2464 2829 2607 2884 Hinc
2639 2847 2771 2885 vero
2802 2848 2990 2902 usque
3010 2832 3084 2886 ad
3117 2832 3293 2887 finem
3325 2833 3457 2888 libri
3479 2834 3593 2889 sub

1940 2916 2206 2981 Ezechia,
2238 2921 2295 2971 et
2324 2934 2393 2971 ex
2423 2920 2586 2989 parte
2630 2918 2922 2989 completa
2970 2922 3125 2974 sunt.
3162 2942 3191 2969 ‹‹
3242 2920 3325 2976 Ne
3377 2919 3592 2977 laeteris

1942 3004 2276 3060 Philistham
2304 3005 2498 3061 omnis
2522 3006 2899 3077 tu,quoniam
2931 3007 3294 3064 comminuta
3310 3013 3401 3065 est
3428 3009 3593 3083 virga

1941 3092 2304 3166 percussoris
2330 3092 2437 3149 tui.
2471 3116 2499 3142 η
2529 3093 2807 3149 Naturale
2836 3096 2947 3162 est,
2977 3095 3131 3150 sicut
3161 3096 3370 3153 beatus
3400 3097 3592 3154 Hiero-

1939 3198 2153 3254 nymus
2184 3180 2345 3249 dicit,
2381 3186 2446 3237 ut
2477 3186 2709 3237 mortuo
2741 3199 2873 3255 rege
2905 3182 3129 3239 inimici
3160 3184 3409 3242 aliarum
3449 3202 3590 3259 gen-

1942 3269 2091 3324 tium
2124 3269 2423 3325 lzetentur:
2458 3287 2528 3326 ex
2555 3271 2732 3327 rebus
2761 3270 2926 3327 novis
2956 3271 3109 3328 bella
3136 3272 3331 3329 civilia
3358 3278 3418 3330 et
3446 3274 3593 3330 sedi-

176 3360 445 3433 Denique
474 3358 558 3417 sic
590 3341 901 3432 impletum
932 3357 1104 3414 hodie
1134 3359 1415 3424 cernitur,
1448 3359 1603 3415 sicut
1632 3376 1666 3414 a
1696 3377 1832 3431 pro—
1863 3341 1908 3409 C
1945 3360 2134 3414 tiones
2164 3362 2589 3431 exspectantes.
2624 3359 2851 3415 Mortuo
2896 3359 3187 3432 siquidem
3236 3361 3427 3418 Achaz
3474 3362 3594 3418 im-

176 3449 359 3523 pheta
388 3448 733 3522 praedictum
763 3452 854 3503 est
885 3465 900 3503 :
934 3446 1073 3519 quia
1101 3446 1247 3502 nihil
1279 3451 1366 3503 est
1396 3447 1456 3502 in
1498 3462 1567 3503 ea
1595 3447 1707 3503 nisi
1739 3465 1833 3504 ve-

178 3539 342 3594 natio
375 3536 555 3609 regia,
589 3536 847 3609 exceptis
876 3536 1065 3592 muris
1096 3536 1425 3601 coctilibus,
1458 3535 1557 3607 qui
1601 3541 1838 3608 propter

176 3626 404 3683 bestias
435 3625 654 3681 ibidem
706 3625 1091 3681 includendas
1136 3629 1269 3697 post
1314 3642 1500 3680 annos
1552 3624 1837 3697 plurimos

179 3718 589 3771 restaurantur
635 3736 662 3764 ‹‹
713 3715 782 3769 Et
832 3714 1085 3784 scopabo
1138 3730 1267 3768 eam
1318 3712 1376 3767 in
1410 3730 1588 3785 scopa
1618 3718 1833 3777 terens,

180 3804 325 3859 dicit
356 3803 647 3858 Dominus
689 3802 1074 3869 exercituum,
1111 3824 1138 3850 »
1172 3802 1293 3857 sive
1340 3800 1710 3857 militiarum.
1746 3803 1833 3858 Si-

180 3897 281 3948 cut
309 3908 490 3964 scopa
517 3894 704 3947 tracta
735 3890 817 3945 nil
850 3891 1114 3947 sordium
1159 3895 1422 3946 remanet
1453 3908 1467 3946 :
1502 3891 1584 3946 ita
1634 3891 1835 3947 nullus

181 3980 494 4037 nominum
526 3978 895 4052 relinquetur
921 3980 983 4035 in
1014 3996 1101 4035 ea.

251 4094 281 4119 ‹‹
313 4069 544 4125 Juravit
565 4068 850 4124 Dominus
879 4068 1262 4135 exercituum,
1282 4068 1519 4123 dicens:
1546 4068 1606 4143 Si
1632 4085 1748 4124 non
1770 4074 1837 4125 ut

178 4157 381 4232 putavi
412 4178 441 4208 ι)
474 4155 594 4213 sive
623 4157 891 4231 cogitavi,
919 4178 947 4206 ‹‹
979 4158 1061 4212 ita
1088 4155 1217 4226 erit,
1235 4160 1295 4211 et
1323 4156 1616 4228 quomodo
1639 4160 1836 4213 mente

176 4246 427 4304 tractavi
454 4246 540 4302 sic
569 4245 853 4315 inveniet;
871 4249 935 4301 ut
963 4248 1263 4301 conteram
1281 4244 1584 4318 Assyrium
1605 4244 1663 4300 in
1682 4250 1836 4302 terra

177 4339 409 4403 mea,et
436 4334 496 4391 in
529 4335 831 4391 montibus
861 4333 1197 4390 conculcem
1219 4349 1420 4389 eum.»
1442 4334 1733 4389 Hactenus
1764 4335 1836 4391 de

176 4423 478 4497 Babylone
505 4427 565 4479 et
594 4424 832 4497 regibus
862 4424 991 4495 eius
1018 4426 1191 4495 atque
1221 4421 1639 4495 populis,nunc
1656 4439 1837 4478 rever-

176 4514 332 4569 titur
360 4512 432 4567 ad
466 4512 885 4580 Sennacberih,
919 4516 978 4567 et
1022 4512 1095 4567 ad
1125 4528 1194 4567 ea
1226 4528 1353 4583 quae
1384 4515 1524 4566 tunc
1555 4511 1834 4583 temporis

174 4599 577 4658 imminebant
622 4616 803 4673 super
828 4600 1117 4672 Assyrios,
1148 4598 1249 4671 qui
1284 4598 1608 4655 Samariam
1639 4600 1833 4656 Judae-

1943 3448 2391 3521 piissimorege
2441 3450 2559 3520 iam
2611 3448 2892 3521 longmvo,
2942 3450 3044 3521 qui
3096 3450 3422 3508 Philistzeos
3473 3451 3594 3507 sive

1944 3537 2285 3593 Palazstinos
2319 3537 2542 3593 fortiter
2574 3537 2881 3609 afllixcrat,
2913 3538 3091 3595 lzetati
3120 3544 3262 3595 sunt
3289 3539 3374 3595 illi
3419 3557 3597 3613 super

1943 3631 2129 3683 morte
2178 3627 2329 3697 ejus,
2382 3625 2739 3682 insultantes
2795 3626 3116 3695 lsraelitis;
3162 3629 3319 3701 quod
3366 3633 3596 3686 maturo

1944 3733 2077 3788 rege
2109 3714 2359 3787 perditio
2391 3714 2647 3770 Ezechiae
2678 3715 2881 3786 juveni
2932 3715 3053 3771 lilio
3102 3715 3292 3788 ipsius
3338 3717 3600 3789 subjace-

1944 3808 2092 3870 rent,
2125 3804 2236 3859 sub
2268 3804 2440 3875 cujus
2470 3807 2755 3874 potestate
2786 3803 3075 3874 putabant
3102 3821 3165 3859 se
3212 3821 3385 3875 posse
3429 3804 3594 3860 inva-

1943 3892 2079 3947 dere
2109 3892 2255 3945 fines
2288 3889 2707 3946 lsraelitarum.
2741 3912 2770 3940 ‹‹
2805 3894 2880 3945 De
2912 3890 3107 3945 radice
3155 3889 3379 3945 colubri
3426 3907 3591 3962 egre-

1942 3979 2139 4034 dietur
2163 3977 2424 4050 regulus,
2454 3980 2513 4031 et
2540 3991 2741 4032 semen
2772 3977 2923 4047 ejus,
2958 3999 2988 4025 ››
3019 3975 3076 4029 id
3106 3979 3197 4030 est
3225 3974 3411 4047 reguli
3445 4000 3473 4026 «
3499 3977 3596 4032 ab-

1945 4067 2189 4123 sorbens
2219 4065 2535 4121 volucrem.
2571 4085 2599 4113 »
2632 4063 2890 4135 Regulus
2918 4080 3018 4119 rex
3049 4063 3410 4135 serpentium
3449 4063 3592 4121 dici-

1943 4160 2062 4222 tur,
2089 4170 2264 4226 quem
2298 4150 2479 4209 Grzeci
2510 4150 2820 4207 basilicum
2850 4155 3078 4207 vocant.
3112 4149 3222 4217 Qui
3268 4151 3420 4207 hanc
3469 4169 3593 4225 per-

1941 4243 2177 4299 hibetur
2204 4242 2420 4298 habere
2447 4240 2749 4307 virtutem,
2770 4243 2838 4295 ut
2866 4258 3000 4296 aves
3029 4257 3209 4313 supra
3237 4256 3299 4297 se
3328 4240 3591 4299 volantes

1943 4350 2058 4388 non
2090 4330 2281 4387 solum
2313 4331 2479 4395 ﬂatu,
2512 4330 2612 4384 sed
2644 4328 2820 4385 etiam
2848 4346 2957 4385 suo
3003 4333 3320 4402 conspectu
3364 4328 3591 4387 interfi-

1940 4420 2320 4493 ciat.Virgam
2355 4417 2475 4474 sive
2506 4415 2783 4473 baculum
2815 4418 3265 4490 percussoris,et
3280 4417 3590 4475 colubrum

1940 4509 2196 4582 appellat
2246 4507 2456 4573 Achaz,
2490 4506 2593 4577 qui
2641 4504 2966 4561 Philistmos
3009 4506 3177 4562 valde
3217 4504 3507 4579 percus'sit
3534 4511 3591 4563 et

1942 4598 2305 4654 momordit:
2358 4596 2459 4651 sed
2508 4593 2744 4667 penitus
2792 4610 2909 4649 non
2935 4594 3261 4650 absorbuit.
3296 4594 3588 4669 Regulum

176 4704 397 4762 amque
444 4692 834 4756 vastaverant,
885 4692 1124 4761 excepta
1172 4687 1535 4743 Hierusalem
1585 4689 1675 4757 (IV
1704 4690 1827 4761 Reg.
1863 4708 1909 4773 ι)
1941 4692 2137 4743 autem
2172 4684 2499 4773 Ezechiam.
2542 4680 2876 4773 alloquitur
2921 4698 3059 4755 ergo
3109 4683 3391 4773 propheta
3434 4683 3587 4773 illos,

175 4777 317 4851 xm).
349 4776 422 4832 Et
453 4776 592 4849 quia
620 4777 679 4832 in
711 4776 1049 4849 superbiam
1100 4780 1303 4832 contra
1344 4775 1662 4833 Dominum
1694 4783 1833 4834 sunt

172 4864 541 4929 elevati,una
570 4869 739 4921 nocte
770 4869 1008 4920 centum
1039 4863 1337 4936 octaginta
1366 4863 1627 4937 quinque
1648 4866 1835 4923 millia

174 4955 248 5011 de
269 4951 529 5009 exercitu
548 4953 782 5009 illorum
802 4953 876 5009 ab
899 4952 1105 5025 angelo
1123 4951 1355 5008 Domini
1378 4956 1517 5008 sunt
1546 4954 1833 5010 interfecti

174 5043 235 5098 in
269 5046 425 5097 terra
452 5041 688 5107 Iudaea),
708 5045 765 5095 et
793 5041 851 5095 in
876 5041 1179 5096 montibus
1208 5040 1525 5112 ejus,fsicut
1547 5042 1833 5100 Dominus

173 5127 544 5203 praedixerat.
604 5130 770 5195 Quod
830 5146 962 5184 vero
1021 5128 1209 5183 dicit:
1271 5129 1471 5184 Juravi
1546 5130 1832 5189 Dominus

171 5217 563 5282 exercituum,
604 5216 867 5272 humano
897 5215 1162 5289 loquitur
1207 5232 1389 5271 more.
1422 5216 1625 5272 Sermo
1673 5220 1829 5274 enim

172 5304 600 5378 omnipotentis
632 5305 734 5361 Dei
789 5310 1027 5377 propter
1073 5303 1438 5360 immobilem
1487 5305 1829 5363 ﬁrmitatem

171 5410 280 5468 pro
304 5392 647 5466 juramento
679 5392 862 5464 accipi
894 5392 1102 5448 debet:
1127 5391 1267 5464 quia
1296 5396 1637 5464 non'potest
1667 5412 1827 5451 men-
1886 5447 1893 5453 .

171 5482 272 5539 tiri
293 5481 397 5554 qui
424 5484 517 5537 est
526 5481 761 5537 veritas.
776 5482 974 5553 Neque
989 5480 1147 5537 enim
1165 5497 1228 5537 se
1240 5480 1420 5536 habet
1438 5497 1502 5536 se
1519 5483 1824 5554 majorem,

172 5588 277 5646 per
304 5586 482 5643 quem
507 5571 670 5641 juret
708 5571 890 5643 (Hebr.
923 5572 1023 5642 γι).
1060 5570 1131 5625 Et
1168 5570 1324 5641 quod
1376 5569 1537 5624 addit
1570 5585 1583 5623 :
1617 5569 1676 5626 Si
1708 5588 1825 5630 non

172 5665 239 5715 ut
269 5662 466 5715 mente
495 5657 735 5713 tractavi
754 5676 768 5724 ;
786 5656 904 5713 tale
935 5662 1027 5713 est
1055 5673 1123 5712 ac
1144 5656 1191 5713 si
1224 5656 1475 5711 diceret:
1500 5657 1648 5721 Quia
1676 5662 1826 5733 cogi-

170 5749 289 5806 tavi
320 5752 389 5804 ut
419 5750 720 5803 conteram
749 5747 1078 5818 Assyrium,
1112 5762 1227 5800 non
1259 5748 1451 5816 potest
1478 5745 1646 5802 aliter
1676 5750 1819 5805 ﬁeri.

1940 4793 2014 4832 ne
2063 4771 2352 4831 insultent
2398 4769 2598 4827 Israeli
2650 4773 2887 4842 propter
2942 4774 3189 4826 mortem
3237 4769 3448 4837 Achaz,
3494 4770 3588 4827 in-

1939 4863 2149 4937 quiens
2183 4880 2195 4918 :
2225 4885 2253 4912 ‹‹
2287 4861 2369 4917 Ne
2399 4859 2630 4915 lmteris.
2663 4881 2690 4908 ι)

2011 4976 2040 5003 α
2076 4951 2372 5007 Ρὶιίὶίειωίι
2397 4948 2591 5005 omnis
2623 4952 2684 5003 tu
2717 4966 2895 5020 super
2922 4952 3109 5005 morte
3133 4947 3371 5005 Achaz»
3403 4951 3590 5005 matu-

1941 5060 2015 5097 ra:
2048 5040 2257 5096 (etatis.
2292 5062 2321 5087 ‹‹
2355 5036 2643 5103 Quoniam
2672 5037 2971 5092 confracta
3003 5042 3094 5092 est
3139 5036 3300 5109 virga
3347 5054 3585 5109 percus-

1940 5131 2091 5187 soris
2123 5127 2203 5185 tui
2223 5150 2250 5177 »
2285 5126 2471 5184 Acbaz
2499 5125 2599 5197 qui
2635 5130 2691 5180 te
2714 5129 3015 5196 percutere
3044 5125 3293 5194 solebat;
3313 5125 3451 5198 quia
3468 5150 3496 5176 ‹‹
3514 5128 3587 5182 de

1940 5220 2134 5275 radice
2166 5214 2458 5284 colubri,»
2492 5214 2549 5268 id
2581 5218 2671 5269 est
2699 5213 2771 5268 de
2799 5213 3023 5269 semine
3051 5213 3241 5269 Achaz
3272 5237 3300 5264 ‹‹
3334 5214 3589 5287 egredie-

1938 5312 2036 5364 tur
2064 5306 2324 5381 regulus,
2356 5326 2384 5355 »
2419 5301 2694 5359 Ezechias
2724 5301 3012 5357 videlicet.
3047 5325 3075 5352 ‹‹
3109 5304 3178 5358 Et
3206 5318 3406 5358 semen
3455 5303 3585 5373 ejus

1938 5397 2259 5454 absorbens
2290 5392 2608 5448 volucrem.
2628 5411 2657 5441 φ)
2690 5389 2989 5455 Quomodo
3011 5389 3247 5462 (inquit)
3278 5389 3442 5446 nulla
3460 5391 3585 5447 avis

1937 5490 2240 5558 aspectum
2273 5480 2456 5555 reguli
2488 5482 2681 5550 potest
2711 5477 2892 5535 illaesa
2922 5478 3191 5545 transire,
3225 5480 3325 5535 sed
3370 5494 3583 5551 quam-

1936 5576 2023 5631 vis
2072 5569 2272 5646 procul
2324 5566 2517 5634 fuerit,
2548 5567 2678 5637 ejus
2725 5583 2823 5622 ore
2871 5568 3189 5623 sorbetur:
3224 5567 3308 5623 ita
3354 5571 3413 5623 et
3452 5571 3516 5623 tu
3546 5584 3584 5625 a

1934 5666 2249 5735 conspectu
2280 5655 2534 5713 Ezechiae
2566 5658 2726 5710 totus
2758 5655 2995 5727 peribis.
3027 5654 3164 5711 Plus
3195 5656 3353 5712 enim
3385 5656 3582 5713 omni-

1934 5753 2045 5809 bus
2077 5749 2309 5821 regibus
2343 5742 2519 5803 Israel
2547 5742 2823 5800 Ezechias
2851 5742 3176 5802 Philistaaos
3207 5746 3436 5804 afflixit.
