3960 6384
411 458 527 523 ’195

838 458 1242 518 HAYMONIS
1276 457 1818 518 HALBERSTAT.
1848 451 2092 514 EPISC.
2123 451 2300 514 OPP.
2333 454 2536 518 PARS
2570 457 2617 518 l.
2649 491 2727 500 -——
2756 455 3166 518 COMMENT.
3201 457 3398 518 BIBL.

3701 460 3816 522 796

427 657 430 660 ,
480 616 508 643 «
541 592 611 648 Et
640 593 955 662 pascentur
984 589 1352 661 primogeniti
1406 605 1752 662 pauperum,
1789 609 1818 636 η
1865 585 1923 642 id
1971 589 2063 642 est
2089 581 2146 653 Α
2175 589 2406 661 poddus
2439 587 2834 657 miseriarum,
2856 590 3011 663 quod
3044 589 3281 662 passuri
3309 593 3495 646 erant.
3529 589 3699 648 Moab
3727 610 3822 650 au-

411 681 797 742 Israelitaauet
823 696 1109 751 pauperes
1141 678 1490 734 ﬂducialiter
1514 678 1941 750 requiescent.»
1958 677 2057 732 Isti

409 774 547 828 sunt
567 767 960 841 primogeniti,
977 769 1046 824 de
1070 769 1288 840 quibus
1306 766 2056 839 dicitﬁominusperalium

408 858 748 932 prophetam
784 874 797 911 :
834 857 1013 912 Filius
1054 857 1484 929 primogenitus
1538 875 1704 912 meus
1755 855 1952 911 Israel.
1989 857 2060 910 Et

407 972 435 998 α
473 945 706 1002 Dimitte
739 946 926 1002 filium
957 964 1155 1002 meum
1189 946 1646 1019 primogenitum
1681 945 1988 1018 (E.1:od.iv).
2024 966 2051 994 »

405 1036 698 1107 Pauperes
725 1039 921 1092 autem
955 1035 1343 1108 appellantur,
1377 1036 1519 1108 quia
1549 1053 1665 1090 non
1705 1035 1762 1089 in
1814 1033 2053 1098 divitiis,

403 1141 595 1196 neque
624 1124 682 1179 in
716 1125 998 1198 potentia,
1033 1127 1136 1180 sed
1167 1125 1226 1180 in
1260 1126 1376 1180 Deo
1425 1125 1722 1180 habebant
1753 1124 2051 1178 ﬁduciam.

402 1214 484 1270 De
515 1213 734 1270 talibus
764 1214 847 1270 ait
890 1214 1198 1270 Dominus.
1233 1238 1258 1263 α
1296 1214 1452 1270 Beati
1508 1231 1792 1285 pauperes
1841 1212 2053 1284 spiritu

401 1303 610 1372 (Matth.
642 1304 722 1371 v).
757 1304 965 1374 Igitur,
999 1322 1032 1358 ο
1064 1302 1380 1368 Ριιὶιὶδιωελ,
1413 1320 1548 1357 cum
1581 1305 1635 1357 te
1685 1301 2058 1357 absorbuerit

402 1392 756 1465 regul‘usrid
784 1395 894 1459 est,
925 1410 1059 1447 cum
1092 1396 1147 1447 te
1175 1393 1412 1464 penitus
1445 1391 1718 1447 deleverit
1755 1390 2052 1455 Ezechias,

401 1495 774 1551 nequaquam
807 1479 1182 1534 insidiaberis
1209 1478 1564 1551 pauperculo
1600 1496 1728 1534 meo
1751 1480 1877 1534 :sed
1901 1495 2056 1551 pres-

401 1585 506 1624 sus
537 1569 851 1641 angustiis,
885 1567 1281 1624 calamitatem
1313 1573 1475 1624 tuam
1508 1569 1694 1623 ﬂebis.
1719 1593 1746 1617 ‹‹
1781 1571 1852 1624 Et
1882 1569 2057 1623 inter-

402 1657 596 1714 ficiam
627 1657 687 1713 in
721 1658 874 1713 fame
923 1658 1178 1712 radicem
1213 1662 1400 1722 tuam,
1439 1679 1466 1706 ››
1517 1657 1576 1712 id
1626 1661 1716 1713 est
1761 1657 2051 1712 fortitudi-

400 1762 556 1815 nem,
589 1746 676 1802 vel
710 1745 1046 1819 progeniem
1077 1751 1262 1817 tuam,
1287 1750 1344 1801 et
1373 1746 1651 1818 reliquias
1680 1750 1834 1811 tuas,
1871 1770 1898 1796 ››
1921 1747 2056 1802 sub-

398 1835 572 1893 audis
603 1852 729 1907 qum
761 1836 834 1891 ab
864 1834 1110 1891 Ezechia
1158 1836 1379 1890 fuerint
1429 1835 1736 1904 derelicta,
1767 1857 1795 1885 ‹‹
1831 1836 2051 1891 interﬁ-

395 1923 551 1980 ciam
580 1945 607 1972 »
633 1939 738 1996 per
763 1923 1032 1996 Assyrios
1063 1928 1120 1979 et
1149 1923 1470 1980 Chaldzees.

469 2037 497 2064 ‹‹
521 2012 712 2080 Ulula,
727 2016 895 2086 porta
911 2011 1706 2085 ;'clama,civitas:prostrata
1726 2017 1815 2069 est
1841 2013 2051 2069 Philis-

395 2107 506 2160 ιω
539 2103 797 2160 omnis.»
831 2105 1130 2168 Quantum
1162 2102 1234 2158 ad
1270 2102 1352 2159 rei
1381 2102 1686 2158 veritatem
1709 2104 2053 2170 attinet,nec

395 2197 566 2266 porta
594 2195 788 2266 potest
811 2190 1267 2266 ululare,neque
1297 2191 1504 2248 civitas
1534 2191 2051 2249 clamare.Portam

395 2299 534 2356 ergo
564 2280 762 2354 posuit
790 2297 895 2353 pre
925 2280 1017 2336 his
1047 2281 1148 2352 qui
1180 2279 1238 2335 in
1272 2283 1442 2353 porta
1471 2286 1630 2337 sunt.
1656 2285 1725 2338 Et
1755 2281 2051 2337 civitatem

396 2388 502 2444 pro
533 2368 965 2426 habitatoribus
996 2367 1271 2425 civitatis.
1307 2369 1517 2441 Dirigit
1546 2369 1741 2442 itaque
1767 2370 2054 2442 propheta

395 2475 730 2520 sermonem
752 2459 824 2514 ad
847 2458 1020 2514 urbes
1043 2457 1510 2526 Philistinorum,
1525 2462 1590 2513 ut
1608 2457 1846 2530 lugeant
1857 2461 1914 2512 et
1926 2457 2050 2529 plo-

394 2553 528 2608 rent
557 2547 856 2604 miseriam
888 2564 1055 2603 suam
1079 2563 1207 2619 qua:
1227 2547 1386 2602 venit
1405 2563 1582 2618 super
1603 2545 2001 2602 Sennaeherib
2033 2563 2046 2602 :

395 2639 540 2712 quia
567 2641 858 2710 prostrata
873 2641 962 2694 est
981 2638 1107 2709 jam
1139 2635 1335 2692 omnis
1353 2636 1647 2691 Philistaaa
1675 2635 1870 2708 gladio
1881 2636 2053 2706 Assy-

397 2728 642 2794 riorum,
661 2749 689 2778 ‹‹
710 2727 783 2784 ab
812 2726 1099 2799 Aquilone
1124 2725 1283 2782 enim
1313 2726 1510 2780 fumus
1534 2725 1810 2793 veniet,et
1827 2741 1942 2780 non
1961 2729 2052 2780 est

394 2818 500 2891 qui
526 2817 767 2890 effugiat
795 2831 1006 2889 agmen
1039 2817 1189 2888 ejus.
1229 2837 1258 2864 ››
1293 2815 1514 2870 Fumus
1559 2814 1618 2869 in
1651 2813 1760 2869 hoc
1789 2813 1916 2870 loco
1946 2831 2050 2885 pro

395 2906 780 2965 multitudine
809 2905 1170 2962 exercituum
1211 2903 1607 2960 Sennacherib
1657 2902 1912 2974 ponitur.
1946 2901 2047 2958 Vel

396 3000 560 3056 fumo
591 2997 849 3053 neminis
877 2997 1009 3068 ejus
1038 2993 1410 3066 intelligitur,
1445 2994 1599 3065 quod
1631 2996 2049 3064 omncsgentes

395 3091 555 3145 esset
583 3089 944 3151 vastaturus,
977 3083 1116 3156 quia
1145 3083 1219 3138 ab
1247 3082 1587 3155 Aquilonari
1618 3086 1780 3155 parte
1825 3082 1883 3136 in
1918 3082 2048 3136 Hic-

395 3176 656 3234 rusalem
686 3175 866 3230 venit.
898 3175 980 3230 Ac
1003 3172 1059 3228 si
1090 3173 1311 3228 diceret
1339 3171 1624 3244 propheta
1655 3171 1788 3227 aliis
1819 3171 2007 3227 verbis
2033 3188 2046 3226 :

2082 1957 2132 2022 Β

2171 682 2288 734 tem
2321 678 2478 734 filius
2511 678 2622 734 fuit
2666 679 2834 748 Loth,
2870 683 3187 753 conceptus
3228 681 3300 735 de
3346 678 3572 737 incestu
3607 698 3619 736 :
3655 699 3818 756 aquo

2167 769 2352 823 vocati
2404 773 2545 825 sunt
2591 787 2797 825 omnes
2846 771 2916 825 de
2948 769 3225 842 progenie
3255 768 3416 824 illius
3447 769 3734 839 Moabitae,
3764 778 3822 828 et

2169 857 2714 928 provinciaillorum
2738 859 2929 914 Moab.
2963 858 3032 913 Et
3054 857 3212 914 istud
3236 874 3419 913 unum
3445 875 3652 916 nomen
3670 861 3817 915 acci-

2169 946 2327 1019 pitur
2347 965 2450 1020 pro
2473 947 2632 1003 omni
2657 947 2816 1004 illius
2837 947 3030 1021 gentis
3054 945 3409 1020 populo.Sed
3433 951 3489 1003 et
3512 948 3620 1004 hoc
3642 949 3823 1006 scien-

2166 1038 2334 1104 dum,
2366 1037 2506 1108 quia
2536 1037 2792 1108 primum
2824 1037 2896 1092 ab
2925 1035 3204 1110 Assyriis,
3226 1035 3437 1092 deinde
3468 1055 3504 1093 a
3531 1038 3820 1105 Chaldaeis

2165 1130 2305 1181 sunt
2326 1127 2556 1183 vastati.
2581 1151 2608 1177 «
2635 1128 2782 1193 Quia
2814 1130 2981 1182 nocte
3011 1130 3237 1182 vastata
3257 1128 3347 1180 est
3365 1127 3466 1193 Ar,
3484 1126 3651 1184 Moab
3683 1145 3822 1183 con-

2167 1213 2356 1281 ticuit,
2395 1237 2422 1263 »
2456 1214 2574 1270 sive
2606 1214 2788 1270 siluit.
2823 1213 2979 1270 Nihil
3013 1232 3159 1270 ausa
3186 1218 3277 1270 est
3302 1213 3582 1272 rebellare
3616 1220 3820 1273 contra

2163 1303 2452 1374 Assyrios,
2485 1303 2572 1360 vel
2603 1303 2924 1360 Chaldaeos.
2961 1323 2982 1351 ι
3019 1303 3167 1370 Quia
3222 1307 3391 1360 nocte
3443 1308 3704 1362 vastatus
3732 1310 3823 1362 est

2165 1409 2371 1448 murus
2387 1415 2412 1440 υ
2429 1392 2718 1447 subaudis
2737 1394 2814 1447 Ar
2835 1392 3110 1459 civitatis,
3135 1416 3163 1442 ‹‹
3181 1392 3352 1448 Moab
3371 1392 3672 1448 conticuit.
3692 1415 3718 1440 ››
3738 1394 3818 1447 Ar

2164 1479 2368 1537 civitas
2416 1481 2527 1535 fuit
2573 1480 2916 1552 metropolis
2961 1480 3350 1536 Moabitarum
3392 1484 3450 1536 et
3478 1480 3656 1554 regia,
3689 1498 3821 1553 qua:

2164 1569 2335 1625 hodie
2356 1587 2422 1625 ex
2443 1570 2679 1624 Hebrazo
2700 1573 2757 1625 et
2779 1570 2977 1626 Graico
3009 1586 3280 1625 sermone
3303 1569 3628 1643 composita
3644 1571 3822 1626 Areo-

2164 1659 2314 1731 polis
2338 1662 2746 1731 nuncupatur:
2773 1676 2890 1714 non
2912 1659 3067 1732 quod
3089 1659 3275 1727 Arios,
3291 1658 3352 1714 id
3379 1664 3488 1728 est,
3504 1659 3724 1727 Martis,
3743 1660 3822 1714 sit

2163 1747 2404 1804 civitas:
2431 1748 2586 1804 sicut
2605 1748 2847 1820 quidam
2879 1750 3526 1806 autumaverunt.Bene
3556 1749 3616 1805 in
3649 1751 3821 1804 nocte

2162 1841 2392 1894 vastata
2410 1841 2500 1892 est
2518 1837 2764 1910 Ar,quia
2785 1837 2955 1894 Moab
2986 1838 3057 1893 de
3078 1836 3306 1894 incestu
3340 1837 3472 1895 ﬁliae
3505 1842 3675 1895 nocte
3688 1855 3825 1894 con-

2162 1929 2368 2000 ceptus
2397 1925 2614 1982 est.Vel
2647 1943 2761 1982 nox
2789 1926 3086 1998 significat
3114 1927 3585 2000 magnitudinem
3617 1944 3820 1983 maero-

2163 2016 2513 2073 ris.Vastata
2534 2031 2670 2089 ergo
2700 2015 2932 2071 civitate
2962 2015 3123 2088 regia
3153 2016 3320 2084 Ar,et
3347 2015 3668 2073 destructis
3689 2032 3820 2071 mu-

2163 2106 2246 2160 ris
2277 2107 2426 2177 ejus,
2462 2105 2630 2160 Moab
2663 2104 2959 2177 provincia
2985 2104 3209 2160 Arabiae
3258 2104 3580 2172 conticuit;
3612 2105 3670 2160 in
3701 2121 3823 2177 qua

2163 2194 2450 2250 aediﬁcata
2478 2198 2568 2250 est
2597 2195 2727 2266 ipsa
2757 2193 2982 2248 civitas.
3016 2217 3044 2244 ‹‹
3067 2194 3348 2250 Ascendit
3380 2195 3649 2263 domus,»
3681 2194 3823 2250 sub-

2164 2283 2337 2339 audis
2367 2283 2547 2354 regia,
2581 2305 2607 2332 ‹‹
2644 2286 2701 2338 et
2730 2282 2938 2348 Dibon,
2976 2303 3005 2330 »
3037 2299 3167 2353 quis
3195 2286 3286 2337 est
3316 2282 3522 2338 civitas
3580 2282 3820 2349 nobilis,

2163 2395 2189 2422 «
2217 2373 2289 2426 ad
2311 2371 2594 2438 excelsa,»
2622 2369 2907 2426 subaudis
2936 2369 3227 2426 idolorum
3260 2372 3639 2439 suorum,«in
3661 2371 3828 2444 plan-

2162 2465 2342 2528 ctum,
2380 2482 2406 2508 »
2437 2458 2496 2514 id
2550 2463 2639 2515 est
2683 2459 2757 2515 ad
2798 2457 3236 2532 plangendum;
3271 2476 3400 2531 qua)
3430 2459 3730 2517 habebant
3760 2459 3827 2515 in

2161 2549 2465 2605 montibus
2495 2548 2641 2617 suis,
2673 2547 2762 2603 vel
2793 2548 2853 2602 in
2883 2547 3072 2603 tectis.
3103 2547 3354 2614 Quidam
3387 2545 3540 2603 male
3569 2547 3824 2620 legunt:

2157 2637 2436 2694 Ascendit
2453 2638 2667 2694 domus
2689 2637 2912 2693 Edibon
2935 2655 2948 2705 ;
2969 2635 3137 2709 quasi
3159 2636 3464 2708 proprium
3483 2653 3698 2692 nomen
3714 2637 3824 2694 ho-

2161 2727 2340 2784 minis
2362 2726 2523 2790 sit,et
2544 2728 2759 2783 domus
2788 2727 2918 2797 ejus
2949 2727 3264 2782 ascendere
3295 2725 3554 2792 dicatur;
3575 2726 3676 2782 sed
3699 2743 3821 2782 non

2160 2821 2252 2873 est
2283 2817 2384 2872 ita.
2407 2817 2554 2871 Nam
2583 2815 2694 2870 hoc
2725 2814 2900 2870 modo
2932 2813 3246 2887 legendum
3278 2817 3337 2869 et
3367 2812 3820 2886 intelligendum

2160 2911 2252 2962 est
2283 2923 2297 2961 :
2328 2904 2608 2961 Ascendit
2637 2905 2851 2960 domus
2881 2903 3001 2959 sive
3031 2902 3257 2958 familia
3285 2901 3446 2976 regia
3487 2903 3557 2959 ad
3589 2903 3823 2960 excelsa

2161 2995 2454 3050 idolorum
2503 3011 2745 3050 suorum
2796 2993 3044 3060 Edibon,
3076 2993 3132 3047 id
3178 2996 3270 3048 cst
3298 2991 3660 3048 habitatores
3689 2993 3822 3063 ejus

2160 3085 2553 3140 ascenderunt
2583 3082 2654 3138 ad
2686 3082 2916 3139 excelsa
2939 3099 2952 3138 ε
2978 3098 3093 3137 non
3119 3082 3190 3136 ad
3217 3080 3691 3149 sacrificandum,
3714 3083 3817 3137 sed

2159 3175 2232 3230 ad
2259 3174 2520 3229 ﬂendum
2543 3171 2698 3228 mala
2720 3189 2882 3227 sua.«
2899 3171 3086 3243 Super
3113 3169 3276 3226 Nabo
3297 3175 3356 3226 et
3375 3185 3552 3242 super
3573 3170 3820 3227 Medaba

395 3266 620 3324 Idcirco
667 3263 942 3337 praecipio
986 3263 1173 3329 vobis,
1203 3279 1236 3318 ο
1282 3260 1557 3317 Pbilistaei
1583 3260 1878 3330 lfululare,
1910 3261 2052 3331 quia
2088 3327 2123 3337 _
2164 3263 2334 3320 Moab
2364 3261 2636 3318 ululabit.
2676 3283 2704 3308 ››
2734 3259 2985 3316 Nomina
3005 3259 3309 3316 civitatum
3335 3264 3476 3315 sunt
3504 3257 3812 3328 nobilium,

390 3357 472 3412 ab
502 3354 791 3425 Aquilone
822 3352 1109 3424 praevideo
1132 3351 1258 3421 jam
1289 3349 1485 3405 venire
1513 3350 1875 3404 exercituum
1904 3350 2051 3405 Sen-
2081 3327 2125 3393 α
2165 3365 2345 3424 super
2364 3368 2615 3424 quarum
2636 3347 3015 3406 subversione
3037 3346 3572 3405 ululabituniversa
3590 3348 3819 3420 provin-

393 3441 676 3499 nacherib
707 3444 764 3496 et
794 3455 1091 3495 rumorem
1121 3438 1252 3508 ejus
1282 3439 1435 3508 quod
1469 3454 1571 3493 vos
1603 3437 1681 3494 sit
1719 3441 1999 3509 capturus
2034 3455 2047 3493 :

397 3535 466 3587 ut
497 3546 610 3585 non
644 3527 723 3584 sit
751 3526 968 3598 aliquis
997 3526 1068 3581 de
1099 3524 1304 3580 multis
1333 3525 1608 3598 gentibus
1648 3526 1746 3596 qui
1797 3528 2052 3598 effugere

397 3616 588 3691 possit
617 3613 1060 3671 multitudinem
1091 3613 1255 3668 illius
1285 3630 1394 3668 sua
1420 3613 1656 3668 virtute.

471 3730 498 3758 ‹‹
513 3707 585 3762 Et
598 3703 739 3777 quid
755 3701 1205 3777 respondebitur
1217 3702 1444 3757 nuntiis
1459 3700 1688 3774 gentis?
1701 3703 1848 3766 Quia
1860 3703 2052 3758 Domi-

398 3813 513 3852 nus
543 3793 810 3850 fundavit
839 3793 1001 3859 Sion,
1033 3796 1092 3847 et
1121 3791 1180 3846 in
1233 3790 1361 3863 ipso
1392 3790 1717 3862 sperabunt
1763 3808 2050 3863 pauperes

391 3884 598 3960 populi
631 3883 782 3955 ejus.
819 3905 840 3932 ιι
881 3882 944 3938 In
976 3881 1086 3937 hoc
1114 3881 1270 3952 quod
1304 3880 1452 3936 dixit
1498 3896 1700 3952 supra,
1733 3879 1933 3936 nullus
1963 3887 2053 3937 est

387 3974 500 4049 qui
529 3973 773 4045 effugiat
793 3988 1003 4045 agmen
1032 3970 1375 4041 ejusJudas
1406 3986 1640 4041 quoque
1667 3969 2049 4026 videbaturin

391 4061 653 4138 generali
685 4060 978 4117 sententia
994 4077 1123 4116 esse
1153 4058 1891 4131 comprehensus,ideoque
1921 4060 2054 4114 sub-

393 4152 546 4209 didit
564 4169 578 4207 :
593 4151 654 4207 Si
684 4149 920 4221 (inquit)
943 4147 1445 4221 interpellaverint
1461 4147 1651 4220 angeli
1675 4148 1772 4220 qui
1793 4153 2055 4220 prmsunt

395 4241 672 4314 Assyriis,
693 4256 873 4312 quare
893 4237 1020 4294 sola
1045 4235 1407 4294 HieruSalem
1438 4238 1510 4293 de
1529 4254 1708 4293 manu
1727 4238 2053 4295 Sennache-

398 4331 488 4386 rib
520 4329 798 4395 salvetur,
831 4327 1306 4399 respondendum
1337 4331 1429 4382 est
1457 4326 1564 4391 eis,
1595 4325 1736 4398 quia
1770 4327 2051 4386 Dominus

397 4417 666 4477 fundavit
693 4416 855 4484 Sion,
889 4421 948 4472 et
977 4415 1103 4488 ipse
1149 4414 1434 4470 humilem
1467 4415 1753 4487 populum
1781 4433 1958 4472 suum
1990 4417 2050 4472 in

396 4527 460 4567 se
492 4510 854 4580 sperantem,
884 4522 994 4561 sua
1038 4503 1253 4559 virtute
1299 4503 1586 4560 liberavit.
1621 4503 1817 4560 Potest
1862 4509 1922 4561 et
1968 4506 2049 4562 sic

397 4596 748 4669 simpliciter
787 4593 1058 4666 intelligi,
1113 4594 1409 4664 quomodo
1458 4592 1602 4648 illud
1649 4593 1709 4648 in
1761 4594 2052 4652 Hicremia

2160 3442 2250 3497 cia
2263 3442 2453 3498 Moab.
2465 3461 2492 3492 «ι
2508 3440 2570 3495 In
2583 3438 2816 3496 cunctis
2833 3437 3127 3510 capitibus
3147 3438 3277 3510 ejus
3297 3437 3818 3504 calvitium,omnis

2159 3530 2344 3586 barba
2365 3529 2655 3585 radetur.»
2675 3527 3176 3584 Consuetudinem
3207 3526 3584 3598 antiquorum
3604 3526 3816 3599 tangit,

2159 3616 2260 3688 qui
2291 3620 2552 3688 tempore
2583 3614 2922 3671 afﬂictionis
2949 3618 3007 3671 et
3036 3613 3232 3670 luctus
3263 3613 3458 3686 capita
3485 3614 3815 3686 barbasque

2161 3704 2468 3761 radebant.
2501 3704 2667 3760 Sicut
2713 3702 2967 3775 legimus
2997 3704 3069 3759 de
3101 3703 3268 3759 beato
3293 3703 3424 3772 Job,
3457 3703 3609 3775 quod
3643 3707 3814 3760 tonse

2161 3794 2351 3865 capite
2381 3793 2604 3849 corruit
2634 3792 2693 3846 in
2725 3796 2964 3849 terram.

2233 3906 2260 3932 ‹‹
2297 3883 2359 3939 In
2398 3883 2584 3938 triviis
2615 3883 2744 3953 ejus
2775 3881 3024 3938 accincti
3067 3886 3209 3938 sunt
3258 3898 3426 3938 sacco
3457 3897 3633 3953 super
3663 3884 3815 3936 tecta

2161 3973 2375 4044 ejus,ct
2405 3972 2464 4026 in
2498 3970 2705 4043 plateis
2736 3971 2865 4042 ejus
2897 3971 3089 4026 omnis
3120 3969 3734 4026 ululatus.Descendet
3755 3969 3814 4025 in

2162 4063 2387 4118 ﬂetum.
2421 4083 2448 4111 »
2485 4061 2650 4117 Hunc
2677 4060 3037 4116 versiculum
3070 4059 3382 4132 dupliciter
3409 4062 3729 4131 exponunt,
3760 4062 3818 4113 et

2161 4151 2538 4222 distinguunt
2567 4150 2857 4204 doctores.
2881 4147 3128 4214 Quidam
3163 4149 3280 4204 ita:
3315 4147 3374 4202 in
3406 4147 3616 4216 triviis,
3638 4146 3694 4203 id
3728 4151 3816 4203 est

2161 4240 2221 4296 in
2243 4239 2496 4311 publicis
2517 4238 2661 4294 locis
2687 4237 2930 4294 accincti
2954 4242 3097 4293 sunt
3121 4253 3289 4294 sacco
3312 4253 3323 4292 :
3343 4237 3498 4308 quod
3531 4240 3621 4292 est
3639 4236 3812 4291 vesti-

2163 4335 2429 4386 mentum
2461 4327 2834 4400 peenitentiae.
2869 4327 3059 4399 Super
3087 4330 3240 4384 tecta
3267 4327 3396 4398 ejus
3427 4329 3485 4382 et
3513 4324 3573 4380 in
3604 4324 3813 4398 plateis

2157 4420 2290 4492 ejus
2319 4415 2827 4486 omnis,subaudis
2860 4415 3054 4482 Moab,
3084 4415 3383 4471 ululat.De
3413 4419 3564 4471 tecto
3591 4413 3712 4472 sive
3742 4415 3812 4470 de

2161 4506 2404 4564 excelsis
2431 4505 2596 4574 locis,
2619 4505 2706 4561 vel
2738 4505 2809 4561 de
2841 4503 3044 4561 laititia
3073 4503 3388 4560 descendet
3409 4504 3480 4560 ad
3505 4507 3721 4560 terram
3752 4502 3810 4558 in

2161 4595 2453 4665 ﬂetum,id
2485 4598 2576 4651 est
2605 4595 2678 4650 ad
2710 4595 2994 4650 ﬂendum.
3028 4595 3098 4649 Et
3130 4597 3220 4649 est
3249 4609 3496 4650 sensus:
3528 4593 3816 4648 Ascendet

396 4686 636 4760 quando
665 4683 864 4757 posuit
886 4683 1010 4755 ipse
1042 4682 1324 4755 propheta
1353 4686 1592 4739 catenas
1623 4683 1847 4756 ligneas
1878 4703 2056 4756 super
2083 4694 2130 4761 Ι)
2161 4685 2402 4758 quidem
2434 4684 2504 4740 ad
2536 4683 2764 4740 excelsa
2794 4682 3077 4755 utploret
3107 4685 3242 4738 ante
3272 4681 3427 4738 idola
3457 4685 3648 4747 sua,et
3673 4697 3811 4736 eum

395 4774 579 4833 cellas
607 4790 810 4829 eorum
842 4771 943 4842 qui
975 4772 1050 4826 ad
1082 4788 1144 4826 se
1193 4771 1428 4826 fuerant
1476 4771 1666 4827 missi.
1715 4773 1866 4830 Dicit
1913 4794 2050 4850 ergo

398 4863 685 4937 propheta
713 4861 786 4916 ad
819 4859 1136 4916 Dominum
1173 4876 1186 4915 :
1222 4860 1372 4926 Quid
1413 4863 1865 4932 respondebitur
1892 4884 2050 4922 nun-

388 4952 495 5008 tiis
528 4951 895 5007 diversarum
925 4949 1214 5021 gentium,
1241 4967 1377 5005 cum
1408 4950 1674 5007 venerint
1703 4954 1774 5008 ad
1805 4954 2048 5012 interro-

397 5041 660 5114 gandum
693 5056 869 5110 super
913 5039 1166 5094 adventu
1217 5039 1661 5096 Sennacherib?
1699 5041 1804 5097 Cui
1853 5044 2048 5099 Domi-

398 5145 513 5184 nus
548 5145 562 5181 :
598 5127 1093 5198 Respondendum
1125 5133 1214 5183 est
1243 5128 1382 5196 illis,
1415 5130 1569 5201 quod
1603 5130 1721 5185 sint
1758 5133 2049 5203 capiendi,

399 5221 458 5272 et
487 5215 612 5270 sola
639 5214 1172 5287 Hierusalem,quae
1205 5234 1320 5272 non
1352 5218 1409 5272 in
1443 5218 1681 5274 homine
1711 5220 1812 5275 sed
1845 5221 1903 5276 in
1935 5223 2051 5280 Deo

399 5320 568 5375 spem
599 5319 770 5358 suam
801 5303 1016 5373 posuit,
1047 5305 1126 5360 sit
1158 5304 1480 5385 liberanda.

1038 5447 1122 5501 CA
1132 5446 1271 5503 PU'I‘
1309 5449 1424 5504 XV.

403 5584 406 5588 η
474 5587 503 5613 α
530 5564 694 5616 Onus
721 5565 912 5622 Moab.
933 5590 962 5619 η
987 5571 1134 5634 Quia
1151 5571 1413 5629 Moabitae
1436 5573 1617 5646 gavisi
1637 5577 1858 5630 suntde
1880 5577 2056 5648 capti-

400 5651 584 5738 vitate
615 5648 1202 5724 Israelitarum,sicut
1231 5666 1288 5715 et
1319 5662 1662 5720 Philistiim:
1695 5664 1913 5721 idcirco
1935 5666 2058 5738 Spi-

406 5734 560 5788 ritus
589 5740 829 5795 sanctus
878 5759 980 5811 per
1009 5743 1221 5800 isaiam
1272 5750 1614 5821 prophetam
1663 5753 1926 5825 praedicit
1972 5734 2056 5814 eis

2160 4775 2240 4830 ibi
2260 4773 2491 4829 nullum
2514 4772 2797 4829 auxilium
2821 4772 3120 4844 repererit,
3136 4771 3447 4828 descendet
3466 4771 3538 4826 ad
3571 4771 3811 4826 domum

2162 4880 2357 4930 suam,
2381 4862 2469 4918 vel
2501 4861 2574 4918 ad
2613 4865 2830 4918 terram
2863 4861 2923 4916 in
2957 4862 3182 4917 ﬂetum.
3216 4860 3466 4924 Quidam
3493 4859 3672 4915 etiam
3703 4857 3812 4914 hoc

2161 4953 2335 5010 modo
2367 4951 2764 5024 distinguunt,
2784 4954 2852 5005 ut
2878 4950 3072 5006 omnis
3105 4948 3367 5004 ululatus
3393 4948 3566 5004 Moab
3582 4948 3813 5006 descem

2161 5041 2404 5109 det,sive
2425 5040 2721 5114 perveniet
2741 5039 2813 5094 ad
2837 5040 3061 5096 ﬂetum.
3081 5039 3205 5094 Non
3231 5037 3545 5110 plorabunt
3555 5053 3690 5110 ergo
3711 5036 3808 5092 alii

2162 5132 2419 5201 Moab,et
2431 5129 2528 5185 alii
2541 5129 2884 5202 gaudebunt
2902 5145 2914 5184 :
2938 5129 3038 5184 sed
3058 5127 3350 5200 generalis
3369 5125 3683 5184 multitudo
3695 5125 3811 5198 plo-

2163 5219 2336 5286 rabit,
2369 5219 2692 5274 incedendo
2736 5235 2840 5290 per
2885 5217 3128 5290 plateas,
3159 5221 3218 5273 et
3242 5233 3344 5288 per
3371 5215 3630 5283 trivium,
3656 5215 3809 5286 quod

2161 5309 2380 5368 dicitur
2411 5325 2446 5364 a
2475 5307 2666 5363 tribus
2696 5306 2824 5363 viis.

2233 5423 2260 5452 ‹‹
2287 5397 2576 5455 Clamabit
2596 5397 2822 5452 Esebon
2846 5399 2903 5452 et
2923 5395 3114 5452 Eleale
3139 5411 3152 5451 :
3182 5418 3212 5444 »
3231 5411 3361 5466 qum
3397 5396 3536 5452 sunt
3552 5393 3808 5449 civitates

2164 5487 2582 5562 potentissimae
2605 5485 2913 5559 provincia:
2945 5486 3136 5542 Moab.
3163 5508 3189 5535 ‹‹
3219 5484 3413 5556 Usque
3433 5483 3593 5551 Jasa,
3625 5507 3644 5532 ι
3681 5483 3811 5538 sub-

2165 5579 2335 5636 audis
2366 5579 2682 5644 civitatem,
2713 5598 2742 5626 ‹‹
2776 5576 2978 5632 audita
3034 5578 3124 5631 est
3169 5591 3277 5631 vox
3317 5590 3544 5635 eorum.
3577 5595 3605 5622 ››
3637 5571 3693 5627 id
3725 5575 3809 5627 est

2163 5686 2271 5724 vox
2302 5665 2714 5724 Moabitarum.
2751 5666 2869 5720 Hoc
2915 5681 3054 5737 ergo
3085 5663 3329 5731 indicat,
3361 5662 3515 5734 quod
3547 5662 3620 5718 ab
3652 5661 3808 5717 initio

2167 5757 2332 5829 regni
2353 5754 2456 5812 ubi
2475 5759 2564 5812 est
2587 5755 2701 5812 sita
2720 5754 2924 5812 civitas
2945 5753 3400 5824 Esebon,usquc
3429 5751 3504 5809 ad
3529 5754 3809 5808 extremos
