3944 6408
101 337 192 392 213
1407 318 1744 379 COMMENT
1787 317 1858 376 IN
1899 316 2057 374 GEN.

3427 293 3536 350 214

99 458 360 519 dentibus
389 454 692 512 ﬁdelibus.
745 455 1006 510 Rursum
1049 466 1231 521 super
1254 465 1317 508 os
1351 447 1518 519 putei
1571 458 1747 514 pone-
1781 443 1829 504 Α,
1861 441 2006 498 lium
2032 443 2254 500 sororis
2284 455 2409 499 sua?
2451 434 2744 501 cucurrit,
2781 426 3097 521 gressibus
3130 420 3383 521 ﬁdei,‘et.

100 557 239 610 rent.
267 548 416 614 Quia
444 545 722 616 gentibus
753 543 1134 599 credentibus
1177 539 1364 598 Judaei
1395 539 1457 594 in
1483 553 1592 592 sua
1616 531 1746 590 inﬁ-

97 645 316 702 delitate
355 637 843 712 permanserunt,
873 637 929 688 et
958 648 1154 704 neque
1195 630 1516 692 Christum,
1548 638 1746 696 neque

94 731 550 810 profunditatem
583 723 1028 797 Scripturarum
1048 720 1404 791 intelligunt.

155 825 326 879 Vsus.
354 814 808 883 7.—Di.ritque
861 811 1049 868 Jacob
1090 815 1288 880 pasto;
1305 809 1435 864 ibus
1461 822 1484 862 ,ο
1535 803 1748 860 Adhuc

92 915 336 971 multum
368 915 600 976 tempus
630 903 753 960 diei
785 907 1072 971 superest.
1109 898 1429 966 Quomodo
1459 894 1748 952 Dominus

91 1004 192 1060 ista
214 999 478 1074 loquitur
504 992 1024 1067 prsedicatoribus,
1079 990 1376 1058 videlicet,
1425 987 1568 1061 quia
1596 982 1746 1040 mul-

92 1098 206 1150 tum
236 1089 501 1164 spatium
528 1089 619 1144 est
648 1082 874 1141 amodo
923 1097 1116 1156 usque
1149 1080 1230 1137 ad
1259 1080 1528 1135 futuram
1549 1089 1748 1131 resur-

93 1183 426 1244 rectionem,
460 1173 632 1248 quod
661 1171 922 1244 spatium
951 1169 1070 1226 diei
1097 1185 1222 1225 non
1251 1165 1550 1225 immerito
1582 1178 1748 1220 com-

90 1274 320 1343 paratur
348 1286 361 1334 ;
389 1265 539 1338 quia
578 1261 765 1319 modo
788 1260 927 1317 licet
960 1259 1022 1316 in
1053 1258 1317 1316 claritate
1357 1255 1495 1312 ﬁdei
1527 1253 1752 1310 consis-

89 1365 264 1416 tentes
292 1358 456 1413 bona
487 1369 684 1426 usque
728 1351 806 1408 ad
857 1350 1040 1406 ﬁnem
1091 1348 1296 1406 saeculi
1352 1344 1608 1420 operari.
1634 1347 1750 1400 Nec

85 1455 308 1523 tempus
327 1451 420 1504 est
441 1450 509 1501 ut
534 1443 614 1500 ad
631 1441 837 1500 caulas
869 1455 1100 1511 greges,
1141 1439 1202 1496 id
1258 1443 1348 1494 est
1377 1437 1457 1492 ad
1487 1433 1748 1492 mansio-

89 1556 184 1597 nes
229 1538 524 1603 ccelestes,
558 1533 704 1606 quia
750 1531 918 1604 prius
987 1529 1246 1603 perfecte
1292 1526 1502 1584 ﬁdeles
1535 1525 1746 1580 instru-

86 1629 210 1686 endi
257 1631 397 1684 sunt
456 1622 800 1693 cognitione
853 1620 1014 1677 ﬁdei.
1090 1619 1257 1676 Unde
1303 1622 1360 1674 et
1416 1614 1740 1672 subditur:

87 1722 224 1776 Date
265 1724 405 1775 ante
429 1720 648 1785 potum
678 1713 903 1768 ovibus.
963 1709 1194 1766 Scilicet
1249 1724 1320 1764 ac
1368 1705 1416 1762 si
1463 1704 1743 1761 dicatur:

1857 529 2132 602 plexatus
2162 535 2248 589 est
2279 546 2418 588 eum
2449 523 2712 585 brachiis
2758 514 3112 585 dilectionis,
3163 507 3386 602 etﬁdei
3420 525 3434 576 ;
3461 511 3524 602 et

1858 621 1921 680 in
1931 629 2136 680 oscula
2149 639 2348 689 ruens,
2366 617 2638 676 videlicet
2650 611 2994 670 societatem
3006 597 3530 664 reconciliationis,

1855 714 2187 792 promeruit
2214 718 2272 768 et
2327 705 2648 767 charitatis.
2693 703 2885 759 Duxit
2936 699 3002 754 in
3048 695 3291 792 domum

1858 776 2010 874 Quia
2039 802 2372 877 hospitium
2403 795 2622 856 mentis
2670 793 2724 850 ei
2773 783 3138 877 praeparavit
3184 776 3530 877 perﬁdent,

1855 864 1922 952 ut
1949 893 2012 950 in
2038 864 2180 966 ἱρεεῖ
2201 889 2477 946 habitare
2511 864 2882 954 dignaretur,
2900 876 3075 948 juxta
3099 867 3269 966 quod
3293 866 3422 966 ipse
3449 864 3534 963 ait

1855 1000 1962 1058 per
1989 953 2352 1054 Prophetam
2381 995 2394 1034 :
2418 977 2494 1032 Et
2513 953 2888 1038 inhabitabo,
2919 958 3309 1058 inambulatio
3332 957 3396 1012 in
3409 953 3526 1058 eis,

1856 1043 2072 1145 eroque
2101 1043 2181 1135 eis
2197 1076 2402 1139 pater,
2447 1071 2502 1123 et
2530 1063 2650 1134 ipsi
2676 1064 2854 1118 erunt
2901 1054 3053 1114 mihi
3085 1053 3146 1110 in
3168 1048 3347 1120 ﬁlios.
3381 1043 3528 1103 dicit

1856 1162 2145 1220 Dominus
2171 1160 2263 1229 (II
2292 1158 2429 1214 Cor.
2457 1171 2530 1219 v1,
2569 1150 2792 1222 16,18).

1927 1268 2152 1327 Deinde
2175 1267 2304 1338 jam
2339 1263 2614 1337 sequitur
2641 1261 2944 1332 quatenus
2977 1247 3166 1307 Jacob
3208 1239 3528 1338 serviendo

1857 1359 2026 1432 apud
2057 1331 2264 1414 Laban
2283 1331 2450 1411 duas
2495 1331 2725 1421 accepit
2753 1358 2992 1408 uxores,
3019 1339 3139 1432 hoc
3182 1338 3298 1432 est,
3328 1331 3530 1406 primo

1859 1426 2044 1514 Liam,
2080 1444 2348 1503 secundo
2369 1441 2610 1508 Rachel,
2627 1452 2742 1512 pro
2756 1449 2882 1525 qua
2909 1426 3147 1525 servivit
3176 1426 3406 1496 septem
3426 1433 3532 1518 an-

1856 1538 1950 1595 nis
1973 1536 2125 1594 aliis.
2147 1534 2258 1592 Sed
2291 1524 2901 1590 animadvertendum
2922 1523 3014 1576 est
3037 1523 3183 1590 quia
3207 1526 3371 1570 nunc
3398 1524 3530 1582 qui-

1855 1627 2004 1684 dam
2051 1625 2208 1682 male
2237 1622 2538 1678 aestimant
2559 1620 2700 1692 post
2730 1616 2961 1686 septem
2988 1621 3184 1666 annos
3213 1601 3363 1692 alios
3391 1613 3530 1656 eam

1859 1717 2092 1789 accepit
2122 1729 2400 1781 uxorem,
2433 1709 2542 1768 sed
2573 1711 2709 1782 post
2738 1707 2969 1776 septem
3022 1697 3152 1756 dies
3175 1691 3529 1789 nuptiarum

89 1808 341 1865 lnstruite
398 1778 752 1876 simpliciter
799 1799 1120 1872 simplices,
1177 1801 1235 1854 et
1258 1797 1340 1854 sic
1373 1795 1453 1852 ad
1477 1796 1740 1867 pastum,

1907 1778 2068 1863 rima;
2098 1803 2324 1861 uxoris.
2377 1778 2524 1859 Nam
2568 1778 2870 1870 sequitur:
2902 1792 2981 1848 Et
3001 1790 3304 1882 ingressus
3323 1785 3418 1839 est

85 1900 186 1954 hoc
225 1902 314 1954 est
365 1895 446 1952 ad
507 1890 963 1950 meditationem
1034 1888 1498 1960 Scripturarum,
1571 1881 1746 1938 redu-

92 1988 208 2043 cite.

149 2077 308 2131 Vens.
341 2077 394 2130 8.
428 2104 502 2112 -—
536 2070 652 2137 Qui
695 2067 1140 2136 responderunt
1171 2081 1194 2121 .'
1225 2066 1360 2120 Non
1403 2075 1743 2133 possumus,

86 2166 252 2222 donec
279 2162 486 2219 omnia
527 2173 748 2228 pecora
779 2159 1247 2226 congregentur,
1278 2160 1342 2210 et
1364 2163 1747 2210 amoveamus

90 2255 333 2323 lapidem
365 2251 439 2308 de
465 2265 578 2305 ore
613 2251 784 2317 putei
813 2252 876 2302 ut
908 2246 1279 2317 adaquemus
1326 2258 1559 2313 greges.
1595 2245 1748 2299 Bene

83 2342 313 2414 quidem
361 2341 536 2397 aiunt
569 2356 582 2393 :
635 2339 769 2393 Non
805 2350 1140 2405 possumus,
1175 2335 1362 2390 donec
1418 2333 1621 2388 omnia
1647 2348 1749 2401 pe-

81 2448 208 2490 cora
236 2435 705 2506 congregemur.
737 2425 888 2492 Quia
918 2423 1149 2496 antiqui
1183 2422 1606 2495 praedicatores
1636 2437 1747 2478 nec

83 2521 541 2592 profunditatem
594 2519 1060 2590 Scripturarum,
1091 2531 1201 2571 nec
1229 2514 1485 2584 gratiam
1515 2512 1746 2585 baptis-

80 2611 153 2666 mi
201 2611 326 2670 aliis
405 2609 680 2683 pandere
727 2610 1072 2679 potuerunt,
1152 2605 1347 2661 donec
1437 2602 1750 2659 adveniret

84 2707 300 2772 tempus
326 2715 453 2773 quo
509 2714 726 2755 omnes
781 2701 992 2767 gentes
1045 2711 1152 2767 per
1181 2694 1482 2750 Christum
1508 2692 1588 2748 ad
1613 2708 1750 2764 pro-

86 2789 422 2846 funditatem
476 2788 925 2860 Scripturarum
979 2789 1040 2842 et
1091 2784 1170 2841 ad
1201 2784 1429 2840 fontem
1460 2781 1746 2855 baptismi

86 2885 565 2949 aggregarentur.

147 2969 314 3027 Vens.
342 2973 396 3027 9.
427 3001 501 3010 —
521 2969 735 3025 Achuc
763 2965 1184 3037 loquebantur,
1217 2969 1272 3020 et
1322 2978 1454 3019 ecce
1506 2961 1736 3019 Rachel

88 3060 336 3115 veniebat
359 3077 497 3115 cum
531 3059 739 3115 ovibus
763 3057 963 3126 patris
985 3055 1097 3111 sui.
1116 3055 1272 3109 Nam
1314 3067 1558 3124 gregem
1597 3053 1736 3121 ipsa

81 3149 362 3216 pascebat.
393 3152 599 3205 Potest
628 3147 788 3202 enim
805 3161 914 3218 per
941 3143 1180 3209 Rachel,
1225 3159 1361 3216 quae
1389 3144 1511 3199 ovis
1560 3142 1742 3197 inter-
1775 3165 1816 3222 ο

85 3244 350 3308 pretatur,
377 3237 647 3294 Ecclesia
672 3235 1015 3304 signiﬁcari,
1036 3249 1172 3307 quae
1200 3233 1364 3304 pavit
1391 3231 1535 3287 olim
1558 3236 1614 3287 et
1642 3247 1744 3303 pa-

86 3328 181 3384 scit
204 3328 384 3385 modo
413 3326 718 3401 populum
751 3325 1138 3389 catholicum,
1195 3339 1332 3395 quae
1370 3319 1517 3377 'cum
1549 3320 1742 3377 ﬁdeli-

83 3415 183 3472 bus
203 3417 358 3474 venit
383 3417 464 3474 ad
486 3416 812 3474 Christum.

145 3508 306 3565 Vens.
336 3513 420 3564 10.
444 3540 518 3549 -
553 3509 744 3575 Quam
771 3521 904 3562 cum
940 3504 1178 3560 vidisset
1207 3502 1420 3559 Jacob.
1453 3500 1743 3557 Dominus

86 3597 302 3663 scilicet,
333 3614 513 3654 verus
542 3598 995 3666 supplantator;
1027 3599 1080 3650 el
1105 3595 1283 3649 sciret
1315 3592 1739 3648 consobrinam

86 3700 256 3752 suam,
291 3687 622 3744 Ecclesiam
658 3685 930 3741 videlicet
958 3683 1034 3738 de
1077 3682 1356 3753 gentibus
1405 3680 1741 3748 collectam,

87 3790 205 3846 qua:
251 3776 370 3834 tilia
399 3775 629 3832 exstitit
679 3776 1038 3846 Synagogaa,
1082 3788 1218 3844 quae
1249 3776 1337 3827 est
1381 3785 1551 3826 soror
1585 3769 1741 3825 unici

89 3864 196 3921 Filii
219 3867 313 3922 Dei
341 3867 555 3932 Patris,
586 3865 762 3935 cujus
789 3863 916 3919 ﬁlia
939 3862 1157 3918 dicitur
1177 3877 1307 3918 esse
1330 3877 1438 3933 per
1462 3859 1738 3930 gratiam.

90 3953 212 4010 Oves
242 3956 472 4020 Laban,
497 3955 799 4012 avunculi
813 3953 928 4021 sui,
957 3951 1122 4008 idest
1145 3950 1380 4020 gentilis
1410 3948 1642 4022 populi,
1669 3965 1742 4004 ex

89 4059 193 4114 quo
219 4045 514 4118 processit
538 4044 710 4117 prius
745 4046 1070 4115 Synagoga
1098 4041 1456 4097 Iudaeorum
1499 4039 1576 4096 de
1618 4055 1744 4112 qua

88 4133 351 4191 Dominus
381 4150 639 4192 carnem
698 4147 1009 4189 assumere
1067 4131 1352 4201 dignatus
1404 4133 1511 4186 est.
1546 4131 1743 4195 Quan-

87 4236 250 4294 quam
301 4225 508 4280 Laban
577 4222 850 4278 divinam
895 4220 1189 4291 signiﬁcet
1241 4219 1520 4290 gratiam,
1567 4219 1742 4288 cujus

88 4325 208 4367 oves
237 4317 373 4369 sunt
405 4328 627 4369 omnes
683 4311 870 4367 electi.
906 4311 1146 4366 Amovit
1198 4309 1461 4379 lapidem
1491 4324 1607 4380 quo
1635 4324 1745 4377 pu~

89 4406 194 4456 teus
231 4403 656 4465 claudebatur,
687 4399 750 4456 id
779 4404 867 4456 est
895 4399 1179 4456 duritiam
1201 4397 1370 4468 legis,
1403 4412 1527 4470 qua
1565 4396 1738 4469 spiri-

87 4491 198 4546 talis
233 4491 626 4564 intelligentia
651 4489 1072 4547 claudebatur.

146 4581 303 4637 Vmis.
331 4587 418 4638 Η.
448 4613 520 4623 -—
549 4581 626 4636 Et
648 4580 1176 4650 adaquato-grege.
1209 4576 1446 4634 Refecto
1466 4575 1741 4633 videlicet

86 4671 464 4741 populoﬁdeli
495 4687 570 4727 ex
597 4669 1005 4742 profunditate
1031 4668 1491 4740 Scripturarum,
1517 4683 1624 4722 seu
1652 4682 1743 4723 re-

89 4764 214 4813 nato
241 4759 400 4816 fonte
459 4758 868 4831 baptismatis.
912 4759 1233 4814 Osculatus
1261 4763 1346 4813 est
1397 4771 1546 4812 eam.
1583 4755 1743 4821 Quia

90 4854 274 4916 postea
299 4849 727 4907 reconciliatus
756 4853 849 4904 est
881 4847 1205 4904 Ecclesiam
1232 4862 1428 4903 suam.
1458 4846 1743 4903 Elevata-

93 4953 185 5005 que
213 4955 342 4996 voce
364 4940 559 5009 ﬂevit,
591 4937 793 5006 Flevit,
826 4938 976 5011 quia
1028 4937 1312 4994 misertus
1364 4939 1455 4993 est
1507 4936 1743 5006 generis

90 5021 336 5084 humani.

150 5117 300 5174 Vens.
336 5119 422 5174 l2.
449 5149 523 5159 -
549 5118 631 5173 Et
661 5116 950 5173 indicavit
973 5117 1027 5173 ei
1045 5116 1207 5188 quod
1238 5116 1444 5185 frater
1467 5121 1613 5171 esset
1631 5129 1742 5184 pa-

94 5205 182 5259 tris
229 5209 352 5276 ejus
405 5213 462 5264 et
501 5207 672 5275 filius
725 5206 1024 5263 Rebeccae.
1057 5205 1210 5260 Bene
1240 5204 1342 5273 ait,
1374 5209 1428 5259 et
1448 5204 1741 5259 indicavit

91 5296 224 5359 quod
244 5299 443 5365 frater
467 5301 618 5353 esset
639 5297 836 5364 patris
857 5298 992 5365 eius
1011 5301 1066 5351 et
1087 5295 1253 5363 ﬁlius
1276 5293 1569 5350 Rebecca.
1589 5293 1741 5354 Quia

95 5396 150 5436 ex
175 5385 340 5458 stirpe
367 5385 860 5460 patriarcharum
916 5390 974 5440 et
1001 5401 1075 5440 ex
1123 5386 1448 5456 Synagoga
1509 5382 1741 5440 Judaao-

95 5485 206 5528 rum
224 5475 509 5532 Dominus
537 5473 848 5531 incarnari
869 5472 1157 5544 dignatus
1180 5477 1300 5531 est:
1324 5473 1410 5529 At
1437 5474 1548 5530 illa
1575 5473 1740 5544 festi-

98 5570 222 5614 nans
244 5560 551 5618 nuntiavit
588 5560 760 5628 patri
785 5574 912 5614 suo.
947 5559 1098 5624 Quia
1118 5557 1376 5614 Ecclesia
1406 5573 1530 5614 non
1561 5557 1738 5615 exsti-

99 5643 150 5699 tit
165 5654 422 5706 contenta
441 5647 835 5706 solummodo
847 5648 1093 5721 propria
1105 5647 1315 5712 salute,
1335 5647 1436 5702 sed
1458 5647 1737 5716 gentibus

100 5739 246 5807 atque
270 5738 648 5814 sapientibus
681 5739 864 5809 hujus
894 5738 1110 5796 mundi
1134 5737 1462 5811 praedicare
1487 5737 1731 5796 studuit.

157 5826 315 5888 Vns.
364 5836 450 5892 ta.
471 5861 545 5873 -—
564 5830 680 5899 Qui
706 5844 844 5889 cum
875 5829 1140 5888 audisset
1179 5827 1408 5886 venisse
1435 5828 1641 5896 Jacob,
1669 5831 1738 5897 ﬁ-

1854 1871 2106 1964 Rachel,
2148 1899 2203 1951 et
2232 1893 2450 1949 dilexit
2479 1887 2708 1946 Rachel
2746 1882 2938 1953 magis
2999 1891 3181 1951 quam
3230 1872 3431 1964 Liam,
3457 1871 3527 1964 ‘et

1855 1986 2100 2044 servivit
2122 1984 2176 2041 ei
2194 1988 2413 2053 septem
2444 1979 2621 2037 annis
2651 1975 2812 2033 aliis.
2838 1969 2984 2028 lnde
3014 1965 3128 2022 sibi
3151 1959 3386 2053 accepit
3410 1956 3528 2053 Diae

1856 2074 2160 2140 ancillam,
2201 2045 2449 2128 nomine
2502 2065 2746 2134 Zelfam,
2805 2065 2862 2118 et
2916 2055 3200 2116 ancillam
3248 2045 3524 2140 Rachelis

1859 2165 2084 2231 Balam,
2119 2136 2192 2219 ex
2222 2161 2446 2234 quibus
2487 2161 2750 2230 quatuor
2783 2140 3322 2234 genuitduodeeim
3363 2136 3524 2196 ﬁlios

1857 2258 1914 2311 et
1925 2228 2109 2310 unam
2125 2228 2332 2307 ﬁliani.
2349 2251 2429 2305 De
2440 2228 2544 2303 Lia
2557 2244 2780 2301 scilicet
2795 2237 3002 2310 genuit
3011 2233 3243 2300 Ruben,
3260 2228 3525 2293 Simeon,

1857 2343 2011 2413 Levi,
2044 2341 2284 2406 ludam,
2312 2339 2575 2398 lsachar,
2607 2331 2878 2390 Zabulon
2909 2347 2922 2397 ;
2949 2326 3026 2383 de
3054 2319 3275 2413 Rachel
3322 2320 3527 2413 autem

1856 2404 2081 2505 Joseph
2136 2435 2195 2486 et
2236 2404 2590 2499 Benjamin;
2643 2423 2719 2479 de
2749 2419 2914 2487 Bala,
2965 2412 3185 2505 ancilla
3229 2404 3524 2505 Rachelis,

1860 2495 2071 2579 Dan‘et
2096 2495 2477 2592 Nepthalim;
2527 2515 2602 2570 de
2632 2511 2809 2581 Zelfa,
2843 2505 3061 2565 ancilla
3115 2501 3276 2592 Liaa,_
3305 2495 3429 2556 Gad
3469 2497 3529 2552 et
3619 2563 3628 2568 η

1856 2614 2026 2668 Aser.
2052 2610 2122 2663 Hi
2149 2589 2289 2664 sunt
2316 2604 2640 2663 duodecim
2671 2600 2777 2656 ﬁlii
2799 2595 2980 2657 Israel
3001 2589 3376 2668 patriarchae.

1925 2737 2040 2794 Sed
2070 2740 2398 2808 antequam
2447 2731 2587 2788 inde
2636 2731 2848 2799 [Petr.,
2903 2722 2986 2798 in]
3028 2718 3270 2808 longius
3301 2712 3527 2808 stylum

1854 2831 2184 2893 vertamus,
2226 2802 2373 2880 libet
2401 2822 2654 2878 istorum
2683 2819 2928 2892 propter
2948 2806 3382 2884 compendium
3405 2802 3525 2858 lec-

1854 2916 2032 2972 tionis
2085 2912 2487 2987 etymologias
2541 2907 2863 2966 nominum
2915 2901 3138 2978 pariter
3189 2896 3408 2963 dicere,
3460 2894 3528 2987 ut

1854 3004 2288 3078 compendiose
2307 2980 2582 3062 sermone
2606 2995 2999 3054 ostendamus
3019 2985 3356 3059 legentibus
3377 2980 3528 3056 quid

1852 3095 1913 3150 in
1946 3093 2070 3150 suis
2102 3091 2412 3148 vocabulis
2433 3087 2899 3146 resonant.Nam
2930 3097 3004 3137 ex
3034 3077 3236 3135 causis
3268 3071 3526 3148 propriis

1852 3183 2102 3240 nemina
2122 3181 2367 3256 prepria
2398 3179 2776 3251 acceperunt,
2809 3178 2876 3229 ut
2906 3175 3009 3228 aut
3034 3166 3248 3224 futuris
3280 3161 3528 3236 quibus-

1855 3274 2000 3330 dam
2033 3252 2143 3329 aut
2188 3252 2607 3345 praecendibus
2649 3279 2860 3322 eorum
2903 3260 3100 3318 causis
3140 3252 3523 3320 conveniant.

1853 3367 2070 3419 Verum
2121 3365 2402 3417 manente
2428 3358 2490 3415 in
2522 3356 2606 3413 eis
2653 3352 2882 3429 spritali
2922 3349 3323 3412 sacramento,
3361 3356 3527 3398 nunc

1853 3453 2019 3526 prius
2045 3455 2280 3508 tantum
2311 3449 2388 3505 ad
2412 3448 2647 3504 litteran
2695 3439 3216 3516 interpretationes
3261 3431 3525 3526 historiae

1853 3522 2300 3616 prosequimur,
2367 3543 2434 3594 ut
2479 3540 2693 3610 postea
2760 3531 3073 3589 valeamus
3150 3522 3526 3582 manifestius

1856 3611 2150 3705 spiritales
2183 3645 2393 3686 eorum
2430 3624 2896 3698 signiﬁcationes
2926 3620 3302 3694 depromere,
3333 3611 3526 3670 Jacob

1853 3703 2080 3796 quippe
2121 3722 2544 3794 interpretatur
2587 3716 3039 3786 supplantator,
3079 3709 3203 3764 sive
3255 3703 3424 3796 quod
3461 3719 3526 3796 in

1853 3792 2024 3868 (irtu—
2052 3792 2323 3885 plantam
2383 3806 2687 3864 nascentis
2756 3801 2954 3860 fratris
3035 3792 3521 3885 apprehenderit,

1857 3902 1977 3957 sive
2033 3879 2201 3974 quod
2249 3903 2462 3972 postea
2507 3897 2752 3952 fratrem
2811 3895 2935 3947 arte
2981 3885 3301 3962 deceperit.
3353 3879 3523 3940 Unde

1855 3995 1911 4049 et
1966 3995 2123 4047 Esau
2170 3989 2350 4046 dixit:
2406 3989 2575 4043 Juste
2641 3988 2915 4041 vocatum
2966 3986 3050 4037 est
3120 3990 3335 4034 nomen
3394 3975 3524 4044 ejus

1851 4083 2083 4140 Jacob:
2106 4079 2526 4150 supplantavit
2567 4077 2724 4133 enim
2745 4088 2837 4130 me
2860 4087 2931 4131 en
2963 4071 3162 4127 altera
3217 4067 3360 4124 vice.
3419 4061 3524 4120 Lia

1853 4173 2272 4244 interpretatur
2296 4169 2618 4235 laboriosa,
2653 4164 2856 4238 utique
2899 4157 3270 4233 generando.
3314 4154 3519 4244 Plures

1851 4243 2027 4319 enim,
2060 4261 2299 4318 dolores
2352 4275 2541 4334 quam
2595 4255 2814 4314 Rachel
2842 4251 3207 4312 fecunditate
3243 4243 3522 4322 pariendi

1851 4356 2096 4426 experta
2115 4343 2225 4407 est;
2259 4348 2478 4405 Rachel
2520 4347 2944 4421 interpretatur
2969 4343 3112 4400 ovis.
3136 4343 3247 4400 Pro
3264 4354 3340 4395 ea
3357 4335 3522 4394 enim

1849 4443 2035 4500 Jacob
2065 4441 2233 4516 pavit
2251 4439 2517 4513 primum
2539 4453 2684 4494 oves
2717 4434 2944 4493 Laban.

1765 4529 1811 4584 ι)
1922 4555 2091 4608 Vens.
2122 4549 2404 4608 20.-Et
2449 4546 2811 4606 videbantur
2867 4545 2922 4603 ei
2950 4543 3142 4618 pauci
3171 4539 3315 4604 dies,
3363 4533 3523 4608 Quid

1851 4641 2105 4709 esthoc,
2167 4656 2307 4698 cum
2344 4638 2541 4709 magis
2577 4637 2761 4696 breve
2814 4638 3057 4707 tempus
3105 4632 3362 4701 longum
3389 4638 3522 4684 esse,

1852 4732 2040 4789 soleat
2068 4729 2414 4788 amantibus
2439 4729 2466 4785 ‘t
2496 4725 2610 4783 Sed
2627 4725 2857 4782 dictum
2878 4727 2968 4782 est
2986 4724 3230 4795 propter
3249 4715 3525 4774 laborem

1853 4821 2172 4883 servitutis,
2206 4836 2391 4894 quem
2434 4816 2674 4874 facilem
2731 4819 2788 4874 et
2816 4813 3012 4872 levem
3045 4824 3216 4866 amor
3244 4802 3520 4867 faciebat,

1922 4930 2152 4995 Ruben,
2181 4927 2386 4985 videns
2399 4927 2619 4997 ﬁlium,
2645 4923 2742 4980 vel
2758 4923 2925 4993 ﬁlius
2950 4919 3212 4978 visionis.
3231 4915 3324 4972 Sic
3338 4912 3522 4986 enim,

1849 5019 2100 5094 quando
2120 5034 2262 5076 eum
2284 5015 2650 5090 peperithia,
2665 5011 2898 5070 vocavit
2929 5023 3155 5066 nomen
3170 5008 3301 5080 ejus
3315 5003 3525 5063 Ruben

1849 5109 2057 5166 dicens
2086 5126 2098 5164 :
2141 5107 2298 5164 Vidit
2313 5108 2472 5162 Deus
2491 5103 2894 5161 humilitatem
2911 5115 3125 5158 meam.
3153 5098 3397 5158 Simeon
3419 5111 3527 5154 au-

1849 5200 1996 5256 ditio
2016 5197 2111 5254 vel
2140 5196 2486 5254 exauditus.
2511 5193 2603 5250 Sic
2630 5192 2792 5249 enim
2811 5191 2964 5249 dixit
2993 5191 3094 5248 Lia
3113 5189 3365 5265 quando
3384 5202 3526 5244 eum

1848 5288 2110 5364 peperit:
2138 5287 2292 5354 Quia
2314 5285 2630 5344 exaudivit
2650 5299 2743 5342 me
2761 5289 2934 5342 Deus.
2954 5280 3237 5340 Nonnulli
3257 5278 3420 5336 enim
3440 5277 3532 5332 in-

1846 5380 2248 5451 terpretantur
2261 5374 2497 5433 audivit
2515 5374 2849 5442 tristitiam,
2861 5372 2958 5429 vel
2969 5385 3194 5428 nomen
3211 5367 3531 5426 habitacu-

1846 5468 1884 5525 li
1900 5466 2064 5540 quod
2080 5463 2419 5538 spiritaliter
2434 5461 2732 5534 congruit.
2748 5461 2888 5520 Levi
2901 5461 3166 5533 additus,
3186 5459 3283 5517 vel
3297 5473 3528 5520 assum-

1846 5564 2004 5630 ptus.
2039 5555 2192 5612 Dixit
2215 5554 2376 5612 enim
2405 5553 2506 5611 Lia
2527 5551 2777 5626 quando
2794 5568 2935 5609 eum
2957 5551 3165 5623 genuit
3182 5566 3308 5608 non
3339 5551 3532 5609 ambi‘

1848 5663 1995 5720 gens
2025 5646 2100 5702 de
2132 5660 2340 5702 amore
2364 5644 2516 5702 viri:
2573 5644 2755 5700 Nunc
2779 5659 3010 5703 mecum
3058 5645 3174 5704 erit
3202 5644 3298 5700 vir
3341 5657 3526 5710 meus,

1847 5738 1991 5813 quia
2027 5736 2242 5806 peperi
2292 5736 2347 5792 ei
2404 5740 2520 5792 tres
2539 5734 2717 5804 ﬁlios.
2764 5734 2919 5792 Juda
2947 5735 3238 5805 confessio
3268 5735 3527 5792 dicitur:

1849 5826 2100 5916 quando
2116 5825 2280 5886 enim
2300 5825 2534 5901 peperit
2557 5839 2700 5883 eum
2719 5823 2842 5890 Lia,
2864 5824 3134 5898 laudem,
3152 5825 3406 5883 Domino
3437 5840 3529 5880 rc-
