3960 6378
422 440 540 504 799

792 443 1202 507 IlAYMONIS
1250 441 1785 505 HALBEttSTAT.
1836 436 2078 502 EPISC.
2126 438 2301 501 OPP.
2347 440 2552 503 PARS
2597 441 2644 502 Ι.
2692 474 2772 486 —
2815 440 3225 505 COMMENT.
3274 440 3478 504 BlBL.

3724 442 3851 503 800

423 582 649 652 patrem
686 577 865 634 David
915 577 1089 649 regis.
1124 576 1205 631 De
1252 576 1425 646 cujus
1472 574 1748 647 progenie
1794 572 2080 646 processit
2107 574 2221 642 Αια
2253 579 2727 642 consummatus,
2752 598 2780 627 »
2804 575 2924 632 sive
2945 576 3285 632 interfectus
3302 580 3391 633 est
3413 576 3565 648 ipse;
3590 600 3618 626 ‹‹
3644 576 3849 644 miser,

423 668 770 723 intemerata
797 666 958 737 virgo
991 664 1191 731 Maria,
1211 682 1337 736 quae
1360 663 1561 737 genuit
1581 663 1878 718 Christum
1894 678 2086 734 ,opere

423 755 678 829 Spiritus
709 753 896 809 sancti
931 753 1334 825 impraegnata,
1371 770 1484 807 non
1518 751 1742 807 semine
1775 750 1925 805 virili
1961 768 2088 823 gra-

420 844 569 899 vida.
606 844 763 899 Ruth
798 842 1118 898 Moabitida
1148 846 1313 914 petra
1342 840 1556 896 deserti
1579 840 2086 913 appellatur,quia

419 931 720 1005 gentilitas
747 949 815 987 ex
841 949 957 1004 qua
988 932 1117 1004 ipsa
1154 935 1298 999 erat,
1330 929 1557 1003 lapides
1608 947 1713 1001 pro
1762 930 1879 984 Deo
1930 928 2083 983 cole-

419 1021 580 1087 bant,
613 1024 673 1077 et
701 1021 833 1076 duri
866 1022 1038 1076 corde
1068 1023 1256 1085 erant,
1291 1019 1536 1091 ideoque
1563 1018 1804 1083 deserti,
1839 1022 1897 1072 et
1927 1019 2086 1073 dere-

416 1109 538 1165 licti
571 1128 605 1166 a
634 1110 921 1166 Creatore.
956 1113 1079 1175 Quo
1109 1126 1246 1182 ergo
1277 1112 1367 1163 est
1397 1107 1654 1163 emissus
1705 1106 1803 1161 ille
1845 1123 2036 1177 agnus
2056 1106 2084 1161 ‘I

416 1223 443 1250 ι(
477 1201 561 1256 Ad
595 1203 856 1255 montem
890 1198 1021 1254 ﬁliae
1053 1199 1214 1265 Sion,
1248 1219 1276 1247 η
1314 1198 1369 1252 id
1403 1200 1511 1263 est,
1538 1194 1635 1250 ubi
1659 1195 2085 1267 praedicavit,et

414 1288 704 1345 miracula
725 1288 880 1353 fecit,
903 1286 1005 1344 ubi
1025 1286 1202 1342 etiam
1225 1302 1435 1357 gemus
1456 1284 1786 1338 humanum
1810 1282 2080 1339 redemit.

411 1377 539 1449 Vel,
570 1378 728 1449 quod
761 1376 974 1432 melius
1005 1379 1113 1443 est,
1138 1376 1208 1429 ad
1244 1373 1562 1429 Ecclesium
1585 1376 1675 1427 est
1697 1372 2083 1443 missus,quae

416 1468 474 1523 in
506 1465 745 1538 speculo
771 1464 988 1522 mentis
1018 1469 1075 1520 et
1104 1463 1418 1519 altitudine
1448 1462 1737 1517 virtutum
1785 1460 2079 1516 consistit.

415 1554 694 1628 Quisquis
726 1554 907 1628 igitur
936 1552 1145 1626 quaerit
1174 1570 1300 1624 quae
1340 1567 1521 1605 causa
1563 1548 1853 1604 exstiterit
1902 1565 2083 1619 quare

415 1646 565 1701 Booz
594 1643 885 1715 acceperit
918 1641 1071 1696 Ruth
1108 1639 1421 1695 Moabitam
1449 1638 1508 1692 in
1527 1655 1806 1701 .uxorem,
1839 1637 1993 1707 legat
2013 1636 2080 1689 li-

412 1735 587 1791 brum
640 1731 850 1795 Rruth,
898 1729 1099 1800 ibique
1154 1726 1495 1800 plenissime
1545 1725 1820 1780 inveniet.
1858 1726 2080 1780 Tamen

411 1822 720 1878 sciendum
738 1824 831 1875 est
845 1819 955 1874 hoc
973 1816 1254 1873 divinitus
1278 1818 1657 1886 procuratum
1682 1817 1906 1881 esse,ut
1928 1813 2082 1868 sicut

410 1911 683 1967 Christus
711 1908 949 1965 Judaeos
979 1910 1037 1961 et
1065 1904 1313 1978 gentiles
1354 1903 1639 1958 redimere
1688 1901 1982 1971 veniebat,
2016 1902 2077 1957 in

408 2000 629 2073 quibus
660 1996 1247 2069 comprehenduntur
1275 1990 1474 2048 omnia
1503 2008 1718 2064 genera
1741 1991 2078 2058 hominum,

405 2090 493 2146 ita
522 2089 700 2144 etiam
733 2087 805 2143 ab
839 2089 1087 2157 utroque
1119 2081 1335 2156 populo
1356 2080 1684 2137 secundum
1708 2097 1946 2135 carnem
1969 2079 2079 2135 ori-

407 2179 609 2253 ginem
640 2175 919 2232 traheret.
1690 2232 1695 2241 .
2088 2165 2093 2169 ’

482 2291 511 2317 ‹‹
543 2268 614 2323 Et
642 2264 752 2321 erit
780 2263 935 2322 sicut
959 2262 1083 2318 avis
1116 2260 1366 2334 fugiens,
1401 2263 1458 2315 et
1486 2259 1639 2314 sicut
1670 2257 1815 2330 pulli
1840 2259 1912 2313 de
1938 2257 2075 2313 nido

406 2356 730 2422 avolantes,
760 2353 846 2410 sic
876 2355 1049 2409 erunt
1079 2350 1211 2406 ﬁliae
1255 2350 1425 2405 Moab
1474 2348 1533 2403 in
1580 2352 1929 2403 transcensu
1970 2349 2073 2401 Ar-

407 2464 602 2503 non.»
628 2445 805 2500 Vides
837 2441 1132 2514 quomodo
1164 2440 1235 2495 de
1268 2456 1386 2494 una
1417 2455 1476 2493 re
1507 2435 1720 2492 transit
1748 2436 1820 2491 ad
1872 2434 2073 2491 aliam.

407 2534 741 2592 Revertitur
769 2532 984 2603 iterum
1015 2531 1086 2587 ad
1122 2527 1519 2600 captivitatem
1545 2524 1907 2581 Moab.Sicut
1928 2525 2072 2590 avis,

406 2624 626 2696 inquit,
658 2621 808 2694 fugit
836 2623 972 2676 ante
1016 2617 1376 2690 accipitrem,
1409 2619 1469 2671 ct
1515 2614 1669 2670 sicut
1716 2613 1861 2685 pulli
1912 2611 2071 2667 citis-

406 2714 561 2770 sime
591 2711 859 2768 avolant:
894 2709 979 2765 sic
1008 2708 1122 2763 cito
1171 2705 1681 2777 transmigrabunt
1721 2701 1853 2756 tiliae
1904 2701 2073 2756 Moab

406 2803 483 2859 de
514 2806 669 2858 terra
698 2818 810 2857 sua
850 2800 909 2854 in
958 2801 1304 2853 transcensu
1353 2796 1549 2849 Arnon
1581 2809 1594 2847 :
1630 2810 1732 2864 per
1780 2808 1930 2863 quas
1973 2791 2071 2845 de-

406 2893 621 2950 bemus
649 2888 974 2961 intelligere
1012 2886 1274 2943 civitates
1305 2887 1363 2939 et
1392 2884 1592 2947 urbes,
1620 2880 1709 2937 vel
1762 2897 1962 2936 revera
1989 2879 2073 2932 vi-

406 2998 507 3039 ros
537 2985 593 3037 et
624 2979 922 3035 mulieres.
948 2978 1145 3032 Arnen
1174 2974 1379 3031 civitas
1403 2976 1511 3039 est,
1534 2970 1823 3026 terminus
1850 2967 2071 3023 Moabi-

406 3075 606 3128 tarum
639 3072 698 3125 et
724 3066 1218 3124 Amorrhaeorum.
1244 3065 1677 3119 Transcensum
1702 3063 1899 3114 autem
1930 3056 2075 3112 dicit

406 3163 647 3235 propter
675 3155 1090 3230 captivitatem.
1117 3154 1283 3210 Sicut
1312 3154 1486 3209 erunt
1514 3149 1573 3204 in
1598 3152 1947 3204 transcensu
1968 3147 2072 3201 Ar-

406 3266 549 3316 non,
579 3248 639 3304 id
669 3250 779 3317 est,
812 3245 897 3303 sic
927 3244 1270 3300 transibunt
1300 3242 1357 3296 in
1388 3238 1787 3312 captivitatem
1832 3254 1935 3309 per
1962 3237 2071 3291 Ar-

490 3353 550 3391 n.

407 3352 511 3474 nou
543 3422 630 3478 Ini
672 3419 983 3477 consilium
1014 3441 1043 3467 »
1077 3418 1435 3480 Moabitidis,
1465 3416 1524 3470 id
1575 3418 1665 3470 est
1710 3418 1931 3469 contra.
1967 3412 2071 3468 Vel

411 3511 601 3579 aliter,
636 3532 663 3559 ‹‹
694 3507 782 3564 Ini
813 3506 1152 3571 consilium,
1188 3528 1215 3554 »
1248 3505 1304 3560 id
1337 3509 1448 3573 est,
1471 3504 1627 3557 intra
1649 3503 1707 3557 in
1732 3502 2068 3557 consilium.

413 3623 443 3651 «
477 3600 628 3671 Lege
657 3594 968 3652 consilium
1002 3616 1029 3643 ι)
1058 3594 1165 3649 hoc
1188 3592 1519 3662 est,colligc
1542 3590 1855 3646 consilium
1878 3595 2070 3655 tuum,

412 3692 471 3745 et
500 3685 806 3742 considera
837 3683 1133 3756 quomodo
1167 3683 1410 3736 evadere
1442 3678 1632 3751 possis
1653 3679 2069 3751 captivitatem.

415 3800 444 3830 ‹‹
478 3777 629 3831 Pone
659 3773 827 3846 quasi
880 3777 1111 3828 noctem
1161 3770 1439 3826 umbrum
1486 3772 1649 3823 tuam
1696 3768 1755 3822 in
1806 3766 2072 3836 meridie,

409 3865 704 3923 absconde
733 3863 1047 3936 fugientes,
1069 3864 1128 3916 et
1155 3876 1333 3932 vagos
1356 3874 1431 3913 ne
1453 3858 1686 3930 prodas.
1712 3855 2076 3911 Habitabunt

410 3954 566 4027 apud
596 3958 652 4009 te
681 3951 913 4025 profugi
945 3949 1081 4005 mei.
1109 3949 1278 4004 Moab
1310 3952 1436 4003 esto
1470 3945 1783 4002 latibulum
1816 3962 2018 4000 eorum
2042 3962 2076 3999 a

410 4044 558 4100 facie
587 4039 919 4098 vastatoris.
947 4062 975 4090 »
998 4040 1335 4095 Notandum
1368 4037 1508 4109 quia
1549 4040 1682 4091 ante
1726 4038 1957 4090 vastata
1987 4038 2077 4090 est

409 4129 779 4189 Hierusalem
812 4130 883 4185 ab
915 4126 1191 4201 Assyriis,
1216 4131 1274 4181 et
1294 4129 1497 4197 postea
1525 4142 1559 4179 a
1591 4122 1880 4179 Chaldaeis
1911 4126 2073 4177 ante-

410 4238 591 4294 quam
621 4220 790 4276 Moab
827 4236 838 4274 :
876 4218 1124 4289 ideoque
1156 4214 1493 4288 praecipitur
1513 4213 1563 4269 ei
1587 4217 1653 4267 ut
1683 4212 1971 4285 fugientes
2001 4212 2072 4267 ad

2197 662 2426 733 defecit,
2458 663 2559 736 qui
2589 665 2972 721 conculcabat
3013 668 3253 721 terram.
3284 686 3312 715 »
3346 665 3630 722 vastando
3660 664 3851 735 illam,

2194 755 2251 806 et
2281 751 2683 809 interficiendo
2714 753 3074 810 habitatores
3104 754 3252 825 ejus.

2270 862 2298 890 ‹‹
2331 841 2399 895 Et
2420 843 2845 914 praeparabitur
2864 843 2923 898 in
2947 842 3348 900 misericordia
3368 842 3662 909 solium,et
3685 844 3853 899 sede-

2194 929 2281 984 bit
2311 946 2491 1002 super
2518 929 2664 986 illud
2696 931 2756 986 in
2787 930 3029 986 veritate
3060 930 3121 986 in
3151 930 3525 987 tabernaculo
3555 932 3857 1003 David,jn~

2195 1017 2399 1075 dicans
2430 1024 2487 1075 et
2515 1036 2785 1091 quaerens
2826 1019 3142 1091 judicium,
3176 1024 3234 1076 et
3282 1019 3555 1077 velociter
3601 1021 3858 1076 reddens

2195 1109 2349 1179 quod
2371 1108 2603 1178 justum
2627 1113 2737 1165 est.
2764 1132 2792 1159 »
2820 1109 2978 1165 Licet
3004 1109 3191 1166 Judaei
3220 1110 3474 1165 referant
3493 1108 3607 1166 ista
3624 1111 3696 1165 ad
3720 1111 3857 1166 Eze-

2194 1197 2408 1267 chiam,
2429 1198 2526 1270 qui
2552 1202 2684 1270 post
2708 1202 2953 1254 mortem
2976 1200 3086 1254 Sen
3097 1197 3373 1254 nacherib
3396 1198 3455 1253 in
3479 1215 3619 1271 pace
3641 1215 3854 1271 regna-

2192 1287 2312 1342 vit:
2339 1286 2549 1343 melius
2582 1290 2776 1343 tamen
2809 1289 2881 1343 de
2910 1286 3139 1345 Christo
3170 1286 3598 1359 intelliguntur.
3622 1290 3690 1343 Et
3718 1304 3853 1359 per-

2193 1376 2661 1448 tinentquandam
2674 1393 2743 1432 ex
2758 1376 2853 1433 his
2869 1376 2939 1432 ad
2960 1377 3216 1448 primum
3235 1377 3853 1449 adventum,quaedam

2194 1468 2390 1519 autem
2417 1466 2491 1521 ad
2525 1466 2998 1521 secundum.Hoc
3019 1465 3176 1521 enim
3200 1466 3355 1538 quod
3386 1464 3531 1521 dicit
3559 1482 3854 1538 praepara-

2193 1553 2354 1609 bitur
2382 1553 2441 1609 in
2475 1554 2879 1610 misericordia
2907 1555 3007 1610 Dei
3040 1554 3226 1611 Patris
3268 1553 3507 1622 solium,
3540 1554 3597 1610 id
3641 1558 3734 1610 est
3762 1571 3853 1610 re-

2192 1660 2377 1715 gnum
2408 1643 2621 1700 Christi
2648 1662 2661 1699 :
2686 1648 2744 1699 et
2772 1643 2998 1699 sedebit
3020 1660 3197 1715 super
3218 1642 3361 1699 illud
3390 1643 3451 1698 in
3472 1642 3858 1700 tabernaculo

2191 1732 2511 1800 David,hoc
2523 1733 2697 1801 est,in
2708 1733 2994 1789 Ecclesia:
3012 1733 3083 1787 ad
3106 1731 3362 1805 primum
3384 1733 3513 1803 ejus
3533 1733 3856 1789 adventum

2189 1825 2279 1876 est
2310 1822 2697 1892 referendum,
2731 1826 2788 1879 et
2814 1823 2886 1877 ad
2919 1824 3155 1894 tempus
3198 1824 3373 1877 sextae
3422 1820 3611 1876 aetatis
3641 1820 3700 1876 in
3735 1838 3862 1893 qua

2190 1911 2363 1965 modo
2416 1928 2647 1967 sumus.
2682 1911 2894 1983 Magna
2924 1910 2973 1965 si
3021 1909 3263 1983 quidem
3314 1908 3718 1967 misericordia
3750 1909 3855 1965 Dei

2190 1998 2378 2081 Patris
2410 1999 2539 2068 fuit,
2565 2004 2629 2055 ut
2660 1998 3028 2072 unigenitum
3062 1997 3278 2054 Filium
3309 2014 3483 2055 suum
3515 2014 3619 2070 pro
3650 2001 3861 2054 nostra

2188 2088 2380 2145 salute
2408 2090 2480 2145 ad
2508 2106 2615 2145 nos
2647 2088 3022 2144 redimendos
3050 2086 3341 2143 mitteret:
3367 2086 3469 2160 qui
3491 2087 3656 2144 sedet
3676 2087 3858 2142 modo

2188 2178 2248 2233 in
2282 2178 2449 2246 solio,
2483 2177 2603 2234 sive
2635 2177 2695 2233 in
2725 2175 3104 2233 tabernaculo
3135 2176 3337 2244 David,
3370 2176 3480 2232 hoc
3510 2178 3619 2247 est,
3650 2174 3713 2230 in
3745 2175 3856 2230 Ec-

2186 2266 2366 2323 clesia
2395 2266 2769 2339 requiescens
2795 2269 2853 2321 et
2884 2281 3138 2338 regnans
3167 2264 3228 2320 in
3261 2264 3537 2321 cordibus
3581 2263 3851 2320 fidelium

2184 2373 2288 2427 per
2318 2356 2494 2411 ﬁdem
2527 2359 2586 2411 et
2615 2353 3009 2410 dilectionem.
3041 2354 3157 2409 Hoc
3186 2370 3319 2410 vero
3352 2354 3508 2425 quod
3539 2352 3850 2426 sequitur:

2183 2444 2466 2500 Judicans
2496 2442 2576 2511 (id
2609 2446 2700 2498 est
2717 2441 3083 2509 discernens)
3106 2446 3165 2497 et
3183 2458 3450 2514 quaerens
3463 2441 3857 2513 judicium,et

2180 2532 2455 2588 velociter
2484 2532 2733 2587 reddens
2764 2530 2920 2603 quod
2934 2530 3167 2601 justum
3191 2533 3310 2585 est:
3335 2527 3567 2601 proprie
3589 2530 3663 2584 ad
3688 2529 3849 2584 diem

2174 2621 2383 2694 judicii
2416 2620 2669 2693 pertinet
2693 2636 2706 2675 :
2732 2620 2968 2692 quando
2990 2619 3118 2690 ipse
3141 2619 3434 2674 discernet
3455 2617 3608 2673 inter
3629 2616 3850 2673 electos

2182 2714 2239 2765 et
2270 2711 2567 2782 reprobos,
2583 2709 2834 2766 reddens
2856 2707 3108 2780 singulis
3128 2707 3284 2780 quod
3301 2707 3534 2778 justum
3559 2705 3852 2774 est,bonis

2183 2800 2336 2856 bona
2366 2803 2425 2855 et
2455 2798 2626 2853 malis
2657 2797 2833 2852 mala.
2864 2797 2936 2853 Et
2975 2796 3086 2853 hoc
3114 2795 3390 2852 velociter
3419 2793 3608 2863 faciet,
3643 2794 3851 2850 dicens

2182 2888 2382 2946 electis
2407 2906 2419 2944 :
2445 2887 2673 2954 Venite,
2706 2886 2997 2943 benedicti
3020 2884 3208 2941 Patris
3230 2884 3366 2941 mei.
3395 2906 3423 2935 »
3445 2885 3516 2940 Et
3537 2882 3804 2957 reprobis
3831 2901 3844 2938 :

2186 3002 2214 3030 ‹‹
2247 2978 2539 3035 Discedite
2570 2995 2605 3033 a
2634 2992 2748 3045 me,
2784 2974 3080 3031 maledicti
3112 2973 3319 3041 (Matth.
3340 2976 3493 3042 xxv).
3529 2994 3558 3022 ››

2257 3090 2286 3118 ‹‹
2316 3066 2665 3123 Audivimus
2696 3064 3034 3137 superbiam
3066 3063 3259 3133 Moab,
3293 3062 3586 3134 superbus
3614 3063 3706 3115 est
3725 3058 3843 3114 val-

2183 3159 2274 3214 de.
2311 3156 2599 3229 Superbia
2626 3155 2756 3226 ejus
2788 3157 2845 3210 et
2874 3152 3211 3226 arrogantia
3239 3153 3368 3223 ejus
3417 3154 3476 3207 et
3518 3149 3843 3223 indignatio

2185 3247 2335 3319 ejus,
2370 3245 2686 3318 plusquam
2718 3242 2997 3298 fortitudo
3043 3242 3197 3313 ejus,
3232 3263 3260 3290 ››
3294 3240 3352 3296 id
3400 3242 3491 3295 est
3539 3238 3727 3309 major
3754 3240 3846 3293 est

2103 3312 2147 3378 (ἶ
2172 3312 2463 3406 superbia
2487 3312 2638 3404 ejus,
2672 3346 2849 3403 quam
2883 3312 3162 3385 fortitudo
3192 3329 3343 3401 ejus.

2254 3446 2281 3473 ‹‹
2320 3421 2602 3477 Idcirco»
2648 3418 2957 3486 subaudis,
3004 3418 3145 3491 quia
3196 3418 3385 3489 major
3432 3419 3522 3473 est
3568 3415 3844 3487 superbia

2182 3513 2311 3581 ejus
2338 3515 2397 3566 et
2424 3508 2752 3582 indignatio
2784 3511 2989 3564 contra
3008 3506 3346 3573 Dominum,
3365 3522 3543 3578 quam
3566 3502 3843 3559 fortitudo

2182 3599 2344 3655 illius
2368 3616 2381 3655 :
2407 3622 2434 3647 ‹‹
2460 3598 2712 3653 ululabit
2739 3597 2908 3653 Moab
2932 3597 3003 3652 ad
3037 3596 3230 3665 Moab,
3259 3617 3285 3645 ι)
3308 3594 3460 3650 cives
3482 3592 3747 3649 videlicet
3769 3591 3841 3645 ad

2183 3688 2357 3755 cives,
2414 3688 2591 3742 frater
2640 3687 2710 3741 ad
2765 3686 3028 3752 fratrem,
3064 3707 3092 3736 (ι
3123 3684 3434 3741 universus
3477 3706 3505 3735 »
3559 3679 3840 3738 subaudis

2185 3775 2439 3842 Moah,'«
2473 3774 2742 3831 ululabit.
2781 3797 2808 3823 ››
2837 3774 3168 3829 Revertitur
3193 3772 3406 3828 iterum
3430 3773 3502 3828 ad
3527 3770 3693 3827 Moab
3713 3786 3840 3842 pro-

2184 3866 2381 3937 pheta.

2260 3975 2286 4002 ‹‹
2321 3953 2423 4008 His
2439 3951 2538 4025 qui
2560 3952 2832 4007 laetantur
2848 3968 3025 4023 super
3045 3968 3247 4008 muros
3263 3948 3410 4006 cocti
3428 3947 3838 4020 lateris,loqui-

2185 4041 2330 4097 mini
2364 4041 2567 4114 plagas
2599 4058 2759 4107 suas,
2794 4040 3075 4112 quoniam
3107 4038 3449 4095 suburbana
3487 4038 3713 4094 Esebon
3744 4051 3837 4090 va-

2185 4136 2340 4189 stata
2367 4135 2529 4200 sunt,
2565 4135 2622 4186 et
2652 4131 2819 4185 vinea
2850 4129 3146 4185 Sabama»
3169 4128 3455 4186 subaudis
3476 4127 3706 4182 deserta
3724 4127 3833 4181 est.

2186 4223 2293 4278 Per
2322 4221 2431 4277 hoc
2462 4221 2617 4293 quod
2649 4218 2811 4283 dicit,
2843 4218 2938 4273 his
2985 4216 3257 4273 Moabitis
3306 4216 3409 4289 qui
3451 4216 3753 4271 confidunt
3781 4211 3839 4267 in

410 4326 473 4366 se
502 4310 574 4364 de
606 4305 821 4381 populo
852 4306 954 4362 Dei
987 4304 1276 4381 suscipiat
1297 4309 1355 4359 et
1377 4302 1881 4359 abscondat.Pone
1906 4301 2073 4374 quasi

2232 4309 2592 4365 mctionibus
2623 4324 2929 4364 murorum
2962 4302 3694 4377 1atericiorum,loquimini
3719 4301 3840 4374 pla-

411 4404 642 4456 noctem
674 4398 882 4453 ubram
915 4401 1100 4463 tuam,
1128 4396 1185 4451 id
1208 4398 1299 4450 est
1330 4394 1522 4466 praebe
1550 4391 1767 4464 populo
1799 4409 1971 4447 mone
1994 4393 2077 4446 fu-

410 4489 539 4563 gicn
550 4489 592 4544 ti
611 4487 683 4545 ab
710 4485 964 4559 Assyriis
983 4483 1121 4541 vela
1137 4482 1427 4540 Chaldaeis
1446 4481 1847 4537 defensionem
1869 4484 2031 4536 tuam
2059 4498 2072 4535 :

412 4582 479 4633 ut
509 4594 610 4632 eos
637 4575 970 4630 abscondas
1002 4590 1037 4628 a
1068 4572 1214 4628 facie
1245 4568 1832 4644 persequentium.Et
1863 4568 1921 4623 in
1956 4587 2076 4625 me-

2186 4416 2291 4473 gas
2323 4398 2547 4467 suas,id
2566 4402 2657 4453 est
2673 4400 2919 4452 mortem
2935 4394 3403 4467 etcaptivitatem
3424 4412 3436 4449 :
3454 4397 3511 4450 et
3522 4391 3839 4465 potentiam

2187 4488 2450 4560 pristinae
2495 4484 2789 4542 felicitatis
2839 4484 3117 4553 ostendit,
3144 4487 3201 4539 et
3251 4483 3483 4556 plagam
3528 4480 3841 4553 repentinae

2187 4574 2607 4643 subversionis.
2641 4573 2995 4630 Suburbana
3025 4572 3303 4628 dicuntur
3343 4570 3453 4628 vici
3503 4573 3562 4629 et
3607 4566 3842 4631 villulae,

412 4666 559 4721 Pidio
589 4664 750 4721 istud
782 4663 1063 4735 adimple,
1096 4661 1152 4717 id
1187 4666 1297 4727 est,
1330 4660 1389 4715 ίη
1419 4662 1622 4731 aperta
1672 4658 2077 4730 Persecutione
2108 4678 2155 4743 ι)
2186 4665 2552 4721 adhaerentes
2583 4661 2943 4719 civitatibus.
2978 4662 3204 4717 Esebon
3237 4664 3434 4716 autem
3482 4657 3683 4715 civitas
3735 4655 3842 4712 fuit

413 4760 471 4813 et
504 4754 843 4828 captivitate
874 4752 1203 4809 abscondas
1235 4749 1528 4822 fugientes
1550 4746 1863 4803 Israelitas.
1892 4749 1962 4803 Et
1981 4766 2077 4804 va—

414 4861 519 4918 gos
549 4844 621 4899 de
650 4841 776 4898 loco
806 4842 879 4897 ad
911 4840 1107 4896 locum
1157 4838 1481 4911 fugitantes
1520 4853 1593 4891 ne
1624 4836 1855 4908 perdas,
1886 4836 1975 4891 vel
2008 4854 2081 4892 ne

415 4933 614 4988 tradas
645 4930 919 4987 hostibus
942 4930 1088 4985 suis.
1112 4927 1357 4982 Vastata
1377 4924 1535 4980 enim
1559 4922 2078 4997 Hierusalem,quae

415 5019 666 5077 confinis
696 5021 785 5074 est
816 5018 943 5084 tibi,
976 5016 1329 5072 habitabunt
1359 5013 1514 5086 apud
1557 5017 1614 5068 te
1663 5012 1897 5085 profugi
1944 5013 2078 5068 mei.

416 5108 667 5181 Ideoque
700 5106 971 5178 praecipio
994 5105 1120 5171 tibi,
1149 5104 1339 5169 Moab,
1362 5106 1425 5156 ut
1444 5101 1526 5156 sis
1546 5100 1857 5156 latibulum
1878 5118 2080 5157 eorum

417 5214 451 5253 a
484 5195 629 5253 facie
656 5195 1026 5268 Assyriorum
1058 5193 1143 5250 vel
1190 5191 1620 5247 Chaldaeorum.
1652 5212 1680 5239 ‹‹
1718 5189 1946 5247 Finitus
1995 5196 2085 5247 est

418 5284 632 5356 pulvis.
672 5307 697 5333 »
725 5284 930 5339 Subito
962 5283 1174 5338 transit
1204 5280 1490 5353 propheta
1520 5280 1593 5335 ad
1616 5278 2082 5336 interfectionem

408 5370 818 5428 'Sennacherib
853 5386 865 5425 :
900 5370 998 5443 qui
1033 5369 1224 5443 pulvis
1256 5366 1588 5441 appellatur
1616 5370 1673 5422 ct
1712 5367 1911 5437 miser,
1945 5368 2085 5441 quia

417 5458 621 5517 omnis
650 5458 834 5529 gloria
865 5464 921 5514 et
951 5458 1277 5514 dominatio
1309 5458 1439 5528 ejus
1487 5455 1600 5511 cito
1654 5456 1865 5511 transit
1915 5458 2083 5530 quasi

415 5545 618 5618 pulvis
652 5550 853 5617 raptus
883 5566 917 5602 a
946 5552 1116 5603 vento
1143 5564 1155 5601 :
1180 5551 1237 5600 et
1269 5543 1682 5600 miserabiliter
1710 5546 1782 5601 ab
1814 5544 1923 5601 hac
1956 5547 2084 5603 luce

415 5628 684 5694 transiit,
716 5631 1059 5691 interfectus
1089 5653 1121 5688 τι
1155 5634 1293 5689 filiis
1342 5634 1468 5690 suis
1513 5634 1573 5689 in
1625 5636 1936 5708 praesentia
1982 5637 2082 5693 Dei

409 5722 497 5773 sui
565 5713 661 5780 (IV
689 5714 813 5785 Reg.
845 5726 986 5788 xxx.)
1026 5721 1252 5776 Finitus
1300 5725 1391 5775 est
1440 5721 1650 5793 pulvis,
1685 5723 2082 5781 Sennacherib

2189 4752 2402 4808 nobilis
2432 4750 2822 4807 Moabitarum
2855 4749 3010 4805 sicut
3040 4754 3099 4804 et
3129 4748 3418 4805 Sabama:
3453 4763 3578 4818 qua
3610 4747 3845 4817 propter

2189 4840 2630 4897 multitudinem
2663 4839 3015 4912 populorum
3045 4836 3216 4894 vinea
3243 4835 3589 4910 appellatur.
3623 4834 3840 4890 Subur-

2192 4931 2366 4999 bana,
2398 4929 2615 5001 inquit,
2644 4928 2870 4984 Esebon
2903 4927 3135 4982 deserta
3164 4931 3303 4982 sunt
3324 4925 3397 4979 ab
3419 4920 3841 4979 habitatoribus

2193 5018 2317 5074 suis
2344 5036 2358 5073 :
2382 5023 2440 5074 et
2472 5036 2587 5074 non
2620 5017 2809 5074 solum
2843 5016 3206 5081 suburbana,
3230 5016 3331 5071 sed
3356 5013 3531 5069 etiam
3555 5010 3681 5083 ipsa
3703 5009 3840 5065 civi-

2192 5112 2304 5163 tas.
2329 5132 2355 5156 ‹‹
2383 5106 2613 5161 Domini
2645 5105 2935 5177 gentium,
2972 5128 2997 5153 ››
3032 5104 3091 5159 id
3122 5108 3214 5159 est
3246 5100 3538 5175 principes
3582 5098 3839 5169 Assyrio-

2194 5214 2325 5251 rum
2358 5202 2415 5251 et
2444 5194 2868 5261 Chaldaeorum,
2904 5193 3003 5264 qui
3036 5191 3240 5247 multis
3268 5189 3542 5263 gentibus
3580 5185 3839 5241 domina-

2193 5287 2428 5355 bantur,
2459 5308 2485 5333 ‹‹
2521 5284 2862 5339 exciderunt
2893 5280 3122 5355 ﬂagella
3150 5305 3177 5331 υ
3200 5282 3349 5353 ejus,
3374 5279 3432 5335 id
3454 5283 3543 5333 est
3566 5275 3843 5331 habitato-

2193 5393 2288 5431 res
2318 5374 2572 5430 Sabama
2602 5372 2960 5438 occiderunt,
2994 5394 3020 5421 ‹‹
3059 5386 3247 5442 usque
3275 5368 3347 5425 ad
3393 5367 3560 5424 Jazer
3590 5387 3618 5413 »ι
3648 5361 3838 5419 civita-

2192 5469 2312 5521 tem
2345 5488 2371 5514 ‹‹
2406 5464 2794 5536 pervenerunt
2828 5483 2855 5510 ››
2888 5459 2999 5532 ipsi
3032 5457 3252 5515 domini
3286 5454 3548 5531 gentium
3571 5477 3597 5501 ‹‹
3624 5468 3837 5508 errave-

2195 5558 2333 5610 runt
2380 5553 2439 5608 in
2489 5552 2763 5607 deserto:
2798 5571 2827 5601 »
2879 5548 3200 5605 lustrantes
3253 5546 3587 5603 universam
3632 5545 3835 5597 terram

2196 5643 2607 5699 Moabitarum.
2659 5638 2805 5704 Quia
2857 5638 3081 5694 dixerat
3138 5634 3409 5708 superius
3467 5631 3719 5688 Sabama
3764 5627 3835 5683 vi-

2195 5749 2364 5788 neam
2413 5746 2560 5796 esse,
2596 5727 2844 5785 servavit
2892 5726 3319 5799 metaphoram,
3353 5722 3716 5793 subjungens
3746 5716 3834 5773 ila-
