3960 6428
147 479 263 543 ml

1248 480 1652 541 COMMENT.
1702 479 1780 538 IN
1824 476 2120 539 ISAIAM.
2184 476 2328 538 LIB.
2379 477 2457 539 II.

3446 487 3561 548 802

151 614 324 686 gella.
347 612 632 670 Similiter
659 612 835 668 etiam
858 613 1107 668 servavit
1132 613 1761 684 metaphoram,dicens
1786 630 1800 668 ε
1832 612 1885 678 Α
1917 611 2115 665 tudine
2132 611 3259 682 Moabpaueiremanebuntvenientibus
3274 616 3563 673 hostibus.

152 726 180 752 (ι
216 702 565 775 progagines
596 702 724 773 ejus
750 700 959 756 relicta
983 707 1144 766 sunt,
1176 702 1535 757 transierunt
1567 719 1745 755 mare.
1772 723 1799 751 ι)

151 792 297 856 Quis
337 790 560 846 audivit
607 807 869 861 unquam
912 789 1049 844 huic
1088 790 1304 856 simile,
1338 796 1402 845 ut
1458 790 1807 863 propagines

149 880 457 935 vinearum
507 878 827 934 transirent
893 880 1093 934 mare?
1142 880 1493 951 Propagines
1550 880 1808 949 inteliige

152 968 434 1041 fugitivos
479 966 632 1022 filios
678 968 828 1039 ejus,
863 968 964 1039 qui
1016 969 1379 1024 transierunt
1441 986 1618 1039 mare,
1665 968 1807 1022 dum

151 1058 512 1112 ducerentur
544 1056 604 1110 in
638 1056 988 1128 Babylonem
1020 1056 1280 1111 derelieti
1312 1075 1346 1111 a
1376 1057 1513 1111 Deo.
1554 1082 1579 1105 ‹‹
1625 1058 1814 1128 Super

152 1146 267 1201 hoc
296 1144 539 1219 plorabo
572 1144 630 1200 in
664 1146 804 1199 ﬂetu
835 1145 1004 1200 Jazer
1040 1145 1271 1201 vineam
1323 1147 1595 1201 Sabama.
1632 1169 1659 1194 »
1692 1145 1813 1200 Vox

150 1235 453 1308 propheta:
486 1233 821 1306 plangentis
863 1232 1335 1305 magnitudinem
1385 1234 1672 1290 vastitatis
1722 1251 1813 1289 ur-

155 1324 323 1378 bium
354 1322 644 1378 nobilium
689 1322 989 1393 quondam
1032 1322 1443 1378 Moabitarum.
1464 1324 1651 1394 Super
1683 1323 1813 1390 hoc,

155 1412 374 1485 inquit,
400 1411 457 1466 id
488 1414 596 1479 est,
621 1427 801 1483 super
826 1410 1159 1466 vastitatem
1200 1412 1436 1466 urbium
1469 1412 1660 1482 Moab,
1693 1410 1815 1483 plo-

152 1504 321 1569 rabo,
340 1505 400 1556 et
427 1499 489 1555 in
523 1500 661 1554 fletu
693 1500 882 1568 Jazer,
917 1499 1160 1571 plorabo
1211 1500 1388 1556 etiam
1435 1500 1667 1556 vineam
1714 1502 1817 1555 Sa-

156 1594 357 1648 bama.
392 1612 420 1639 «
455 1587 761 1645 lnebriabo
792 1592 848 1643 te
880 1588 1138 1660 lacryma
1169 1604 1317 1656 mea,
1337 1611 1365 1639 ››
1390 1606 1423 1644 o
1455 1613 1482 1639 (ι
1518 1589 1744 1645 Esebon
1762 1587 1822 1643 et

154 1678 374 1747 Eleale,
395 1696 423 1727 ››
455 1676 513 1732 id
544 1681 658 1743 est,
678 1675 845 1732 valde
873 1675 1114 1748 plorabo
1146 1681 1221 1745 te,
1253 1676 1339 1733 vel
1368 1678 1506 1733 fiere
1529 1683 1586 1733 te
1608 1679 1819 1735 faciam

159 1771 319 1826 sicut
363 1783 472 1840 ego
510 1770 567 1823 te
617 1765 821 1834 deﬂeo,
856 1790 884 1816 ‹‹
913 1765 1193 1838 quoniam
1242 1783 1423 1839 super
1462 1767 1819 1823 vindemiam

156 1865 327 1915 tuam
356 1860 417 1912 et
446 1871 627 1928 super
672 1870 928 1910 messem
979 1859 1142 1911 tuam
1192 1872 1299 1910 vox
1347 1856 1701 1911 calcantium
1745 1856 1821 1910 ir-

158 1945 302 2002 ruit.
324 1965 356 1995 »
389 1941 719 1999 Calcatores
748 1941 807 1996 in
840 1941 948 1996 hoc
977 1940 1103 1997 loco
1134 1940 1545 2014 intelliguntur
1562 1941 1815 1997 Cbaldzei

157 2040 215 2090 et
240 2031 466 2105 Assyrii
496 2030 867 2105 prtedatorcs,
886 2029 988 2101 qui
1016 2030 1375 2087 vindemiam
1405 2035 1463 2087 et
1483 2048 1736 2087 messem
1759 2035 1817 2087 et

158 2122 365 2180 omnia
387 2121 543 2177 bona
572 2118 806 2175 illorum
837 2118 949 2175 sibi
981 2118 1367 2192 diripuerunt.

232 2235 263 2262 ‹‹
297 2211 369 2266 Et
396 2210 696 2266 auferetur
723 2206 922 2263 laetitia
952 2212 1010 2263 et
1037 2208 1347 2264 exsultatio
1371 2209 1440 2264 de
1471 2208 1819 2276 Carmelo,et

158 2301 220 2357 in
251 2298 443 2355 vineis
469 2315 587 2354 non
618 2296 933 2353 exsultabit
964 2314 1153 2369 neque
1167 2298 1582 2369 jucundabit,»
1606 2299 1816 2353 subau-

160 2390 260 2445 dis
293 2387 656 2459 Moab,sicut
691 2387 851 2459 prior
889 2386 1295 2442 vindemiator.
1310 2386 1613 2442 Carmelus
1649 2404 1819 2442 mons

162 2483 257 2535 est
287 2476 686 2533 fertilissimus
714 2475 866 2530 inter
898 2475 1206 2532 Phoenicen
1238 2480 1296 2531 et
1326 2476 1691 2532 Palaestinam
1710 2476 1818 2531 im-

163 2567 395 2623 minent
439 2564 801 2633 Ptolemaidi,
835 2564 895 2619 in
944 2581 1062 2636 quo
1115 2564 1307 2620 llelias
1347 2566 1534 2622 oravit
1568 2566 1663 2637 (Ill
1694 2567 1815 2635 Reg.

165 2655 433 2724 xvm).Et
461 2652 698 2727 ponitur
724 2670 876 2726 saepe
906 2653 966 2708 in
996 2654 1299 2726 Scriptura
1329 2672 1495 2709 sacra
1526 2671 1629 2726 pro
1659 2654 1818 2709 omni

165 2742 827 2809 fertilitate.Auferetur,
845 2741 1060 2814 inquit,
1073 2742 1266 2797 omnis
1284 2742 1484 2798 laetitia
1504 2743 1573 2799 de
1595 2743 1823 2798 Carme-

166 2833 246 2901 lo,
268 2833 327 2887 id
359 2835 467 2900 est,
491 2830 685 2886 omnis
717 2830 989 2886 fertilitas
1022 2848 1200 2902 super
1249 2848 1427 2902 quam
1472 2831 1824 2887 laetabantur

168 2919 775 2990 Moabita,auferetur
793 2919 866 2975 ab
897 2919 1003 2973 eis.
1030 2944 1055 2968 α
1084 2919 1299 2974 Vinum
1320 2918 1379 2973 in
1405 2918 1680 2974 torculari
1706 2937 1819 2973 non

166 3008 439 3077 calcabit,
466 3030 494 3058 ››
514 3008 801 3063 subaudis
850 3006 1140 3076 Moabita;
1176 3031 1202 3057 «ι
1228 3024 1425 3063 vocem
1467 3007 1820 3063 calcautium

167 3096 450 3165 abstuli,»
470 3096 528 3152 id
549 3100 640 3153 est
666 3095 951 3163 celeuma,
966 3097 1118 3168 quod
1143 3101 1379 3153 cantare
1400 3100 1822 3152 consueverant

166 3191 432 3258 tempore
460 3185 787 3241 vindemias.

241 3298 269 3325 «
307 3275 496 3348 Super
522 3272 633 3330 hoc
661 3278 864 3330 venter
894 3290 1081 3329 meus.
1106 3296 1134 3324 »ι
1165 3274 1287 3329 Vox
1310 3273 1603 3347 prophetae
1627 3273 1824 3329 dolen-

1914 701 2075 766 ρυυά
2109 719 2240 756 vero
2272 701 2415 756 dicit
2444 724 2469 749 α
2507 702 2563 756 in
2598 703 2787 759 tribus
2819 704 2991 758 annis
3037 706 3336 761 auferetur
3382 707 3570 777 gloria

1918 791 2144 855 Moab,»
2169 790 2477 861 dupliciter
2500 797 2687 863 potest
2712 793 2978 865 intelligi.
2996 793 3259 849 Diximus
3272 797 3566 867 superius,

1918 881 2056 951 quia
2091 881 2394 951 prophetia
2428 880 2537 935 ista
2567 887 2769 936 contra
2802 883 3123 938 Philistzeos
3153 887 3210 939 et
3258 866 3566 954 Moabitas,
3656 866 3663 873 θ

1921 975 2148 1023 mortuo
2171 970 2467 1037 Achaz,e.\'
2497 988 2611 1042 quo
2644 971 2925 1043 propheta
2950 971 3063 1026 ista
3103 971 3250 1028 dixit
3286 974 3459 1043 ecepit
3488 975 3573 1029 di-

1922 1058 2051 1129 rigi.
2070 1060 2135 1113 Et
2159 1063 2349 1129 potest
2372 1057 2615 1130 intelligi
2630 1060 2785 1130 quod
2812 1060 2979 1114 tertio
2992 1078 3146 1114 anno
3169 1065 3297 1132 post
3321 1068 3569 1117 mortem

1920 1146 2111 1201 Achaz
2150 1148 2221 1201 ab
2257 1147 2511 1218 Assyriis
2552 1148 2818 1202 Moabitae
2847 1149 2966 1204 sint
2986 1150 3216 1204 vastati.
3240 1151 3309 1205 Et
3330 1155 3418 1205 est
3438 1169 3570 1206 sen-

1923 1231 2025 1292 sus
2045 1252 2057 1290 :
2079 1236 2244 1290 Sicut
2267 1235 2662 1291 mercenarius
2677 1241 2974 1308 exspectat
2994 1237 3133 1293 solis
3154 1239 3574 1309 occubitum,et

1923 1324 2132 1379 diebus
2163 1340 2230 1379 ac
2264 1323 2535 1379 noctibus
2557 1325 2731 1379 finem
2753 1325 2945 1396 operis
2976 1325 3065 1382 sui
3090 1326 3479 1400 prmstolatur,
3511 1333 3577 1386 ut

1925 1415 2209 1467 statutam
2244 1413 2571 1466 mercedem
2605 1411 2888 1484 accipiat:
2921 1412 3005 1469 sic
3053 1418 3185 1485 post
3234 1418 3351 1471 tres
3391 1433 3577 1473 annos

1929 1502 2098 1556 Moab
2122 1501 2194 1556 ab
2215 1500 2468 1572 Assyriis
2506 1500 2814 1556 delebitur.
2831 1501 3028 1558 Potest
3048 1507 3107 1557 et
3134 1504 3205 1558 de
3230 1504 3581 1577 Babylonica

1927 1589 2264 1661 captivitate
2294 1588 2562 1661 intelligi,
2584 1590 2738 1662 quod
2784 1594 2917 1662 post
2954 1595 3184 1662 captam
3218 1592 3577 1650 Hierusalem

1930 1678 2100 1734 tertio
2133 1695 2288 1733 anno
2317 1694 2352 1733 a
2372 1678 2659 1733 Chaldaeis
2675 1680 2961 1735 vastauda
2977 1679 3054 1735 sit
3086 1698 3099 1736 :
3132 1680 3219 1737 vel
3245 1683 3405 1754 quod
3430 1683 3581 1739 intra

1930 1772 2050 1821 tres
2078 1784 2264 1821 annos
2297 1765 2457 1821 nulla
2485 1766 2535 1821 ei
2568 1766 2770 1821 clausa
2796 1766 2871 1822 sit
2898 1768 3149 1839 requies.

2536 1855 2768 1911 CAPUT
2806 1855 2973 1912 XVII.

2006 1967 2033 1994 «
2065 1945 2225 2000 Onus
2257 1944 2547 1999 Damasci.
2581 1966 2610 1994 ››
2645 1944 2969 2001 Damascus
2999 1945 3203 2001 civitas
3246 1947 3358 2002 fuit
3386 1964 3579 2020 quon—

1926 2034 2062 2088 dam
2112 2033 2449 2103 metropolis
2498 2031 2673 2104 Syrim
2723 2031 3052 2104 provinciae,
3082 2051 3263 2105 quam
3310 2036 3579 2092 condidit

1926 2121 2143 2177 Eliezer
2164 2138 2365 2176 servus
2391 2120 2653 2176 Abrahae.
2669 2120 2850 2191 Cujus
2874 2138 2971 2176 rex
2994 2122 3194 2191 Rasin,
3219 2123 3360 2195 quia
3379 2125 3579 2181 decem

1927 2211 2200 2265 tribubus
2212 2227 2334 2265 sem
2344 2226 2444 2281 per
2458 2208 3048 2282 przebcbatauxilium
3069 2212 3143 2267 ad
3165 2212 3580 2268 debellandum

1924 2299 2162 2365 Judam,
2193 2298 2406 2353 ideirco
2455 2297 2707 2369 Spiritus
2752 2302 2993 2353 sanctus
3042 2316 3146 2370 per
3194 2300 3406 2356 Isaiam
3450 2318 3581 2373 pro-

1929 2388 2165 2461 phetam
2199 2388 2457 2441 minatur
2486 2386 2536 2441 ei
2568 2385 2964 2459 captivitatem
3005 2387 3585 2461 destructionemque

1929 2478 2019 2533 sui
2080 2478 2185 2531 Per
2205 2476 2559 2531 Damascum
2580 2492 2687 2547 ego
2708 2475 3003 2530 civitatem
3030 2476 3276 2549 regiam,
3301 2478 3587 2534 debemus

1930 2566 2255 2637 inteiligore
2285 2582 2519 2620 omnem
2552 2564 2913 2636 provinciam
2945 2564 3143 2637 Syriae,
3164 2583 3293 2638 quis
3316 2565 3588 2623 similiter

1929 2644 2155 2711 vastata
2183 2658 2292 2708 est.
2314 2654 2737 2725 Interpretatur
2757 2656 2952 2707 autem
2984 2653 3310 2710 Damascus
3345 2655 3585 2728 sangui-

1933 2761 2064 2799 nem
2101 2745 2374 2808 fundens,
2395 2743 2515 2797 sive
2536 2741 2780 2812 sanguis
2800 2740 2993 2796 cilicii.
3021 2744 3318 2807 Quantum
3343 2744 3413 2797 ad
3443 2743 3587 2798 litte-

1933 2850 2055 2887 ram
2080 2831 2348 2903 pertinet,
2364 2829 2712 2900 sanguinem
2735 2829 2984 2883 fundens
3006 2836 3159 2883 recte
3181 2834 3373 2901 potest
3393 2830 3589 2902 appel-

1929 2922 2057 2989 lari,
2078 2919 2217 2991 quia
2249 2919 2326 2973 ibi
2359 2917 2602 2989 sanguis
2621 2917 2760 2972 Abel
2782 2917 2949 2973 fusus
2979 2920 3118 2972 esta
3141 2918 3282 2973 Cain
3312 2918 3581 2987 (Gen.1v).

1930 3013 2224 3076 Quantum
2247 3024 2380 3074 vero
2402 3007 2475 3061 ad
2506 3005 2650 3061 istos
2672 3004 3304 3077 pertinet,sanguinem
3330 3005 3585 3062 fundens

1929 3101 2050 3155 sive
2080 3097 2323 3169 sanguis
2365 3095 2540 3150 cilicii
2590 3095 3011 3168 interpretatur
3043 3112 3056 3151 :
3089 3096 3231 3167 quia
3276 3096 3585 3155 homicidae

1930 3192 2096 3244 erant
2127 3185 2495 3256 multumque
2526 3184 2878 3256 sanguinem
2930 3184 3267 3255 fundentes,
3297 3185 3583 3257 pmniten—

1928 3280 2071 3334 tiam
2103 3277 2427 3331 debuerant
2452 3291 2623 3346 agere
2656 3291 2669 3329 :
2704 3274 2857 3346 quod
2889 3274 3158 3346 signatur
3177 3292 3280 3347 per
3299 3274 3581 3331 cilicium.

170 3364 248 3420 tis
279 3380 460 3437 super
485 3361 896 3420 contritione!!!
928 3363 1116 3419 Moab.
1144 3363 1333 3435 Super
1361 3362 1491 3429 hoc.
1515 3363 1725 3434 inquit,
1760 3362 1819 3417 id
1849 3349 1894 3414 (1
1933 3369 2044 3425 Sed
2077 3365 2356 3439 quoniam
2389 3363 2498 3418 hoc
2530 3380 2646 3418 non
2679 3363 2958 3431 fecerunt,
2993 3363 3054 3418 in
3084 3363 3479 3437 captivitatem
3528 3367 3585 3419 et

170 3456 544 3527 est,propter
590 3452 1050 3509 destructionem
1099 3452 1290 3521 Moab,
1324 3475 1351 3502 ‹‹
1386 3453 1541 3507 sicut
1585 3452 1826 3524 cythara

173 3546 370 3613 sonat,
391 3563 420 3593 ››
454 3540 538 3597 sic
567 3542 800 3599 sonabit
840 3558 1050 3598 sensus
1098 3546 1154 3597 et
1192 3540 1524 3598 intellectus
1553 3559 1720 3598 meus
1751 3542 1823 3597 ad

175 3631 345 3687 Moab
383 3628 734 3703 plangendo,
767 3652 795 3681 «
826 3635 882 3687 et
904 3630 1130 3687 viscera
1158 3646 1287 3687 mea
1321 3653 1350 3679 »
1382 3629 1503 3686 sive
1549 3630 1827 3687 interiora

172 3720 370 3776 cordis
398 3718 538 3789 mei,
568 3740 599 3769 ‹‹
632 3720 704 3776 ad
754 3734 994 3777 murum
1028 3743 1056 3769 ››
1084 3722 1283 3775 Arnen
1331 3720 1583 3777 civitatis
1614 3744 1641 3770 ‹‹
1675 3720 1823 3776 cocti

172 3807 437 3880 lateris,»
468 3807 529 3864 id
559 3812 668 3875 est,
700 3814 936 3881 propter
965 3826 1202 3865 murum
1225 3809 1731 3881 destructum,qui
1753 3810 1825 3866 de

174 3897 355 3953 coctis
384 3897 667 3954 lateribus
697 3898 1021 3954 aedificatus
1052 3897 1183 3953 fuit.

242 4009 271 4036 «
304 3987 377 4042 Et
420 3986 552 4055 erit,
593 4002 728 4043 cum
778 3984 1052 4059 apparuit
1098 3987 1254 4059 quod
1314 3984 1597 4043 laboravit
1654 3987 1825 4043 Moab

170 4092 350 4148 super
374 4075 619 4131 excelsis
643 4076 788 4148 suis,
826 4099 854 4126 »
885 4076 943 4131 id
975 4076 1035 4131 in
1068 4076 1369 4132 montibus
1391 4079 1450 4130 et
1480 4076 1669 4145 tectis,
1692 4100 1719 4126 ‹‹
1743 4075 1827 4130 in-

169 4164 473 4237 gredietur
498 4165 574 4220 ad
603 4169 809 4222 sancta
832 4181 961 4235 sua,
979 4188 1007 4215 »
1041 4165 1100 4220 id
1129 4169 1219 4221 est
1249 4165 1323 4220 ad
1355 4162 1529 4232 idola,
1563 4182 1692 4236 quae
1724 4182 1827 4237 pu-

172 4253 338 4310 tabat
383 4269 514 4310 esse
561 4258 785 4324 sancta,
818 4278 846 4306 «
881 4258 947 4311 ut
993 4254 1277 4325 obsecret,
1309 4257 1368 4309 et
1398 4269 1513 4308 non
1552 4252 1824 4309 valebit»

170 4343 461 4399 subaudis
509 4343 571 4398 in
619 4343 704 4401 eis
751 4343 1012 4400 invenire
1041 4342 1348 4399 auxilium.
1381 4341 1635 4397 Maxima
1665 4342 1823 4397 enim

168 4430 413 4489 miseria
434 4435 546 4502 est,
567 4449 672 4490 nec
709 4432 771 4488 in
819 4432 913 4489 his
963 4449 1113 4505 quos
1151 4448 1385 4503 semper
1410 4434 1685 4487 venerata
1713 4436 1822 4500 est,

166 4520 391 4577 habere
417 4520 770 4578 subsidium.
784 4520 1239 4578 Advenientibus
1258 4520 1552 4591 siquidem
1572 4520 1825 4593 Assyriis

167 4615 351 4682 atque
376 4608 685 4681 Chaldaeis,
719 4611 983 4669 ascendit
1031 4611 1201 4667 Moab
1250 4611 1325 4666 ad
1374 4608 1531 4665 idola
1558 4627 1667 4665 sua
1696 4626 1824 4681 quas

1932 3453 2420 3529 deprzedationem
2452 3452 2871 3524 migraverunt.
2908 3473 2936 3502 ι(
2967 3452 3113 3507 Ecce
3142 3452 3464 3510 Damascus
3494 3453 3589 3509 de.

1934 3547 2088 3603 sinet
2119 3560 2247 3600 esse
2278 3542 2504 3609 civitas,
2534 3563 2561 3589 η
2583 3539 2869 3596 subaudis
2888 3539 3319 3612 potentissima,
3355 3564 3384 3592 «
3406 3546 3463 3598 et
3479 3541 3591 3598 erit

1934 3636 2088 3692 sicut
2114 3648 2356 3689 acervus
2405 3628 2670 3702 lapidum
2723 3629 2782 3689 in
2834 3629 3025 3685 ruina.
3058 3651 3087 3679 »
3122 3630 3236 3686 Sed
3274 3633 3588 3705 postquam

1933 3740 2136 3780 eversa
2168 3720 2345 3777 fuerit
2373 3719 2445 3774 ab
2472 3718 2751 3790 Assyriis.
3394 3712 3395 3715 “

2007 3837 2034 3863 ‹‹
2068 3811 2386 3875 Βονθὶίοιεε,
2413 3834 2439 3861 ιι
2473 3810 2759 3866 subaudis
2780 3809 2855 3865 ab
2886 3809 3250 3873 hominibus,
3275 3831 3304 3859 «ι
3325 3807 3589 3864 civitates

1934 3904 2112 3957 Aroer
2154 3900 2468 3973 gregibunt
2497 3903 2689 3965 erunt,
2719 3919 2747 3946 »
2787 3897 3073 3952 subaudis
3107 3896 3167 3950 in
3217 3912 3456 3967 pascua,
3479 3918 3507 3945 «
3531 3898 3590 3950 et

1935 3989 2301 4060 requiescent
2330 3985 2432 4049 ibi,
2468 4007 2496 4035 »
2527 3985 2585 4039 in
2636 3984 2782 4056 ipsis
2827 3984 3051 4040 scilicet
3100 3983 3335 4054 pascuis
3382 3998 3589 4055 greges

1933 4077 2128 4133 ovium
2156 4094 2170 4131 :
2199 4099 2228 4124 ‹‹
2262 4077 2319 4129 et
2340 4090 2453 4128 non
2486 4073 2599 4128 erit
2617 4072 2716 4144 qui
2747 4075 3090 4127 exterreat.»
3112 4071 3180 4125 Et
3210 4075 3300 4126 est
3326 4087 3538 4126 sensus
3570 4086 3583 4125 :

1934 4169 2123 4222 Tanta
2151 4164 2261 4218 erit
2290 4162 2368 4217 ibi
2392 4160 2669 4226 solitudo,
2702 4164 2769 4215 ut
2797 4175 2904 4214 nec
2933 4158 3244 4214 insidiator
3286 4158 3587 4214 timendus

1933 4255 2031 4320 sit,
2065 4254 2168 4308 sed
2199 4252 2325 4307 sine
2355 4251 2567 4307 timore
2596 4252 2914 4320 pascentur
2942 4247 3042 4304 ibi.
3077 4248 3257 4303 Aroer
3287 4247 3446 4320 regio
3495 4251 3587 4303 est

1934 4341 2240 4417 provincia:
2272 4338 2470 4412 Syriae,
2499 4337 2727 4393 habens
2758 4335 3045 4409 plurimas
3083 4336 3368 4393 civitates.
3401 4335 3585 4391 Inter-

1934 4436 2199 4506 pretatur
2228 4433 2424 4484 autem
2444 4428 2625 4482 Aroer
2654 4425 2877 4498 myrica
2906 4429 3162 4497 est,qute
3183 4429 3276 4481 est
3304 4423 3477 4480 arbor
3505 4422 3589 4478 in-

1934 4523 2255 4584 fructuosa,
2280 4521 2336 4573 et
2366 4515 2631 4572 nascitur
2658 4515 2718 4569 in
2751 4513 2999 4570 desertis
3028 4513 3172 4571 locis
3202 4517 3378 4585 atque
3396 4511 3586 4568 salsu-

1933 4607 2274 4683 ginosis.Ac
2304 4605 2353 4661 si
2386 4604 2639 4659 diceret:
2664 4602 2827 4659 Sicut
2865 4601 3254 4673 myrica,qua3
3293 4604 3386 4656 est
3415 4600 3589 4656 arbor

166 4703 346 4755 antea
372 4700 781 4769 venerabatur,
813 4705 870 4757 et
899 4717 1152 4773 quorum
1177 4697 1532 4772 protectione
1553 4700 1827 4770 sperabat
1855 4718 1903 4782 Β
1932 4698 2320 4761 infructuosa,
2340 4693 2604 4782 nascitur
2623 4691 2682 4782 in
2700 4689 3016 4782 solitudine
3042 4708 3055 4746 :
3082 4690 3239 4746 itain
3270 4688 3588 4745 solitudine

165 4805 231 4844 se
261 4788 573 4845 defendere
602 4789 675 4846 ab
706 4789 980 4846 hostibus
1011 4806 1025 4845 :
1060 4789 1163 4845 sed
1195 4805 1311 4844 non
1341 4787 1560 4859 profuit
1589 4786 1662 4853 ei,
1686 4788 1825 4859 quia
1856 4780 1887 4782 ’⁷
1932 4793 1990 4844 et
2018 4787 2143 4842 sine
2174 4786 2366 4839 fructu
2398 4780 2653 4837 universi
2687 4780 2836 4853 Syri.

165 4872 539 4934 insensibilia
565 4882 753 4949 erant,
786 4880 952 4935 Tunc
983 4878 1142 4934 enim
1174 4872 1447 4950 apparuit
1474 4877 1614 4948 quia
1658 4877 1822 4933 vani-

163 4972 357 5024 tatem
383 4966 627 5026 colebat.

239 5079 271 5108 ι(
302 5057 420 5113 Hoc
464 5057 709 5114 verbum
769 5058 928 5130 quod
991 5055 1225 5113 locutus
1271 5060 1361 5112 est
1406 5055 1691 5112 Dominus
1748 5057 1821 5112 ad

164 5146 361 5215 Moab,
397 5167 426 5195 ››
456 5145 516 5202 id
546 5151 635 5203 est
664 5152 869 5204 contra
899 5147 1090 5215 Moab,
1115 5169 1143 5196 «
1177 5162 1248 5201 ex
1274 5150 1415 5201 tunc
1450 5167 1478 5194 ››
1508 5145 1818 5215 subaudis,

164 5254 236 5291 ex
265 5253 384 5308 quo
412 5240 647 5292 creatus
673 5240 764 5293 est
783 5236 1060 5292 Moab.Et
1090 5235 1378 5291 Dominus
1408 5234 1525 5290 ait:
1553 5234 1820 5291 Moabitae

164 5331 225 5382 et
245 5324 596 5381 Ammonitze
618 5344 735 5383 non
750 5325 1055 5382 intrabunt
1074 5326 1135 5381 in
1156 5323 1475 5381 Ecclesiam
1499 5321 1820 5380 mea1n.Vel

165 5431 236 5470 ex
252 5414 481 5482 tunc,id
504 5419 689 5483 est,ex
710 5416 952 5487 antiquo
973 5421 1235 5487 tempore
1257 5431 1325 5470 ex
1347 5431 1463 5486 quo
1485 5414 1544 5468 in
1567 5429 1821 5486 praesen-

166 5504 250 5559 tia
268 5521 382 5560 sua
399 5504 517 5559 ista
536 5504 871 5576 destinavit,
886 5510 944 5561 et
975 5522 1130 5561 nunc
1153 5505 1384 5561 locutus
1405 5508 1495 5559 est
1514 5501 1821 5571 Dominus,

165 5594 370 5674 dicens
403 5611 417 5650 :
455 5617 483 5644 (ι
510 5594 574 5649 In
604 5594 796 5651 tribus
827 5594 998 5651 annis
1028 5595 1199 5667 quasi
1230 5593 1369 5648 anni
1400 5591 1765 5658 mercenarii,
1791 5615 1819 5643 υ

162 5688 219 5739 et
246 5690 482 5741 caetera.
503 5683 727 5739 Sensus
756 5683 1100 5756 hujusmodi
1131 5688 1222 5739 est
1254 5701 1267 5737 :
1302 5683 1458 5738 sicut
1478 5680 1822 5754 paucissimi

160 5777 478 5835 remanent
508 5773 723 5829 raccmi
756 5778 890 5849 post
915 5773 1389 5845 vindemiatores,
1421 5772 1504 5829 ita
1533 5788 1603 5827 ex
1632 5770 1826 5829 multi-

2004 4900 2031 4927 ‹‹
2060 4876 2129 4930 Et
2144 4871 2398 4929 cessabit
2419 4869 2840 4941 adjutorium,»
2857 4866 3143 4924 subaudis
3166 4865 3434 4922 Damasci
3457 4888 3484 4915 ‹‹
3512 4865 3586 4922 ab

1932 4963 2231 5038 Ephraim,
2263 4965 2321 5038 et
2349 4976 2595 5031 regnum
2627 4976 2661 5014 a
2691 4958 2995 5025 Damasco,
3021 4978 3048 5005 ››
3081 4955 3386 5020 subaudis,
3401 4971 3588 5011 cessa-

1931 5055 2018 5111 bit
2047 5071 2061 5109 :
2093 5052 2231 5125 quia
2260 5049 2415 5105 ultra
2447 5065 2561 5103 non
2594 5046 2863 5119 regnabit
2912 5048 2977 5101 ut
3024 5043 3209 5116 prius.
3241 5066 3269 5095 «
3305 5044 3374 5098 Et
3414 5046 3588 5098 erunt

1932 5141 2190 5214 reliquie:
2222 5137 2398 5211 Syriae
2421 5135 2574 5192 sicut
2601 5134 2789 5207 gloria
2820 5133 3073 5189 filiorum
3106 5131 3459 5201 Israel,dicit
3481 5131 3589 5187 Βοι-

1932 5233 2150 5289 minus.
2184 5251 2211 5280 ››
2244 5225 2438 5283 Gloria
2466 5223 2561 5279 hic
2588 5223 2805 5278 ironicc
2836 5239 2939 5295 pro
2971 5221 3295 5295 ignominia
3326 5219 3584 5292 ponitur,

1932 5324 2041 5378 hoc
2086 5323 2195 5383 est,
2225 5315 2457 5389 qualem
2510 5311 2754 5385 gloriam
2805 5311 3047 5367 habebit
3109 5308 3303 5377 Israel,
3334 5309 3475 5363 dum
3524 5308 3584 5364 in

1932 5408 2327 5482 captivitatem
2345 5403 2611 5466 ducetur,
2627 5399 2765 5472 quia
2785 5417 2901 5455 non
2923 5400 2982 5453 in
3005 5399 3121 5453 Deo
3142 5399 3243 5453 sed
3267 5397 3326 5451 in
3348 5396 3585 5453 homine

1935 5497 2128 5573 posuit
2158 5510 2321 5565 spem
2355 5507 2523 5546 suam
2556 5489 2771 5543 :talem
2806 5487 3108 5542 habebunt
3128 5492 3185 5541 et
3214 5486 3342 5559 Syri
3375 5485 3475 5557 qui
3497 5485 3584 5540 eis

1935 5581 2356 5663 promittebant
2386 5577 2772 5643 auxilium,ut
2801 5579 3140 5648 separarent
3169 5574 3299 5631 illos
3319 5592 3353 5630 a
3376 5575 3584 5630 timore

1933 5678 2057 5745 Dei,
2090 5670 2244 5746 quod
2277 5672 2334 5723 et
2362 5668 2642 5723 fecerunt.
2670 5665 2857 5723 Ambo
2887 5664 3044 5719 enim
3077 5665 3136 5721 in
3186 5663 3581 5739 captivitatem

1933 5763 2095 5824 ducti
2124 5762 2264 5821 sunt
2294 5761 2352 5819 et
2380 5754 2466 5811 illi
2497 5759 2554 5816 et
2585 5752 2705 5833 isti.
