3960 6384
451 461 570 522 803

882 459 1289 521 IlAYMONIS
1322 456 1864 520 HALBERSTA’I‘.
1896 455 2143 517 EPISG.
2177 457 2349 517 OPP.
2383 458 2586 518 PARS
2614 457 2660 517 Ι.
2696 492 2773 501 —
2803 459 3212 520 COMMENT.
3255 459 3445 520 BIBL.

3751 459 3875 518 804

526 617 552 644 (ί
577 593 647 648 Et
666 592 777 648 erit
797 591 855 645 in
878 591 973 645 die
993 589 1144 645 illa»
1174 589 1461 645 subaudis
1501 606 1637 644 cum
1679 589 1846 662 Syria
1883 591 2112 644 vastata
2137 589 2193 656 Α
2225 611 2254 639 ‹‹
2286 588 2427 660 quia
2467 589 2652 645 oblita
2695 607 2758 646 es
2789 591 2887 646 Dei
2922 590 3239 647 Salvatoris
3269 591 3379 646 tui.
3418 613 3446 640 ››
3486 589 3622 658 Ista,
3653 589 3879 662 inquit,

454 682 630 739 fuerit
651 681 722 736 ab
744 678 1018 752 Assyriis,
1035 683 1092 734 et
1113 679 1440 734 Damascus
1462 678 1844 734 desieritcsse
1865 678 2069 733 civitas
2093 694 2106 732 :

454 794 483 824 α
514 769 919 826 attenuabitur
947 767 1134 840 gloria
1161 768 1402 836 Jacob,»
1435 767 1600 840 Syria
1623 767 1890 822 videlicet
1918 771 1974 822 ct
2005 767 2112 822 Da-

451 859 775 926 mascus,in
809 858 1028 930 quibus
1058 857 1423 928 gloriabatur
1454 863 1513 912 et
1537 856 1790 911 habebat
1807 856 2106 911 ﬁduciam.

449 973 476 999 ‹‹
512 950 580 1003 Et
609 947 946 1020 pinguendo
975 946 1105 1017 ejus
1126 952 1432 1011 marescet,
1470 947 1528 994 η’
1547 945 1655 1000 hoc
1686 949 1793 1012 est,
1829 945 2109 1000 fortitudo

446 1037 675 1092 ﬁducia:
724 1053 904 1108 quam
953 1035 1209 1090 habebat
1245 1036 1305 1090 in
1356 1035 1540 1107 Syriis
1571 1034 1823 1090 deﬁciet.
1857 1034 2106 1100 Quidam

443 1125 677 1182 codices
708 1125 1200 1196 habent,pingucs
1221 1142 1428 1180 carnes
1449 1126 1578 1196 ejus
1609 1141 1624 1179 :
1660 1124 1763 1179 sed
1786 1123 1998 1178 melius
2020 1127 2109 1178 est

445 1221 514 1273 ut
539 1217 811 1271 doctores
831 1215 1073 1269 tradunt
1093 1214 1430 1287 pinguendo
1463 1213 1906 1285 lcgendum,pcr
1926 1228 2104 1284 quam

444 1305 797 1378 intelligitur
827 1303 1120 1375 refugium
1153 1319 1220 1358 ac
1253 1303 1739 1375 fortitudo,quam
1773 1303 1973 1357 decem
2000 1299 2104 1356 tri-

444 1395 558 1451 bus
586 1393 884 1450 habebant
912 1392 973 1448 in
1003 1391 1209 1464 Syriis.

518 1507 545 1534 «
579 1483 650 1539 Et
670 1481 782 1538 erit
815 1483 970 1537 sicut
998 1497 1364 1554 congregans
1395 1480 1453 1536 in
1482 1498 1673 1536 messe
1695 1481 1850 1552 quod
1882 1479 2104 1534 restite-

444 1573 540 1640 rit,
571 1577 630 1629 et
657 1571 964 1628 brachium
995 1572 1125 1643 ejus
1156 1571 1352 1644 spicas
1383 1571 1554 1642 leget,
1589 1594 1617 1620 »
1651 1575 1708 1625 et
1736 1573 1943 1624 caetera
1971 1585 2100 1640 qua:

441 1667 778 1735 sequuntur
807 1677 997 1733 usque
1027 1684 1052 1711 ιι
1085 1659 1146 1715 in
1178 1660 1590 1715 cacuminibus
1625 1661 1851 1714 fructus
1881 1658 2032 1729 ejus.
2071 1679 2098 1706 »

439 1753 585 1806 Tres
615 1751 857 1822 quidem
888 1750 989 1804 dat
1017 1749 1510 1822 comparationes,
1544 1749 1646 1804 sed
1699 1765 1854 1803 unus
1898 1752 1989 1802 est
2037 1747 2095 1801 in

437 1857 671 1896 sensus.
687 1837 1424 1910 Sicut,inqait,rarissimae
1445 1841 1750 1893 remanent
1769 1837 1943 1908 spica:
1965 1839 2099 1908 post

2220 678 2521 750 patieris,o
2546 679 2893 752 lsrael,quia
2913 679 3280 751 dcreliquisti
3307 681 3493 736 Deum
3512 679 3878 736 Salvatorem

2219 770 2386 822 tuum
2421 769 2520 840 qui
2555 772 2610 824 te
2640 767 2907 824 liberavit
2937 769 3007 823 de
3037 769 3302 841 ngypto,
3329 773 3387 824 et
3415 767 3517 842 qui
3546 769 3652 824 tibi
3671 773 3884 840 gentes

2219 857 2615 912 ferocissimas
2646 874 2754 914 sua
2785 856 3127 913 fortitudine
3158 857 3550 929 subjugavit.«
3566 857 3889 930 Propterea

2218 944 2515 1017 plantabis
2530 945 2950 1018 plantationem
2965 946 3259 1002 inﬁdelem
3271 951 3346 1014 ,et
3359 963 3598 1019 germen
3615 946 3884 1002 alienum

2217 1033 2559 1103 scminabis,
2601 1039 2669 1090 ut
2710 1037 2916 1091 beatus
2965 1037 3372 1110 Hyeronymus
3414 1036 3572 1104 dicit,
3620 1035 3731 1092 hoc
3777 1052 3886 1092 ex-

2217 1123 2564 1194 pressius,et
2584 1141 2720 1180 cum
2753 1124 2941 1180 ironia
2962 1131 3052 1180 est
3079 1125 3495 1198 legendum.Et
3512 1129 3601 1182 est
3619 1142 3841 1182 sensus
3869 1141 3882 1180 :

2215 1213 2363 1278 Quia
2391 1231 2528 1286 ergo
2563 1220 2623 1269 tu
2655 1214 2838 1270 oblita
2866 1231 2928 1272 es
2969 1215 3069 1270 Dei
3113 1214 3432 1272 Salvatoris
3463 1215 3570 1285 tui,
3603 1219 3659 1270 et
3702 1216 3880 1271 fortis

2213 1301 2500 1373 adjatoris
2533 1303 2618 1358 tui
2643 1321 2757 1360 non
2780 1320 2842 1359 es
2868 1305 3196 1373 recordata,
3213 1321 3247 1360 ο
3268 1304 3434 1378 plebs
3461 1304 3636 1360 Israel
3664 1304 3876 1360 decem

2213 1391 2477 1447 tribuum
2512 1408 2526 1447 :
2559 1410 2703 1448 num
2733 1397 3040 1466 propterea
3069 1393 3490 1466 plantationem
3521 1393 3779 1462 ﬁdelem,
3815 1399 3878 1450 et

2212 1498 2326 1536 non
2361 1481 2558 1554 potius
2589 1482 2849 1538 alienum
2879 1499 3081 1540 semen
3133 1483 3425 1540 seminare
3473 1483 3672 1551 debes,
3703 1484 3874 1556 quod

2209 1569 2395 1626 hostis
2415 1570 2689 1644 Assyrius
2717 1572 3006 1628 comedat.
3026 1572 3152 1627 Non
3176 1571 3469 1645 plantabis
3489 1576 3724 1646 propter
3755 1573 3874 1628 hoc

2209 1659 2631 1731 plantationem
2664 1660 2920 1717 ﬁdelem.
2953 1660 3242 1717 Plantatio
3274 1660 3464 1718 ﬁdelis
3495 1665 3602 1730 est,
3625 1662 3875 1733 quando

2207 1748 2454 1821 quilibet
2483 1750 2708 1822 plantat
2735 1755 2796 1806 et
2824 1750 3036 1807 excolit
3062 1750 3320 1819 vineam,
3349 1755 3407 1806 et
3436 1751 3563 1823 ipse
3602 1750 3873 1807 fractum

2204 1839 2334 1909 ejus
2366 1837 2609 1911 colligit.
2645 1839 2933 1896 Plantatio
2951 1856 3086 1896 vero
3115 1839 3372 1896 inﬁdelis
3410 1844 3501 1896 est
3537 1844 3596 1895 et
3621 1855 3873 1912 germen

432 1933 601 2001 terga
630 1928 1002 1995 metentium,
1033 1932 1094 1982 ct
1122 1927 1277 1982 sicut
1306 1926 1650 1999 paucissimi
1681 1931 1987 1982 remanent
2011 1943 2098 1980 ra-
2123 1963 2173 2028 Β
2203 1926 2487 1998 alienum,
2520 1929 2758 2000 quando
2789 1929 2944 2001 quod
2974 1929 3302 1986 seminatur
3328 1945 3445 1985 non
3475 1927 3774 2001 colligitur
3797 1929 3874 1984 ab

433 2018 584 2074 cemi
615 2016 742 2090 (qui
773 2034 806 2072 a
835 2017 1191 2072 remanendo
1221 2016 1525 2085 dicuntur)
1549 2019 1680 2088 post
1711 2013 2092 2070 vindemiato-

431 2112 614 2176 res,et
625 2108 782 2162 sicut
801 2123 996 2178 paucae
1019 2109 1326 2162 remanent
1345 2104 1508 2160 olivze
1535 2109 1667 2178 post
1682 2103 2091 2159 excussionem

429 2197 573 2252 olea:
607 2213 621 2252 :
652 2195 735 2251 ita
766 2195 1106 2268 paucissimi
1131 2194 1521 2250 remanebunt
1553 2194 1612 2248 in
1647 2195 1931 2248 Damasco
1951 2196 2009 2247 et
2029 2190 2088 2246 in

425 2290 555 2342 tota
583 2285 772 2358 Syria,
796 2284 1168 2340 venientibus
1195 2284 1452 2356 Assyriis
1483 2283 1760 2356 primum.
1785 2298 1853 2336 ac
1879 2281 2090 2336 deinde

424 2374 739 2431 Chaldaeis.
773 2374 920 2430 Nam
971 2373 1082 2428 sub
1122 2372 1458 2444 captivitate
1503 2371 1743 2443 Assyria
1788 2370 1957 2442 pauci
2009 2387 2090 2425 re-

426 2467 784 2521 manserunt
812 2463 914 2535 qui
942 2462 1356 2518 tantummodo
1386 2466 1603 2517 terram
1651 2459 2000 2525 excolerent,
2030 2463 2089 2514 et

424 2553 693 2610 maxima
737 2569 874 2625 pars
920 2551 984 2608 in
1029 2552 1312 2624 Cyrenem
1362 2550 1648 2606 translata
1693 2553 1956 2625 est,qua:
1999 2551 2089 2603 est

423 2643 591 2715 regio
622 2623 782 2697 ultra
809 2623 1140 2714 Egyptum.
1933 2623 1945 2636 ’

503 2755 532 2782 ιι
569 2733 634 2788 In
682 2731 776 2787 die
825 2730 944 2800 illa,
978 2753 1006 2780 »
1042 2731 1327 2785 subaudis
1375 2746 1508 2784 cum
1559 2729 1835 2784 defecerit
1864 2727 2089 2798 adjuto-

426 2822 588 2878 rium
611 2820 880 2878 Damasci
904 2839 938 2876 a
968 2820 1171 2874 decem
1203 2819 1498 2886 tribubus,
1526 2841 1553 2868 «
1575 2815 1956 2873 inclinabitur
1985 2815 2086 2870 ho-

427 2929 530 2968 mo
557 2911 632 2967 ad
666 2910 944 2966 factorem
975 2925 1212 2974 suum,»
1235 2912 1293 2963 et
1321 2912 1547 2963 caetera.
1583 2907 1699 2961 Hoc
1729 2906 1801 2962 de
1823 2904 2089 2977 reliquiis

423 3002 634 3056 decem
685 2998 950 3055 tribuum
1007 2997 1245 3065 dicitur,
1281 3013 1410 3069 qua:
1463 3001 1772 3068 postquam
1833 2994 2090 3050 maxima

429 3106 569 3164 pars
598 3087 802 3161 populi
829 3086 1120 3160 captivata
1147 3091 1237 3142 est
1263 3085 1323 3140 in
1357 3085 1628 3158 Assyrios
1669 3089 1904 3158 propter
1936 3083 2091 3138 idola

429 3197 558 3252 qua:
590 3177 881 3249 colebant,
896 3193 1080 3232 unum
1116 3176 1174 3230 in
1208 3176 1332 3231 Dan
1365 3175 1615 3231 alterum
1638 3174 1697 3230 in
1721 3173 2090 3244 Bethel,Eze-

428 3268 574 3324 chia
603 3267 760 3339 regis
791 3265 1005 3322 litteris
1037 3265 1409 3320 commonita:
1446 3282 1459 3320 :
1491 3281 1780 3319 conversa:
1828 3268 1970 3318 sunt
2015 3263 2088 3318 ad

428 3333 872 3424 cultumDei,et
891 3356 964 3410 ad
987 3353 1276 3426 templum
1303 3355 1529 3409 Domini
1552 3355 1708 3425 quod
1737 3358 1861 3409 erat
1881 3354 1942 3408 in
1964 3353 2090 3409 Hie-
2119 3333 2165 3400 (ἶ

430 3443 744 3516 rosolymis
781 3448 1070 3498 venerunt
1093 3459 1105 3498 :
1130 3443 1287 3498 sicut
1316 3442 1464 3498 liber
1513 3441 1994 3515 Paralipomenon
2014 3442 2090 3512 (II

430 3533 618 3587 Paral.
652 3548 779 3598 xxx,
832 3531 984 3602 xw!)
1017 3535 1217 3585 narrat
1250 3548 1262 3587 :
1299 3530 1702 3602 relinquentes
1752 3531 1910 3585 idola
1957 3548 2087 3603 qua:

431 3622 693 3684 fecerant
711 3635 922 3674 manus
943 3624 1234 3686 eorum,st
1251 3637 1380 3692 qua:
1400 3619 1620 3692 operati
1643 3626 1783 3675 sunt
1800 3620 1968 3692 digiti
1991 3639 2085 3677 eo-

432 3710 670 3764 rum.Et
692 3708 801 3764 hoc
833 3712 924 3764 est
953 3708 1108 3779 quod
1141 3708 1284 3762 dicit
1313 3725 1448 3764 cum
1477 3707 1674 3764 deleta
1693 3710 2089 3766 fueritDama-

429 3815 569 3855 scus
598 3799 671 3853 ab
695 3796 971 3870 Assyriis,
1004 3801 1064 3852 et
1093 3797 1221 3870 Syri
1252 3798 1313 3853 in
1343 3798 1562 3870 quibus
1596 3799 1876 3854 ﬁduciam
1917 3817 2086 3854 suam

428 3889 634 3944 decem
664 3887 860 3942 tribus
890 3886 1144 3958 positam
1163 3885 1460 3942 habebant
1483 3903 1495 3942 :
1522 3891 1663 3943 tunc
1684 3887 1859 3942 homo
1883 3888 1982 3961 qui
2008 3906 2088 3945 re-

427 3975 603 4032 lictus
626 3974 801 4030 fuerit
828 3991 897 4030 ex
930 3973 1078 4046 ipsis
1100 3975 1304 4029 decem
1327 3975 1602 4030 tribubus
1626 3975 2090 4044 inclinabitur,et

427 4068 796 4120 convcrtetur
813 4063 888 4119 ad-
909 4063 1188 4118 t‘actorem
1209 4080 1386 4117 suum
1400 4063 1584 4118 Deum
1601 4064 2085 4136 omnipotentem,

425 4158 486 4210 et
513 4152 772 4226 amplius
801 4169 918 4208 non
949 4153 1220 4208 adorabit
1259 4169 1435 4225 opera
1481 4170 1768 4209 manuum
1818 4171 2085 4210 suarum.

427 4266 458 4294 ι(
491 4243 616 4298 Non
649 4241 921 4314 nespiciet
949 4240 1116 4297 luces
1145 4246 1204 4297 et
1232 4241 1501 4311 delubra,
1529 4264 1556 4290 ι)
1580 4243 1868 4298 subaudis
1888 4243 2086 4311 homo,

427 4333 530 4404 qui
560 4330 800 4387 relictus
832 4329 1010 4386 fuerit
1061 4331 1133 4386 de
1181 4331 1384 4386 decem
1431 4331 1726 4387 tribubus.
1762 4332 1901 4388 Luci
1949 4337 2090 4390 sunt

425 4421 554 4477 loca
575 4436 888 4476 nemorosa
907 4423 968 4476 et
986 4419 1262 4492 opaca,in
1284 4420 1504 4491 quibus
1525 4425 1760 4492 propter
1780 4421 2086 4478 amoenita-

421 4513 546 4564 tem
577 4507 942 4566 eollocabant
968 4507 1125 4564 idola
1153 4525 1281 4577 sua,
1297 4513 1354 4564 et
1382 4525 1617 4564 omnem
1639 4509 2086 4567 delectationem

417 4603 486 4655 et
514 4599 876 4672 voluptatem
895 4603 1032 4655 ante
1063 4597 1353 4654 idolorum
1371 4615 1504 4655 aras
1525 4600 2088 4665 exercebant.Quare

427 4693 626 4745 autem
656 4686 902 4744 delubra
931 4688 1224 4754 dicantur,
1257 4688 1531 4760 superius
1561 4689 1786 4744 dictum
1816 4693 1926 4745 est.

499 4799 527 4827 ‹‹
555 4778 621 4832 In
654 4776 747 4832 die
777 4775 896 4844 illa,
930 4798 958 4826 n
995 4777 1282 4832 subaudis
1317 4777 1689 4834 venientibus
1731 4779 1984 4852 Assyriis
2028 4784 2087 4835 et

426 4865 795 4922 vastantibus
816 4882 930 4920 non
951 4865 1145 4920 solum
1163 4867 1532 4933 Damascum,
1546 4867 1649 4922 sed
1671 4866 1844 4923 etiam
1867 4873 2084 4924 terram

427 4956 629 5011 decem
649 4954 913 5009 tribu-um
939 4970 952 5008 :
979 4978 1005 5004 ιι
1029 4959 1205 5008 erunt
1219 4953 1481 5010 civitates
1507 4955 1866 5011 fortitudinis
1895 4959 2083 5029 ejus,»

430 5042 488 5098 id
506 5049 598 5100 est
615 5041 880 5098 civitates
897 5043 1097 5097 decem
1125 5043 1388 5098 tribuum
1415 5065 1443 5094 ιι
1465 5044 1752 5100 derelicta:
1777 5068 1803 5096 ››
1830 5047 1904 5100 ab
1925 5047 2086 5103 habi-

430 5131 722 5188 tutoribus
750 5131 874 5186 suis
902 5149 914 5187 :
947 5154 974 5180 ‹‹
997 5132 1150 5186 sicut
1186 5136 1379 5188 aratra
1410 5139 1468 5187 ct
1492 5137 1738 5205 segetes,
1763 5152 1890 5205 qua:
1922 5138 2083 5193 dere-

431 5218 580 5275 licta:
615 5223 756 5273 sunt
787 5237 822 5274 a
850 5220 996 5274 facie
1028 5219 1282 5274 ﬁliorum
1319 5220 1514 5275 Israel.
1554 5245 1580 5270 »
1616 5223 1728 5277 Hoc
1748 5240 1862 5278 non
1883 5232 2087 5282 contra

430 5307 785 5362 Damascum
819 5307 1100 5380 loquitur,
1134 5309 1233 5363 sed
1269 5314 1472 5364 contra
1501 5310 1701 5365 decem
1733 5311 1922 5368 tribus
1957 5333 2084 5386 quae

427 5393 789 5450 vocabantur
814 5395 1106 5452 lsraelitze.
1126 5397 1193 5450 Et
1217 5395 1525 5467 dicit,quia
1545 5398 1700 5453 sicut
1720 5401 2090 5459 venientibus

423 5481 573 5538 olim
601 5479 735 5542 ﬁliis
755 5485 934 5542 Israel
960 5483 1283 5539 Amorrhazi
1304 5485 1524 5542 relictis
1539 5487 1750 5542 aratris
1774 5489 2049 5562 fugerunt
2073 5509 2085 5547 :

417 5567 505 5624 ita
537 5581 774 5653 Quoque
803 5574 943 5647 ipse
969 5573 1168 5628 decem
1216 5573 1404 5630 tribus
1434 5576 1805 5634 venientibus
1837 5579 2091 5653 Assyriis

407 5649 676 5738 fugient,
709 5673 746 5714 a
774 5677 1028 5734 quarum
1058 5659 1203 5715 facie
1233 5665 1532 5733 quondam
1565 5666 1839 5738 fugerant
1888 5649 2089 5726 aliena:

396 5733 652 5810 εοηιθδο
686 5761 714 5789 α
749 5733 817 5807 Et
837 5747 958 5808 eris
977 5747 1230 5822 deserta,
1259 5773 1280 5804 ιι
1316 5765 1350 5808 ο
1379 5751 1546 5827 plebs
1576 5733 1779 5813 decem
1799 5757 2086 5834 tribuum,

2109 4703 2168 4769 ‘D
2267 4714 2296 4742 α
2331 4691 2639 4747 Sonabant
2682 4688 2905 4762 populi,
2943 4711 2971 4738 »

2201 2015 2303 2070 illo
2334 2016 2435 2089 qui
2466 2017 2800 2086 seminavit,
2835 2016 2936 2073 sed
2969 2018 3170 2074 hostes
3195 2017 3488 2090 diripiunt
3514 2017 3681 2073 illud.

2277 2127 2306 2156 «
2340 2106 2403 2161 In
2425 2105 2519 2160 die
2552 2104 2936 2178 plantationis
2956 2112 3069 2162 tuan
3091 2105 3367 2162 labrusca
3388 2112 3448 2163 et
3468 2123 3639 2162 mane
3658 2123 3872 2162 semen

2199 2199 2371 2250 tuum
2403 2194 2650 2251 ﬂorcbit.
2686 2219 2714 2244 »
2748 2197 2828 2251 Ac
2857 2196 2905 2252 si
2937 2196 3200 2250 diceret:
3233 2197 3382 2262 Quia
3429 2195 3610 2252 oblita
3653 2212 3718 2251 es
3763 2195 3872 2252 Dei

2199 2283 2518 2340 Salvatoris
2549 2283 2656 2350 tui,
2674 2283 2782 2340 hos
2813 2285 3010 2357 capies
3039 2285 3268 2342 fructus
3293 2302 3308 2340 :
3334 2285 3480 2341 Cum
3508 2283 3872 2358 plantaveris

2196 2371 2428 2428 vineam
2450 2377 2620 2427 tuum
2641 2373 2927 2444 Optimam
2952 2373 3183 2439 Soreth,
3205 2373 3672 2446 degenerabit,et
3691 2373 3752 2428 in
3772 2373 3870 2429 die

2197 2461 2557 2516 maturitatis
2587 2477 2723 2516 cum
2747 2461 3048 2533 quaisieris
3070 2461 3300 2517 fruetus
3319 2461 3707 2534 plantationis
3724 2467 3864 2530 tum,

2198 2551 2258 2606 id
2288 2554 2380 2605 est
2408 2567 2554 2606 uvas
2573 2549 2780 2622 optimi
2811 2550 3063 2622 generis,
3087 2553 3146 2605 et
3175 2551 3288 2606 erit
3317 2551 3398 2606 ibi
3425 2550 3727 2607 labrusca.
3744 2573 3777 2602 ι(
3799 2551 3868 2606 Et

2197 2655 2392 2705 mane,
2428 2662 2456 2688 »
2489 2639 2704 2710 inquit,
2735 2639 2794 2694 id
2829 2643 2938 2706 est,
2963 2638 3024 2694 in
3079 2639 3315 2695 exordio
3365 2639 3580 2694 messis
3602 2662 3628 2690 ‹‹
3653 2656 3863 2695 semen

2197 2732 2368 2784 tuum
2403 2727 2651 2784 ﬁorebit.
2691 2750 2720 2776 »
2751 2727 2868 2782 Hoc
2898 2728 3214 2800 dupliciter
3243 2733 3438 2800 potest
3491 2727 3762 2801 intelligi.
3802 2730 3864 2784 In

2169 2858 2178 2866 .
2198 2819 2338 2873 ﬂore
2360 2817 2599 2890 quidem
2615 2817 2909 2872 videbitur
2927 2818 3033 2873 tibi
3058 2818 3284 2890 species
3308 2817 3518 2873 salutis
3538 2833 3667 2874 esse
3685 2817 3746 2872 in
3771 2835 3863 2885 eo,

2198 2908 2299 2963 sed
2328 2911 2644 2978 antequam
2677 2907 2976 2979 perveniat
3005 2908 3078 2962 ad
3110 2907 3865 2976 maturitatem,consume-

2198 3001 2296 3051 tur
2323 2997 2396 3051 ab
2429 2996 2706 3068 aerugine.
2728 2995 2825 3053 Vel
2858 3013 3052 3065 mane,
3071 2996 3126 3051 id
3149 3001 3241 3052 est
3267 3000 3406 3053 ante
3433 2999 3668 3069 tempus
3697 2997 3866 3052 flore-

2199 3085 2286 3141 bit
2315 3102 2514 3141 semen
2550 3090 2756 3151 tuum;
2777 3085 3023 3158 ideoque
3061 3086 3134 3141 ad
3181 3085 3580 3142 maturitatem
3614 3102 3728 3140 non
3763 3101 3859 3140 ve-

2199 3175 2342 3244 niet,
2375 3175 2530 3247 quod
2579 3175 2848 3230 videmus
2891 3191 2961 3230 ex
3008 3174 3139 3230 istis
3190 3173 3518 3230 seminibus
3568 3189 3694 3246 quae
3741 3173 3859 3228 cito

2200 3263 2674 3322 oriuntur.Unde
2704 3269 2764 3319 et
2793 3264 3066 3336 sequitur
3097 3281 3110 3319 :
3146 3287 3174 3314 ‹‹
3207 3265 3418 3320 Ablata
3444 3269 3534 3320 est
3564 3264 3778 3320 messis
3797 3263 3857 3318 in

2201 3354 2294 3409 die
2317 3353 2692 3422 hereditatis,
2719 3375 2748 3404 ι)
2771 3352 2882 3408 hoc
2898 3357 3010 3420 est,
3025 3369 3159 3408 cum
3183 3351 3484 3409 debuisset
3497 3352 3556 3408 in
3578 3352 3854 3408 horreum

2199 3443 2601 3513 condi,ablata
2628 3447 2720 3498 est
2745 3441 2836 3498 vel
2868 3442 2942 3497 ab
2991 3441 3282 3512 hostibus,
3304 3441 3392 3498 vel
3421 3459 3488 3499 eo
3533 3441 3704 3506 modo
3733 3457 3853 3514 quo

2198 3532 2690 3605 supradiximus.
2727 3552 2756 3582 κ
2785 3531 2858 3586 Et
2887 3530 3110 3587 dolebit
3137 3532 3410 3604 graviter,
3433 3553 3463 3582 »
3491 3529 3600 3588 hoc
3627 3535 3736 3597 est,
3761 3547 3853 3585 su-

2198 3640 2302 3695 per
2331 3621 2545 3677 ablatis
2571 3620 2888 3677 messibus.
3723 3634 3742 3650 °

2271 3736 2298 3762 ιι
2334 3711 2416 3766 De
2447 3709 2829 3766 multitudine
2859 3709 3212 3782 populorum
3244 3708 3625 3776 multorum,»
3642 3709 3850 3764 subau-

2198 3799 2290 3856 dis
2319 3798 2679 3856 venientium
2711 3815 2846 3854 cum
2881 3799 3280 3854 Sennacherib
3329 3803 3532 3855 contra
3567 3797 3845 3871 populum

2198 3905 2419 3958 meum,
2452 3910 2480 3937 ‹‹
2517 3891 2582 3943 ut
2612 3886 2930 3942 multitudo
2961 3887 3144 3944 maris
3173 3888 3460 3954 sonantis,
3478 3891 3536 3944 et
3563 3885 3847 3944 tumultus

2199 3976 2698 4046 turbarum,sicut
2727 3975 2959 4032 sonitus
2988 3993 3276 4048 aquarum
3311 3975 3689 4032 multarum.»
3709 3976 3845 4031 Sen-

2198 4065 2476 4123 nacherib
2509 4069 2567 4120 et
2594 4065 2872 4121 exercitui
2905 4064 3067 4120 illius
3095 4082 3272 4137 quem
3303 4064 3547 4122 diversis
3582 4064 3848 4137 gentibus

2197 4159 2670 4228 congregaverat,
2685 4171 2789 4226 per
2808 4171 2985 4226 quem
3005 4153 3190 4211 voluit
3218 4153 3410 4211 delere
3446 4153 3728 4228 populum
3751 4153 3849 4210 Do-

2198 4245 2344 4301 mini
2374 4262 2387 4300 :
2412 4245 2674 4300 minatur
2703 4259 2898 4300 sermo
2939 4243 3318 4316 propheticus
3357 4243 3549 4312 Vm,id
3578 4247 3670 4299 est
3691 4247 3846 4298 aiter-

2199 4351 2337 4391 nam
2378 4333 2818 4390 damnationem
2867 4337 2925 4390 et
2971 4335 3255 4389 aaternum
3293 4330 3676 4405 supplicium.
3708 4330 3843 4387 Cum

2196 4428 2366 4480 tanta
2391 4422 2551 4479 enim
2583 4420 2968 4478 multitudine
2995 4420 3283 4490 veniebat,
3316 4425 3387 4477 ut
3411 4437 3596 4478 sonus
3634 4418 3838 4476 exerci-

2196 4518 2369 4570 tuum
2400 4510 2728 4584 comparari
2761 4514 2960 4583 posset
2985 4509 3203 4567 sonitui
3235 4510 3416 4566 maris
3450 4509 3608 4581 quod
3626 4526 3661 4565 a
3680 4508 3839 4580 longe

2198 4606 2454 4670 resonat,
2488 4603 2591 4657 aut
2619 4599 2797 4656 etiam
2827 4599 3045 4656 sonitui
3077 4616 3366 4672 aquarum
3396 4599 3738 4656 multanm.

3017 4689 3326 4759 subaudis,
3355 4687 3654 4745 venientes
3709 4700 3833 4742 cum

2197 4778 2647 4845 Sennacherib,«
2665 4779 2820 4834 sicut
2849 4778 3081 4834 sonitus
3099 4793 3387 4850 aquarum
3407 4775 3716 4833 inundanti
3726 4789 3831 4830 am.

2193 4872 2265 4926 Et
2294 4868 2619 4940 increpabit
2649 4884 2806 4934 eum,
2843 4890 2871 4916 υ
2904 4867 2962 4922 id
2985 4871 3077 4922 est
3108 4865 3832 4934 Sennacherib,dominum

2193 4964 2490 5014 tantorum
2511 4957 2893 5024 exercituum,
2909 4979 2937 5005 ‹‹
2961 4961 3017 5011 et
3049 4955 3230 5029 fugiet
3252 4955 3456 5028 procul
3478 4978 3506 5006 »
3521 4955 3594 5010 de
3613 4955 3831 5011 Jerusa-

2195 5049 2308 5105 lem
2333 5048 2392 5102 in
2423 5047 2672 5102 Ninivcn
2705 5067 2732 5095 ι(
2764 5049 2822 5101 et
2853 5045 3113 5116 rapietur
3136 5069 3163 5094 ››
3195 5046 3266 5100 de
3294 5041 3742 5111 Jerusalem,vel
3773 5038 3830 5092 de

2195 5137 2304 5193 hoc
2326 5137 2571 5203 mundo,
2600 5158 2627 5184 «
2651 5135 2808 5190 sicut
2840 5133 3029 5206 pulvis
3062 5133 3362 5190 montibus
3394 5151 3431 5189 a
3461 5132 3600 5189 fasie
3622 5129 3825 5188 venti.»

2196 5227 2399 5281 Nonne
2431 5225 2754 5296 increpavit
2801 5241 2936 5278 eum
2992 5224 3300 5292 Dominus,
3337 5223 3568 5294 quando
3615 5231 3824 5278 omnem

2196 5315 2515 5371 exercitum
2578 5312 2738 5368 illius
2789 5312 3101 5378 interfecit,
3153 5317 3362 5384 praeter
3410 5313 3610 5368 decem
3661 5303 3825 5367 viros?

2200 5405 2403 5460 Nonne
2434 5403 2587 5458 sicut
2615 5400 2805 5474 pulvis
2826 5407 2915 5457 est
2937 5406 3141 5473 raptus
3171 5403 3242 5458 de
3262 5393 3823 5472 Jerusalem,quand0

2199 5511 2333 5549 cum
2367 5490 2744 5565 paucissimis
2774 5489 2914 5546 viris
2947 5491 3098 5563 fugit
3127 5491 3188 5546 in
3219 5489 3523 5546 Ninivem?
3551 5488 3743 5546 Nonne
3767 5482 3821 5536 de

2201 5583 2310 5640 hoc
2342 5582 2564 5638 mundo
2596 5597 2712 5635 non
2742 5584 2832 5637 est
2861 5581 3337 5652 raptus,quando
3368 5579 3661 5651 insperate
3681 5577 3820 5632 inter-

2201 5673 2386 5729 fectus
2416 5674 2505 5727 est
2533 5686 2567 5725 a
2597 5669 2733 5726 ﬁliis
2764 5668 2908 5724 suis.
2945 5669 3222 5740 Sequitur
3247 5686 3261 5726 :

2273 5786 2300 5815 ‹‹
2321 5761 2388 5821 ln
2409 5764 2668 5835 tempore
2686 5757 2931 5834 vesperi,
2955 5780 2984 5812 ››
3007 5758 3294 5819 subaudis
3322 5757 3530 5831 noctis,
3543 5756 3605 5816 id
3637 5757 3723 5816 est
3742 5763 3816 5808 ει·
