3960 6416
152 459 264 523 805

1272 465 1681 543 COMMENT.
1728 467 1807 528 IN
1852 467 2145 530 ISAIAM.
2202 472 2348 533 LIB.
2396 473 2476 535 ιι.

3439 486 3557 547 806

151 600 335 653 trama
382 602 544 670 parte
573 597 765 654 noctis
789 614 803 653 :
828 622 855 647 ‹‹
880 614 1012 654 ecce
1062 600 1315 655 turbatio
1350 623 1377 647 »
1408 617 1585 672 super
1636 599 1795 656 illam
1826 600 1882 669 Α
1912 605 1998 657 est
2031 603 2217 683 n_untii
2252 605 2434 661 nostri
2462 628 2490 657 ‹‹
2512 606 2737 663 veloces
2762 610 2833 665 ad
2865 616 3097 683 gentem
3128 613 3299 670 Israel
3321 619 3558 674 convul-

151 684 584 743 multitudinem
615 686 824 759 angelo
857 687 1088 744 Domini
1121 688 1439 761 prmliante.
1465 714 1490 738 ‹‹
1518 691 1581 745 In
1612 694 1800 745 matu-

148 773 266 831 tino
290 797 320 825 »
343 775 616 832 similiter
643 776 900 833 turbatio
925 801 949 827 ‹‹
982 783 1039 833 et
1068 794 1183 832 non
1213 778 1494 834 subsistet
1528 802 1548 828 ι
1585 780 1799 834 exerci-

151 867 242 920 tus
274 863 456 920 illius.
485 889 511 914 «
547 866 679 921 llaec
710 870 800 921 est
842 883 976 938 pars
1007 865 1245 921 illorum
1295 868 1396 938 qui
1425 872 1802 923 vastaverunt

149 969 275 1019 nos,
307 958 366 1009 et
393 971 529 1027 pars
573 954 977 1027 diripientium
1019 974 1146 1011 nos.
1176 980 1202 1004 »
1228 956 1512 1028 Propheta
1544 956 1802 1029 loquitur

147 1059 210 1098 ex
238 1060 493 1116 persona
520 1044 719 1118 populi
755 1043 951 1113 Israel,
976 1050 1034 1101 et
1057 1046 1259 1117 jungit
1287 1063 1348 1101 se
1372 1045 1507 1100 illis.
1535 1048 1669 1113 Qua:
1694 1046 1802 1102 fuit

148 1150 284 1205 ergo
343 1151 479 1207 pars
535 1133 909 1206 Assyriorum
967 1133 1067 1207 qui
1133 1139 1509 1191 vastaverunt
1564 1151 1798 1191 omnem

148 1222 347 1289 Israel,
381 1228 439 1278 et
467 1224 566 1296 qui
601 1224 754 1280 bona
784 1223 1019 1279 illorum
1054 1223 1167 1279 sibi
1199 1223 1606 1295 diripuerunt?
1636 1223 1708 1279 Ut
1739 1225 1797 1279 in

146 1311 444 1383 pulverem
494 1312 897 1385 redigerentur
941 1315 1116 1385 atque
1166 1312 1442 1381 favillam,
1465 1311 1799 1385 consumpti

148 1402 215 1459 ab
249 1401 385 1474 igne
415 1401 728 1476 spirituali.

739 1490 974 1548 CAPUT
1010 1490 1208 1548 XVIII.

218 1604 245 1629 ‹‹
268 1578 366 1635 Vae
387 1585 553 1636 terra:
573 1580 841 1653 cymbalo
863 1580 1110 1648 alarum,
1126 1598 1255 1653 qua:
1282 1586 1373 1636 est
1394 1587 1557 1638 trans
1582 1581 1798 1638 ﬂumen

148 1668 505 1743 £thiopia3.»
530 1669 898 1729 Convertitur
913 1686 1086 1726 verus
1114 1688 1306 1726 sermo
1330 1672 1705 1744 prOpheticus
1727 1672 1807 1728 ad'

145 1758 482 1831 Egyptum,
515 1761 573 1815 et
609 1759 865 1832 appellat
910 1758 1068 1814 illam
1101 1758 1436 1833 cymbalum
1468 1760 1692 1817 alarum
1725 1762 1797 1816 ob

145 1846 556 1919 hujuscemodi
586 1865 815 1906 causas.
840 1847 1010 1905 Nilus
1033 1865 1283 1921 magnus
1306 1849 1538 1917 ﬂuvius,
1560 1850 1684 1922 ipse
1711 1853 1801 1905 est

146 1936 290 2036 dion
312 1935 553 2036 veniens
582 1953 687 2011 per
706 1937 1135 2036 Ethiopiam‘et
1165 1953 1407 2036 currens
1438 1955 1542 2010 per
1573 1939 1798 2036 .ngyp-
1826 1970 1875 2036 Β

145 2028 295 2082 tum.
317 2023 427 2091 Qui
457 2030 775 2099 antequam
806 2026 1164 2082 divideretur
1195 2026 1252 2081 in
1287 2030 1508 2098 septem
1542 2026 1693 2081 rivos
1724 2027 1798 2083 ab

143 2113 468 2171 Alexandro
518 2132 757 2191 magno,
784 2132 1010 2172 necnon
1057 2120 1116 2170 et
1166 2121 1369 2187 postea
1399 2132 1534 2172 cum
1584 2133 1797 2190 magno

144 2204 342 2259 sonitu
373 2204 610 2273 ﬂuebat,
633 2209 834 2278 utpote
864 2222 967 2278 per
990 2210 1268 2261 montana
1288 2204 1647 2263 descendens
1673 2224 1686 2262 :
1710 2223 1800 2262 ve-

145 2291 253 2349 luti
284 2291 433 2348 solet
459 2294 689 2350 sonitus
720 2293 1042 2350 multarum
1069 2294 1399 2367 garrituum
1430 2312 1557 2351 esse
1578 2296 1794 2353 avium.

143 2382 214 2438 Et
243 2381 375 2439 ideo
403 2381 811 2456 hujuscemodi
835 2382 1153 2441 multitudo
1174 2381 1375 2455 populi
1398 2383 1623 2440 alarum
1646 2402 1799 2442 com-

146 2476 390 2544 paratur
434 2472 652 2527 sonitui
688 2488 701 2528 :
733 2471 897 2527 velox
926 2470 1142 2544 quippe
1170 2472 1552 2546 concitusque
1601 2474 1797 2529 avium

144 2559 395 2633 volatus,
417 2560 669 2633 cymbali
698 2562 956 2617 sonitum
989 2562 1201 2617 reddit.
1226 2561 1419 2617 Potest
1446 2562 1622 2619 etiam
1653 2562 1797 2619 sim-

147 2649 376 2721 pliciter
410 2648 492 2704 ita
539 2648 785 2723 intelligi
828 2668 841 2706 :
885 2649 1026 2723 quia
1082 2650 1206 2722 ipse
1251 2650 1465 2705 ﬂuvius
1514 2649 1798 2707 citissime

146 2754 409 2803 currens,
433 2738 693 2793 sonitum
724 2737 951 2793 alarum
982 2738 1040 2793 in
1066 2738 1307 2793 modum
1329 2738 1579 2812 cymbali
1598 2739 1795 2796 habet.

144 2825 491 2899 Cymbalum
523 2822 749 2882 alarum
780 2826 998 2883 dicitur
1023 2831 1259 2901 propter
1288 2826 1652 2883 velocitatem
1684 2828 1800 2883 fru-

143 2932 281 2987 gum
313 2914 458 2969 inibi
513 2914 904 2982 nascentium,
930 2915 1070 2988 quia
1116 2915 1272 2971 sicut
1319 2916 1444 2973 avis
1473 2916 1588 2970 cito
1618 2916 1795 2986 volat,

142 3006 221 3060 ita
247 3004 351 3059 ille
381 3003 597 3061 ﬂuvius
626 3004 1061 3076 comparatione
1081 3003 1330 3061 aliarum
1362 3008 1648 3059 terrarum
1682 3004 1796 3061 cito

142 3094 337 3166 fruges
387 3095 648 3166 generat,
698 3093 817 3148 Deo
874 3094 956 3151 ita
1012 3093 1378 3169 disponente.
1412 3093 1688 3149 Dicamus
1740 3099 1798 3150 et

142 3187 351 3257 quarto
399 3183 596 3251 modo,
631 3181 1021 3255 intelligentes
1052 3200 1156 3256 per
1183 3182 1518 3257 cymbalum
1566 3182 1794 3239 alarum

143 3271 427 3329 auxilium
460 3274 518 3328 et
546 3270 987 3345 protectionem,
1012 3288 1193 3344 quam
1243 3269 1327 3327 illi
1376 3271 1797 3345 promittebant

1910 674 2090 758 sam,‘
2120 690 2227 747 hoc
2257 698 2347 748 est
2378 701 2705 768 separatam
2740 715 2774 753 a
2804 699 2942 769 Deo,
2967 706 3024 757 et
3051 719 3085 757 a
3111 708 3269 759 terra
3298 723 3409 761 sua
3428 707 3557 780 jam

1909 794 1977 833 ex
2008 779 2262 836 maxima
2290 787 2471 855 parte,
2494 789 2552 839 et
2580 784 2956 844 dilaceratam
2988 788 3432 864 impugnatione
3460 798 3561 852 As-

1910 866 2253 939 syriorum,"
2279 872 2348 925 ad
2382 873 2663 945 populum
2687 877 2984 946 quondam
3012 880 3390 947 terribilem,»
3413 885 3557 940 dum

1910 955 2093 1011 Deum
2117 957 2371 1014 habebat
2391 965 2830 1032 protectorem.“
2859 965 2993 1021 Post
3012 984 3244 1039 quem,»
3272 971 3560 1030 subaudis

1910 1044 2249 1116 populum,«
2273 1065 2385 1103 non
2408 1054 2497 1105 est
2526 1049 2677 1105 alius
2702 1075 2729 1101 »
2753 1052 2831 1109 ita
2862 1055 3161 1123 terribilis,
3179 1055 3235 1113 id
3258 1063 3366 1128 est,
3384 1061 3559 1133 cujus

1910 1135 2182 1205 potentiae
2202 1135 2398 1192 nullus
2417 1141 2848 1211 comparandus
2862 1147 3005 1212 est,«
3022 1146 3091 1200 ad
3114 1152 3345 1219 gentem
3363 1166 3561 1223 exspe-

1909 1226 2163 1290 cantem,
2190 1245 2218 1273 »
2245 1223 2530 1281 subaudis
2560 1226 2660 1281 Dei
2692 1230 2975 1287 auxilium
3006 1233 3092 1288 vel
3126 1240 3414 1304 nostrum,
3439 1262 3466 1289 ‹‹
3500 1241 3559 1295 et

1910 1309 2310 1368 conculcatam
2348 1336 2375 1361 »
2408 1331 2441 1370 a
2470 1315 2716 1373 diversis
2751 1320 3044 1390 gentibus,
3070 1344 3098 1372 ‹‹
3130 1324 3302 1392 cuius
3342 1329 3559 1383 terram

1911 1398 2177 1469 ﬂumina,
2205 1424 2232 1451 »
2264 1401 2320 1456 id
2354 1406 2443 1458 est
2483 1404 2695 1461 diversi
2737 1424 2901 1480 reges
2931 1413 2990 1464 et
3020 1411 3334 1486 principes,
3357 1438 3384 1465 «
3419 1416 3561 1472 diri-

1910 1494 2225 1560 puerunt,»
2249 1490 2367 1547 sive
2390 1492 2651 1565 populati
2674 1498 3128 1572 sunt.Quodque
3150 1503 3417 1574 sequitur
3436 1526 3463 1554 ‹‹
3488 1506 3561 1562 ad

1910 1581 2169 1633 montem
2196 1579 2451 1635 nominis
2469 1582 2697 1637 Domini
2717 1585 3100 1661 exercituum,
3112 1611 3138 1637 »
3150 1595 3407 1648 montem
3425 1593 3563 1650 Sion

1910 1664 2221 1754 dupliciter
2248 1671 2441 1739 potest
2465 1668 2734 1745 intelligi.
2762 1672 3046 1742 Primum,
3075 1681 3139 1733 ut
3167 1695 3202 1734 a
3228 1686 3394 1752 parte
3423 1699 3561 1754 pro-

1909 1753 2096 1826 pheta:
2127 1755 2205 1809 sit
2234 1755 2478 1826 dictum,
2502 1760 2673 1830 quasi
2719 1760 3111 1835 interrogatus
3147 1765 3222 1820 ab
3259 1753 3456 1840 aliquo
3486 1769 3559 1825 ad

1907 1858 2086 1914 quam
2118 1848 2349 1915 gentem
2382 1844 2469 1900 vel
2504 1850 2719 1903 terram
2758 1849 3058 1906 mitterent
3096 1851 3181 1907 illi
3212 1854 3469 1925 nuntios,
3501 1859 3561 1913 et

1908 1932 2292 2004 responderit,
2327 1935 2398 1989 ad
2444 1934 2638 1992 locum
2697 1937 2954 1995 nominis
3010 1940 3242 1997 Domini
3299 1948 3559 2002 montem

1908 2022 2068 2091 Sion,
2094 2023 2165 2077 ad
2197 2023 2543 2081 Jerusalem.
2570 2026 2762 2082 Potest
2790 2032 2847 2083 et
2890 2046 2925 2084 a
2966 2034 3130 2101 parte
3158 2032 3559 2106 Egyptiorum

1906 2110 2237 2185 principum
2267 2131 2395 2169 esse
2428 2116 2672 2186 dictum,
2692 2119 2861 2189 quasi
2893 2118 3233 2193 interrogati
3256 2138 3290 2177 a
3310 2124 3557 2194 nuntiis,

1906 2202 2124 2272 quibus
2145 2202 2420 2259 dicebant
2443 2221 2456 2258 :
2480 2206 2581 2275 Ite,
2604 2205 2794 2277 angeli
2817 2207 3039 2265 veloces
3064 2226 3076 2265 :
3101 2225 3218 2282 quo
3239 2211 3561 2284 (inquiunt)

1908 2290 2221 2363 prmcipitis
2256 2297 2319 2347 ut
2350 2310 2576 2363 eamus,
2605 2296 3003 2367 reponderunt
3032 2298 3268 2369 ironice,
3294 2300 3393 2373 qui
3425 2303 3561 2358 mit-

1907 2380 2108 2434 tebant
2136 2397 2235 2435 eos
2265 2381 2335 2435 ad
2369 2381 2562 2437 locum
2597 2383 2696 2438 ubi
2720 2386 3020 2457 quondam
3050 2386 3163 2443 fuit
3193 2405 3407 2445 nomen
3436 2390 3561 2446 Dei.

1909 2467 1965 2522 id
1996 2472 2085 2523 est
2116 2470 2187 2525 ad
2223 2475 2482 2526 montem
2514 2472 2675 2528 Sion.

1980 2580 2007 2606 «
2032 2557 2249 2614 Omnes
2270 2558 2630 2617 habitatores
2652 2562 2811 2619 orbis
2832 2564 2932 2635 qui
2952 2565 3264 2622 moramini
3294 2567 3353 2623 in
3384 2572 3562 2640 terra,

1907 2663 2043 2701 cum
2064 2646 2351 2703 elevatum
2376 2650 2551 2705 fuerit
2580 2650 2819 2724 signum
2852 2654 2911 2708 in
2944 2655 3248 2711 montibus
3268 2656 3561 2727 videbitis,

1906 2738 1962 2789 et
1991 2735 2325 2807 clangorem
2358 2739 2508 2793 tubae
2543 2740 2851 2796 audietis.»
2875 2741 3213 2814 Alloquitur
3242 2745 3416 2799 modo
3436 2760 3563 2801 om-

1907 2822 2176 2895 nipotens
2206 2824 2361 2879 Deus
2390 2843 2596 2882 omnes
2644 2827 2702 2881 in
2764 2832 2881 2883 toto
2915 2830 3053 2885 orbe
3107 2837 3558 2903 commorantes,

1905 2910 2104 2967 dicens
2124 2928 2136 2966 :
2155 2914 2468 2982 Attendite,
2493 2932 2697 2970 omnes
2720 2920 2944 2988 gentes.
2964 2917 3111 2972 Cum
3134 2918 3419 2975 elevatum
3443 2921 3563 2989 fue-

1904 3000 1981 3054 rit
2010 3000 2246 3072 signum
2277 3001 2527 3057 victoriae
2557 3004 2930 3076 Assyriorum
2962 3004 3023 3061 in
3055 3006 3359 3064 montibus
3382 3008 3560 3082 {Egy-

1906 3088 2183 3160 ptiorum,
2208 3094 2349 3171 tunc
2370 3090 2660 3159 videbitis,
2686 3093 2742 3147 id
2766 3097 2874 3159 est,
2898 3092 3238 3167 intelligetis
3261 3098 3418 3168 quod
3450 3112 3559 3171 ego

1903 3168 2275 3249 cogitaverim
2315 3184 2373 3234 et
2415 3180 2787 3253 praeceperim
2830 3199 3005 3256 super
3051 3184 3385 3258 Egyptum,
3418 3168 3559 3259 quia

1903 3270 2045 3321 tunc
2077 3266 2409 3339 clangorem
2452 3269 2604 3323 tubae
2646 3270 2921 3337 audietis,
2942 3270 3364 3345 incipientibus
3402 3291 3559 3349 pug-

144 3361 376 3417 duabus
406 3336 702 3417 tribubus.
733 3360 898 3427 Quod
938 3336 1049 3435 per
1079 3358 1203 3416 alas
1242 3336 1525 3416 auxilium
1567 3364 1624 3416 et
1660 3378 1793 3433 pro-
1825 3336 1870 3402 (ἶ
1908 3372 2045 3410 nare
2073 3336 2347 3428 Assyriis.

142 3450 459 3506 tectionem
481 3448 805 3522 intelligere
822 3448 1163 3517 debeamus,
1187 3448 1500 3505 Psalmista
1518 3450 1796 3519 ostendit,

144 3538 345 3597 dicens
365 3538 441 3594 ad
472 3536 657 3594 Deum
682 3554 732 3594 zu
757 3537 880 3593 Sub
912 3537 1123 3594 umbra
1152 3535 1379 3594 alarum
1410 3543 1643 3597 tuarum
1667 3556 1798 3612 pro-

144 3632 271 3700 tege
303 3643 399 3683 me
429 3626 602 3700 (Ptol.
623 3629 763 3696 xvi).
790 3648 818 3676 »
847 3625 1067 3683 Idcirco
1098 3642 1235 3699 ergo
1267 3627 1528 3685 minatur
1554 3628 1799 3701 Egypto

143 3717 430 3781 Dominus
469 3715 646 3789 mala,
669 3714 811 3789 quia
835 3714 991 3771 sicut
1038 3714 1203 3789 Syria
1252 3716 1452 3773 decem
1501 3715 1797 3784 tribubus,

144 3804 224 3859 ita
250 3802 352 3859 isti
376 3820 485 3860 sua
502 3803 717 3860 virtute
737 3803 963 3871 confisi,
990 3802 1384 3876 promittendo
1416 3803 1545 3860 istis
1574 3809 1797 3876 protec-

142 3892 383 3960 tionem,
406 3891 671 3948 tulerunt
699 3891 771 3948 ab
817 3891 902 3947 eis
949 3891 1222 3948 timorem
1272 3891 1526 3948 Domini.
1557 3893 1655 3950 Vae
1684 3895 1797 3965 (in-

140 3980 289 4054 quit)
309 3985 479 4036 terra:
510 3980 760 4054 Egypti,
783 3980 922 4052 quia
952 3979 1011 4035 in
1044 3980 1256 4036 umbra
1294 3980 1523 4038 alarum
1552 3999 1796 4039 suarum

138 4067 432 4142 promittit
461 4067 746 4124 auxilium
795 4068 1028 4124 duabus
1071 4068 1364 4137 tribubus,
1389 4070 1541 4125 sicut
1583 4070 1796 4129 Dama-

138 4175 275 4215 scus
307 4156 713 4231 decemzquia
740 4161 895 4213 terra
934 4157 1162 4231 Egypti
1219 4161 1309 4214 est
1363 4164 1529 4214 trans
1577 4159 1794 4215 ﬂumen

135 4245 463 4319 Ethiopiaa,
494 4246 567 4302 ad
596 4250 688 4303 est
730 4250 896 4303 trans
946 4246 1100 4302 rivos
1128 4245 1243 4302 Nili
1277 4246 1540 4303 ﬂuminis
1571 4247 1674 4320 qui
1724 4250 1796 4309 de

134 4334 431 4408 [Ethiopia
461 4333 611 4389 ﬂuit.
643 4335 807 4403 Quod
842 4337 1038 4392 autem
1068 4333 1338 4407 sequitur
1364 4351 1378 4391 :

206 4446 236 4480 α
270 4422 382 4492 Qui
422 4422 607 4480 mittit
651 4423 711 4480 in
769 4421 919 4480 mari
974 4421 1227 4497 legatos;
1256 4446 1285 4473 »
1316 4424 1457 4496 quia
1512 4425 1796 4500 Egyptus

133 4512 297 4586 apud
326 4512 745 4587 grammaticos
775 4511 1058 4570 feminino
1100 4528 1311 4587 genere
1344 4530 1576 4587 semper
1605 4517 1794 4587 profe-

132 4605 319 4667 ratur,
340 4602 535 4674 potest
562 4599 645 4657 ita
675 4599 905 4670 resolvi,
929 4600 1073 4673 quia
1088 4600 1392 4676 [Egyptius
1422 4602 1676 4675 populus
1705 4603 1794 4662 vel

1980 3468 2007 3493 ι(
2027 3445 2175 3510 Quia
2190 3444 2310 3500 haec
2326 3445 2764 3504 dicitDominus
2780 3449 2852 3503 ad
2870 3465 2965 3505 me
2984 3466 2997 3505 :
3018 3448 3328 3517 Quiescam
3349 3453 3409 3508 in
3432 3451 3559 3510 loco

1910 3550 2100 3603 meo,»
2117 3533 2174 3589 id
2197 3539 2287 3589 est
2307 3534 2367 3590 in
2390 3535 2728 3595 ccelestibus
2747 3537 3017 3608 sedebo,«
3042 3543 3100 3595 et
3119 3540 3554 3611 considerabo,.

1908 3622 2193 3679 subaudis
2206 3623 2479 3696 quisnam
2497 3625 2769 3683 adveniat
2785 3626 3097 3695 ﬂnis.Quid
3115 3629 3347 3698 locutus
3357 3634 3447 3688 est
3457 3631 3564 3689 Do-

1907 3710 2108 3766 minus
2125 3712 2196 3767 ad
2220 3713 2814 3787 prophetam.anuie
2833 3723 3227 3789 sequunturzu
3243 3718 3427 3790 Sicut,
3437 3742 3464 3769 »
3476 3719 3564 3777 in-

1907 3801 2092 3871 quit,«
2118 3801 2443 3857 meridiana
2462 3800 2586 3857 dies
2617 3801 2775 3858 clara
2797 3807 2978 3872 est,et
3006 3805 3164 3861 sicut
3192 3807 3379 3861 nubes
3408 3806 3561 3863 roris

1906 3887 1965 3942 in
1993 3888 2086 3942 die
2108 3890 2377 3944 messis.»
2399 3890 2470 3944 Et
2499 3893 2590 3944 est
2619 3906 2849 3945 sensus.
2876 3891 3042 3947 Sicut
3061 3890 3121 3946 in
3144 3896 3266 3948 toto
3288 3892 3381 3948 die
3411 3891 3559 3949 nihil

1905 3982 1995 4032 est
2014 3970 2231 4032 clarius
2254 3977 2516 4047 meridie,
2529 3981 2586 4031 et
2601 3976 2753 4032 sicut
2774 3978 3135 4035 messoribus
3154 3979 3411 4052 fatigatis
3430 3996 3560 4054 graa-

1906 4064 2176 4119 tissimus
2221 4069 2310 4119 est
2360 4081 2474 4133 ros,
2494 4064 2634 4136 quia
2662 4070 2721 4120 et
2748 4065 2851 4121 eis‘
2878 4070 3119 4139 praestat
3167 4067 3556 4142 refrigerium,

1905 4157 1962 4207 et
1990 4158 2220 4208 arentes
2240 4153 2489 4226 stipulas
2516 4152 2826 4210 calcabiles
2847 4154 3007 4223 facit,
3031 4155 3117 4212 sic
3137 4172 3330 4214 sermo
3362 4159 3559 4216 omnis

1904 4258 2080 4314 quem
2104 4241 2485 4298 considerabo
2516 4241 2575 4296 in
2606 4241 2734 4298 loco
2765 4259 2896 4299 meo
2916 4243 3198 4301 adversus
3219 4246 3554 4319 Egyptum,

1903 4330 2281 4404 gratissimus
2301 4330 2414 4388 erit
2433 4329 2711 4388 omnibus
2732 4331 2792 4388 in
2815 4348 2909 4387 me
2931 4332 3454 4403 credentibus.Vel,
3477 4335 3556 4392 si-

1904 4423 2004 4476 cut
2032 4437 2100 4476 ea
2119 4437 2247 4493 quae
2275 4419 2344 4477 de
2375 4436 2504 4478 rore
2533 4420 2691 4477 dicta
2734 4424 2874 4477 sunt
2911 4420 3147 4494 placent
3172 4421 3554 4494 messoribus,

1875 4500 1986 4566 'ita
2014 4508 2268 4581 placebit
2299 4513 2357 4569 et
2383 4508 2637 4583 Assyriis
2659 4525 2767 4565 sua
2796 4525 2830 4564 a
2860 4526 2953 4573 me
2983 4526 3263 4567 concessa
3289 4510 3555 4569 victoria.

1975 4621 2003 4649 «
2036 4600 2182 4653 Ante
2213 4614 2467 4655 messem
2512 4598 2669 4655 enim
2711 4601 2871 4655 totus
2909 4598 3186 4669 efﬂoruit,
3213 4621 3241 4650 »
3272 4600 3558 4658 subaudis

131 4687 412 4746 Mesraim
435 4688 537 4763 qui
562 4692 621 4746 et
646 4691 947 4764 Egyptus,
972 4689 1156 4747 mittit
1182 4691 1243 4746 in
1274 4691 1421 4748 mari
1453 4690 1695 4765 legatos,
1732 4696 1788 4753 id
1821 4704 1870 4770 ι)
1901 4686 2155 4759 populus
2176 4686 2500 4759 Egyptius,
2528 4709 2556 4738 ο(
2586 4690 2645 4742 et
2675 4690 2907 4743 matura
2937 4686 3236 4760 perfectio,
3270 4688 3559 4761 germina-

127 4783 220 4835 est
247 4775 489 4835 nuntios
509 4778 582 4835 ad
604 4777 754 4835 duas
778 4779 1030 4847 tribus,«
1048 4782 1105 4834 et
1123 4777 1185 4834 in
1204 4779 1361 4836 vasis
1383 4782 1589 4855 papyri
1612 4800 1793 4858 super
1897 4776 1999 4831 vit.
2032 4798 2060 4824 »
2093 4775 2518 4848 Metaphoricos
2560 4774 2824 4848 loquitur
2853 4776 2925 4832 de
2955 4774 3170 4849 populo
3217 4774 3557 4835 Judaeorum

129 4883 338 4940 aquas,
368 4888 397 4915 »
417 4867 704 4923 subaudis
752 4868 935 4923 mittit
982 4867 1282 4940 epistolas,
1310 4869 1664 4941 promittens
1714 4872 1798 4930 eis

127 4953 441 5012 auxilium.
466 4954 630 5023 Quod
648 4972 781 5011 vero
803 4954 946 5011 dicit
964 4955 1024 5011 in
1045 4956 1203 5012 vasis
1226 4958 1454 5030 papyri,
1480 4957 1567 5014 vel
1601 4959 1661 5016 in
1692 4979 1797 5016 na-

124 5044 323 5112 vibus,
346 5043 632 5101 debemus
654 5043 979 5117 intelligere
1000 5061 1069 5100 ex
1087 5062 1306 5119 papyro
1330 5045 1498 5102 factis
1521 5064 1648 5120 qua:
1674 5053 1799 5106 tan'

126 5137 198 5189 tae
231 5130 670 5206 magnitudinis
717 5137 807 5189 est
854 5132 1009 5205 apud
1044 5131 1196 5202 illos,
1230 5133 1385 5190 sicut
1442 5134 1502 5190 in
1553 5135 1799 5194 historia

124 5222 460 5279 Alexander
489 5218 723 5290 dicitur,
758 5224 824 5277 ut
864 5238 1039 5278 naves
1071 5221 1208 5277 inde
1256 5222 1423 5279 ﬁant.
1455 5225 1647 5282 Etiam
1696 5244 1799 5300 per

124 5327 272 5366 vasa
293 5308 529 5366 chartas
548 5326 870 5385 possumus
892 5310 1217 5384 intelligere
1240 5329 1308 5368 ex
1336 5330 1555 5387 papyro
1588 5316 1791 5385 factas,

127 5398 230 5455 ubi
264 5397 596 5471 antiquitus
626 5398 1013 5455 scribebatur.
1039 5400 1187 5468 Quia
1223 5400 1398 5457 sicuti
1429 5402 1489 5458 in
1520 5420 1655 5460 vase
1686 5404 1793 5461 ali-

125 5488 269 5560 quid
299 5486 657 5555 continetur,
692 5486 774 5543 ita
816 5487 875 5543 in
906 5488 1128 5546 chartis
1159 5488 1419 5562 scriptio.
1456 5490 1710 5549 Possunt
1738 5496 1797 5549 et

123 5576 299 5635 tertio
332 5576 509 5632 modo
539 5575 793 5649 capsula:
830 5575 1228 5634 indiculorum
1264 5578 1448 5652 accipi
1476 5596 1544 5636 ex
1573 5597 1793 5655 papyro

124 5665 471 5722 factae.Cum
493 5662 614 5720 illis
635 5681 773 5739 ergo
788 5664 1052 5738 epistolis
1068 5666 1380 5723 mittebant
1396 5667 1635 5725 nuntios
1652 5686 1793 5728 suos

124 5752 383 5831 Egyptii
414 5753 489 5813 ad
518 5751 669 5812 duas
698 5752 889 5814 tribus
929 5753 1210 5813 dicentes.
1241 5777 1271 5808 «
1302 5756 1385 5816 Ite
1427 5757 1642 5833 angeli,
1667 5779 1697 5810 »
1730 5758 1790 5817 id

1906 4865 2019 4919 sub
2042 4864 2468 4936 significatione
2488 4865 2719 4934 messis,
2745 4864 2847 4921 sed
2868 4882 2981 4921 non
3015 4868 3208 4938 potest
3235 4881 3340 4939 per
3358 4866 3559 4924 omnia

1905 4953 2148 5010 verbum
2178 4971 2208 5009 e
2237 4954 2412 5010 verbo
2450 4953 2695 5027 exponi:
2731 4971 2941 5011 sensus
2978 4958 3175 5010 tamen
3214 4953 3556 5027 bujusmod'i

1906 5046 2031 5098 est:
2058 5042 2565 5108 Quemadmodum
2597 5047 2828 5115 segetes
2857 5047 2990 5098 ante
3021 5042 3421 5099 maturitatem
3442 5044 3557 5100 cito

1906 5137 2279 5204 erumpentes
2309 5135 2574 5204 pereunt,
2599 5138 2655 5188 et
2686 5137 3005 5204 antequam
3034 5132 3310 5204 perfectio
3340 5136 3558 5207 tempo-

1905 5221 1987 5277 ris
2014 5221 2210 5277 veniat
2251 5220 2670 5295 germinantes,
2694 5220 2930 5276 inutiles
2966 5224 3105 5276 sunt
3128 5237 3141 5276 :
3167 5220 3251 5277 sic
3280 5225 3556 5294 Egyptus

1902 5311 2117 5383 peribit
2137 5314 2194 5366 et
2214 5309 2382 5383 quasi
2404 5309 2644 5365 inutiles
2670 5307 2993 5366 ramusculi
3016 5308 3263 5365 falcibus
3287 5308 3406 5364 sive
3431 5307 3554 5381 gla-

1903 5402 2019 5457 diis
2067 5402 2139 5455 ab
2185 5400 2440 5472 Assyriis
2487 5398 2898 5471 przeeidentur.
2922 5397 3088 5454 Unde
3133 5401 3191 5454 et
3238 5397 3551 5470 sequitur:

1903 5514 1932 5541 ‹‹
1966 5491 2360 5547 Praeeidentur
2388 5488 2709 5546 ramusculi
2741 5489 2871 5559 ejus
2903 5486 3221 5555 falcibus,»
3244 5486 3302 5542 id
3333 5491 3423 5543 est
3448 5486 3554 5543 ha»

1903 5578 2180 5635 bitatores
2199 5578 2330 5649 ejus
2350 5576 2542 5651 gladio
2569 5575 2940 5649 Assyriorum
2963 5574 3410 5632 interﬂcientur.
3433 5598 3462 5626 «
3484 5575 3556 5632 Et

1901 5684 2031 5739 quae
2061 5665 2338 5722 derelicta
2358 5665 2581 5725 fuerint
2604 5687 2632 5714 »
2654 5665 2730 5720 ab
2752 5663 3008 5737 Assyriis
3029 5687 3056 5715 ‹‹
3081 5663 3552 5732 abscindentur»

1901 5772 1937 5814 a
1963 5753 2266 5815 Chaldaeis.
2291 5778 2320 5810 α
2343 5753 2740 5827 Excutientur,
2756 5775 2785 5806 »
2807 5752 3095 5814 subaudis
3125 5754 3196 5812 de
3231 5757 3395 5814 terra
3420 5769 3552 5827 sua,
