3960 6376
247 482 369 543 813

250 624 367 673 non
401 610 619 673 ideirco
644 608 790 668 dicit
817 610 973 683 quod
1006 614 1209 682 postea
1229 610 1477 681 subjecti
1496 611 1748 669 fuissent
1776 609 1899 666 illi:
1928 610 1988 687 Α

248 703 351 761 sed
371 704 608 775 propter
626 699 887 772 legiones
910 700 1329 764 Romanorum,
1343 717 1472 771 qua:
1494 700 1789 755 instructa
1809 700 1911 755 As-

246 791 404 865 syrio
434 790 625 847 milite
654 789 1066 847 custodiebant
1091 791 1403 862 Aﬁgyptum
1430 807 1443 845 :
1468 790 1555 845 vel
1588 789 1726 862 quia
1749 793 1908 844 utra-

248 897 365 952 que
394 897 561 954 gens,
584 896 655 937 ea
680 896 810 952 qum
841 880 998 953 apud
1024 897 1087 938 se
1118 880 1445 948 abundant,
1479 879 1537 934 in
1570 879 1686 935 alia
1727 895 1908 937 causa

246 970 588 1027 commercii
616 970 916 1026 transfert.

320 1084 347 1109 ‹‹
385 1061 447 1115 In
479 1058 573 1115 die
602 1057 704 1114 illa
733 1058 842 1115 erit
871 1056 1046 1115 Israel
1078 1058 1287 1113 tertius
1326 1057 1609 1131 lEgyptio,
1641 1061 1699 1113 et
1725 1058 1904 1129 Assy—

245 1149 371 1205 rius
400 1147 730 1205 benedictio
758 1146 820 1204 in
850 1147 1043 1205 medio
1074 1152 1257 1218 terra,
1282 1148 1375 1204 cui
1398 1147 1695 1203 benedixit
1716 1145 1906 1203 Domi-

245 1256 363 1295 nus
389 1237 776 1297 exercituum.
802 1259 831 1285 »
852 1236 1133 1309 Legimus
1164 1237 1223 1293 in
1254 1236 1404 1293 libro
1436 1236 1904 1294 Machabaeorum

246 1328 406 1400 quod
437 1341 687 1400 regnum
718 1326 900 1383 Israel
927 1326 1244 1398 aliquando
1295 1342 1462 1398 reges
1506 1324 1902 1398 Assyriorum,

246 1416 567 1489 aliquando
597 1416 1001 1489 Egyptiorum
1031 1415 1143 1473 sibi
1165 1415 1563 1472 vindicabant.
1582 1417 1647 1472 In
1675 1414 1902 1471 Domini

243 1522 380 1562 vero
413 1507 688 1577 adventu,
721 1521 911 1577 neque
939 1504 1195 1576 Assyriis
1226 1508 1350 1560 erat
1380 1504 1787 1576 subjugatum,
1810 1520 1904 1562 nc-

243 1612 359 1668 que
389 1594 672 1668 [Egyptiis
694 1611 707 1650 :
733 1595 837 1651 sed
868 1595 978 1651 sub
1013 1595 1273 1651 Romano
1304 1594 1550 1665 imperio
1581 1597 1704 1649 erat
1734 1610 1902 1650 cons-

242 1685 424 1741 tituta
452 1684 679 1752 civitas,
710 1688 769 1740 et
794 1684 1062 1755 ejusdem
1101 1682 1455 1739 conditionis
1483 1687 1609 1742 erat
1637 1699 1813 1755 quam
1846 1686 1904 1739 et

242 1772 352 1830 illi.
386 1772 555 1845 Quia,
575 1774 731 1830 sicut
746 1773 1079 1831 serviebant
1100 1772 1351 1845 Egyptii
1373 1776 1429 1828 et
1444 1772 1667 1845 Assyrii
1689 1772 1900 1828 Itoma-

240 1862 360 1931 nis,
390 1862 476 1920 ita
502 1867 561 1919 et
591 1861 790 1920 Israel.
823 1864 902 1918 Ac
931 1863 983 1919 si
1016 1862 1233 1918 diceret
1259 1861 1391 1918 aliis
1419 1860 1611 1917 verbis
1637 1878 1650 1917 :
1675 1860 1904 1932 Nequa-

240 1969 422 2025 quam
453 1967 590 2026 ergo
613 1951 791 2009 Israel
812 1951 966 2010 inter
982 1951 1252 2024 Assyrios
1271 1956 1329 2007 et
1346 1950 1643 2023 2Egyptios
1668 1950 1899 2006 medius

235 2041 564 2109 vexabitur,
598 2040 683 2097 sic
711 2040 823 2103 erit
846 2042 930 2097 eis
956 2040 1164 2098 tertius
1190 2056 1202 2097 ι
1228 2039 1367 2113 quia
1395 2040 1647 2096 servient
1677 2038 1761 2094 illi
1782 2040 1897 2096 duo

240 2130 445 2204 populi
476 2130 757 2189 Romanis
789 2129 944 2187 sicut
975 2129 1172 2199 Israel,
1203 2134 1261 2185 et
1291 2130 1403 2185 erit
1432 2129 1518 2185 eis
1568 2128 1895 2186 benedictio

216 2220 301 2276 -in
350 2219 545 2277 medio
590 2223 782 2276 terrm.
814 2220 1004 2286 Quare
1049 2218 1421 2275 benedictio?
1452 2217 1590 2291 quia
1635 2219 1707 2274 de
1752 2218 1895 2275 Sion

236 2309 423 2366 exibit
450 2308 562 2378 lex,
592 2312 652 2367 et
678 2308 921 2365 verbum
951 2308 1185 2369 Domini
1210 2309 1282 2363 de
1312 2307 1763 2375 Hierusalem,id
1785 2311 1893 2373 est,

237 2397 619 2454 benedicetur
655 2397 714 2452 in
747 2400 878 2453 toto
925 2398 1168 2461 mundo,
1198 2398 1260 2453 in
1313 2396 1615 2469 apostolis,
1647 2395 1895 2467 aliisque

236 2487 634 2544 credentibus.
667 2485 772 2542 Cui
819 2502 958 2560 ergo
1005 2486 1117 2542 erit
1164 2486 1340 2542 Israel
1391 2485 1765 2542 benedictio?
1804 2484 1892 2540 Illi

236 2576 454 2651 populo
482 2576 579 2633 cui
608 2575 904 2633 benedixit
935 2576 1236 2643 Dominus,
1258 2574 1318 2630 id
1341 2579 1451 2647 est,
1478 2576 1551 2631 ab
1581 2574 1682 2631 illo
1712 2575 1891 2630 bene-

233 2667 484 2734 dicatur,
516 2683 553 2722 a
581 2682 698 2738 quo
744 2669 882 2722 ante
924 2663 1410 2732 maledicebatur,
1453 2664 1548 2720 cui
1599 2663 1894 2720 benedixit

234 2755 545 2812 Dominus.
579 2776 609 2806 ‹‹
642 2753 992 2811 Benedictus
1034 2752 1291 2826 populus
1340 2770 1507 2809 meus
1554 2752 1806 2825 Egypti,
1834 2756 1892 2807 et

220 2861 387 2918 [opus
417 2858 706 2901 manuum
744 2859 1009 2900 mearum
1039 2841 1275 2915 Assyrio
1303 2841 1401 2898 sit.
1438 2864 1466 2892 υ
1496 2842 1593 2897 Has
1624 2840 1890 2913 regiones

226 2951 353 3007 .prie
382 2932 660 2990 omnibus
681 2932 1018 3006 regionibus
1038 2932 1345 2989 abunth
1365 2930 1744 2987 multitudine
1766 2930 1891 2987 Mo-

231 3022 585 3092 nachorum,
613 3020 860 3094 ideoque
889 3039 925 3078 a
954 3021 1203 3078 Domino
1250 3020 1517 3076 benedici
1565 3021 1885 3075 merentur.

230 3135 261 3163 «
297 3112 617 3169 Haareditas
648 3116 845 3169 autem
875 3128 1009 3167 mea
1038 3109 1237 3167 Israel.
1264 3133 1291 3160 »
1324 3113 1513 3176 Quare
1541 3107 1889 3164 hiereditas?

214 3201 385 3269 .Quia
409 3200 493 3255 ibi
522 3204 613 3257 est
637 3205 835 3269 natus,
865 3200 1145 3269 nutritus,
1166 3216 1399 3271 passus,
1422 3198 1622 3270 ibique
1642 3196 1889 3254 redemit

229 3307 422 3364 genus
451 3289 801 3358 humanum,
829 3289 912 3346 ibi
942 3293 1001 3345 et
1028 3289 1366 3347 resurrexit.

866 3431 1099 3489 CAPUT
1136 3431 1250 3489 XX.

300 3577 338 3608 α
360 3556 425 3614 In
456 3572 609 3613 anno
636 3572 753 3628 quo
780 3555 1081 3630 ingressus
1096 3561 1185 3614 est
1198 3557 1459 3614 Thartan
1474 3558 1534 3613 in
1552 3558 1887 3631 Egyptum,

228 3662 371 3702 cum
403 3645 666 3702 misisset
693 3661 829 3702 eum
860 3646 1084 3718 Sargon
1112 3664 1213 3705 rex
1248 3648 1620 3721 Assyriorum
1669 3653 1727 3704 et
1775 3665 1888 3720 pu-

219 3737 473 3807 gnasset
502 3738 707 3791 contra
732 3736 980 3791 Azotum
1011 3740 1069 3792 et
1096 3737 1353 3809 cepisset
1379 3738 1598 3805 eam,in
1626 3741 1888 3810 tempore

218 3823 332 3879 illo
358 3822 598 3880 locutus
626 3827 716 3880 est
743 3823 1031 3881 Dominus
1061 3824 1121 3881 in
1142 3841 1325 3881 manu
1346 3826 1508 3881 Isaia:
1528 3825 1631 3881 filii
1650 3828 1886 3883 Amos.»

215 3914 447 3970 :Azotus
476 3930 596 3969 una
623 3917 714 3970 est
741 3914 887 3970 urbs
916 3913 1362 3971 Philistinorum
1385 3914 1796 3987 potentissima
1816 3915 1888 3970 de

218 4001 495 4074 quinque
523 4001 772 4059 urbibus
802 4019 981 4075 quam
1008 4004 1229 4077 Ssrgon
1255 4021 1354 4060 rex
1382 4005 1753 4077 Assyriorum
1785 4003 1886 4075 qui

222 4094 289 4155 et
315 4090 717 4147 Sennacherib
745 4091 1096 4164 appellatur,
1129 4092 1231 4164 qui
1273 4096 1499 4164 septem
1548 4092 1888 4148 nominibus

216 4183 609 4251 nuncupatus
638 4184 748 4248 est,
782 4184 850 4237 ut
878 4180 1088 4238 beatus
1122 4180 1508 4253 Hieronymus
1538 4180 1888 4248 dicit,misso

228 4268 381 4333 duce
409 4268 698 4327 exercitus
726 4269 819 4351 sui
850 4268 1110 4326 Thartan
1139 4270 1377 4326 nomine
1404 4269 1561 4342 cepit
1587 4286 1655 4326 ac
1676 4268 1884 4326 tenuit.

223 4357 339 4413 illo
370 4362 633 4431 tempore
658 4359 897 4430 quando
933 4357 1057 4415 hac
1104 4359 1248 4415 urbs
1296 4362 1469 4432 capta
1514 4364 1624 4425 est,
1654 4358 1889 4415 locutus

220 4445 415 4503 estzin
441 4463 626 4504 manu
668 4446 852 4515 Isaia,
882 4446 943 4503 id
969 4452 1061 4505 est
1084 4449 1146 4504 in
1176 4448 1510 4521 operatione
1537 4447 1892 4507 illius.Talia

220 4533 402 4591 enim.
417 4550 593 4608 opera
620 4535 833 4608 agebat
860 4536 1167 4609 propheta,
1199 4541 1267 4594 ut
1294 4536 1513 4610 dignus
1560 4541 1717 4594 esset
1761 4554 1890 4594 ser-

220 4638 472 4681 cmonem
501 4622 604 4679 Dei
634 4623 857 4680 audire.

1333 478 1736 541 COMMENT.
1784 478 1863 539 IN
1906 476 2208 549 ISAIAM.
2238 479 2491 541 —LIB.
2538 479 2615 540 Il.

3547 485 3666 559 ευ

2087 632 2116 662 ‹‹
2149 612 2222 668 Et
2248 610 2394 668 dixit
2425 612 2726 681 Dominus,
2760 611 2913 668 sicut
2950 629 3153 677 servus
3202 629 3391 685 meus,
3426 634 3453 665 »
3489 614 3670 685 Isaias

2018 724 2043 749 ‹‹
2070 700 2391 756 ambulavit
2423 702 2617 756 nudus
2648 705 2704 756 et
2732 701 3139 774 discalceatus,
3168 702 3347 757 trium
3380 720 3670 777 annorum

2017 790 2255 861 signum
2286 795 2344 846 et
2374 794 2707 863 portentum
2729 793 2840 849 erit
2857 808 3034 865 super
3052 793 3390 867 Atlgyptum,
3411 797 3469 848 et
3494 810 3673 865 super

2014 879 2367 952 Ethioplam.
2402 903 2430 929 ››
2460 881 2757 955 Propheta:
2775 882 2883 938 viri
2903 884 3317 955 portendentes
3338 883 3670 955 erant,quia

2016 985 2133 1025 non
2165 969 2363 1027 sulum
2394 987 2463 1026 ea
2492 988 2619 1043 quae
2650 971 2939 1041 dicebant,
2972 972 3074 1028 sed
3104 971 3283 1031 etiam
3331 989 3509 1046 opera
3538 971 3664 1041 illo-

2013 1074 2145 1113 rum
2176 1058 2523 1132 plerumque
2551 1060 2710 1117 aliud
2742 1062 3198 1133 prmﬁgurabant
3230 1078 3243 1118 :
3274 1060 3433 1127 sicut
3464 1061 3525 1117 in
3556 1060 3665 1129 hoc

1995 1145 2139 1212 loco
2168 1165 2489 1220 possumus
2518 1165 2887 1222 cognoscere.
2919 1151 3254 1211 Notandum
3286 1154 3505 1219 autem,
3527 1150 3667 1223 quia

2014 1253 2152 1293 eum
2183 1238 2347 1309 dicit,
2382 1239 2561 1295 trium
2592 1256 2881 1297 annorum
2914 1240 3151 1313 signum
3181 1239 3310 1310 erit,
3343 1257 3458 1307 non
3491 1240 3663 1297 debe-

2015 1342 2150 1382 mus
2180 1330 2384 1399 putare
2408 1328 2563 1399 quod
2593 1345 2696 1400 per
2722 1333 2841 1387 tres
2871 1346 3054 1391 annos
3086 1328 3218 1386 ierit
3242 1328 3528 1407 propheta
3556 1346 3663 1398 pu-

2013 1414 2126 1471 dus
2161 1432 2174 1471 :
2206 1418 2307 1475 sed
2340 1434 2443 1489 per
2472 1433 2785 1475 numerum
2814 1434 3105 1475 annorum
3147 1434 3465 1490 possumus
3494 1416 3666 1483 intel-

2013 1503 2191 1577 ligere
2222 1506 2348 1562 dies
2382 1523 2395 1561 :
2425 1507 2580 1578 quod
2616 1506 2673 1562 in
2706 1506 3002 1562 volumine
3046 1505 3363 1571 Ezechielis
3410 1505 3665 1573 ostendi-

2012 1598 2130 1663 tur,
2163 1595 2394 1652 dicente
2424 1595 2670 1655 Domino
2701 1597 2774 1653 ad
2817 1612 2953 1653 eum
2989 1613 3003 1653 :
3036 1596 3202 1653 Diem
3246 1613 3350 1667 pro
3398 1612 3573 1663 anno,
3606 1595 3665 1663 id

2010 1688 2121 1755 est,
2155 1683 2215 1739 in
2249 1701 2426 1757 quam
2460 1685 2615 1743 diem
2645 1702 2750 1756 pro
2780 1702 2935 1743 anno
2967 1685 3100 1740 dedi
3132 1683 3260 1741 tibi.
3512 1674 3517 1677 ’

2083 1796 2111 1823 ‹‹
2144 1773 2241 1830 Sic
2273 1772 2522 1833 minabit
2549 1792 2649 1830 rex
2676 1774 3048 1847 Assyriorum
3077 1772 3471 1845 captivitati“!1
3494 1772 3663 1845 Εεν-

2010 1861 2118 1934 pti,
2142 1867 2201 1919 et
2230 1862 2808 1935 transmigrationem
2840 1861 3161 1935 Ethiopim,
3185 1862 3464 1933 juvenem
3493 1865 3553 1919 et
3580 1876 3665 1927 se-

2012 1967 2165 2019 nem,
2182 1952 2425 2021 nudam,
2439 1957 2497 2009 et
2515 1951 2928 2011 discalceatam
2944 1950 3329 2027 discoopertis
3348 1951 3608 2015 natibus.
3629 1972 3659 2015 ρ)

2010 2039 2308 2098 Subaudis
2353 2040 2543 2099 tribus
2586 2042 2780 2109 annis,
2813 2040 2967 2101 sicut
3013 2056 3217 2102 serqu
3261 2056 3431 2109 meus
3479 2038 3660 2105 Isaias

2008 2127 2330 2189 ambulavit
2386 2130 2576 2187 tribus
2631 2128 2862 2198 diebus,
2919 2133 2980 2186 et
3033 2132 3173 2189 tunc
3210 2126 3659 2202 «ignominiam

2005 2216 2255 2290 ίΕΕΥΡῐίι
2291 2241 2321 2271 »ι
2357 2217 2643 2277 subaudis
2669 2219 2951 2276 videbunt
2979 2231 3368 2295 omnes,ycum
3419 2216 3503 2274 ita
3547 2216 3659 2291 mi-

2006 2306 2247 2367 nabitur
2276 2306 2337 2363 in
2368 2307 2789 2379 captivitatem.

2076 2416 2105 2445 «
2137 2396 2207 2451 Et
2238 2395 2549 2464 timebunt,
2572 2419 2600 2446 »
2623 2397 2946 2454 saubaudis
2966 2396 3152 2455 Judaei
3174 2419 3203 2446 ‹‹
3227 2400 3285 2452 et
3304 2396 3662 2469 confunden-

1990 2487 2101 2539 tur
2130 2484 2202 2541 ab
2233 2486 2524 2557 Ethiopia
2551 2503 2654 2558 spe
2685 2503 2796 2544 sua
2814 2492 2872 2544 et
2903 2487 2976 2545 ab
3008 2488 3250 2559 Et;pr
3282 2485 3473 2558 gteria
3490 2499 3657 2541 sua.»

1998 2574 2188 2631 Judaei
2214 2573 2704 2647 gloriabanturin
2741 2576 3026 2649 {Egyptiis
3073 2575 3175 2648 qui
3222 2575 3308 2633 eis
3355 2573 3656 2648 promitte-

1990 2663 2143 2721 bant
2170 2665 2588 2735 protectionem
2618 2669 2676 2721 et
2704 2665 3002 2723 habebant
3030 2665 3309 2723 ﬁduciam
3336 2664 3405 2727 .in
3434 2663 3652 2726 [Ethio-

2001 2752 2174 2823 pibus
2205 2753 2307 2825 qui
2338 2758 2507 2809 erant
2534 2753 2819 2826 Egyptiis
2849 2754 3073 2811 sociati.
3106 2753 3252 2811 Cum
3282 2768 3421 2825 ergo
3451 2752 3656 2810 audis-

1998 2845 2130 2899 sent
2176 2846 2233 2897 et
2281 2842 2565 2899 vidissent
2611 2846 2733 2900 tam
2781 2842 3078 2915 (Egyptios
3126 2858 3306 2913 quam
3354 2839 3651 2911 Ethiopes

1998 2930 2213 2989 minari
2260 2931 2321 2989 in
2370 2930 2764 3003 captivitatem
2812 2930 3201 3003 ignominiose
3251 2929 3325 2989 ab
3369 2928 3648 3001 Assyriis,

1986 3018 2322 3077 timuerunt
2349 3018 2536 3088 valde,
2567 3023 2625 3076 et
2652 3019 3015 3081 erubuerunt
3054 3019 3214 3091 quod
3256 3034 3427 3091 spem
3476 3033 3649 3077 suam

1988 3108 2058 3164 in
2088 3107 2206 3164 illis
2236 3106 2558 3181 posuerint.

2069 3221 2097 3248 «
2130 3197 2201 3253 Et
2230 3197 2385 3253 dieet
2412 3196 2711 3254 habitator
2746 3197 2929 3270 hujus
2976 3196 3184 3267 insula:
3230 3197 3292 3253 in
3337 3196 3431 3254 die
3463 3196 3583 3254 illa.
3618 3219 3648 3251 υ

1995 3284 2196 3343 Insula
2221 3285 2439 3343 dicitur
2464 3303 2532 3343 eo
2561 3288 2716 3359 quod
2745 3287 2807 3343 in
2836 3286 2983 3358 salo,
3006 3287 3067 3343 id
3087 3286 3255 3344 estin
3274 3287 3425 3343 mari
3448 3286 3648 3359 sitpo-

1910 3352 1963 3427 π
1994 3375 2207 3432 sita.Et
2227 3352 2596 3433 Hierusalem
2609 3375 2807 3433 insula
2825 3352 3178 3449 appellatur,
3191 3376 3331 3449 quia
3347 3352 3525 3433 variis
3540 3352 3649 3431 im-

1986 3465 2387 3523 .versariorum
2419 3466 2928 3539 persecutionibus
2955 3464 3652 3536 tundebaturmlleceine

1988 3559 2124 3613 erat
2152 3572 2289 3630 spes
2306 3558 2610 3624 nostra,ad
2629 3574 2778 3631 quos
2798 3556 3176 3631 confugimus
3194 3556 3257 3613 in
3279 3554 3560 3613 auxilium
3569 3558 3654 3625 ,ιιι

1988 3644 2315 3703 liberarent
2331 3663 2442 3705 nos
2456 3665 2491 3703 a
2505 3646 2652 3704 facie
2673 3646 2827 3720 regis
2842 3646 3219 3720 Assyriorum
3240 3662 3269 3711 εκ
3281 3650 3341 3703 et
3361 3644 3653 3719 quomodo

1989 3752 2106 3792 nos
2127 3737 2380 3809 effugere
2399 3737 2806 3810 potuerimus?
2820 3736 3140 3808 «Nunquid
3162 3736 3276 3803 ista
3290 3738 3387 3792 est
3401 3752 3535 3807 spes
3552 3749 3653 3789 nco

1993 3828 2122 3881 stra
2146 3842 2322 3897 quam
2350 3825 2718 3882 habebamus
2749 3825 2809 3880 in
2842 3826 3086 3898 IEgypto
3108 3828 3167 3880 et
3184 3823 3556 3895 Ethiopia,et
3579 3822 3652 3877 ad

1992 3914 2105 3970 hos
2136 3914 2513 3986 confugimus
2534 3918 2599 3970 ut
2619 3913 2788 3970 nobis
2810 3914 3134 3985 praeberent
3153 3908 3568 3981 auxiliu'm,qui
3585 3926 3653 3966 se

1994 4003 2069 4058 de
2098 4001 2450 4075 captivitatis
2489 4001 2645 4059 malo
2696 4019 2897 4058 eruere
2946 4001 3354 4073 nequiverunt.
3376 3998 3536 4054 Etsi
3562 3997 3651 4053 illi

1995 4092 2154 4163 capti
2175 4093 2338 4159 sunt,
2352 4092 2648 4161 quomodo
2670 4107 2778 4147 nos
2797 4089 3051 4163 effugere
3071 4086 3431 4161 poterimus?
3450 4086 3653 4155 Cpnsi-

1995 4180 2255 4236 deranda
2285 4183 2374 4256 est
2403 4178 2767 4251 providentia
2794 4178 2917 4245 Dei,
2943 4177 3236 4251 quomodo
3257 4175 3457 4243 omnia
3474 4191 3657 4249 regna

1997 4273 2200 4324 contra
2228 4284 2291 4324 se
2313 4268 2372 4323 in
2404 4268 2743 4341 superbiam
2775 4266 2996 4324 elevata
3023 4263 3653 4333 destruxerit,ecrum-

1994 4374 2112 4431 que
2144 4361 2493 4430 potestatem
2524 4360 2597 4414 ad
2638 4357 2891 4414 nihilum
2940 4355 3264 4423 deduxerit.
3290 4357 3508 4425 Contra
3547 4353 3656 4410 Dei

1994 4447 2362 4504 voluntatem
2393 4447 2570 4505 Israel
2619 4446 2875 4520 speravit
2922 4447 2986 4502 in
3022 4447 3317 4502 .Damasco
3354 4447 3424 4500 et
3452 4441 3657 4515 .‘Syriis

1996 4536 2249 4610 ideoque
2277 4541 2400 4593 tam
2432 4536 2516 4592 illi
2546 4536 2650 4609 qui
2692 4534 3042 4592 adversariis
3085 4533 3189 4601 Dei
3235 4530 3659 4605 promittebant

1994 4625 2309 4693 auxilium,
2333 4642 2511 4698 quam
2531 4624 2617 4680 illi
2639 4624 2739 4697 qui
2762 4624 2823 4680 in
2848 4622 2997 4696 ipsis
3027 4618 3580 4695 sperabant,vastati
3596 4623 3659 4691 et

307 4734 335 4762 α
367 4711 529 4769 Vade
558 4716 617 4768 et
644 4710 801 4769 solve
826 4729 1067 4770 saccum
1093 4714 1166 4770 de
1195 4711 1417 4771 lumbis
1447 4713 1587 4771 tuis.
1622 4737 1652 4765 ››
1674 4716 1891 4772 Saccus
1914 4724 1971 4799 ῃ
1996 4715 2276 4788 captivati
2309 4719 2451 4772 sunt
2475 4715 2549 4770 ab
2577 4712 2853 4787 Assyriis.
2882 4712 3093 4779 Judas,
3110 4710 3168 4766 id
3188 4713 3299 4776 est,
3314 4710 3441 4799 dum
3464 4708 3658 4799 tribus

218 4800 652 4869 vestimentum
679 4806 773 4859 est
797 4801 1122 4869 cilicinum.
1155 4803 1261 4860 Hic
1288 4803 1449 4859 enim
1478 4808 1603 4859 erat
1644 4804 1893 4861 habitus
1919 4796 1960 4799 ἡ
1985 4804 2377 4861 conﬁdebant
2402 4803 2465 4859 in
2495 4804 2760 4876 Egypto,
2791 4805 2851 4857 et
2876 4800 3125 4874 Egyptii
3156 4799 3219 4854 in
3263 4796 3655 4871 Ethinpibus,

220 4889 616 4964 prophetalis,
665 4889 997 4964 plangentis
1055 4891 1271 4948 delicta
1326 4893 1547 4965 populi.
1583 4916 1611 4944 «
1646 4895 1716 4950 Et
1760 4894 1896 4950 fecit
2002 4893 2119 4966 ipsi
2137 4894 2457 4966 quoqueab
2472 4892 2725 4966 Assyriis
2747 4890 3151 4962 Chaldazisque
3169 4887 3311 4957 victi
3326 4887 3661 4958 sunt.Assy-

224 4979 355 5038 sic:
376 5002 407 5029 ››
428 4980 648 5039 vadens
677 4980 874 5036 nudus
902 4985 962 5037 et
989 4980 1398 5038 discalceatus.
1424 4982 1571 5038 Mira
1599 4983 1894 5056 prophetae
1994 4982 2075 5037 ιι·ίί
2106 4983 2345 5055 superbi
2374 4987 2566 5051 erant,
2600 4986 2874 5055 putantes
2907 4997 2971 5036 se
2986 4978 3234 5036 victores
3253 4977 3532 5034 exsistere
3544 4991 3662 5032 sua

220 5068 585 5126 .obedientize
613 5085 627 5124 :
661 5070 818 5141 quod
846 5070 937 5126 vir
974 5069 1382 5130 nobilissimus
1430 5088 1547 5126 non
1599 5072 1899 5128 erubuerit
2004 5072 2218 5128 virtute
2248 5090 2284 5128 a
2310 5070 2597 5128 Chaldaeis
2624 5086 2874 5143 regnum
2905 5084 3109 5125 eorum
3130 5063 3662 5141 periit.dedaeiet

224 5159 437 5216 nudus
476 5158 767 5229 incedere,
800 5160 903 5218 sed
953 5160 1055 5217 Dei
1104 5161 1408 5234 praeceptis
1455 5162 1712 5231 obedire,
1745 5162 1895 5218 nihil
2004 5161 2311 5235 Babylonii
2342 5164 2650 5218 erexerunt
2678 5158 2856 5233 caput
2882 5163 3089 5223 contra
3115 5155 3516 5223 Dominum,a
3536 5153 3660 5211 Me-

224 5248 546 5305 »honestius
568 5249 875 5321 judicans,
891 5250 1231 5322 deposuerit
1249 5267 1513 5323 succum,
1536 5269 1652 5324 quo
1672 5252 1897 5323 abjecto
2009 5250 2102 5307 dis
2127 5255 2185 5306 et
2215 5251 2406 5308 Persis
2436 5250 2728 5322 suppositi
2760 5253 2921 5305 sunt.
2955 5248 3137 5304 Persae
3166 5250 3225 5303 et
3249 5244 3407 5301 Medi
3432 5243 3511 5300 ab
3528 5241 3662 5299 Ale-

224 5336 439 5393 nudus
471 5337 603 5394 fuit.
638 5337 827 5395 Unam
854 5339 1021 5395 enim
1035 5339 1289 5395 habebat
1308 5340 1676 5410 tunicam,ut
1696 5341 1903 5397 beatus
2010 5341 2235 5397 xandro
2267 5356 2502 5413 magno.
2530 5338 2855 5394 Alexander
2884 5353 3138 5411 magnus
3167 5350 3399 5395 cumse
3427 5334 3664 5406 putaret

224 5426 632 5499 -llieronymus
661 5427 825 5494 dicit,
859 5427 1169 5500 ipsamque
1200 5428 1517 5485 cilicinam.
1550 5429 1683 5486 Ideo
1706 5433 1900 5486 autem

232 5514 500 5572 diximus
524 5514 1170 5575 illumnobilissimum
1202 5518 1404 5584 fuisse,
1435 5518 1773 5591 quia(sicut
1800 5520 1906 5576 He-

221 5602 382 5659 braei
411 5605 677 5679 tradunt)
706 5610 886 5663 tantae
918 5606 1252 5667 nobilitatis
1302 5607 1434 5675 fuit,
1468 5611 1532 5662 ut
1578 5607 1903 5678 Manasses,

222 5709 343 5749 rex
379 5693 636 5750 duarum
685 5696 954 5752 tribuum
1001 5696 1162 5753 ﬁlius
1209 5696 1464 5755 Ezechiae
1506 5697 1689 5772 regis,
1720 5697 1903 5756 ﬁliam

219 5783 385 5858 ejus.
403 5783 701 5862 acciperet
728 5784 791 5845 in
820 5801 1083 5851 uxorem.

2011 5446 2141 5486 esse
2171 5433 2236 5484 ut
2266 5430 2475 5497 Deum,
2503 5444 2722 5487 veneno
2751 5426 2945 5498 periit,
2976 5440 3342 5498 regnumque
3390 5423 3521 5493 ejus
3563 5422 3668 5494 per

2000 5522 2208 5591 partes
2264 5512 2520 5575 divisum
2550 5534 2585 5573 a
2616 5515 2896 5572 Romanis
2950 5519 3042 5573 est
3098 5514 3550 5587 superatum,et
3605 5510 3668 5565 in

2012 5624 2216 5665 eorum
2246 5611 2595 5680 potestatem
2628 5605 3303 5662 redactum.Romanum
3322 5600 3665 5676 imperium,

2012 5699 2169 5771 quod
2201 5696 2372 5771 quasi
2402 5696 2635 5753 ferratis
2677 5694 2954 5752 dentibus
2999 5694 3419 5768 unguibusque
3458 5706 3671 5750 carnes

1996 5791 2353 5855 sanctorum
2385 5785 2825 5862 laceravit,jam
2855 5785 3499 5865 apparetdestructum
3517 5796 3668 5866 esse,
