3960 6380
370 482 490 547 815

800 484 1211 545 HAYMONIS
1243 480 1783 542 HALBEBSTAT.
1820 466 2069 539 EPISC.
2101 470 2276 537 OPP.
2309 474 2511 538 PARS
2543 476 2592 537 Ι.
2625 512 2701 521 —-
2730 478 3140 539 COMMENT.
3172 478 3369 539 BIBL.

3677 477 3793 537 816

371 620 430 674 et
457 617 795 675 destruetur
820 616 881 671 in
912 615 1399 687 dicjudicii,cum
1423 631 1670 687 regnum
1697 612 1913 670 Christi
1934 612 2031 667 ad-
2057 609 2114 676 Α
2143 612 2233 664 est
2260 609 2404 664 mihi
2436 609 2496 665 in
2531 611 2904 667 miraculum.
2942 635 2969 661 »
2998 612 3121 667 Vox
3170 612 3485 684 prophetae,
3519 611 3620 684 qui
3670 611 3795 666 ideo

371 704 610 762 venerit.

996 792 1230 849 CAPUT
1268 792 1409 848 XXI.

444 905 471 931 ‹‹
491 881 888 936 Οιιιιεθᾱθεριτιί
905 882 1106 937 maris.
1124 906 1151 933 »
1168 883 1325 937 Mare
1350 883 1680 955 appellatur
1703 883 1759 936 in
1779 882 1888 937 hoc
1905 881 2033 936 loco

371 968 649 1043 Babylon,
678 974 916 1043 propter
946 970 1392 1026 multitudinem
1426 972 1778 1044 populorum
1811 988 1937 1042 quae
1973 971 2031 1025 in

369 1075 439 1114 ea
467 1061 610 1126 erat,
644 1059 799 1114 unde
829 1064 888 1115 et
918 1078 1023 1132 per
1048 1060 1365 1116 Jeremiam
1397 1060 1614 1115 dicitur
1635 1061 1705 1115 ad
1730 1059 2034 1115 Nabucho-

368 1148 655 1205 donosor:
676 1170 705 1199 «
724 1148 1032 1205 Desertum
1056 1149 1229 1205 faciet
1248 1149 1534 1205 Dominus
1557 1166 1719 1204 mare
1749 1151 1878 1220 ejus
1899 1151 2029 1217 (Jer.

368 1239 465 1307 ιι).
500 1258 529 1287 ››
561 1237 726 1305 Quod
757 1238 1056 1294 desertum
1097 1239 1333 1305 dicitur,
1368 1239 1509 1310 quia
1556 1238 1895 1294 derelictum
1944 1244 2035 1294 est

369 1342 405 1383 a
432 1325 573 1396 Deo,
605 1329 664 1384 et
691 1331 1038 1384 evacuatum
1070 1328 1143 1383 ab
1176 1327 1607 1383 habitatoribus
1637 1328 1783 1382 suis.
1809 1351 1837 1377 ‹‹
1869 1328 2033 1382 Sicut

367 1413 635 1471 turbines
686 1416 760 1472 ab
812 1416 1006 1472 Africo
1057 1416 1321 1487 veniunt,
1355 1417 1425 1471 de
1473 1417 1702 1472 deserto
1749 1416 1928 1487 venit,
1960 1417 2032 1472 dc

367 1506 527 1559 terra
552 1502 823 1560 horribili
855 1503 1000 1559 visio
1033 1505 1181 1560 dura
1210 1506 1481 1561 nuntiata
1511 1510 1599 1561 est
1646 1505 1812 1560 mihi.
1851 1528 1879 1555 »
1912 1510 2033 1561 Vox

370 1591 684 1666 Babylonis
714 1597 823 1649 est.
858 1593 1022 1650 Sicut
1069 1595 1142 1649 ab
1170 1595 1384 1663 Africo,
1418 1594 1477 1649 id
1526 1599 1616 1650 est
1667 1596 1739 1650 ab
1788 1594 2032 1651 australi

369 1685 556 1754 parte,
587 1685 911 1754 tempestas
960 1683 1273 1739 vehemens
1323 1684 1519 1739 venire
1567 1684 1870 1739 consuevit
1903 1700 1916 1739 :
1950 1683 2033 1739 ita

368 1767 517 1825 mihi
547 1769 619 1825 de
648 1770 881 1827 deserto
915 1771 1218 1827 Medorum
1250 1777 1308 1826 ct
1338 1773 1648 1828 Persarum
1670 1773 1912 1827 vastitas
1934 1789 2029 1828 ve-

348 1856 475 1929 ~nit,
506 1860 564 1913 et
594 1857 667 1914 de
694 1861 852 1913 terra
881 1857 1171 1929 horribili,
1203 1858 1259 1913 id
1294 1864 1382 1913 est
1422 1858 1693 1926 terribili,
1726 1861 1897 1930 cujus
1924 1875 2030 1914 nec

366 1961 581 2002 nomen
608 1946 813 2002 audire
846 1962 1091 2018 possum
1134 1946 1259 2001 sine
1312 1947 1645 2003 formidine.
1677 1947 1837 2003 Visio
1879 1949 2106 2048 duran

367 2033 639 2091 nuntiata
657 2037 748 2091 est
768 2034 1231 2103 mihi,adventus
1252 2035 1476 2091 scilicet
1500 2037 1801 2091 Medorum
1824 2040 1881 2091 et
1902 2036 2030 2092 Per-

366 2140 589 2181 sarum.
622 2121 775 2190 Quid
823 2124 1030 2180 durius
1062 2142 1241 2197 quam
1274 2125 1629 2197 captivitatis
1662 2126 1929 2182 malum?
1960 2127 2031 2181 Et

365 2212 508 2285 quid
530 2212 738 2269 durius
758 2229 938 2285 quam
964 2214 1037 2269 ab
1056 2213 1201 2286 ipsis
1220 2215 1503 2287 subjectis
1521 2232 1637 2270 non
1661 2215 1853 2270 solum
1877 2215 2031 2271 bona

363 2301 731 2377 temporalia,
764 2303 867 2359 sed
896 2303 1074 2359 etiam
1105 2304 1285 2359 vitam
1318 2308 1665 2376 praesentem
1697 2306 1958 2360 auferri?

436 2416 466 2443 ‹‹
498 2392 607 2458 Qui
638 2391 979 2449 incredulus
1001 2397 1111 2461 est,
1131 2415 1159 2444 »
1187 2393 1244 2447 id
1266 2397 1356 2448 est
1376 2393 1476 2465 qui
1502 2392 1757 2450 infidelis
1780 2398 1868 2449 est
1889 2395 2025 2463 Deo,

360 2481 451 2540 vel
482 2482 723 2539 domino
755 2499 880 2538 suo.
899 2482 1111 2538 Darius
1131 2482 1215 2538 vel
1247 2482 1430 2555 Cyrus
1453 2506 1478 2531 ‹‹
1510 2482 1826 2538 infideliter
1848 2483 2028 2555 agit,»

362 2572 653 2629 subaudis
675 2576 879 2627 contra
899 2570 1205 2627 dominum
1231 2590 1404 2627 suum
1428 2571 2027 2641 Balthasar,occiden-
2066 2632 2077 2637 _

363 2662 439 2717 do
467 2660 634 2717 illum
663 2679 676 2717 :
702 2682 729 2711 «
754 2665 812 2716 et
837 2661 936 2733 qui
960 2661 1345 2734 depopulator
1370 2684 1395 2712 »
1423 2661 1542 2717 sive
1563 2666 1822 2717 vastator
1843 2686 1869 2711 ‹‹
1894 2680 2028 2717 vas—

361 2754 467 2817 tat,
494 2772 522 2799 »
547 2750 834 2806 subaudis
862 2767 977 2805 me.
1008 2750 1131 2805 Vox
1162 2751 1350 2824 ipsius
1384 2751 1717 2824 Babylonis.
1753 2752 2028 2817 Quamvis

361 2838 520 2895 enim
552 2838 670 2894 Deo
701 2839 1077 2910 permittente
1108 2838 1251 2894 illud
1288 2842 1470 2911 fieret,
1493 2845 1690 2895 tamen
1714 2839 2030 2895 infideliter

362 2931 611 2999 egerunt
648 2927 859 2984 Darius
909 2932 966 2983 et
1014 2928 1197 3001 Cyrus
1245 2934 1448 2985 contra
1496 2929 1803 2984 dominum
1851 2947 2027 2985 suum

362 3015 692 3072 Balthasar.
726 3040 753 3067 «
787 3018 1050 3074 Ascendc
1082 3017 1268 3083 Elam,
1293 3019 1497 3075 obside
1520 3020 1691 3074 Bede.
1721 3043 1747 3068 ››
1769 3019 1890 3075 Vox
1916 3021 2028 3075 Do-

362 3103 509 3158 mini
542 3102 895 3177 alloquentis
927 3104 1369 3160 multitudinem
1404 3106 1710 3161 Persarum
1743 3110 1800 3161 et
1832 3106 2027 3163 Medo-

361 3206 517 3245 rum.
547 3189 712 3247 Elam
743 3209 998 3264 namque
1030 3192 1329 3264 provincia
1358 3198 1449 3249 est
1472 3194 1781 3250 Persarum
1804 3199 1860 3250 et
1884 3196 2029 3250 civi-

359 3282 475 3349 tas,
506 3296 611 3352 per
658 3297 837 3352 quam
883 3280 1299 3354 intelliguntur
1345 3283 1616 3339 homines
1667 3284 1737 3339 de
1777 3284 1940 3340 Elam
1972 3288 2030 3340 et

362 3367 621 3425 Persida.
652 3370 939 3438 Ascende,
978 3369 1195 3441 inquit,
1227 3389 1260 3426 ο
1291 3371 1580 3428 exercitus
1626 3372 1811 3443 Elam,
1848 3374 1907 3429 id
1940 3378 2033 3431 est
2055 3353 2101 3420 Β

363 3456 465 3529 qui
490 3456 565 3513 de
591 3455 759 3512 Elam
792 3456 1091 3529 provincia
1136 3459 1322 3529 venis,
1353 3464 1411 3516 et
1439 3477 1471 3515 ο
1503 3461 1791 3517 exercitus
1841 3462 2027 3529 Mede,

365 3545 467 3616 qui
497 3544 571 3599 de
602 3542 773 3600 Meda
802 3562 886 3616 es,
919 3545 1123 3600 obside
1154 3547 1531 3619 Babylonem.
1556 3550 1627 3605 Et
1655 3554 1745 3605 est
1776 3568 1986 3607 sensus
2012 3569 2025 3607 :

364 3632 448 3689 Ne
477 3632 755 3703 timeatis,
792 3651 825 3689 ο
858 3634 1011 3689 Medi
1052 3638 1108 3690 et
1157 3636 1337 3707 Persi,
1370 3642 1596 3693 vastare
1648 3639 2026 3711 Babylonem,

364 3720 669 3795 ascendite
701 3739 880 3796 super
899 3740 1081 3796 equos
1101 3728 1410 3793 vestros,et
1427 3727 1691 3784 obsidete
1711 3728 2024 3785 civitatem.

365 3836 393 3863 «
425 3812 674 3868 Omnem
705 3813 994 3886 gemitum
1026 3814 1155 3885 ejus
1194 3832 1424 3871 cessare
1471 3817 1599 3872 feci.
1637 3839 1665 3866 ››
1699 3817 2029 3890 Triplieiter

363 3901 486 3957 hac
515 3901 808 3959 sententia
827 3906 1021 3973 potest
1038 3902 1304 3975 intelligi.
1321 3904 1567 3960 Omnem
1589 3907 1874 3979 gemitum
1898 3909 2026 3979 ejus

357 4007 587 4049 cessare
618 3991 879 4063 feci,quo
904 3996 956 4047 te
980 3995 1036 4046 et
1066 3992 1213 4048 alias
1241 3998 1444 4066 gentes
1474 4012 1707 4067 gemere
1740 3997 2020 4054 faciebat:

354 4080 445 4138 vel
475 4081 632 4153 quod
665 4079 864 4136 nullus
887 4082 1014 4152 jam
1049 4087 1247 4153 gemat
1279 4101 1519 4155 pressus
1551 4087 1812 4157 potentia
1833 4088 2023 4159 Baby—

355 4169 532 4238 lonis,
565 4187 671 4227 seu
700 4170 856 4242 quod
890 4170 1070 4227 tantis
1103 4172 1274 4227 malis
1308 4173 1527 4228 afflicta
1577 4174 1673 4244 sit,
1711 4180 1776 4230 ut
1824 4194 2020 4232 coram

355 4264 413 4315 te
443 4275 677 4332 gemere
708 4276 825 4315 non
858 4260 1089 4315 audeat.

428 4372 459 4400 «
492 4350 803 4423 Propterea
831 4349 1035 4421 repleti
1077 4355 1218 4406 sunt
1264 4352 1453 4408 lumbi
1501 4353 1614 4407 mei
1666 4354 1882 4423 dolore,
1918 4374 2018 4412 an-

355 4440 554 4512 gustia
581 4438 844 4511 possedit
874 4456 986 4508 me,
1024 4440 1178 4495 sicut
1227 4442 1504 4513 angustia
1556 4444 1957 4515 parturientis.
1992 4468 2019 4494 η

354 4527 479 4584 Vox
506 4526 804 4601 prophetae
836 4527 1171 4601 plangentis
1214 4530 1567 4603 Babylonem
1614 4532 1827 4604 spiritu
1880 4551 2018 4605 pro-

356 4617 599 4689 phetali.
634 4617 965 4691 Propterea,
999 4618 1209 4690 inquit,
1244 4620 1383 4692 quia
1416 4621 1672 4693 Babylon
1716 4623 1899 4679 tantis
1931 4629 2020 4680 est

2143 698 2399 770 appellat
2425 717 2554 755 eam
2587 701 2940 774 Babylonem
2972 700 3268 767 dilectam,
3302 701 3442 772 quia
3474 700 3647 756 homo
3677 703 3799 756 crat

2143 789 2200 840 et
2230 787 2301 842 de
2330 787 2672 843 hominibus
2716 789 3069 861 loquebatur
3102 806 3114 843 :
3148 788 3365 843 idcirco
3417 806 3531 843 non
3580 790 3801 860 poterat

2143 893 2258 930 non
2288 876 2482 931 dolere
2512 895 2689 949 super
2717 878 2899 933 tantis
2928 877 3181 933 miseriis
3214 894 3439 933 eorum.
3474 877 3669 933 Posita
3699 894 3799 931 au-

2142 968 2259 1019 tem
2292 966 2341 1020 ei
2376 970 2498 1021 erat
2521 966 2580 1020 in
2612 965 2988 1035 miraculum,
3015 982 3196 1038 quare
3230 966 3313 1022 sic
3345 966 3459 1022 cito
3491 966 3801 1039 potuerita

2143 1054 2426 1126 subjectis
2457 1055 2654 1111 everti.

2217 1166 2245 1193 «
2278 1143 2431 1198 Pone
2462 1161 2751 1212 mensam,
2777 1143 3177 1216 contemplare
3198 1144 3257 1200 in
3283 1144 3796 1217 speculam,come-

2142 1233 2344 1288 dentes
2376 1238 2433 1288 et
2462 1233 2750 1289 bibentes.
2780 1234 3036 1307 Surgite,
3065 1234 3382 1306 principes,
3415 1234 3653 1305 arripite
3681 1233 3797 1306 cly-

2142 1338 2339 1393 peum.
2365 1344 2394 1371 »
2423 1322 2738 1395 Dupliciter
2765 1326 2959 1394 potest
2992 1322 3238 1394 intelligi
3276 1323 3542 1378 istud.Et
3563 1322 3718 1379 Persi
3739 1328 3799 1378 et

2142 1410 2316 1480 Medi,
2350 1409 2566 1466 sumite
2597 1411 2795 1466 cibum
2827 1412 3025 1467 futuro
3065 1411 3261 1483 praelio
3311 1416 3703 1484 praeparantes
3735 1416 3801 1467 ut

2142 1499 2317 1554 fortes
2350 1499 2480 1555 sitis
2512 1500 2582 1556 ad
2615 1499 3021 1555 dimicandum
3051 1505 3108 1555 et
3136 1501 3521 1556 occidendum
3554 1498 3796 1572 Babylo-

2141 1587 2289 1644 nios.
2315 1589 2577 1661 Cumquc
2608 1588 2983 1645 comederitis
3007 1593 3066 1645 et
3094 1588 3801 1661 biberitis,surgitc,arma

2139 1677 2396 1750 arripite;
2426 1678 2779 1751 Babylonem
2800 1677 3104 1734 debellate.
3131 1677 3394 1750 Cumque
3418 1676 3798 1735 debellaveri-

2139 1766 2238 1834 tis,
2273 1766 2753 1839 contemplamini
2785 1766 2844 1821 in
2873 1766 3195 1839 speculam,
3232 1767 3291 1823 id
3323 1770 3411 1822 cst
3433 1783 3501 1822 ea
3521 1783 3647 1839 qua:
3669 1783 3798 1822 exa-

2139 1859 2267 1911 rata
2296 1860 2436 1912 sunt
2466 1855 2525 1910 in
2558 1857 2777 1928 pariete
2807 1857 3089 1927 perﬁcite,
3115 1855 3255 1928 quia
3276 1856 3430 1912 Deus
3456 1872 3702 1929 regnum
3727 1856 3799 1911 is-

2140 1944 2260 2000 tius
2281 1945 2630 2001 numeravit.
2652 1944 2865 2000 Aliter:
2892 1945 2935 2000 O
2957 1944 3385 2017 Babylon,para
3405 1944 3527 2017 regi
3550 1949 3651 2000 tuo
3675 1944 3797 2000 Bal-

2139 2032 2342 2089 thasar
2372 2050 2659 2101 mensam,
2695 2037 2752 2089 et
2778 2033 3175 2106 contemplare
3214 2035 3371 2106 quod
3420 2037 3553 2107 post
3598 2035 3792 2090 cibum

2138 2124 2366 2179 eveniat
2394 2124 2467 2178 ei.
2503 2123 2620 2178 Vos
2651 2129 2871 2195 autem,
2904 2123 3034 2179 Dari
3061 2127 3118 2179 et
3148 2125 3309 2195 Cyre,
3342 2124 3440 2195 qui
3481 2140 3615 2179 cum
3664 2141 3795 2196 rege

2140 2212 2467 2281 comeditis,
2496 2213 2718 2285 surgite
2740 2219 2796 2268 et
2816 2213 3129 2268 interficite
3150 2212 3458 2269 dominum
3478 2212 3797 2269 virum.Vel

2140 2302 2556 2375 contemplare,
2582 2320 2614 2357 o
2646 2301 2971 2373 Balthasar,
3005 2303 3159 2374 quod
3192 2303 3271 2358 sit
3302 2303 3361 2357 in
3392 2303 3610 2374 pariete
3649 2304 3796 2358 scri-

2139 2397 2307 2464 ptum
2342 2409 2407 2446 :«
2446 2392 2636 2459 Mane,
2667 2391 2900 2463 Techel,
2935 2391 3152 2448 Phares
3183 2393 3341 2463 (Dan.
3371 2392 3447 2463 v).
3481 2414 3510 2443 ››

2211 2505 2239 2532 ‹‹
2274 2482 2405 2536 ΙΙωο
2435 2481 2591 2536 enim
2638 2476 2802 2536 dixit'
2821 2480 2969 2535 mihi
3017 2481 3304 2537 Dominus
3338 2499 3350 2537 :
3379 2480 3537 2537 Vade
3566 2487 3623 2538 et
3652 2499 3799 2554 pone

2139 2570 2587 2642 speculatorem,
2622 2575 2680 2625 et
2710 2570 3106 2642 quodcunque
3144 2569 3374 2639 viderit,
3406 2572 3731 2627 annuntict.
3766 2594 3795 2622 ιι

2139 2660 2577 2731 Speculatorcm
2609 2660 2717 2715 hoc
2746 2660 2804 2714 in
2836 2658 2962 2715 loco
3014 2659 3360 2732 prophetam
3414 2659 3796 2733 intelligimus

2141 2746 2375 2818 Isaiam,
2392 2747 2492 2819 qui
2511 2747 2928 2820 speculabatur
2942 2766 3069 2818 qua:
3092 2748 3379 2804 Dominus
3402 2755 3797 2822 przecepturus

2138 2841 2262 2890 erat
2295 2854 2472 2908 super
2500 2836 2877 2909 Babylonem.
2914 2836 3210 2909 Propheta:
3238 2855 3493 2910 namque
3530 2838 3793 2910 specula-

2127 2927 2292 2979 tores
2324 2923 2792 2995 appellabantur,
2825 2924 2979 2981 sicut
3008 2925 3081 2979 ad
3122 2925 3478 2982 Ezechielem
3526 2927 3739 2983 dicitur
3771 2946 3785 2983 :

2139 3035 2165 3061 ‹‹
2203 3012 2307 3067 Fili
2338 3012 2619 3080 hominis,
2654 3012 3080 3085 speculatorem
3114 3016 3248 3071 dedi
3278 3020 3333 3071 te
3362 3016 3569 3071 Domni
3613 3016 3787 3073 Israel

2138 3102 2362 3172 (Escclt.
2396 3105 2504 3170 ιιι).
2540 3124 2567 3151 ››
2600 3102 2739 3158 Tale
2770 3107 2859 3159 est
2889 3120 2953 3159 ac
2994 3104 3042 3159 si
3094 3104 3311 3160 diceret
3342 3122 3354 3160 :
3388 3106 3790 3178 Temetipsum

2138 3191 2431 3246 constitue
2483 3191 2932 3264 speculatorem,
2965 3198 3024 3249 et
3065 3210 3428 3266 quaecunque
3477 3196 3731 3252 audieris
3759 3213 3793 3251 a

2138 3297 2231 3335 me
2263 3280 2348 3337 vel
2380 3280 2596 3337 videris
2628 3282 2839 3354 spiritu
2867 3282 3214 3355 prophetali,
3244 3284 3550 3340 annuntia.

2215 3392 2243 3419 ‹‹
2274 3370 2345 3426 Et
2364 3369 2512 3426 vidit
2546 3393 2574 3419 ››
2607 3370 2704 3426 ille
2736 3372 3088 3443 speculator,
3122 3372 3180 3427 id
3214 3376 3321 3438 est,
3344 3389 3448 3445 ego
3470 3373 3644 3443 vidi,«
3671 3391 3799 3429 cur-

2142 3477 2272 3514 rum
2296 3460 2547 3516 duorum
2571 3477 2927 3532 equorum,»
2950 3461 3058 3517 hoc
3082 3461 3392 3534 est,bigam
3413 3479 3540 3534 qua:
3565 3464 3799 3520 duobus

2140 3549 2306 3620 equis
2326 3550 2461 3604 duci
2485 3550 2731 3621 solebat,
2749 3567 3160 3607 «ascensorem
3177 3551 3325 3606 asini
3348 3555 3407 3607 et
3426 3568 3799 3609 ascensorem

2140 3638 2368 3708 cameli,
2396 3661 2424 3688 ››
2448 3639 2734 3695 subaudis
2758 3639 2963 3707 vidi,id
2991 3644 3080 3697 est
3108 3638 3203 3695 ille
3232 3656 3509 3695 ascensor
3530 3642 3630 3713 qui
3655 3642 3799 3699 resi-

2139 3727 2337 3798 debat,
2370 3745 2473 3800 pro
2506 3729 2673 3802 equis
2706 3730 2981 3785 utebatur
3027 3728 3360 3800 disparibus
3410 3728 3797 3798 animalibus,

2138 3819 2305 3874 asino
2352 3819 2623 3875 videlicet
2668 3824 2726 3874 et
2773 3818 3013 3875 camelo.
3043 3819 3330 3872 Ascensor
3381 3817 3489 3872 iste
3538 3817 3797 3875 duorum

2137 3908 2505 3976 animalium,
2523 3908 2869 3979 intelligitur
2885 3908 3067 3979 Cyrus
3083 3905 3182 3978 qui
3200 3905 3451 3961 duorum
3475 3922 3792 3979 regnorum

2134 3997 2375 4067 exstitit,
2410 3998 2616 4054 Persia:
2648 4002 2704 4053 et
2734 3996 2954 4061 Mediae,
2988 3999 3118 4067 post
3148 3998 3396 4050 mortem
3430 3995 3589 4051 Darii
3612 4013 3791 4052 avun-

2135 4088 2249 4142 culi
2274 4088 2616 4144 sui.Asinus
2637 4103 2883 4159 regnum
2908 4085 3215 4141 Persarum
3237 4084 3509 4157 est,quod
3531 4087 3665 4140 ante
3684 4084 3788 4157 Cy-

2134 4195 2265 4232 rum
2298 4176 2553 4251 ignobile
2585 4177 2715 4243 fuit,
2748 4180 2806 4231 et
2836 4174 3057 4231 nullius
3088 4173 3394 4247 dignitatis
3416 4174 3568 4229 inter
3587 4177 3789 4229 czetera

2132 4266 2611 4339 regna.Camelus
2642 4265 2946 4321 Medorum
2978 4279 3225 4337 regnum
3252 4264 3528 4339 est,quod
3559 4279 3788 4335 semper

2131 4338 2242 4411 fuit
2263 4357 3155 4429 potentissimum.Ascensorem
3172 4338 3307 4425 ergo
3325 4353 3470 4424 bigae
3492 4352 3637 4408 vidit
3656 4368 3785 4424 pro-

2130 4446 2309 4518 pheta
2322 4444 2819 4516 venientem,quia
2835 4460 2969 4499 cum
2994 4442 3178 4499 Medis
3200 4446 3257 4497 et
3278 4442 3467 4498 Persis
3489 4440 3645 4497 venit
3664 4441 3789 4513 ipse

2130 4536 2313 4607 Cyrus
2342 4540 2545 4590 contra
2578 4534 2931 4606 Babylonem
2961 4531 3180 4605 pariter
3208 4549 3342 4588 cum
3374 4529 3658 4587 avunculo
3682 4547 3789 4585 suo

2131 4625 2319 4680 Dario.
2344 4648 2371 4674 ‹‹
2397 4625 2465 4679 Et
2496 4622 2927 4695 contemplatus
2956 4625 3044 4678 est
3065 4645 3092 4671 ››
3115 4620 3533 4694 speculator,id
3565 4623 3654 4675 est
3682 4634 3787 4691 ego

316 4696 329 4705 ⁷
355 4705 579 4779 repleta
610 4706 885 4795 miseriis,
919 4706 1124 4777 repleti
1174 4712 1315 4763 sunt
1366 4709 1552 4765 lumbi
1606 4711 1719 4765 mei
1770 4712 1969 4769 dolore
2002 4730 2015 4768 :
2046 4728 2099 4795 υ
2131 4714 2564 4786 contemplatus
2596 4730 2748 4780 sum,
2783 4737 2810 4763 «
2843 4711 3158 4785 diligenter
3177 4709 3361 4766 multo
3392 4709 3633 4765 intuitu.
3670 4731 3697 4756 ν

356 4795 511 4852 sicut
540 4794 728 4852 lumbi
760 4793 1076 4851 mulierum
1100 4797 1876 4871 parturientium.Angustia
1898 4820 2027 4874 pos-

356 4885 511 4941 sedit
539 4901 655 4953 me,
688 4883 1014 4956 praividens
1047 4888 1219 4940 tantm
1243 4886 1646 4943 multitudinis
1667 4891 2016 4962 sanguinem

356 4973 548 5042 fundi,
582 4973 739 5030 sicut
767 4977 857 5029 est
906 4974 1183 5045 angustia
1233 4976 1637 5047 parturientis.
1666 5002 1691 5028 ‹‹
1729 4981 1954 5048 Corrui,
1992 5006 2017 5031 υ

355 5060 645 5118 subaudis
672 5059 731 5114 in
766 5060 1067 5117 tristitiam
1099 5061 1187 5116 vel
1219 5061 1277 5117 in
1314 5068 1547 5133 terram,
1570 5084 1703 5121 cum
1728 5070 2015 5136 audirem,

356 5149 647 5206 subaudis
664 5149 964 5205 miseriam
983 5150 1314 5222 Babylonis,
1334 5144 1721 5211 conturbatus
1735 5175 1867 5213 sum
1881 5176 2015 5214 cum

354 5239 613 5297 viderem
644 5238 705 5294 in
737 5237 948 5310 spiritu
981 5240 1440 5296 destructionem
1472 5244 1621 5313 ejus.

429 5351 459 5380 ι(
489 5329 561 5385 Et
590 5326 831 5395 inaruit,
868 5350 896 5376 ››
930 5328 987 5383 id
1038 5332 1129 5383 est
1175 5329 1387 5384 defecit
1414 5354 1439 5379 α
1477 5348 1576 5387 cor
1608 5349 1805 5389 meum
1840 5360 1865 5385 ››
1898 5339 2017 5393 sive

352 5416 543 5475 virtus
570 5432 740 5493 mea;
775 5439 803 5465 ‹‹
838 5418 1109 5488 tenebrae,
1137 5438 1165 5465 »
1188 5416 1245 5471 id
1270 5422 1376 5486 est,
1402 5421 1686 5491 angustia:
1708 5428 1765 5477 et
1788 5425 2015 5482 dolores

353 5525 382 5553 ι(
416 5505 859 5579 stupefecerunt
888 5522 1002 5575 me,
1035 5529 1061 5553 ››
1094 5506 1150 5559 id
1192 5510 1282 5560 est
1329 5507 1387 5560 in
1438 5526 1710 5581 magnam
1763 5516 2015 5572 admira-

353 5592 577 5651 tionem
609 5610 704 5649 me
735 5600 1165 5650 converterunt.
1199 5593 1301 5648 Vel
1334 5597 1511 5652 etiam
1539 5602 1789 5657 tenebra:
1822 5610 2017 5678 stupe-

353 5677 621 5739 fecerunt
645 5680 813 5735 illum
841 5700 853 5736 :
878 5684 1019 5753 quia
1050 5681 1428 5739 multitudine
1458 5686 1851 5761 lacrymarum
1883 5677 2016 5750 cali-

354 5773 645 5840 gaverunt
672 5767 826 5827 oculi
853 5771 1002 5843 ejus.
1040 5792 1073 5850 «ε
1102 5769 1358 5851 Babylon
1390 5773 1602 5835 dilecta
1640 5797 1789 5854 mea,
1824 5785 2015 5858 posita.

2210 4828 2237 4853 ‹‹
2272 4805 2343 4859 Et
2374 4803 2647 4859 clamavit
2676 4806 2739 4858 ut
2769 4802 2878 4858 leo.
2914 4824 2941 4850 ››
2966 4803 3094 4872 lpse
3124 4800 3408 4873 propheta
3444 4798 3542 4871 qui
3591 4797 3789 4870 appel-

2129 4893 2285 4950 latur
2318 4892 2668 4964 speculator,
2703 4894 3082 4963 nuncupatur
3111 4894 3168 4946 et
3197 4888 3286 4945 leo
3309 4906 3410 4960 pro
3433 4889 3644 4943 virtute
3661 4886 3785 4941 ani-

2129 4984 2211 5041 mi
2241 4999 2253 5039 :
2289 4986 2346 5036 et
2376 4981 2514 5053 quia
2546 4982 2796 5036 dubium
2828 4985 2953 5036 erat
2979 4980 3050 5034 de
3082 4996 3332 5051 persona
3381 4976 3785 5051 speculatoris,

2127 5070 2253 5143 ipse
2286 5070 2521 5141 exponit
2552 5070 2949 5139 manifestius,
2983 5069 3184 5125 dicens
3220 5085 3232 5121 :
3271 5090 3299 5118 ‹‹
3332 5068 3520 5140 Super
3548 5063 3788 5138 specula

2128 5160 2361 5216 Domini
2393 5178 2498 5232 ego
2530 5176 2663 5215 sum
2686 5159 3093 5231 stansjugiter
3111 5174 3214 5229 per
3235 5156 3475 5227 diem,et
3496 5172 3673 5227 super
3693 5171 3788 5209 cu-

2126 5250 2380 5306 stodiam
2405 5248 2727 5318 meam,»id
2746 5253 3040 5321 cst,super
3056 5247 3251 5303 locum
3275 5242 3785 5317 contemplationis

2126 5357 2268 5395 meae
2303 5361 2331 5389 «
2364 5356 2468 5410 ego
2500 5356 2631 5393 sum
2664 5342 2829 5394 stans
2866 5337 3001 5393 totis
3034 5336 3360 5393 noctibus.»
3387 5335 3572 5406 Super
3592 5336 3783 5387 custo-

2126 5430 2307 5496 diam,
2342 5428 2552 5500 inquit,
2578 5444 2771 5483 meam
2803 5444 2961 5496 sum,
2977 5430 3042 5481 ut
3064 5443 3157 5481 me
3178 5424 3507 5480 custodiam
3531 5421 3603 5476 ab
3625 5420 3785 5476 omni

2125 5524 2383 5591 peccato,
2418 5522 2483 5573 ut
2509 5516 2621 5573 sim
2655 5517 2871 5588 dignus
2903 5515 3104 5573 audire
3134 5515 3309 5570 verba
3346 5512 3444 5568 Dei
3479 5529 3491 5567 :
3527 5514 3583 5567 et
3612 5525 3787 5582 super

2126 5608 2365 5682 specula
2396 5606 2627 5661 Domini
2658 5623 2791 5661 sum
2817 5606 3064 5677 jugiter,
3087 5604 3142 5658 id
3166 5607 3257 5660 est
3277 5618 3512 5674 semper
3533 5616 3665 5655 sum
3692 5614 3785 5670 po~

2124 5696 2275 5752 situs
2308 5697 2365 5750 in
2399 5691 2893 5764 contemplatione
2927 5692 3048 5760 Dei,
3085 5696 3142 5747 et
3170 5691 3378 5746 diebus
3410 5707 3477 5746 ac
3517 5686 3784 5743 noctibus

2126 5801 2257 5847 sum
2280 5784 2643 5862 praeparatus
2667 5779 2871 5838 audire
2884 5779 3419 5859 etloquiquodipse
3430 5774 3786 5854 praeceperit.
