3944 6436
378 336 484 393 215

1525 349 1880 405 ANGELOMI
1907 341 2364 402 LUXOVIBNSIS
2387 341 2700 400 MONACHI

3718 346 3830 401 216

378 459 526 529 tulit,
545 459 753 517 dicens
774 481 786 519 :
807 465 1178 536 Nuncsuper
1200 468 1310 524 hoc
1327 471 1652 539 conﬁtebor
1671 472 1945 529 Domino.
1975 472 2039 524 Et
2074 471 2119 522 Α
2152 469 2389 535 Moysen
2417 466 2560 523 data
2589 471 2870 540 cooperta
2901 469 2988 522 est
3008 471 3188 538 atque
3213 464 3488 534 signata?
3511 467 3698 533 Quod
3730 484 3829 524 au-

379 548 541 620 obid
557 555 805 607 vocatus
819 559 907 608 est
925 555 950 609 J
959 555 1098 610 uda.
1123 561 1168 611 Α
1185 557 1559 616 confessione
1589 561 1792 635 itaque
1819 575 2041 616 nomen

379 639 511 710 ejus
537 643 624 695 est
649 639 896 710 dictum,
927 644 1090 716 quod
1119 650 1206 700 est
1229 648 1558 716 gratiarum
1596 653 1769 708 actio.
1806 649 2046 706 Isachar

381 729 800 806 interpretatus
820 737 1160 791 estmerces.
1185 737 1242 792 Is
1265 737 1489 811 quippe
1515 740 1756 798 dicitur:
1788 747 1869 798 est
1897 756 2040 797 mer-

384 835 493 876 ces.
529 819 648 875 Hoc
679 826 880 877 autem
906 821 1064 892 ideo,
1091 825 1234 897 quia
1266 828 1688 898 mandragoris
1713 831 1817 888 ﬁlii
1839 831 2046 888 Ruben

386 910 688 965 introitum
712 911 842 980 viri,
867 912 969 984 qui
1001 913 1235 970 Racheli
1253 915 1606 983 debebatur,
1635 921 1710 975 ad
1731 938 1793 976 se
1827 925 2053 976 emerat

387 999 508 1054 Lia.
542 999 704 1054 Unde
730 1004 785 1055 et
814 999 963 1056 dum
983 1009 1162 1058 natus
1193 1010 1298 1067 est,
1334 1006 1437 1062 Lia
1462 1007 1608 1065 dixit
1635 1027 1646 1064 :
1675 1011 1850 1067 Dedit
1895 1012 2050 1066 Deus

383 1088 717 1145 mercedam
739 1105 950 1147 meam.
987 1092 1256 1148 Zabulon
1288 1096 1711 1169 interpretatur
1740 1100 2050 1156 habitacu-

387 1179 533 1234 lum.
564 1179 808 1234 Sextum
835 1180 992 1236 enim
1016 1182 1181 1238 hunc
1208 1183 1396 1240 tilium
1430 1194 1718 1253 genuerat
1742 1189 1861 1245 Lia.
1912 1191 2051 1244 Pro-

385 1273 589 1340 pterea
622 1269 752 1338 jam
813 1285 1025 1327 secura
1065 1272 1248 1329 dixit:
1289 1276 1603 1334 Habitabit
1681 1295 1908 1336 mecum
1958 1282 2053 1336 vir

384 1374 568 1415 meus.
605 1360 766 1415 Unde
785 1366 840 1416 et
865 1361 1030 1429 ﬁlius
1056 1365 1186 1431 eius
1218 1372 1466 1421 vocatus
1493 1375 1578 1424 est
1610 1367 2049 1424 habitaculum.

386 1448 766 1520 Nephthalim
821 1465 852 1506 e
935 1454 1336 1521 conversione,
1408 1456 1531 1511 sive
1607 1465 2056 1526 comparatione

387 1554 574 1595 causa
602 1539 863 1595 nominis
893 1540 1022 1611 ejus
1053 1547 1160 1597 est.
1196 1545 1359 1600 Unde
1384 1551 1443 1601 et
1471 1545 1620 1602 dixit
1643 1547 1882 1614 Rachel,
1915 1565 2052 1604 cum

389 1645 529 1684 eum
560 1629 886 1701 peperisset
914 1631 1133 1688 ancilla
1163 1633 1293 1703 ejus
1321 1634 1458 1690 lt-zla
1485 1651 1498 1690 :
1526 1636 1818 1692 Habitare
1844 1653 1935 1693 me
1960 1639 2057 1706 fa-

389 1719 470 1774 cit
488 1718 644 1774 Deus
657 1718 1025 1776 habitatione
1046 1737 1178 1776 cum
1196 1737 1400 1779 sorore
1412 1727 1695 1781 mea.Dan
1718 1724 2060 1798 interpreta-

2157 559 2274 609 tem
2306 555 2364 609 in
2415 559 2586 610 nocte
2618 556 2750 626 conj
2764 555 3006 625 ungitur
3035 553 3239 623 Jacob,
3291 554 3597 623 signiﬁcat
3628 556 3826 629 ipsam

2156 645 2541 714 Synagogam
2590 647 2705 700 Deo
2750 645 3136 716 conjunctam
3189 643 3248 698 in
3307 643 3569 701 tenebris
3621 645 3830 703 littera

2155 732 2258 802 [Z.,
2292 730 2514 802 latere).
2538 732 2733 788 Turba
2760 748 2902 788 vero
2933 731 3267 788 amicorum
3300 731 3492 805 ipsius
3540 733 3833 805 designat

2157 819 2392 875 turbam
2415 821 2892 893 patriarcharum
2920 825 2977 877 et
3005 821 3459 894 prophetarum,
3493 825 3561 878 ut
3582 822 3836 896 quibus-

2157 908 2299 964 dam
2349 909 2595 965 videtur.
2647 910 2863 966 Rachel
2904 915 3126 972 autem,
3173 909 3378 980 junior
3431 915 3490 966 et
3543 911 3833 984 pulchra,

2159 998 2324 1070 prius
2369 998 2581 1054 sterilis
2611 1003 2720 1064 est,
2754 999 3148 1072 postmodum
3181 998 3460 1070 fecunda,
3495 1000 3837 1058 similitudo

2159 1093 2249 1142 est
2277 1087 2568 1143 Ecclesia.
2600 1090 2838 1157 Junior,
2865 1089 3011 1162 quia
3038 1092 3308 1160 tempore
3330 1089 3656 1162 posterior.
3692 1091 3837 1146 Pul-

2159 1177 2329 1243 chra,
2362 1177 2506 1249 quia
2549 1193 2799 1250 corpore
2830 1183 2888 1234 et
2937 1177 3149 1250 spiritu
3193 1183 3422 1233 sancta.
3471 1179 3648 1234 Oculi
3705 1181 3835 1250 ejus

2158 1265 2379 1331 decori,
2432 1267 2574 1340 quia
2620 1267 3005 1336 Evangelium
3055 1267 3392 1341 perspicere
3452 1275 3833 1326 meruerunt.

2161 1356 2301 1420 Quae
2346 1355 2526 1412 etiam
2574 1355 2782 1412 tandiu
2841 1355 3051 1412 sterilis
3093 1356 3220 1427 fuit,
3262 1372 3588 1430 quousque
3644 1360 3838 1431 Syna-

2161 1459 2316 1514 goga
2362 1443 2652 1517 populum
2705 1445 3052 1514 generabat.
3094 1447 3236 1510 Qua
3291 1445 3351 1501 in
3405 1445 3501 1502 die
3545 1447 3839 1520 copulata

2161 1537 2249 1588 est
2295 1532 2502 1604 Jacob,
2531 1532 2674 1606 quia
2701 1533 2968 1590 Ecclesia
2997 1534 3264 1604 gentium
3294 1535 3354 1590 in
3381 1535 3478 1590 die
3517 1537 3676 1592 Novi
3705 1539 3836 1592 Tes-

2164 1621 2410 1677 tamenti
2455 1622 2715 1678 sociatur
2755 1622 3007 1679 Christo.
3051 1622 3143 1678 Ad
3173 1625 3346 1694 cujus
3375 1624 3557 1680 etiam
3593 1625 3840 1698 nuptias

2166 1709 2352 1765 turba
2411 1709 2746 1767 amicorum
2795 1711 3183 1777 conveniunt,
3230 1713 3375 1785 quia
3431 1728 3541 1786 per
3595 1720 3838 1770 sanctos

388 1812 484 1862 ιω-
501 1806 822 1874 judim'um,
854 1807 991 1864 sala
1014 1809 1195 1876 enim,
1229 1810 1378 1867 dum
1407 1827 1547 1868 eum
1595 1813 1941 1885 peperisset,
1975 1813 2057 1869 di-
2084 1819 2130 1874 Β
2166 1799 2493 1873 apostolos,
2551 1799 2655 1872 qui
2687 1804 2830 1856 sunt
2861 1800 3039 1857 amici
3087 1801 3297 1873 ipsius,
3333 1801 3596 1860 Ecclesia
3649 1802 3841 1860 incor-

390 1895 477 1950 xit
515 1895 759 1964 Rachel,
807 1895 1055 1954 domina
1104 1899 1236 1968 ejus
1291 1901 1598 1957 Judicavit
1652 1903 1944 1958 Dominus
2003 1909 2056 1959 et

392 1985 720 2041 exaudiens
747 1985 908 2042 dedit
939 1987 1090 2043 mihi
1105 1990 1324 2059 ﬁlium,
1350 2005 1600 2046 causam
1630 1991 1895 2048 nominis
1927 1993 2058 2064 ejus

393 2073 699 2146 expressit,
730 2079 794 2129 ut
822 2074 900 2130 ab
922 2091 994 2130 eo
1017 2077 1184 2148 quod
1226 2077 1562 2148 judicasset
1590 2080 1905 2151 Dominus,
1932 2081 2057 2137 ﬁlio

393 2161 624 2220 ancilla
646 2163 857 2234 judicii
898 2180 1122 2221 nomen
1155 2165 1508 2240 imponeret.
1544 2169 1677 2225 Gad
1712 2169 1792 2225 ab
1841 2175 2060 2226 eventu

397 2251 521 2307 sive
551 2251 863 2324 procinctu
912 2259 1160 2310 vocatus
1207 2261 1314 2312 est.
1348 2257 1598 2323 Quando
1627 2259 1786 2315 enim
1834 2260 2062 2332 peperit

395 2357 535 2396 eum
565 2340 742 2410 Zelt‘a,
773 2341 925 2398 dixit
952 2341 1203 2400 domina
1241 2346 1374 2416 ejus
1425 2347 1555 2402 Lia:
1613 2347 1676 2402 In
1707 2347 1966 2414 fortuna,
1999 2348 2057 2404 id

396 2429 676 2502 estquod
698 2428 915 2486 dicitur
960 2431 1022 2487 in
1079 2434 1413 2505 procinctu,
1454 2435 1545 2490 vel
1596 2440 1835 2506 eventu,
1885 2442 1943 2492 et
1999 2442 2063 2494 ut

397 2517 662 2590 apertius
690 2517 945 2586 dicatur,
976 2519 1395 2592 interpretatur
1445 2525 1694 2579 tentatio
1725 2524 1817 2580 vel
1857 2527 2059 2582 accin-

399 2613 549 2661 ctus.
583 2608 732 2661 Aser
760 2608 966 2664 beatus
1019 2609 1256 2665 dicitur.
1314 2613 1467 2667 Dum
1522 2612 1683 2668 enim
1733 2614 2063 2687 peperisset

399 2709 542 2748 eum
567 2693 747 2762 Zelfa,
802 2694 953 2750 dixit
983 2695 1115 2751 Lia:
1155 2701 1331 2754 Beata
1360 2714 1473 2770 ego
1502 2705 1558 2756 et
1598 2699 1936 2758 beatiﬁcant
1966 2719 2062 2758 me

401 2781 704 2851 mulieres,
736 2785 794 2838 et
831 2782 910 2839 ab
935 2799 1006 2839 eo
1035 2785 1202 2857 quod
1229 2785 1409 2842 beata
1444 2786 1696 2856 dicatur,
1728 2804 1802 2844 ex
1830 2795 2061 2862 etymo-

400 2869 564 2940 logia
593 2870 853 2926 nominis
878 2871 1110 2930 beatum
1140 2875 1392 2931 vocavit.
1433 2876 1654 2949 Joseph
1689 2877 1768 2934 ab
1797 2893 1869 2934 eo
1897 2879 2064 2951 quod

402 2958 520 3015 sibi
548 2959 732 3015 alium
764 2959 910 3016 addi
931 2967 1124 3018 mater
1157 2969 1489 3038 optaverat,
1522 2967 1757 3024 vocavit
1786 2982 2067 3038 augmen-

400 3052 548 3105 tum.
582 3048 728 3104 Hinc
778 3050 1006 3108 Pharao
1054 3051 1397 3124 Saphaneth
1450 3055 1731 3128 Egyptio
1787 3073 2064 3113 sermone

401 3138 744 3212 appellavit,
798 3141 966 3214 quod
1013 3141 1295 3200 Hebraice
1337 3145 1820 3203 absconditorum
1869 3129 2064 3216 reﬁer-
2091 3173 2134 3227 ο

402 3234 587 3286 torem
638 3233 833 3300 sonat,
884 3247 994 3303 pro
1041 3247 1112 3288 eo
1151 3233 1315 3306 quod
1348 3234 1609 3290 obscura
1640 3235 1878 3293 somnia
1899 3251 2063 3292 reve-

401 3317 549 3376 lavit
578 3325 634 3374 et
664 3319 1030 3376 sterilitatem
1061 3323 1358 3394 pradixit.
1393 3325 1618 3380 Tamen
1641 3325 1786 3398 quia
1816 3326 1931 3381 hoc
1961 3341 2063 3381 no-

402 3422 544 3463 men
571 3406 650 3462 ab
680 3407 961 3480 Egyptio
989 3409 1251 3480 ponitur,
1287 3411 1474 3484 ipsius
1504 3411 1723 3483 lingua
1750 3413 1930 3470 debet
1961 3414 2063 3470 ha-

405 3494 548 3550 bere
605 3493 920 3549 rationem.
999 3496 1422 3569 Interpretatur
1497 3501 1657 3556 enim
1719 3503 2064 3574 Saphaneth

406 3581 690 3654 Egyptio
719 3597 996 3638 sermone
1020 3585 1292 3642 salvator
1311 3589 1544 3654 mundi,
1570 3605 1641 3644 eo
1665 3590 1830 3662 quod
1851 3592 2063 3647 orbem

406 3676 575 3727 terra
606 3666 686 3726 ab
710 3669 1046 3727 imminenti
1076 3671 1250 3728 famis
1281 3675 1511 3731 excidio
1533 3676 1806 3734 liberavit
1863 3681 2064 3750 Benja-

408 3759 534 3815 min
555 3758 976 3832 interpretatur
996 3761 1162 3828 ﬁlius
1185 3762 1468 3832 dextera,
1501 3765 1667 3836 quod
1692 3772 1781 3822 est
1811 3769 2061 3825 virtutis.

406 3849 656 3906 Dextera
681 3851 841 3905 enim
870 3849 1208 3923 appellatur
1236 3853 1454 3908 lamin.
1481 3857 1655 3910 Mater
1683 3857 1906 3929 quippe
1935 3859 2066 3929 ejus

407 3939 669 3995 moriens
700 3939 933 3994 vocavit
987 3955 1211 3998 nomen
1242 3942 1372 4012 ejus
1416 3943 1666 4009 Benoni,
1700 3943 1756 3999 id
1789 3952 1878 4002 est
1901 3949 2066 4016 ﬁlius

409 4027 634 4084 doloris
661 4030 793 4082 mei.
827 4027 1000 4084 Pater
1021 4029 1135 4085 hoc
1169 4032 1438 4092 mutavit,
1473 4032 1660 4088 tilium
1683 4033 1940 4091 dextera
1963 4053 2068 4094 no-

410 4112 670 4169 minans.
705 4115 852 4170 Dina
901 4117 1256 4174 transfertur
1288 4119 1345 4174 in
1398 4136 1660 4177 causam.
1693 4124 1874 4193 Jurgii
1907 4126 2067 4182 enim

408 4199 472 4256 in
505 4199 735 4257 Sicimis
764 4217 949 4259 causa
977 4204 1213 4260 exstitit.

484 4287 894 4345 Verumtatam
931 4291 1114 4348 Jacob
1161 4293 1500 4366 spiritaliter
1546 4300 1840 4370 signiﬁcat
1867 4304 2068 4360 Domi-

412 4392 563 4433 num
593 4393 666 4434 ac
696 4377 1153 4453 Redemptorem
1203 4390 1496 4456 nostrum,
1523 4389 1614 4446 vel
1652 4391 1946 4464 perfectos
1988 4394 2070 4450 vi-

411 4482 512 4524 ros
535 4467 660 4541 qui,
701 4468 906 4524 omnia
951 4469 1382 4546 desiderantes,
1411 4477 1619 4536 volunt
1652 4482 1835 4552 quieti
1857 4499 2066 4541 vevere

411 4555 475 4612 in
503 4555 625 4612 vita
648 4557 1188 4630 contemplationis.
1226 4565 1442 4620 Rachel
1480 4582 1642 4633 vero,
1699 4569 1883 4625 vitam
1928 4587 2068 4628 con-

413 4645 860 4719 templativam;
895 4647 994 4705 Lia
1023 4654 1246 4720 autem,
1278 4654 1558 4712 activam.
1611 4657 1815 4714 Laban
1840 4660 2066 4734 quippe

409 4737 514 4810 qui
541 4736 960 4810 interpretatur
977 4739 1299 4814 dealbatio,
1333 4745 1523 4814 gratia
1560 4745 1659 4802 Dei
1687 4748 2066 4822 omnipoten-

412 4825 504 4893 tis,
535 4842 644 4899 per
697 4843 886 4900 quam
916 4828 983 4885 ﬁt
1031 4831 1307 4889 remissio
1345 4839 1756 4906 peccatorum,
1810 4838 1904 4893 cui
1951 4855 2069 4896 ser-

408 4913 576 4971 viunt
595 4916 840 4987 perfecti
862 4917 974 4975 viri
997 4919 1078 4976 ob
1103 4920 1290 4978 vitam
1311 4923 1862 4996 contemplativam.
1894 4928 2067 4993 Quod

411 5001 460 5056 si
483 5001 716 5060 libitum
764 5005 868 5062 tibi
897 5006 1092 5072 fuerit,
1146 5009 1351 5078 lector,
1383 5010 1621 5083 plenius
1673 5029 1874 5082 nosse,
1907 5015 2066 5074 beati

407 5103 586 5161 papa
642 5093 904 5162 Gregorii
967 5099 1189 5155 summi
1240 5099 1671 5172 pradicatoris,
1727 5110 1784 5159 et
1858 5104 2065 5163 lsidori

409 5177 635 5234 strenui
694 5178 958 5237 doctoris
1006 5184 1168 5242 dicta
1225 5188 1497 5258 vigilanti
1548 5206 1693 5249 cura
1747 5193 2061 5266 perlustra,

404 5280 541 5338 qua
573 5281 698 5339 pra
750 5270 1029 5338 angustia
1063 5288 1176 5328 nos
1228 5277 1516 5348 temporis
1561 5279 1820 5337 inserere
1847 5295 1969 5338 non
1992 5281 2062 5339 li-

401 5351 551 5410 buit.
585 5357 948 5430 Quanquam
976 5359 1302 5419 Victorinus
1338 5372 1566 5440 martyr
1595 5369 1812 5444 aliique
1860 5370 2059 5428 docto-

401 5455 519 5531 res,
565 5460 762 5531 super
817 5445 1163 5520 Synagoga,
1194 5455 1251 5508 et
1299 5455 1558 5514 Ecclesia
1604 5458 1850 5531 intelligi
1881 5459 2064 5517 velint

400 5528 515 5585 has
545 5529 698 5587 duas
726 5549 945 5590 uxores
973 5538 1180 5594 Iacob.
1213 5542 1332 5611 Lia,
1356 5543 1653 5619 inquiunt,
1673 5528 1870 5620 major
1890 5553 2058 5617 natu,

399 5619 614 5710 typum
643 5621 830 5676 tenuit
862 5625 1220 5698 Synagoga,
1270 5633 1413 5706 quia
1455 5637 1620 5708 prior
1660 5619 1906 5710 Deii[Z.,
1937 5637 2058 5710 pri-

397 5704 626 5799 oridie)
656 5710 1202 5786 genuitpopulum.
1248 5704 1314 5778 Et
1357 5704 1505 5796 quid
1563 5731 1651 5784 est
1705 5704 2058 5799 quod’o'cu-

393 5791 468 5847 lis
512 5791 729 5864 legitur
753 5801 1004 5868 gravida
1049 5803 1158 5880 [F.,
1189 5791 1477 5883 gravata],
1508 5813 1625 5879 nisi
1649 5791 1797 5890 quis
1821 5814 1923 5871 lex
1950 5829 2058 5885 per

2167 1893 2412 1960 poratur
2437 1888 2708 1945 Domino.
2762 1889 2979 1945 Habuit
3006 1890 3186 1946 etiam
3213 1890 3462 1947 ancillas
3489 1907 3716 1948 earum
3743 1894 3838 1946 Ja-

2167 1977 2299 2044 cob,
2334 1982 2388 2032 et
2435 1993 2508 2032 ex
2539 1977 2624 2032 eis
2657 1977 2862 2049 genuit
2925 1977 3099 2047 ﬁlios,
3126 1979 3272 2052 quia
3301 1984 3442 2036 sunt
3482 1981 3544 2036 in
3579 1986 3841 2054 utroque

2167 2065 2392 2139 populo
2451 2066 2736 2123 docentes
2791 2066 3084 2138 carnales,
3140 2073 3322 2140 atque
3361 2069 3420 2124 in
3469 2069 3595 2126 vita
3630 2069 3841 2126 veteris

2165 2154 2426 2210 hominis
2449 2159 2896 2228 permanentes,
2941 2171 3201 2229 quorum
3255 2156 3697 2231 praedicatione
3743 2157 3842 2213 ﬁlii

2167 2243 2420 2300 Domino
2445 2249 2824 2313 generantur.
2851 2245 3017 2300 Unde
3052 2245 3193 2301 Bala
3223 2245 3654 2319 interpretatur
3684 2249 3840 2304 inve-

2169 2339 2383 2402 terata,
2406 2332 2538 2388 illos
2560 2333 2985 2390 demonstrans
3025 2334 3128 2407 qui
3183 2335 3528 2392 carnalibus
3561 2335 3842 2392 sensibus

2167 2420 2370 2488 dediti,
2429 2425 2629 2478 tamen
2675 2421 2960 2494 spiritalia
3044 2424 3222 2479 etiam
3267 2423 3342 2480 de
3420 2425 3556 2497 ipsa
3613 2425 3838 2481 incom-

2169 2509 2473 2566 mutabilis
2495 2510 2832 2567 substantia
2881 2511 3209 2568 Divinitatis
3263 2514 3656 2570 annuntiant.
3686 2513 3842 2570 Zelfa

2168 2614 2329 2666 vero,
2355 2615 2492 2672 qua
2517 2599 2936 2673 interpretatur
2959 2617 3022 2656 os
3049 2601 3243 2669 hians,
3272 2601 3403 2657 illos
3434 2602 3666 2674 ﬁgurat
3693 2617 3839 2676 quo-

2169 2703 2304 2743 rum
2335 2687 2758 2760 pradicatione
2789 2705 2850 2745 os
2874 2691 3139 2762 aperitur
3167 2695 3224 2746 et
3253 2705 3357 2747 cor
3381 2707 3504 2748 non
3530 2695 3838 2766 sequitur;

2169 2774 2245 2832 de
2291 2776 2573 2848 qualibus
2627 2777 2916 2850 scriptum
2946 2784 3066 2835 est:
3111 2780 3385 2848 Populus
3410 2780 3506 2837 hic
3547 2781 3730 2837 labiis
3755 2795 3840 2836 me

2171 2865 2468 2936 honorat;
2516 2882 2619 2922 cor
2644 2873 2840 2924 autem
2864 2883 3066 2923 eorum
3101 2869 3274 2940 longe
3292 2875 3378 2926 est
3405 2884 3443 2925 a
3473 2885 3568 2927 me
3597 2869 3838 2941 (Matth.

2173 2971 2264 3020 xv,
2300 2956 2374 3024 8).
2410 2957 2477 3011 Et
2505 2954 2646 3012 alibi
2675 2974 2688 3012 :
2747 2956 2888 3024 Quae
2939 2957 3172 3023 dicunt,
3203 2960 3433 3028 facite:
3475 2975 3613 3031 qua
3643 2966 3835 3016 autem

2168 3043 2408 3113 faciunt
2433 3045 2642 3114 facere
2670 3047 2857 3102 nolite
2875 3046 3118 3104 (Matth.
3143 3063 3304 3115 xxui,
3327 3051 3404 3120 2).

2245 3134 2361 3188 Cur
2391 3137 2590 3189 autem
2622 3133 2806 3190 Jacob
2835 3150 2945 3207 pro
2971 3135 3193 3192 Rachel
3224 3137 3425 3203 servit,
3459 3142 3516 3193 et
3549 3136 3835 3212 supponi-

2174 3225 2267 3278 tur
2297 3222 2416 3292 Lia,
2438 3222 2550 3278 nisi
2577 3222 2722 3296 quia
2749 3224 3059 3289 Dominus,
3088 3230 3151 3281 ut
3187 3225 3517 3282 Ecclesium
3567 3240 3838 3283 assume-

2170 3315 2256 3368 ret
2286 3311 2452 3384 prius
2501 3313 2886 3384 Synagogam
2917 3313 3028 3369 sibi
3054 3314 3366 3385 conjunxit
3394 3316 3422 3371 ?
3449 3315 3568 3372 Sed
3628 3314 3834 3371 videa-

2172 3416 2307 3456 mus
2337 3400 2545 3474 quales
2572 3400 2652 3456 tili
2668 3407 3018 3458 nascuntur.
3040 3405 3122 3459 Ex
3149 3403 3247 3460 Lia
3276 3420 3544 3478 namque
3573 3418 3834 3461 nascun-

2175 3493 2268 3544 tur
2311 3489 2544 3557 Ruben,
2578 3489 2816 3546 Simeon
2844 3497 2898 3547 et
2933 3492 3088 3563 Levi,
3115 3497 3172 3549 et
3192 3492 3443 3566 reliqua.
3474 3494 3712 3562 Ruben,
3738 3490 3835 3565 qui

2172 3578 2594 3652 interpretatur
2640 3580 2843 3636 videns
2887 3582 3104 3650 ﬁlium,
3159 3581 3458 3652 signiﬁcat
3506 3583 3830 3656 perfectum

2173 3666 2479 3724 doctorem
2507 3684 2579 3724 ex
2602 3684 2918 3741 synagoga
2943 3670 3287 3727 Judaorum
3318 3671 3379 3726 in
3409 3671 3528 3728 ﬁde
3584 3686 3831 3728 nascen-

2175 3760 2315 3812 tem.
2345 3757 2456 3823 Qui
2474 3757 2627 3813 bene
2656 3759 2858 3816 videns
2883 3760 3080 3828 ﬁlium
3134 3759 3413 3830 [dicitur].
3448 3765 3507 3816 In
3537 3760 3677 3817 ﬁliis
3703 3774 3832 3841 ope:

2174 3861 2242 3902 ra
2266 3845 2565 3915 designari
2610 3847 2919 3903 Psalmista
2975 3853 3239 3913 testatur,
3281 3850 3387 3922 qui
3419 3850 3480 3905 in
3531 3849 3692 3906 beati
3731 3848 3830 3903 virl

2175 3933 2690 3992 benedictionibus
2715 3936 2866 3992 inter
2894 3943 3108 3993 catera
3131 3937 3273 3992 dicit
3303 3955 3317 3992 :
3365 3939 3512 3994 Filii
3541 3942 3634 3994 tui
3687 3941 3828 3994 sicut

2178 4023 2430 4080 novellae
2468 4025 2766 4080 olivarum
2820 4027 3004 4095 (Psal.
3037 4041 3244 4091 cxxvu,
3281 4029 3358 4097 4).
3412 4031 3479 4082 Et
3510 4028 3670 4084 intra
3703 4044 3716 4082 :
3759 4026 3830 4081 Et

2179 4111 2379 4169 videas
2407 4113 2566 4182 ﬁlios
2591 4115 2858 4184 ﬁliorum
2893 4122 3130 4171 tuorum
3178 4117 3352 4186 (Ibid.
3361 4158 3379 4188 ,
3418 4133 3570 4172 vers.
3606 4119 3678 4188 7).
3714 4119 3829 4172 Non

2179 4201 2338 4256 enim
2369 4201 2471 4274 qui
2497 4201 2664 4258 timet
2695 4203 3038 4270 Dominum,
3062 4204 3172 4259 nisi
3199 4204 3639 4273 genueritﬁlios
3664 4219 3832 4277 nepo-

2179 4294 2386 4362 tesque
2417 4292 2762 4364 susceperit,
2805 4291 3018 4348 beatus
3072 4309 3200 4348 esse
3247 4309 3371 4349 non
3425 4299 3640 4367 potest,
3699 4309 3827 4350 cum

2178 4379 2394 4450 virgini
2424 4380 2584 4437 ﬁdeli
2613 4382 2810 4454 potior
2833 4397 3064 4437 merces
3091 4388 3412 4456 exspectat.
3444 4382 3560 4440 Sed
3588 4384 3648 4439 in
3682 4383 3827 4448 ﬁliis,

2180 4473 2245 4525 ut
2268 4469 2551 4539 diximus,
2583 4485 2788 4543 opera,
2825 4469 2885 4526 in
2927 4471 3064 4526 tiliis
3113 4487 3256 4527 vero
3296 4471 3556 4528 ﬁliorum
3615 4474 3829 4528 fructus

2179 4575 2452 4631 operum,
2482 4559 2541 4614 id
2563 4563 2651 4614 est
2669 4559 3007 4615 mercedem
3029 4560 3307 4629 designat
3325 4566 3634 4617 aternam.
3671 4559 3829 4615 Deni-

2176 4663 2294 4721 que
2315 4649 2421 4703 iste
2453 4647 2659 4704 Ruben
2690 4664 2966 4718 egressus
3018 4655 3287 4720 tempore
3341 4651 3555 4705 messis
3602 4651 3829 4707 triticea

2174 4736 2235 4792 in
2257 4752 2470 4806 agrum
2490 4737 2708 4809 reperit
2736 4736 3196 4806 mandragoras,
3224 4754 3379 4811 quas
3407 4739 3580 4794 matri
3617 4740 3724 4794 Lia.-
3752 4742 3826 4792 at-

2175 4825 2324 4892 tulit,
2357 4828 2414 4882 et
2442 4824 2692 4898 reliqua.
2729 4825 3038 4895 Signiﬁcat
3081 4830 3319 4882 sanctos
3357 4827 3668 4898 apostolos
3727 4841 3826 4880 ca-

2174 4920 2452 4987 terosque
2481 4913 2922 4987 pradicatores,
2949 4915 3053 4987 qui
3084 4921 3341 4987 possunt
3358 4916 3419 4971 in
3448 4931 3664 4986 agrum
3691 4931 3825 4988 prae.

2173 5003 2489 5061 dicationis
2537 5004 2717 5070 exire,
2769 5008 2828 5060 et
2871 5003 2951 5059 ad
2975 5003 3289 5076 publicum
3327 5008 3672 5079 procedere,
3702 5017 3823 5058 ver-

2174 5094 2443 5166 bumque
2470 5093 2852 5156 annuntiare,
2909 5092 3315 5165 operibusque
3374 5093 3729 5165 adimplere,
3775 5090 3826 5141 et

2174 5180 2404 5253 prolem
2458 5181 2783 5254 spiritalem
2814 5181 3078 5252 gignere.
3117 5183 3453 5237 Possumus
3483 5197 3590 5254 per
3619 5191 3822 5250 agrum

2173 5271 2350 5326 etiam
2372 5269 2557 5326 libros
2599 5268 2747 5338 legis
2782 5269 3338 5342 prophetarumque
3370 5269 3671 5342 praconia
3692 5287 3703 5335 ;
3726 5278 3824 5338 per

2172 5361 2612 5430 mandragoras
2638 5374 2802 5426 vero,
2834 5375 2972 5431 qua
3015 5358 3248 5415 bonum
3294 5359 3519 5415 habent
3562 5358 3824 5416 odorem.

2175 5450 2281 5505 sed
2309 5448 2634 5522 insipidum
2684 5464 2988 5520 saporem,
3021 5449 3345 5504 Dominum
3391 5449 3594 5506 Iesum
3641 5444 3823 5506 Chris-

2172 5545 2298 5596 tum
2330 5538 2674 5608 intelligere,
2707 5538 3030 5593 habentem
3074 5537 3306 5593 bonum
3365 5537 3615 5594 odorem
3672 5529 3822 5609 apud

2171 5645 2274 5685 eos
2294 5627 2398 5700 qui
2427 5626 2886 5683 credideruntin
2935 5642 3096 5697 eum,
3130 5626 3459 5700 insipidum
3489 5628 3654 5700 apud
3704 5623 3823 5680 illos

2171 5718 2274 5792 qui
2305 5719 2366 5772 in
2383 5715 2728 5772 inﬁdelitate
2758 5721 3222 5788 permanserunt
3249 5721 3306 5772 et
3329 5717 3434 5788 qui
3463 5733 3649 5789 prave
3671 5715 3739 5772 de
3760 5710 3823 5766 il-

2170 5808 2231 5868 lo
2258 5810 2591 5873 senserunt,
2614 5805 2788 5876 juxta
2814 5803 2982 5878 quod
3008 5805 3301 5878 scriptum
3330 5810 3420 5862 est
3450 5822 3464 5861 :
3495 5806 3653 5863 Attii
3677 5804 3817 5860 dice-
