3960 6366
145 417 268 479 821

1224 414 1632 476 COMMENT.
1680 414 1760 474 IN
1803 412 2103 475 lSAlAM.
2137 451 2213 459 —
2245 417 2391 477 LIB.
2440 417 2515 478 ll.

3468 420 3588 508 822

149 546 523 606 mentarium
556 569 584 598 «
619 547 835 604 domus
866 545 1072 604 saltus.
1103 569 1131 596 »
1156 546 1590 603 Armentarium
1620 549 1709 601 cst
1738 544 1822 600 lo-
1851 543 1910 612 Α
1938 563 2073 602 nam
2093 549 2472 622 prmpositum
2491 548 3588 624 templi,quihabitatintabernaculo,»

149 656 266 695 cus
298 637 398 694 ubi
431 637 836 693 reconduntur
863 635 983 692 tela
1021 653 1341 692 armorum.
1367 637 1503 690 Erat
1533 635 1689 690 enim
1721 635 1822 689 do-

147 745 296 785 mus
315 728 490 798 juxta
521 725 812 798 templum
840 726 1096 793 Domini,
1117 743 1294 797 quam
1322 724 1494 780 David
1517 724 1826 779 :ediﬁcavit

146 817 228 872 ad
265 817 607 890 reponenda
639 831 825 882 arma,
849 816 908 870 in
932 816 1104 887 cujus
1125 815 1372 869 circuitu
1393 818 1560 869 erant
1589 814 1824 869 arbores

143 905 438 978 plantataa
464 922 476 960 :
502 909 560 960 et
592 909 900 978 propterea
929 903 1145 959 dicitur
1173 904 1384 958 domus
1426 903 1634 968 saltus,
1668 903 1823 974 ipsa-

147 1011 274 1066 que
306 995 524 1050 domus
567 1010 685 1048 non
733 992 988 1048 habebat
1045 993 1296 1065 parietes
1341 1010 1410 1047 ex
1457 997 1737 1047 cremento
1769 995 1826 1046 et

143 1083 480 1156 lapidibus,
497 1083 600 1139 sed
623 1099 692 1137 ex
713 1081 894 1154 ligno.
910 1081 1127 1137 Dicunt
1147 1082 1302 1136 enim
1329 1081 1466 1153 quia
1489 1099 1557 1136 ex
1579 1081 1824 1135 humore

143 1171 426 1229 caementi
459 1176 517 1227 et
547 1169 836 1244 lapidum,
872 1170 1136 1226 nascitur
1166 1170 1373 1241 rubigo
1407 1169 1464 1224 in
1499 1171 1668 1225 ferro.

229 1284 258 1314 (ε
284 1263 357 1318 Et
378 1261 674 1317 scissuras
694 1259 949 1315 civitatis
977 1259 1153 1315 David
1176 1259 1466 1314 videbitis.
1481 1259 1820 1314 nCivitatem

143 1348 633 1424 David,appellat
650 1347 1228 1404 Hierusalem.Sicuti
1251 1347 1524 1420 superius
1542 1348 1820 1412 diximus,

137 1457 362 1498 murus
382 1439 643 1495 civitatis
664 1436 1072 1508 multipliciter
1087 1440 1175 1492 est
1197 1438 1528 1509 perforatus
1550 1436 1622 1491 ab
1645 1436 1826 1492 hosti'

141 1533 287 1597 bus,
309 1533 368 1584 et
391 1525 799 1598 multiplicata:
823 1530 961 1582 sunt
983 1527 1312 1581 scissuram
1333 1526 1402 1580 Et
1420 1525 1822 1596 congregastis

142 1635 342 1693 aquas
369 1616 610 1690 piscinae
632 1615 980 1680 inferioris,»
1006 1631 1038 1670 ο
1060 1615 1190 1669 ﬁliae
1221 1615 1387 1671 Judae
1413 1618 1470 1669 et
1492 1615 1816 1684 Benjamin.

139 1707 276 1764 Vox
305 1704 629 1779 prophetae.
661 1701 892 1758 Piscina
923 1703 1087 1758 lacus
1125 1707 1215 1758 est
1259 1703 1376 1758 sive
1409 1703 1686 1772 cisterna,
1719 1702 1818 1757 ubi

141 1795 516 1867 colliguntur
574 1808 761 1864 aquae.
795 1793 974 1848 Terra
1033 1791 1510 1864 repromissionis
1542 1795 1632 1859 (ut
1681 1791 1822 1846 dicit

143 1888 368 1943 beatus
395 1883 834 1955 Hieronymus),
861 1880 996 1936 licet
1018 1880 1382 1937 fertilissima
1404 1880 1598 1948 fuerit,
1624 1886 1818 1935 tamen
1848 1917 1896 1981 Β

145 1988 434 2047 magnam
484 1969 794 2044 penuriam
839 1987 1004 2041 aquae
1055 1969 1329 2040 habebat,
1364 1969 1616 2025 maxime
1665 1969 1820 2026 circa

145 2061 546 2126 Hierusalem,
569 2063 628 2116 et
657 2059 788 2114 ideo
823 2059 1117 2114 faciebant
1145 2057 1434 2114 cisternas
1456 2059 1528 2113 ad
1551 2058 1822 2128 colligen-

145 2155 261 2210 das
284 2167 492 2224 aquas.
513 2148 788 2206 Jordanis
811 2149 1026 2220 quippe
1054 2148 1269 2204 ﬁuvius
1291 2146 1475 2202 currit
1497 2148 1648 2203 inter
1671 2147 1820 2202 Gali-

144 2243 324 2298 laeam
347 2242 404 2296 et
424 2239 712 2295 Judteam.
735 2237 885 2292 Fons
907 2235 1074 2292 Siloa:
1097 2237 1168 2291 ad
1195 2237 1418 2292 radices
1440 2235 1658 2291 montis
1679 2235 1818 2292 Sion

147 2330 361 2387 oritur.
389 2327 453 2383 In
473 2324 837 2382 Hierusalem
862 2328 1058 2380 autem
1081 2329 1248 2380 erant
1269 2326 1397 2379 dum
1419 2324 1676 2398 piscinae,
1701 2342 1820 2381 una

151 2417 448 2491 superior,
471 2413 660 2471 altera
678 2412 938 2468 inferior.
966 2412 1070 2468 Illa
1089 2429 1217 2484 quae
1241 2413 1512 2484 superior
1535 2418 1679 2482 erat,
1701 2431 1816 2469 non

149 2511 386 2581 poterat
417 2502 547 2576 capi
570 2503 643 2558 ab
674 2501 968 2558 hostibus.
1004 2501 1248 2558 Inferior
1274 2518 1427 2569 vero,
1455 2506 1679 2574 poterat
1709 2521 1817 2558 au-

150 2596 318 2653 ferri.
334 2593 482 2650 Cum
503 2593 811 2648 audissent
831 2595 1025 2646 autem
1049 2592 1364 2646 adventum
1388 2591 1814 2660 Chaldmorum,

153 2701 350 2758 aquas
370 2699 498 2755 quae
529 2680 590 2736 in
623 2680 850 2752 piscina
877 2679 1137 2735 inferiori
1165 2685 1332 2734 erant
1353 2697 1483 2752 qua:
1505 2681 1630 2752 capi
1667 2685 1820 2752 pote-

153 2778 317 2840 rant,
351 2787 455 2845 per
496 2770 785 2842 quasdam
826 2767 1054 2824 ﬁstulas
1093 2772 1150 2822 et
1191 2773 1418 2823 meatus
1453 2770 1820 2824 deduxerunt

151 2863 320 2920 intra
348 2859 665 2930 civitatem,
699 2862 756 2913 et
804 2862 1306 2930 congregaverunt
1347 2874 1446 2913 eas
1507 2857 1564 2912 in
1623 2858 1817 2913 locum

153 2967 372 3020 unum,
398 2954 456 3006 et
485 2950 945 3004 numeraverunt
968 2948 1176 3001 domos
1207 2945 1588 3018 Hierusalem,
1613 2950 1669 3002 et
1688 2963 1820 3002 con-

156 3041 485 3099 stituerunt
533 3040 821 3108 quantum
870 3035 1187 3106 unicuique
1234 3035 1434 3089 domui
1473 3037 1714 3090 daretur
1751 3053 1820 3091 ex

155 3149 250 3202 ea,
292 3128 789 3196 detraxeruntque
825 3124 1032 3180 domos
1071 3123 1424 3195 aliquantus,
1459 3128 1516 3179 et
1555 3125 1817 3182 munive-

156 3222 303 3276 runt
345 3217 642 3273 civitatem
682 3217 886 3269 contra
923 3212 1142 3280 hostes,
1177 3218 1235 3269 et
1273 3214 1471 3284 ipsum
1500 3215 1714 3284 flacum
1748 3214 1820 3268 de

1935 637 2222 693 subaudis
2247 638 2495 694 Domini.
2519 639 2632 694 Iste
2654 641 2850 696 Sobna
2870 655 3143 696 summus
3167 640 3425 712 pontifex
3445 645 3590 708 erat,

1935 728 2227 798 superbus
2251 733 2309 783 et
2330 746 2610 802 arrogans
2637 731 3045 801 prmvaricator
3073 729 3221 802 legis
3253 729 3375 798 Dei,
3401 731 3594 804 oppri-

1935 832 2103 871 mens
2135 817 2470 873 universum
2505 819 2808 892 populum,
2841 823 2896 874 et
2925 823 3190 874 avertens
3221 819 3353 876 illos
3383 838 3418 876 a
3447 838 3589 894 pre-

1934 905 2116 976 ceptis
2138 911 2194 960 et
2214 905 2446 961 cultura
2469 907 2720 976 Domini,
2748 912 2803 962 et
2825 907 2948 979 ipse
2969 907 3211 963 tradidit
3238 925 3353 981 prie
3373 909 3588 966 timore

1934 992 2268 1049 inferiorem
2302 1000 2527 1066 partem
2572 995 2822 1050 civitatis
2856 995 3130 1050 exercitui
3165 996 3584 1066 Sennacherib,

1933 1083 2178 1154 ideoque
2235 1085 2518 1139 Dominus
2579 1084 2867 1156 promittit
2905 1085 2952 1139 ei
2996 1085 3150 1140 mala
3207 1085 3421 1141 futura.
3453 1089 3585 1142 Haec

1933 1189 2066 1226 vero
2091 1190 2216 1242 qum
2239 1172 2332 1226 hic
2355 1173 2634 1227 dicuntur
2659 1191 2772 1226 non
2808 1173 3098 1244 pertinent
3128 1175 3200 1229 ad
3224 1173 3382 1229 illam
3409 1175 3590 1247 capti-

1932 1260 2169 1314 vitatem
2200 1261 2471 1332 superius
2495 1267 2898 1328 memoratam,
2923 1280 3050 1334 quae
3082 1263 3193 1318 fuit
3219 1263 3585 1337 temporibus

1935 1350 2206 1405 Sedeciaz.
2232 1351 2301 1405 Et
2330 1350 2471 1421 quid
2504 1350 2718 1404 dicitur
2746 1351 2793 1404 ei
2829 1369 2863 1405 a
2893 1352 3182 1407 Domino?

2007 1463 2032 1486 ‹‹
2063 1438 2211 1504 Quid
2245 1442 2306 1493 tu
2341 1439 2435 1493 hic
2461 1461 2482 1488 ι
2518 1440 2804 1493 subaudis
2837 1441 3017 1494 facis?
3038 1442 3126 1495 Tu
3158 1440 3258 1512 qui
3297 1442 3588 1514 superbus

1933 1543 1996 1581 es
2027 1531 2084 1580 et
2116 1526 2293 1598 lupus
2327 1545 2523 1599 rapax,
2549 1545 2652 1583 cur
2684 1528 2929 1582 moraris
2964 1529 3020 1582 in
3055 1529 3228 1584 domo
3251 1546 3400 1598 mea,
3428 1554 3456 1578 ‹‹
3489 1534 3591 1604 aut

1933 1617 2104 1688 quasi
2139 1617 2271 1686 quis
2306 1616 2443 1672 hic?
2472 1640 2499 1665 »
2527 1619 2606 1671 Ac
2636 1616 2684 1671 si
2719 1616 2934 1672 diceret
2963 1617 3095 1673 aliis
3125 1618 3318 1674 verbis
3344 1635 3356 1675 :
3380 1621 3495 1676 Aut
3525 1623 3587 1676 tu

1932 1720 2038 1759 cur
2065 1707 2233 1759 sedes
2263 1705 2322 1759 in
2357 1706 2530 1760 domo
2564 1723 2712 1770 mea,
2749 1723 2863 1760 non
2899 1707 3109 1761 timens
3149 1706 3231 1762 ire
3262 1707 3320 1762 in
3353 1708 3588 1780 captivi-

1932 1795 2132 1860 tatem,
2161 1793 2329 1864 quasi
2363 1793 2456 1847 hic
2495 1793 2710 1866 aliquis
2743 1811 2976 1865 semper
3013 1794 3199 1865 possit
3237 1795 3588 1852 aeternaliter

1932 1881 2267 1935 manere?«
2313 1881 2460 1946 Quia
2516 1880 2782 1936 excidisti
2841 1881 2942 1935 tibi
3004 1882 3099 1937 hic
3157 1882 3517 1956 sepulcrum.
3551 1907 3581 1937 »

1928 1969 2052 2025 Non
2084 1969 2297 2024 excidit
2326 1969 2422 2024 ille
2463 1969 2522 2024 in
2554 1970 2681 2042 ipso
2710 1970 2928 2042 templo
2987 1987 3162 2026 suum
3221 1973 3584 2044 sepulcrum,

1929 2060 2028 2114 sed
2056 2059 2114 2112 in
2139 2059 2266 2129 ipsa
2293 2057 2521 2113 civitate
2545 2059 2850 2114 mdiﬁcavit
2875 2059 3294 2116 domunculam
3318 2060 3376 2116 in
3400 2065 3584 2133 petra,

1927 2151 1984 2202 et
2017 2147 2072 2201 in
2105 2147 2332 2202 excelso
2365 2147 2514 2214 loco,
2537 2165 2780 2219 sperans
2813 2166 2928 2202 non
2960 2147 3042 2204 ire
3073 2148 3130 2202 in
3165 2149 3583 2223 captivitatem,

1928 2242 1995 2293 ut
2045 2237 2320 2308 superbia
2349 2242 2406 2292 et
2444 2238 2706 2308 potentia
2737 2255 2852 2309 quo
2907 2239 3030 2308 jam
3061 2238 3259 2294 vivens
3304 2239 3588 2308 obtinuit,

1928 2328 2106 2381 etiam
2141 2327 2200 2380 in
2235 2343 2342 2380 sua
2373 2330 2556 2380 morte
2599 2327 3027 2381 ostenderetur.
3063 2327 3174 2380 Sed
3221 2345 3337 2382 non
3386 2331 3476 2384 est
3503 2329 3586 2384 ibi

1929 2415 2230 2483 humatus,
2265 2417 2406 2487 quia
2450 2415 2720 2487 captivus
2751 2420 2841 2470 est
2873 2417 2928 2470 in
2964 2416 3316 2488 Babylonem
3349 2419 3584 2474 ductus.

1929 2526 1957 2553 ‹‹
1987 2505 2151 2560 Sicut
2180 2507 2514 2576 asportatur
2545 2503 2738 2576 gallus
2769 2504 3186 2576 gallinaceus.»
3209 2505 3410 2561 Gallus
3430 2505 3590 2578 galli-

1929 2610 2146 2648 naceus
2177 2598 2265 2648 est
2295 2593 2488 2665 gallus
2519 2597 2832 2661 castratus,
2867 2611 3041 2664 quem
3073 2612 3179 2648 nos
3227 2611 3438 2667 capum
3469 2595 3588 2651 sive

1928 2698 2210 2754 caponem
2241 2681 2514 2735 dicimus.
2535 2682 2602 2735 Et
2624 2685 2712 2736 est
2735 2699 2944 2736 sensus
2969 2699 2980 2736 :
3008 2682 3173 2737 Sicut
3193 2681 3292 2738 ille
3321 2687 3591 2755 portatur

1929 2770 2056 2825 sine
2085 2769 2508 2840 impedimento
2539 2769 2758 2839 aliquo,
2779 2774 2835 2824 et
2856 2770 3010 2824 sicut
3039 2769 3382 2825 sublevatur
3411 2787 3590 2842 super

1929 2858 2228 2929 scapulam
2260 2874 2466 2912 saccus
2496 2856 2623 2911 sine
2653 2855 2870 2923 labore,
2913 2856 3068 2912 sicut
3113 2861 3449 2928 asportatus
3497 2861 3590 2915 est

1927 2946 2024 3001 ille
2049 2964 2083 3002 a
2110 2950 2266 3000 terra
2297 2962 2476 3019 sua.~«
2496 2943 2795 2999 Coronans
2827 2944 3128 2999 coronabit
3158 2949 3268 3000 te.»
3297 2944 3584 3002 Coronam

1928 3034 2186 3108 appellat
2214 3033 2496 3090 laminam
2521 3050 2782 3102 auream,
2803 3033 2900 3088 ubi
2924 3037 3047 3088 erat
3067 3033 3352 3105 scriptum
3373 3049 3588 3090 nomen

1928 3123 2182 3189 Domini,
2207 3139 2386 3195 quam
2419 3122 2691 3194 portabat
2735 3123 3008 3176 sacerdos
3039 3120 3220 3176 semel
3251 3122 3310 3176 in
3343 3139 3496 3179 anno
3527 3122 3589 3180 in

1930 3214 2141 3269 fronte.
2167 3213 2274 3267 Pro
2303 3210 2406 3266 illa
2445 3227 2662 3265 corona
2699 3209 3015 3265 tribulatus
3055 3213 3146 3265 est
3183 3209 3586 3268 tribulatione.

156 3324 278 3381 quo
311 3321 494 3378 supra
532 3302 811 3367 diximus,
847 3303 1109 3357 fecerunt
1140 3283 1446 3358 decurrere
1491 3303 1644 3357 inter
1671 3303 1818 3358 duos
1849 3283 1894 3351 (ἶ
1931 3326 1960 3352 ‹‹
1997 3301 2171 3368 Quasi
2207 3300 2386 3373 pilam
2417 3299 2613 3354 mittet
2642 3303 2696 3354 te
2725 3298 2785 3353 in
2815 3303 3100 3354 terram.»
3123 3299 3287 3354 Sicut
3312 3299 3362 3356 si
3393 3299 3590 3372 posita

156 3412 388 3452 muros.

233 3505 264 3535 «
284 3485 358 3540 Et
379 3482 577 3539 lacum
599 3479 820 3536 fecistis
837 3479 989 3534 inter
1005 3480 1154 3534 duos
1175 3481 1597 3536 muros-Duos
1620 3497 1820 3536 muros

157 3570 474 3644 dicit,quia
489 3567 854 3624 Hierusalem
867 3567 1089 3639 duplici
1109 3584 1278 3622 muro
1295 3569 1822 3640 cingebatur,sicut

131 3661 380 3734 “legitur
405 3658 468 3714 in
488 3658 692 3712 Esdra.
718 3655 820 3712 lsti
850 3655 1120 3712 habitant
1141 3657 1200 3711 in
1221 3657 1584 3712 Hierusalem
1608 3659 1818 3730 prima,

158 3755 216 3807 et
244 3749 342 3806 isti
375 3748 436 3804 in
460 3747 739 3803 secunda.
761 3769 790 3795 «
813 3746 884 3800 Et
903 3762 1119 3816 aquam
1143 3745 1380 3818 piscina:
1399 3747 1611 3802 veteris
1639 3771 1666 3795 ››
1693 3764 1820 3818 quae

161 3837 465 3912 quondam
498 3851 616 3892 non
656 3834 942 3890 habuerat
971 3852 1176 3906 aquas,
1210 3835 1494 3891 subaudis
1522 3853 1625 3892 vos
1655 3836 1822 3892 resti-

159 3927 367 3994 tuetis,
392 3925 680 3982 habentes
705 3923 893 3995 magis
916 3924 1191 3980 ﬁduciam
1223 3924 1284 3980 in
1317 3941 1530 3998 aquam
1555 3941 1731 3998 quam
1762 3925 1822 3981 in

159 4016 507 4084 Dominum,
523 4013 624 4086 qui
645 4013 908 4070 condidit
929 4029 1115 4069 eam.«
1139 4015 1208 4070 Et
1226 4018 1589 4087 operatorem
1612 4014 1770 4070 illius
1795 4037 1822 4063 ››

163 4123 354 4178 aquaa,
389 4104 448 4159 id
479 4107 569 4159 est
596 4102 938 4170 Dominum,
961 4125 989 4152 «
1023 4104 1094 4158 de
1133 4101 1303 4175 longe
1341 4120 1459 4158 non
1488 4102 1762 4158 viderunt
1795 4124 1822 4150 »

165 4209 479 4268 usquequo
507 4191 667 4248 venit
693 4207 870 4264 super
899 4208 997 4248 eos
1028 4191 1348 4248 tribulatio.

242 4307 266 4334 ι
292 4283 364 4338 Et
388 4281 614 4337 vocavit
640 4280 925 4336 Dominus
955 4281 1015 4336 in
1045 4281 1139 4338 die
1166 4280 1268 4337 illa
1297 4282 1367 4336 ad
1401 4281 1624 4336 ﬂetum.
1656 4303 1684 4329 »
1708 4281 1825 4336 Hoc

161 4378 280 4442 est,
295 4376 560 4443 tempore
584 4369 684 4424 illo
705 4385 838 4426 cum
861 4371 1085 4426 venerit
1104 4370 1662 4436 Nabuchodonosor,
1697 4387 1828 4426 con-

159 4459 401 4518 vocabit
431 4459 687 4516 Judaios.
712 4459 990 4532 Legimus
1019 4459 1080 4515 in
1113 4459 1366 4516 Jeremia
1402 4461 1532 4532 (Jer.
1567 4459 1824 4532 xxxvm).

162 4550 318 4618 Quia
347 4565 483 4604 cum
513 4547 1054 4604 Nabuchodonosor
1082 4549 1306 4604 veniret
1341 4565 1520 4622 super
1555 4549 1826 4604 llierusa~

1928 3391 2104 3447 fuerit
2118 3391 2240 3462 pila
2260 3390 2319 3444 in
2339 3388 2534 3462 aliquo
2552 3388 2804 3455 tumulo,
2824 3388 2944 3443 sive
2965 3391 3182 3455 monte,
3198 3388 3312 3444 cito
3331 3389 3593 3446 decurrit

1927 3480 1987 3535 in
2009 3479 2237 3547 vallem,
2255 3479 2338 3534 sic
2361 3477 2456 3533 ille
2476 3477 2678 3550 lapsus
2696 3481 2786 3532 est
2801 3477 2916 3532 cito
2933 3478 3004 3532 de
3026 3477 3212 3548 gloria
3231 3481 3288 3534 et
3309 3477 3584 3551 superbia

1931 3571 2003 3626 ad
2035 3568 2289 3624 ruinam.
2307 3592 2332 3617 ‹‹
2355 3568 2424 3622 Et
2447 3567 2525 3622 ibi
2550 3567 2659 3622 erit
2679 3583 2886 3622 currus
2919 3566 3114 3638 gloriae
3139 3570 3252 3622 tua:
3270 3586 3316 3636 ;»
3344 3585 3583 3624 currum

1931 3657 2128 3730 posuit
2159 3675 2260 3729 pro
2282 3657 2441 3712 omni
2474 3655 2658 3728 gloria
2679 3660 2736 3710 ct
2758 3655 3021 3727 potentia
3049 3659 3106 3711 et
3135 3657 3441 3728 dignitate,
3457 3673 3586 3729 quae

1931 3747 2130 3803 omnia
2160 3745 2378 3820 pariter
2395 3763 2530 3800 cum
2560 3744 2659 3799 illo
2691 3745 2868 3798 ducta
2888 3748 3048 3814 sunt,
3071 3748 3130 3799 et
3160 3743 3502 3816 ignominia,
3526 3745 3585 3800 id

1933 3841 2022 3892 est
2051 3835 2470 3892 contaminatio
2503 3835 2714 3889 domus
2747 3831 2998 3898 Domini,
3026 3832 3251 3886 reddita
3288 3835 3379 3886 est
3406 3831 3514 3886 illi.

2008 3946 2036 3976 σι
2066 3927 2136 3980 Et
2177 3924 2287 3980 erit
2317 3921 2375 3976 in
2408 3921 2503 3976 die
2533 3921 2652 3988 illa,
2686 3940 2712 3970 ο
2741 3920 2850 3974 hoc
2879 3925 2969 3975 est
3024 3936 3158 3974 cum
3189 3922 3254 3973 tu
3284 3909 3588 3990 depositus

1933 4014 2114 4070 fueris
2143 4014 2215 4067 de
2249 4010 2520 4080 statione,
2551 4009 2608 4064 id
2641 4012 2730 4064 est
2757 4009 2829 4064 de
2859 4008 2986 4062 loco
3017 4013 3172 4062 tuo.«
3197 4004 3428 4062 Vocabo
3457 4023 3585 4064 ser-

1931 4121 2070 4159 vum
2091 4119 2288 4158 meum
2306 4099 2589 4155 Eliachim
2609 4097 2796 4152 ﬁlium
2815 4093 3413 4152 Helchiee.»Eliacbim
3429 4113 3587 4154 unus

1933 4194 2058 4249 erat
2096 4209 2164 4246 ex
2188 4189 2396 4262 viginti
2437 4191 2690 4260 quatuor
2729 4185 3156 4254 sacerdotibus,
3189 4183 3289 4256 qui
3327 4185 3590 4259 suscepit

1935 4283 2116 4338 decus
2145 4277 2478 4352 pontiﬁcale
2525 4294 2630 4349 per
2683 4276 2962 4342 Sobnam,
2994 4272 3135 4346 quia
3187 4273 3462 4330 inventus
3499 4277 3591 4330 est

1929 4372 2151 4443 justus.
2180 4367 2377 4424 Sobna
2409 4365 2519 4422 fuit
2545 4364 2714 4437 quasi
2747 4363 2924 4436 lupus
2951 4380 3132 4436 rapax
3157 4362 3318 4418 omni
3348 4361 3585 4436 populo.

1937 4460 2038 4518 Ille
2058 4462 2255 4515 autem
2277 4460 2344 4512 ut
2365 4459 2548 4528 pater,
2573 4459 2695 4509 tam
2724 4451 2938 4526 pepulo
2961 4468 3139 4523 quam
3161 4450 3588 4518 sacerdotibus,

1938 4551 2180 4606 domum
2209 4545 2389 4602 David
2439 4541 2691 4616 appellat
2737 4543 2981 4596 domum
3027 4539 3283 4608 Domini,
3313 4539 3416 4594 ubi
3463 4542 3592 4595 erat

163 4640 310 4704 lem,
337 4641 653 4710 antequam
694 4637 961 4693 obsidere
1001 4637 1270 4709 coepisset
1307 4637 1560 4710 populus
1590 4639 1718 4710 ejus
1748 4638 1826 4693 ci-
1856 4655 1906 4722 D
1937 4638 2115 4696 clavis
2137 4653 2332 4692 aurea.
2357 4632 2644 4722 Paxillum
2665 4647 2770 4702 per
2787 4627 3199 4722 metaphoram
3220 4627 3418 4722 ipsum
3437 4627 3591 4682 Elia-

160 4729 434 4791 vitatem,
467 4726 632 4782 misit
671 4725 956 4782 Dominus
986 4727 1302 4782 Jeremiam
1335 4727 1406 4781 ad
1439 4725 1742 4783 Sedeciam
1773 4731 1834 4782 et
1856 4713 1899 4722 ”
1939 4727 2097 4783 chim
2155 4724 2480 4792 nuncupat.
2514 4720 2732 4774 Locum
2779 4715 3009 4772 ﬁdelem
3055 4714 3216 4781 dicit,
3239 4713 3344 4768 ubi
3385 4730 3592 4770 conve-

167 4817 241 4873 ad
275 4815 533 4882 Judaeos,
556 4818 622 4868 ut
651 4820 891 4887 agerent
913 4815 1338 4886 paenitentiam,
1369 4819 1426 4870 et
1457 4815 1831 4871 misereretur

166 4919 374 4960 eorum
403 4919 416 4956 :
452 4904 552 4958 sed
594 4919 698 4974 pro
730 4903 913 4958 nihilo
945 4905 1238 4960 duxerunt
1266 4904 1509 4960 verbum
1540 4904 1826 4959 Jeremiaz.

169 4995 243 5050 Et
271 4990 493 5064 epulati
525 4996 746 5048 suntet
776 4992 1068 5062 dicebant,
1092 4993 1264 5066 positi
1295 4993 1356 5049 in
1386 4994 1827 5064 desperatione:

172 5105 203 5133 «
227 5081 626 5138 Comedamus
647 5085 706 5138 et
727 5081 1030 5151 bibamus;
1055 5099 1185 5140 cras
1206 5105 1234 5132 »
1259 5082 1318 5137 in
1351 5082 1550 5138 futuro
1577 5104 1605 5134 «
1628 5082 1834 5138 morie-

174 5188 372 5227 mur.»
392 5170 478 5225 Ad
500 5170 800 5227 calvitium
833 5176 1028 5228 autem
1060 5171 1391 5244 provocavit
1417 5189 1536 5238 eos,
1561 5171 1701 5244 quia
1723 5189 1832 5242 an-

171 5258 430 5332 tiquitus
459 5263 587 5315 erat
617 5263 1002 5330 consuetudo,
1025 5265 1092 5316 ut
1110 5261 1170 5316 in
1193 5265 1454 5333 tempore
1484 5261 1836 5334 poenitentiae

172 5349 488 5406 tenderent
513 5348 726 5422 capita,
759 5355 816 5406 et
847 5350 1118 5407 raderent
1155 5351 1399 5406 barbam
1431 5368 1622 5406 suam.

253 5459 276 5487 ι
301 5438 367 5494 In
401 5439 649 5495 auribus
677 5439 826 5496 meis
853 5441 1050 5496 sonuit
1079 5441 1201 5496 bzec
1219 5458 1328 5496 vox
1359 5439 1587 5495 Domini
1599 5462 1650 5494 .»
1673 5443 1838 5507 Quie-

173 5543 310 5588 nam
337 5525 451 5582 fuit
469 5543 580 5582 vox
599 5526 778 5583 illa?«
799 5529 860 5585 Si
883 5527 1215 5584 dimittetur
1236 5527 1450 5602 populo
1473 5528 1609 5582 huic
1627 5527 1840 5600 iniqui-

173 5620 266 5676 tas
282 5615 484 5675 haec?»
507 5614 699 5690 idest,
722 5634 836 5673 non
863 5617 1210 5674 dimittetur.
1231 5617 1291 5674 Si
1317 5635 1417 5689 pro
1444 5634 1558 5672 non
1582 5616 1838 5689 positum

173 5710 284 5766 est.
310 5705 446 5766 Haec
477 5703 619 5763 dicit
649 5707 936 5767 Dominus
968 5709 1042 5768 ad
1083 5708 1297 5766 Isaiam
1333 5723 1380 5763 :«
1404 5706 1561 5764 Vade
1592 5706 1664 5765 ad
1697 5707 1839 5767 Sob-

1939 4817 2112 4874 niunt
2136 4811 2391 4868 ﬁdeles.«
2423 4811 2492 4864 Et
2513 4808 2626 4864 erit
2654 4807 2736 4862 ibi
2764 4806 2822 4860 in
2845 4804 3058 4861 solium
3083 4801 3348 4876 gloriae?»
3370 4800 3593 4872 Cujus?

1944 4930 1971 4956 ‹‹
2003 4903 2205 4960 domui
2241 4900 2424 4974 patris
2445 4898 2596 4954 sui.»
2616 4897 2896 4968 Magnum
2925 4893 3082 4948 enim
3113 4893 3393 4947 honorem
3422 4889 3596 4946 habe—
3697 4891 3718 4906 ‘

1941 4997 2085 5051 bant
2119 4989 2432 5066 propinqui
2481 4989 2609 5058 ejus
2641 4989 2698 5040 et
2727 4983 2980 5057 cognati,
3005 4999 3142 5038 cum
3171 4980 3434 5036 viderent
3458 4993 3594 5034 eum

1940 5085 2024 5140 ita
2052 5081 2466 5156 gloriﬁcatum.
2496 5095 2518 5124 ι
2543 5076 2614 5130 Et
2639 5074 2998 5146 suspendam
3021 5088 3198 5143 super
3215 5085 3407 5136 eum,»
3427 5067 3486 5122 id
3508 5068 3599 5156 est

1945 5153 2122 5247 super
2145 5164 2670 5244 paxillum.Adbuc
2695 5165 2886 5218 servat
2911 5161 3335 5233 metaphoram.
3351 5156 3516 5212 Sicut
3531 5153 3596 5247 in

1945 5241 2246 5337 paidlloﬁd
2265 5261 2353 5314 est
2372 5256 2429 5310 in
2451 5251 3122 5326 stipite,suspenduntur
3139 5247 3366 5337 diversa
3383 5241 3600 5337 utensi-

1946 5331 2025 5411 lia
2041 5353 2126 5409 sic
2142 5331 2335 5406 omnis
2347 5347 2590 5402 ornatus
2603 5339 2805 5413 templi
2819 5338 3050 5395 Domini
3066 5338 3124 5392 in
3141 5333 3424 5408 regimine
3436 5331 3598 5387 illius

1948 5440 2266 5500 constitit.«
2287 5437 2348 5492 In
2374 5435 2466 5490 die
2486 5430 2754 5497 illa,dicit
2776 5428 3084 5498 Dominus,
3099 5425 3399 5482 auferetur
3415 5417 3598 5494 paxil-

1947 5534 2060 5588 lus.
2074 5553 2099 5580 η
2117 5525 2451 5582 Notandum
2475 5521 2586 5576 isto
2609 5506 2665 5574 in
2696 5518 2841 5582 loco,
2863 5515 3002 5589 quia
3018 5515 3141 5570 haec
3157 5529 3284 5585 quae
3300 5511 3600 5578 dicuntur,

1949 5639 2064 5679 non
2097 5615 2389 5692 pertinent
2409 5611 2482 5666 ad
2510 5607 2908 5680 captivitatem
2933 5605 3160 5674 Sobnae,
3185 5601 3284 5658 sed
3308 5597 3505 5672 potius
3527 5595 3600 5652 ad

1950 5691 2218 5769 ultimam
2245 5719 2372 5776 quae
2401 5699 2513 5755 fuit
2541 5694 2905 5768 temporibus
2938 5691 3210 5757 Sedeeiai,
3237 5703 3416 5762 quam
3437 5699 3607 5758 supe-
