3960 6416
400 489 521 556 823

792 490 1200 554 HAYMONIS
1243 484 1788 549 HALBERSTAT.
1836 482 2087 545 EPISC.
2133 481 2309 544 OPP.
2349 481 2554 544 PARS
2595 481 2646 543 Ι.
2692 516 2770 526 -
2812 480 3221 544 COMMENT.
3267 480 3470 544 BIBL.

3711 483 3846 546 824

402 623 528 683 rius
557 622 1033 680 memoravimus.
1057 621 1562 678 Considerandum
1584 622 1675 676 est
1693 618 1891 686 etiam,
1917 617 2059 690 quia
2085 616 2143 685 Α
2172 616 2576 689 confringatur
2604 616 2879 690 paxillus,
2910 615 2968 671 id
2997 618 3087 672 est
3116 615 3495 689 Evangelium
3525 616 3682 690 quod
3711 622 3849 673 erat

405 707 2069 786 licetsuperiuspaxillumvoluissetintelligereEliachim
2179 705 2240 762 in
2286 706 2563 775 Ecclesia,
2594 710 2651 762 et
2699 724 2767 762 ex
2818 710 2980 778 parte
3030 704 3305 774 cessabit,
3338 709 3394 760 et
3440 705 3713 762 transibit
3765 707 3849 762 ad

408 802 771 877 pontiﬁcem,
795 805 992 857 tamen
1020 801 1194 855 modo
1222 800 1509 855 convertit
1528 816 1591 855 se
1616 799 1688 855 ad
1712 797 1828 854 alia
1852 814 1864 852 :
1893 797 2072 869 signi-

410 891 595 945 ficans
624 904 730 961 per
758 887 1042 960 paxillum
1074 888 1269 960 ipsum
1304 886 1721 957 sacerdotium,
1748 887 1903 958 quod
1937 891 2072 959 post

407 982 657 1033 mortem
703 976 994 1032 Eliachim
1045 977 1413 1033 destructum
1467 980 1574 1031 est.
1607 976 1755 1031 Nam
1806 976 2072 1048 quandiu

407 1067 533 1139 ipse
553 1065 718 1134 vixit,
746 1065 1069 1121 honorifice
1090 1065 1291 1121 omnia
1313 1069 1443 1121 acta
1464 1070 1604 1121 sunt
1633 1065 1692 1120 in
1720 1064 1938 1137 templo
1968 1065 2076 1120 Do-

409 1154 580 1211 mini.
605 1153 711 1211 Illo
732 1171 867 1210 vero
893 1154 1202 1222 moriente,
1229 1153 1443 1210 defecit
1466 1159 1522 1209 ct
1542 1154 1689 1210 illud
1715 1172 1728 1210 :
1756 1154 1814 1208 in
1840 1157 2072 1209 tantum

408 1248 475 1301 ut
505 1244 741 1317 quando
772 1243 1087 1317 captivitas
1120 1244 1357 1300 advenit
1396 1243 1767 1316 temporibus
1798 1242 2073 1310 Sedeciaa,

408 1337 675 1390 carerent
709 1332 1057 1390 sacerdotio.
1082 1333 1405 1389 Possumus
1427 1333 1604 1389 etiam
1630 1332 1742 1388 hoc
1768 1332 2078 1405 allegorice

410 1422 762 1495 intelligere,
786 1422 941 1494 quod
965 1422 1037 1478 de
1064 1421 1349 1478 Eliachim
1378 1421 1665 1495 scriptum
1697 1426 1808 1491 est,
1840 1425 1898 1477 et
1927 1422 2077 1477 Sob-

411 1527 575 1568 nam.
610 1511 718 1567 Per
748 1510 1033 1582 Sobnam,
1067 1511 1168 1583 qui
1215 1512 1506 1583 superbus
1536 1516 1593 1567 et
1633 1528 1915 1583 arrogans
1946 1508 2076 1577 fuit,

412 1599 826 1673 significantur
847 1600 1180 1655 sacerdotes
1198 1600 1557 1668 Judaaorum,
1574 1600 1789 1656 Scriba:
1812 1605 1870 1655 et
1886 1599 2081 1654 Phari-

415 1688 537 1745 sazi.
564 1689 672 1743 Per
699 1688 987 1743 Eliachim
1018 1704 1152 1743 vero
1183 1688 1467 1744 humilem
1500 1694 1557 1744 et
1577 1690 1832 1759 justum,
1861 1687 1962 1759 qui
1989 1686 2079 1742 in-

421 1779 780 1849 terpretatur
810 1792 1118 1847 resurgens,
1146 1775 1513 1849 significatur
1559 1776 1847 1833 Dominus
1883 1777 2077 1845 Jesus,

420 1864 524 1937 qui
555 1865 729 1921 tertia
758 1864 851 1919 die
882 1865 1219 1933 resurrexit,
1243 1870 1302 1920 et
1331 1865 1432 1937 qui
1465 1866 1657 1922 factus
1688 1870 1779 1921 est
1808 1866 2082 1922 sacerdos

419 1953 760 2056 secundum.
811 1953 1078 2056 ordinem
1136 1953 1563 2054 Melchisedech
1613 1955 1785 2055 (Psal.
1810 1957 1943 2054 cxx):
1978 1955 2084 2010 Per
2111 1990 2160 2056 Β

414 2043 526 2100 hoc
558 2042 714 2115 quod
746 2042 873 2114 ipse
905 2043 1102 2099 Sobna
1131 2044 1355 2115 cjcctus
1387 2048 1477 2100 est
1523 2045 1595 2100 de
1645 2044 1993 2112 ministerio,
2024 2048 2081 2099 et

416 2150 522 2206 pro
545 2148 611 2188 eo
634 2131 919 2189 Eliachim
940 2133 1249 2189 ordinatus
1269 2138 1394 2190 est:
1420 2134 1789 2207 significatur
1810 2135 2079 2191 sacerdo-

415 2222 569 2278 tium
596 2221 938 2278 Judaeorum
970 2222 1365 2289 destructum,
1389 2228 1731 2293 etsanctam
1760 2224 2080 2279 Ecclesiam

416 2328 525 2383 pro
558 2310 655 2365 illo
677 2312 1061 2367 constitutam
1082 2329 1116 2367 a
1136 2313 1379 2368 Domino
1401 2330 1529 2369 esse
1556 2313 1614 2368 in
1641 2313 1916 2386 gentibus
1942 2330 1955 2367 :
1979 2312 2079 2384 qui

416 2400 598 2455 modo
619 2403 710 2456 est
734 2403 898 2471 pater
928 2400 1339 2457 habitantibus
1365 2400 1425 2456 in
1454 2401 1807 2469 Jerusalem,
1830 2402 1940 2457 hoc
1971 2404 2080 2469 est,

418 2488 483 2544 in
515 2487 794 2544 Ecclesia.
818 2487 1011 2545 Clavis
1039 2490 1251 2545 domus
1274 2489 1453 2545 David
1485 2490 1731 2547 scientia
1760 2490 2087 2563 Scriptura-

418 2593 555 2633 rum
598 2574 974 2649 intelligitur,
1005 2594 1185 2650 quam
1236 2579 1524 2634 Dominus
1572 2579 1802 2652 aperuit
1848 2581 2084 2652 quando

418 2664 734 2739 discipulis
756 2665 881 2722 suis
902 2666 1216 2735 concessit,
1237 2672 1302 2723 ut
1322 2667 1718 2741 intelligerent
1738 2668 1937 2723 omnia
1955 2687 2084 2741 quae

422 2757 500 2812 de
529 2771 597 2811 eo
628 2755 849 2828 scripta
878 2759 1047 2812 erant
1087 2755 1147 2812 in
1180 2755 1305 2830 lege
1341 2756 1548 2830 Moysi,
1570 2761 1629 2814 et
1674 2756 1995 2830 prophetis,
2028 2761 2087 2813 et

419 2841 694 2918 psalmis.
719 2842 945 2900 Clausit
974 2848 1193 2909 autem,
1219 2846 1361 2918 quia
1382 2861 1509 2918 quas
1542 2844 1667 2918 ipse
1696 2863 1812 2901 non
1833 2845 2083 2919 aperuit.

424 2933 624 2992 adhuc
655 2932 858 2989 clausa
887 2938 1257 3007 permanent.
1293 2934 1400 2991 Per
1428 2934 1648 2991 clavem
1679 2935 1879 3003 etiam,
1908 2952 2087 3008 quam

424 3039 607 3094 super
632 3022 949 3079 humerum
980 3024 1251 3095 portavit,
1270 3041 1590 3097 possumus
1622 3024 1947 3099 intelligere
1976 3024 2088 3079 im-

427 3110 660 3185 perium
691 3113 961 3186 regni,et
993 3111 1230 3185 signum
1279 3111 1551 3181 νὶαιοιιὶω,
1595 3114 1653 3169 id
1705 3118 1812 3181 est,
1855 3130 2087 3169 crucem

434 3216 613 3272 quam
640 3199 765 3272 ipse
787 3199 1023 3273 proprio
1044 3199 1290 3257 humero
1311 3202 1561 3274 portavit
1576 3204 1753 3272 (Joan.
1772 3206 1910 3271 xxx):
1935 3201 2092 3257 sicut

385 3290 393 3295 ’
422 3290 553 3361 jam
570 3288 831 3343 diximus
846 3288 947 3344 illo
964 3288 1025 3344 in
1043 3288 1169 3345 loco
1188 3290 1285 3345 ubi
1306 3290 1523 3346 dicitur
1540 3309 1553 3346 :
1573 3291 1757 3363 Cujus
1775 3289 2087 3364 imperium

436 3359 616 3448 super
644 3374 961 3432 humerum
1010 3378 1139 3448 ejus
1171 3379 1297 3442 (Isa.
1329 3380 1428 3450 1x).
1463 3379 1613 3435 Fixit
1640 3359 1808 3435 illum
1857 3359 1917 3436 in
1965 3379 2092 3436 loco
2122 3359 2167 3429 C-

429 3461 613 3528 fideli,
636 3461 694 3516 id
720 3467 833 3533 est,
855 3464 916 3519 in
942 3464 1201 3521 Ecclesia
1222 3466 1508 3522 fidelium.
1530 3467 1693 3523 Unde
1720 3473 1871 3524 recte
1896 3468 2089 3541 sequi-

433 3554 533 3605 tur
556 3566 609 3604 :a
640 3550 713 3605 Et
742 3551 853 3605 erit
881 3550 1096 3607 solium
1121 3553 1316 3625 gloriae
1343 3555 1544 3610 domui
1574 3556 1757 3627 patris
1787 3557 1900 3612 sui.
1933 3580 1960 3606 »
1988 3558 2094 3613 Do-

435 3654 575 3693 mus
594 3637 695 3692 Dei
720 3637 907 3694 Patris
927 3640 1117 3712 angeli
1141 3644 1298 3706 sunt,
1313 3641 1432 3699 sive
1455 3644 2008 3714 corda'sanctorum,
2031 3647 2091 3702 in

435 3727 655 3800 quibus
686 3727 812 3800 ipse
842 3727 1343 3803 inhabitat.Cujus
1362 3733 1574 3789 domus
1605 3733 1819 3789 solium
1852 3739 1939 3790 est
1968 3735 2090 3809 glo-

433 3817 532 3872 rite
557 3816 845 3873 Dominus
866 3820 1036 3875 Iesus
1058 3819 1349 3890 Christus,
1366 3822 1506 3894 quia
1526 3822 1652 3895 ipse
1673 3823 1893 3880 eminet
1914 3842 2094 3897 supra

431 3921 670 3961 omnem
694 3906 1036 3975 Ecclesiam,
1062 3913 1119 3964 et
1142 3909 1265 3982 ipse
1288 3916 1375 3966 est
1395 3916 1572 3984 caput
1591 3913 1858 3968 omnium
1881 3913 2091 3970 electo-

431 4011 586 4061 rum,
609 3998 668 4049 et
692 3994 881 4069 gloria
909 3997 1175 4070 ipsorum
1207 4000 1572 4072 praesidendo
1604 4001 1743 4070 illis,
1769 4006 1827 4058 et
1857 4003 1928 4058 ad
1962 4020 2093 4059 con-

431 4082 876 4156 templationem
908 4104 1079 4143 suam
1105 4106 1173 4144 ac
1202 4089 1391 4145 Patris
1423 4108 1522 4147 eos
1552 4090 1997 4148 introducendo.

507 4193 535 4223 «
566 4173 637 4228 Et
665 4175 975 4247 suspendit
1014 4193 1195 4250 super
1231 4195 1390 4234 eum.
1417 4201 1443 4227 υ
1474 4180 1787 4236 Attendere
1834 4180 1973 4236 fecit
2018 4180 2091 4236 ad

433 4261 765 4318 doctrinam
797 4262 958 4321 illius
986 4264 1201 4322 electos
1227 4284 1368 4323 suos
1390 4291 1417 4318 ‹‹
1446 4285 1721 4324 vasorum
1743 4268 1973 4325 diversa
2001 4286 2095 4341 ge-

433 4368 573 4407 nera
606 4352 936 4423 suspendit,
962 4376 991 4402 ››
1022 4353 1081 4409 id
1123 4359 1214 4410 est
1260 4357 1437 4413 corda
1483 4356 1822 4414 electorum.
1858 4359 1964 4414 Per
1989 4376 2093 4414 vas

433 4444 817 4509 craterarum,
841 4440 952 4497 hoc
979 4447 1087 4509 est,
1112 4461 1216 4517 per
1238 4462 1340 4501 vas
1361 4444 1676 4514 vinarium,
1699 4447 1985 4503 debemus
2010 4447 2095 4502 in-

432 4525 698 4600 telligere
729 4529 1027 4601 aqostolos
1056 4535 1113 4587 et
1142 4534 1410 4591 doctores
1439 4540 1653 4591 sancta:
1675 4535 1969 4604 Ecclesiae,
1990 4536 2091 4608 qui

433 4631 542 4671 nos
570 4615 726 4687 vino,
749 4616 808 4673 id
841 4624 931 4674 est
962 4620 1237 4692 mysterio
1277 4623 1608 4679 divinarum
1652 4623 2092 4695 Scripturarum

2179 796 2437 852 Judazos.

2774 884 3006 941 CAPUT
3045 884 3245 940 XXIII.

2255 998 2281 1024 ‹‹
2310 975 2473 1030 Onus
2493 974 2888 1047 Tyri.»0nus,
2908 973 2968 1028 id
2993 978 3084 1030 est
3103 974 3336 1046 pondus
3367 974 3764 1043 miseriarum,
3794 981 3855 1032 et

2185 1080 2511 1136 pamarum.
2537 1064 2727 1136 Tyrus
2747 1062 2953 1118 civitas
2973 1060 3344 1119 nobilissima
3364 1062 3473 1118 fuit
3495 1063 3858 1121 Chananazo-

2186 1170 2339 1220 rum,
2364 1152 2538 1224 plena
2566 1151 2787 1207 divitiis
2809 1155 2867 1207 ct
2886 1152 3196 1207 abundans
3218 1151 3447 1225 opibus.
3472 1153 3581 1209 Sed
3605 1156 3854 1226 quando

2187 1241 2369 1297 Isaias
2397 1242 2509 1297 hoc
2556 1241 2607 1296 ei
2655 1240 3028 1313 praedicebat,
3060 1241 3121 1297 in
3160 1241 3356 1297 insula
3413 1242 3593 1299 maris
3641 1244 3853 1316 magni

2186 1331 2473 1387 zedificata
2504 1334 2648 1386 erat.
2674 1332 2880 1387 Postea
2931 1335 3130 1386 autem
3161 1330 3333 1405 lengo
3379 1337 3511 1404 post
3560 1337 3853 1406 tempore,

2186 1419 2454 1476 veniente
2488 1420 3028 1476 Nabuchodonosor
3056 1435 3191 1475 cum
3224 1420 3383 1475 omni
3423 1421 3678 1477 exercitu
3712 1439 3855 1491 suo,

2187 1508 2371 1565 voluit
2399 1526 2527 1564 eam
2558 1510 2955 1565 continentem
2988 1509 3178 1565 facere
3207 1513 3393 1565 terrae.
3416 1511 3484 1565 Et
3513 1511 3666 1566 sicut
3692 1510 3859 1584 legi-

2190 1616 2325 1654 mus
2355 1598 2414 1652 in
2446 1598 2743 1654 Ezechiele
2767 1599 2981 1666 (Ezech.
3010 1598 3186 1671 χχιι),
3210 1598 3404 1656 omnis
3428 1598 3711 1656 humerus
3739 1601 3856 1656 de-

2190 1687 2409 1760 pilatus
2440 1691 2548 1754 est‘,
2573 1692 2632 1743 et
2661 1704 2836 1742 omne
2865 1692 3043 1759 caput
3079 1687 3443 1744 decalvatum
3476 1687 3535 1743 in
3566 1688 3859 1744 servitute

2188 1776 2350 1832 illius
2383 1794 2395 1833 :
2432 1776 2532 1832 sed
2566 1794 2681 1832 non
2723 1776 2945 1849 profuit
2982 1775 3090 1846 illi,
3124 1776 3262 1849 quia
3298 1794 3413 1833 non
3453 1777 3642 1849 potuit
3678 1776 3855 1834 illam

2192 1882 2495 1937 coaequare
2525 1868 2711 1921 terrae.
2743 1865 2889 1921 Cum
2940 1868 3138 1921 autem
3185 1864 3469 1922 vidissent
3517 1865 3601 1921 illi
3649 1867 3753 1938 qui
3792 1867 3857 1922 in

2192 1954 2425 2010 civitate
2448 1958 2634 2021 erant,
2650 1952 2791 2025 quia
2823 1970 2939 2008 non
2969 1957 3237 2026 poterant
3256 1953 3525 2009 resistere
3544 1952 3858 2010 Nabucho-

2191 2045 2463 2113 donosor,
2487 2042 2826 2115 quicunque
2866 2041 3100 2098 illorum
3128 2041 3314 2099 valuit
3351 2059 3527 2099 naves
3565 2059 3858 2099 conscen-

2189 2133 2325 2189 dere
2354 2133 2449 2201 (de
2480 2131 2598 2187 illis
2629 2131 2759 2187 dico
2790 2130 2892 2204 qui
2926 2148 3102 2187 naves
3132 2130 3446 2199 habebant)
3477 2132 3757 2205 fugerunt
3794 2134 3857 2188 in

2189 2226 2521 2296 Egyptum,
2554 2226 2614 2277 et
2665 2221 2821 2276 ultra
2870 2238 3029 2277 mare
3071 2225 3129 2276 et
3158 2220 3218 2276 in
3261 2221 3451 2290 Moab,
3484 2224 3543 2277 et
3590 2221 3649 2276 in
3698 2221 3858 2278 alias

2192 2312 2461 2384 regiones
2484 2310 2597 2365 sibi
2623 2310 3037 2377 vicinas.Quod
3059 2309 3264 2366 videns
3290 2310 3855 2379 Nabuchodonosor,

2193 2402 2387 2457 furore
2417 2400 2602 2455 nimio
2634 2416 2957 2456 succensus
2978 2399 3318 2456 conscendit
3337 2398 3397 2455 in
3419 2417 3614 2468 naves,
3634 2404 3693 2456 et
3714 2402 3860 2457 sub-

2191 2490 2367 2546 vertit
2396 2506 2631 2544 omnem
2666 2488 2986 2557 civitatem,
3006 2504 3327 2562 omnesque
3347 2505 3494 2561 quos
3524 2488 3603 2544 ibi
3634 2490 3860 2563 reperit

2194 2578 2363 2635 duxit
2393 2577 2654 2650 captivos
2678 2596 2691 2633 :
2718 2578 2875 2633 sicut
2896 2577 2956 2633 in
2979 2577 3474 2649 subsequentibus
3494 2577 3856 2634 videbimus.

2195 2669 2265 2724 Et
2294 2683 2561 2723 reversus
2592 2672 2682 2723 est
2712 2666 2771 2721 in
2799 2665 3153 2733 Chaldaaam,
3179 2666 3500 2739 datumque
3520 2670 3608 2723 est
3635 2665 3718 2721 illi
3741 2683 3855 2738 pro

2196 2758 2346 2830 Tyro
2377 2774 2413 2812 a
2443 2755 2681 2812 domino
2714 2772 2963 2829 regnum
2995 2754 3240 2828 Egypti.
3274 2755 3480 2812 Postea
3505 2772 3636 2812 vero
3666 2772 3857 2828 quam

2197 2845 2546 2902 reaadiflcata
2566 2848 2656 2901 est
2676 2850 2809 2918 post
2829 2844 3204 2918 septuaginta
3226 2844 3595 2913 annos,venit
3611 2843 3860 2901 Alexan-

2198 2935 2302 2990 der
2323 2935 2573 3006 Magnus
2594 2951 2731 2989 cum
2759 2937 3027 3007 pergeret
3048 2934 3121 2990 ad
3144 2932 3487 3006 capiendam
3518 2934 3852 3007 IEgyptum,

2198 3027 2256 3079 et
2284 3022 2483 3079 divisit
2510 3028 2737 3095 partem
2764 3022 3051 3080 exercitus
3073 3022 3166 3079 sui
3194 3022 3272 3079 ibi
3304 3027 3505 3079 contra
3524 3023 3761 3096 Tyrum,
3786 3026 3858 3077 ut

2200 3115 2571 3184 coaequarent
2587 3110 2750 3167 illam
2768 3116 3018 3182 terrae,et
3034 3129 3148 3168 non
3169 3116 3505 3184 potuerunt.
3521 3111 3620 3167 Ille
3631 3116 3852 3179 autem,

2201 3202 2519 3274 subjugata
2547 3201 2814 3274 Egypto,
2836 3200 3078 3258 veniens
3108 3217 3244 3257 cum
3271 3199 3484 3274 populo
3514 3199 3854 3273 fEthiopum

2200 3295 2258 3346 et
2286 3290 2651 3347 diversarum
2695 3289 2985 3362 gentium,
3017 3289 3122 3345 ivit
3158 3290 3219 3345 in
3260 3288 3480 3362 sylvam
3512 3293 3570 3345 et
3601 3289 3857 3345 succidit

2199 3380 2457 3446 arbores,
2482 3378 2842 3451 adduxitquc
2871 3379 2943 3435 ad
2977 3395 3156 3447 mare,
3185 3383 3243 3435 et
3272 3376 3536 3450 implevit
3564 3376 3707 3434 illud
3728 3382 3855 3433 tam

2200 3487 2269 3527 ex
2296 3468 2597 3541 lapidibus
2619 3484 2798 3541 quam
2822 3467 3131 3524 arboribus
3151 3471 3209 3523 et
3228 3466 3410 3523 humo
3440 3484 3453 3522 :
3479 3470 3544 3523 ut
3565 3466 3735 3523 siccis
3762 3483 3859 3538 pe-

2201 3560 2376 3614 dibus
2399 3562 2597 3629 posset
2615 3556 2813 3613 venire
2842 3558 2915 3614 ad
2947 3555 3431 3628 civitatem,quod
3455 3560 3514 3612 et
3546 3556 3700 3611 fecit.
3723 3556 3860 3612 Om-

2202 3665 2423 3719 nesque
2447 3646 2602 3719 cepit
2618 3647 2717 3718 qui
2738 3646 2796 3701 in
2816 3645 3046 3703 civitate
3064 3649 3247 3713 erant,
3263 3648 3322 3700 et
3338 3644 3526 3715 ipsam
3548 3646 3860 3702 subvertit.

2201 3737 2327 3791 Non
2361 3736 2624 3808 loquitur
2654 3740 2851 3790 autem
2879 3735 2949 3789 de
2979 3735 3092 3789 ista
3121 3733 3517 3788 destructione
3546 3734 3858 3804 propheta,

2202 3826 2305 3882 sed
2328 3827 2398 3881 de
2421 3824 2524 3880 illa
2542 3842 2718 3897 quam
2747 3823 3281 3882 Nabuchodonosor
3300 3818 3861 3892 adimplevit.Quare

2202 3919 2402 3971 autem
2436 3913 2545 3970 hoc
2566 3913 2618 3970 ei
2640 3912 2868 3969 evenit?
2897 3915 3028 3966 Hmc
3055 3914 3145 3965 est
3176 3925 3374 3965 causa.
3401 3908 3550 3965 Cum
3587 3910 3859 3967 Hierusa-

2202 4003 2319 4059 lem
2349 4007 2521 4075 capta
2551 4006 2705 4059 esset
2730 4018 2764 4056 a
2793 3999 3076 4055 Chaldaeis
3106 3999 3474 4070 temporibus
3505 4000 3776 4068 Sedeciaa,
3804 4004 3859 4056 et

2202 4093 2456 4166 populus
2485 4092 2615 4163 ejus
2656 4090 2717 4145 in
2758 4088 3154 4161 captivitatem
3185 4088 3419 4155 ductus,
3456 4088 3863 4161 templumque

2201 4181 2487 4252 dirutum,
2510 4178 2816 4235 insultavit
2858 4179 3048 4249 Tyrus
3078 4176 3389 4235 vastationi
3424 4178 3574 4249 ejus.
3619 4178 3867 4250 Ideoque

2202 4269 2343 4343 quia
2374 4268 2575 4341 gavisa
2604 4269 2786 4323 estde
2811 4266 3190 4323 tribulatione
3210 4263 3395 4331 iilius,
3418 4265 3555 4320 fecit
3583 4265 3635 4321 ei
3672 4265 3863 4321 Domi-

2203 4376 2315 4415 nus
2346 4358 2638 4423 similiter,
2665 4355 2904 4413 mittens
2935 4373 3112 4429 super
3149 4371 3278 4411 eam
3302 4353 3859 4410 Nabuchodonosor.

2164 4496 2174 4507 .
2202 4449 2272 4503 Et
2302 4447 2568 4519 praedixit
2597 4447 2649 4502 ei
2680 4463 2783 4519 per
2813 4444 3160 4518 prophetam
3192 4443 3371 4512 mala,
3394 4459 3521 4515 qua:
3553 4443 3752 4499 futura
3778 4440 3859 4499 illi

2202 4541 2390 4593 erant.
2409 4559 2437 4588 ‹‹
2462 4535 2710 4603 Ululate,
2746 4552 2922 4591 naves
2954 4533 3159 4590 maris.
3186 4555 3213 4582 »
3248 4531 3641 4604 Metaphorice
3676 4530 3865 4603 loqui-

2202 4629 2299 4681 tur
2329 4625 2614 4697 propheta
2637 4641 2649 4679 :
2676 4622 2815 4695 quia
2838 4640 3014 4679 naves
3046 4640 3162 4679 non
3184 4624 3449 4695 possunt
3472 4618 3700 4676 ululare
3725 4636 3739 4675 :
3766 4617 3865 4675 sed

434 4702 750 4794 inebriant,
783 4711 841 4762 et
868 4708 968 4779 qui
1002 4710 1180 4765 etiam
1227 4712 1417 4783 gratia
1464 4712 1650 4767 sancti
1683 4712 1939 4784 Spiritus
1969 4714 2089 4771 iue-
2123 4727 2171 4794 D
2205 4712 2475 4769 homines
2506 4711 2609 4783 qui
2641 4713 2700 4767 in
2736 4710 2853 4768 illis
2900 4711 3255 4767 consistunt.
3282 4709 3345 4765 In
3377 4708 3573 4765 Graeco
3605 4709 3864 4780 apertius

433 4791 632 4861 briati,
659 4811 766 4851 nos
795 4797 973 4852 etiam
1008 4798 1321 4854 inebriant.
1351 4801 1457 4855 Per
1484 4818 1586 4857 vas
1616 4806 1809 4857 autem
1844 4803 2091 4861 musico~

435 4895 591 4948 rum,
615 4886 883 4939 cantores
905 4890 1119 4941 sancta:
1142 4887 1436 4956 Ecclesiae,
1458 4888 1559 4960 qui
1594 4889 1718 4945 suis
1750 4891 2097 4948 modulatio~

435 4969 613 5025 nibus
634 4972 812 5027 corda
840 4974 1210 5030 audientium
1242 4977 1313 5031 ad
1346 4994 1605 5034 amorem
1628 4978 1727 5034 Dei
1758 4986 2091 5052 provocant.

435 5056 557 5113 Hoc
589 5063 784 5115 autem
815 5062 971 5132 quod
1003 5063 1291 5120 diciturzu
1318 5065 1379 5119 In
1412 5066 1504 5121 die
1535 5066 1636 5122 illa
1665 5069 1962 5124 auferetur
1994 5086 2093 5142 pa-

434 5144 743 5217 xillus,qui
770 5149 962 5205 fuerat
979 5151 1129 5207 fixus
1150 5152 1274 5208 loco
1293 5152 1507 5225 fideli,»
1523 5156 1889 5212 referendum
1912 5160 2092 5213 estad

437 5232 595 5289 diem
619 5235 852 5303 judicii.
876 5237 1158 5296 Veniente
1184 5241 1341 5296 enim
1371 5240 1752 5310 Antichristo,
1781 5250 2093 5318 postquam

434 5319 743 5389 plenitudo
793 5328 1059 5399 gentium
1110 5327 1429 5400 intraverit,
1464 5332 1818 5402 praedicante
1875 5333 2000 5389 Elia
2043 5339 2100 5390 et

432 5404 634 5461 Enoch
667 5414 861 5469 omnis
903 5414 1080 5470 Israel
1124 5416 1447 5472 salvabitur
1475 5420 1649 5488 (Rom.
1679 5425 1778 5488 χι).
1804 5422 1875 5477 Et
1907 5422 2005 5477 illo
2038 5423 2096 5477 in

429 5494 699 5563 tempore
728 5503 1118 5575 complebitur
1147 5504 1293 5560 illud
1325 5509 1478 5579 quod
1511 5510 1736 5565 dictum
1768 5515 1858 5567 est
1890 5528 1901 5567 :
1928 5535 1953 5561 ‹‹
1982 5514 2095 5567 Su-

421 5578 868 5667 perabundabit
898 5590 1203 5663 iniquitas,
1231 5578 1567 5667 refrigescet
1591 5597 1848 5654 charitas
1881 5601 2095 5655 multo-

421 5664 639 5758 φιτ-ρῳ,
668 5667 873 5732 (Μαιιιι.
897 5682 1074 5745 ων).
1105 5701 1131 5725 ››
1156 5679 1323 5736 Multi
1355 5664 1510 5740 enim
1546 5705 1661 5758 prae
1695 5687 1903 5742 timore
1931 5687 2094 5742 Anti-

410 5746 747 5807 οὴΐίδίίιθι
784 5765 1104 5822 afflictione
1145 5770 1445 5835 negabunt
1483 5746 1823 5831 Christum:
1858 5780 1916 5830 et
1956 5780 2095 5831 tunc

2201 4801 2445 4858 dicitur:
2464 4800 2715 4866 Ululate,
2732 4818 2908 4856 naves
2921 4796 3421 4871 Carthaginis,qui
3436 4796 3866 4853 consueveratis

2203 4891 2401 4946 venire
2431 4891 2502 4945 ad
2536 4892 2757 4961 Tyrum
2791 4886 3206 4959 negotiationis
3236 4904 3435 4943 causa.
3458 4885 3745 4956 Carthago
3771 4901 3863 4940 co-

2205 4979 2362 5035 lonia
2379 4978 2495 5059 fuit
2513 4978 2727 5051 Tyriis,
2746 4976 2887 5049 quia
2910 4976 2981 5032 ab
3012 4976 3157 5049 ipsis
3179 4977 3515 5031 constructa
3536 4976 3644 5040 est,
3668 4978 3725 5028 et
3755 4971 3859 5045 ipsi

2203 5087 2332 5125 eam
2368 5068 2759 5123 incoluerunt.
2788 5068 2856 5121 Et
2885 5083 3067 5138 quare
3101 5063 3245 5121 dicit
3275 5062 3575 5137 propheta,
3601 5059 3862 5117 ululata?

2205 5182 2233 5208 ‹‹
2268 5157 2416 5224 Quia
2440 5162 2667 5214 vastata
2719 5161 2810 5211 est
2853 5156 3088 5223 domus,
3118 5178 3145 5203 ››
3178 5154 3235 5209 id
3267 5157 3377 5221 est,
3402 5152 3606 5207 civitas
3653 5150 3854 5221 Tyrus,

2205 5247 2360 5302 unde
2380 5245 2575 5301 venire
2597 5249 2983 5302 consueverat
3003 5244 3169 5300 vobis
3191 5239 3517 5308 aurum,vel
3545 5244 3735 5295 vestra
3767 5255 3857 5293 ne-

2207 5334 2473 5409 gotiatio.
2499 5358 2525 5383 ‹‹
2556 5334 2636 5390 De
2670 5339 2828 5389 terra
2857 5333 3085 5388 Cethim
3118 5331 3436 5389 revelatum
3469 5333 3559 5384 est
3584 5350 3610 5377 »
3634 5326 3739 5383 eis.
3762 5328 3855 5380 Ce-

2204 5424 2355 5478 thim
2390 5441 2493 5495 pro
2525 5424 2749 5479 Graecia
2780 5422 2998 5495 posuit,
3026 5422 3181 5477 sicut
3212 5419 3465 5493 legimus
3486 5418 3544 5472 in
3576 5415 3722 5471 libro
3745 5416 3854 5470 Ma-

2205 5513 2578 5568 chabzeorum
2622 5518 2671 5580 (1
2706 5512 2877 5567 Marii.
2905 5513 2943 5583 ι)
2967 5513 3037 5566 de
3086 5509 3412 5566 Alexandro
3464 5507 3692 5577 Magno,
3725 5501 3851 5574 quia

2205 5618 2479 5671 egressus
2511 5605 2569 5657 et
2599 5601 2671 5655 de
2704 5604 2858 5654 terra
2899 5598 3150 5666 Ccthim,
3177 5597 3234 5652 id
3280 5601 3390 5662 est,
3416 5595 3487 5649 de
3526 5590 3760 5649 Grmeia.
3794 5587 3850 5642 Et

2206 5690 2347 5761 quid
2374 5688 2694 5744 revelatum
2720 5690 2811 5741 est
2834 5684 3398 5759 Carthaginensibus
3428 5701 3462 5739 a
3487 5678 3697 5737 Graacis
3714 5677 3741 5732 ?
3759 5676 3849 5730 Va-

2205 5782 2386 5834 tatam
2440 5794 2568 5832 esse
2599 5777 2843 5848 Tyrum.
2880 5781 2956 5834 De
2985 5776 3205 5833 Grmcia
3254 5789 3510 5845 namque
3559 5767 3847 5827 veniebant
