3960 6368
182 471 309 534 825

184 706 247 757 et
268 701 631 758 civitatibus.
649 702 919 774 Dumque
942 701 1027 757 illi
1052 707 1477 758 reverterentur
1498 704 1555 758 in
1582 704 1853 775 patriam,

186 790 618 847 nuntiaverunt
634 790 1199 863 Carthaginensibus
1220 793 1676 849 destructionem
1697 794 1852 867 Tyri.

266 883 580 948 «Tacete,»
602 879 663 936 id
684 884 792 946 est,
809 881 1209 953 pwnitentiam
1233 882 1385 953 agite
1411 903 1437 934 α
1454 883 1553 954 qui
1578 883 1855 938 habitatis

185 972 450 1029 insulam
478 994 505 1021 ››
530 972 776 1037 maris,o
790 970 946 1043 Tyrii
970 972 1069 1043 qui
1094 972 1235 1027 estis
1257 972 1573 1044 negotiatio
1597 972 1855 1039 Sidonis,

187 1062 336 1134 quia
367 1061 438 1116 ab
470 1060 620 1133 ipsis
651 1061 938 1116 aedificata
968 1064 1058 1116 est
1088 1060 1325 1116 illorum
1367 1060 1589 1127 civitas,
1626 1061 1856 1133 ipsique

187 1151 424 1207 Sidonii
445 1168 597 1223 saepe
617 1150 929 1205 veniebant
948 1167 1127 1206 causa
1148 1150 1483 1221 negotiandi
1510 1153 1580 1206 ad
1611 1153 1852 1224 Tyrum.

185 1240 318 1296 Vox
348 1239 647 1312 propheta:
684 1243 774 1294 est
795 1240 865 1294 ad
900 1239 1257 1296 habitatores
1288 1241 1446 1312 Tyri,
1481 1240 1631 1295 sicut
1660 1246 1716 1295 et
1747 1240 1856 1295 hoc

189 1329 350 1401 quod
378 1328 649 1401 sequitur
673 1344 685 1383 :
711 1329 1199 1385 «transfretantes
1224 1348 1402 1384 mare.
1421 1353 1447 1377 υ
1480 1331 1587 1396 Qui
1620 1331 1859 1385 fuerunt

190 1418 293 1472 isti
320 1417 768 1472 transfretantes
792 1422 1036 1496 mare,et
1056 1418 1422 1489 repleverunt
1442 1437 1568 1473 eam
1603 1419 1853 1491 positam

191 1508 256 1562 in
289 1506 463 1577 aquis
496 1505 705 1561 multis
736 1507 862 1561 suis
892 1506 1113 1562 divitiis
1133 1507 1161 1561 ‘I
1191 1508 1857 1579 Sidonii,Carthaginen-

190 1613 315 1662 ses,
347 1595 525 1650 Graeci
560 1599 619 1650 et
648 1594 745 1650 alii
781 1596 877 1667 qui
912 1596 985 1651 de
1011 1596 1257 1652 diversis
1285 1598 1563 1669 gentibus
1596 1598 1853 1651 conflue-

191 1686 343 1741 bant
373 1685 446 1740 ad
492 1700 622 1739 eam
657 1700 671 1738 :
706 1684 961 1740 maxime
1020 1685 1289 1757 IEgyptii,
1342 1686 1495 1740 sicut
1540 1686 1600 1741 in
1651 1686 1854 1741 subse-

192 1774 521 1846 quentibus
563 1773 835 1829 habetur.
871 1797 897 1823 ‹‹
934 1776 1142 1830 Semen
1176 1774 1309 1841 Nili,
1344 1776 1555 1830 messis
1591 1775 1855 1830 ﬂuminis

195 1866 400 1937 fruges
426 1863 575 1934 ejus.
609 1884 638 1913 ››
675 1863 789 1918 Iste
834 1862 1159 1919 versiculus
1205 1863 1643 1920 constructione
1701 1868 1851 1933 eget,

195 1953 430 2024 istaque
452 1954 541 2006 est
570 1952 970 2007 concatenatio
994 1970 1006 2007 :
1035 1953 1254 2023 Fruges
1284 1954 1432 2023 ejus,
1467 1953 1525 2007 id
1554 1956 1660 2017 est,
1695 1952 1849 2025 Tyri,

195 2058 401 2099 semen
423 2040 536 2095 Nili
560 2040 908 2108 fluminis,et
931 2042 1143 2097 messis
1167 2043 1295 2113 ejus
1317 2060 1514 2098 semen
1533 2041 1644 2097 Nili
1670 2041 1857 2096 flumi-

194 2130 974 2187 nis.TerraCbananteorum
995 2132 1053 2185 in
1077 2147 1327 2203 quorum
1353 2132 1545 2186 medio
1566 2133 1853 2203 Tyrorum

191 2218 404 2275 civitas
442 2217 635 2291 posita
672 2222 779 2285 est,
805 2218 1077 2274 infertilis
1108 2224 1215 2275 est.
1250 2222 1431 2275 Terra
1457 2224 1652 2274 autem
1684 2221 1854 2291 {Egy-

193 2306 459 2381 ptiorum
517 2324 695 2380 quam
754 2307 920 2363 Nilus
972 2309 1185 2363 ﬂuvius
1236 2309 1462 2379 irrigat,
1496 2308 1857 2363 fertilissima

194 2399 375 2463 est,et
401 2396 713 2452 abundans
746 2397 1064 2452 admodum
1099 2397 1646 2469 frugibus.ldeoque
1672 2403 1856 2453 trans-

196 2488 368 2543 ibant
396 2502 558 2542 mare
609 2485 1000 2559 negotiatores
1050 2487 1358 2559 Tyrorum,
1393 2490 1449 2542 et
1479 2487 1752 2542 emebant
1782 2487 1855 2541 ab

196 2575 489 2648 Egyptiis
548 2574 931 2641 frumentum,
964 2576 1183 2641 fabam,
1216 2575 1522 2642 hordeum,
1557 2575 1770 2640 linum,
1801 2580 1858 2630 et

197 2669 411 2721 caetera
431 2681 558 2737 qua:
579 2662 846 2720 illaterra
862 2665 1104 2737 profert:
1125 2664 1331 2719 dantes
1356 2680 1385 2719 e
1407 2668 1609 2719 contra
1621 2680 1852 2730 aurum,

196 2756 536 2826 argentum,
570 2750 771 2825 pallia,
803 2756 860 2808 et
898 2751 1240 2823 hujusmodi
1290 2753 1494 2824 pretia.
1530 2753 1600 2806 Et
1630 2752 1737 2807 hoc
1768 2756 1857 2807 est

197 2843 358 2916 quod
380 2841 706 2915 dicit,quod
738 2841 986 2915 Egyptii
1021 2840 1497 2897 seminabantilli
1518 2842 1853 2905 sumebant,

196 2935 256 2987 et
279 2930 496 2987 messis
524 2930 927 3003 Egyptiorum
958 2931 1185 2986 fructus
1208 2935 1265 2986 et
1294 2947 1428 2985 esca
1457 2929 1689 2984 illorum
1710 2933 1851 2985 erat.

203 3045 224 3071 ι
262 3021 335 3076 Et
364 3019 517 3075 facta
545 3024 636 3074 est
666 3020 981 3092 negotiatio
1012 3021 1300 3093 gentium,
1332 3041 1359 3069 ν)
1394 3035 1600 3073 omnes
1654 3022 1856 3091 gentes

197 3108 403 3183 queein
417 3108 665 3165 circuitu
693 3110 821 3181 ejus
845 3113 1012 3165 erant
1032 3109 1460 3165 concurrebant
1475 3109 1546 3163 ad
1560 3107 1857 3179 eam,quia

196 3200 330 3271 ipsa
361 3202 486 3254 erat
514 3197 860 3271 locupletior
887 3198 1182 3255 omnibus.

274 3310 304 3338 «
326 3287 638 3355 Erubesce,
663 3288 865 3354 Sidon,
890 3287 994 3358 ait,
1011 3310 1038 3336 n
1057 3287 1215 3343 enim
1237 3310 1265 3337 «
1290 3290 1553 3341 marezet
1573 3285 1851 3340 fortitudo

200 3375 670 3447 maris,dicens.»
694 3377 936 3432 Duobus
966 3376 1159 3433 modis
1188 3373 1602 3447 intelligendus
1623 3378 1712 3429 est
1743 3373 1852 3429 iste

196 3464 550 3521 versiculus.
569 3465 765 3521 Potest
793 3464 947 3521 enim
981 3464 1064 3521 sic
1089 3464 1358 3535 intelligi,
1391 3465 1545 3535 quod
1577 3462 1861 3535 propheta

201 3552 484 3625 loquatur
502 3569 572 3609 ex
593 3570 842 3625 persona
862 3553 1241 3626 maris,quasi
1271 3554 1466 3625 ipsum
1498 3553 1709 3607 fretum
1733 3550 1858 3606 ani-

202 3659 366 3697 mam
398 3642 634 3707 habeat,
669 3646 726 3697 et
775 3642 1083 3698 condnleat
1139 3642 1353 3697 civitati
1405 3644 1575 3715 Tyro.
1608 3641 1713 3697 Vel
1744 3642 1857 3697 alio

201 3731 399 3798 modo,
435 3734 503 3785 ut
530 3730 891 3786 habitatores
933 3730 1295 3785 diversarum
1328 3730 1630 3785 civitatum
1663 3730 1761 3802 qui
1796 3731 1856 3785 in

200 3819 351 3875 mari
375 3818 729 3886 residebant,
750 3824 807 3876 et
832 3819 1049 3891 quibus
1081 3820 1271 3891 Tyrus
1300 3818 1680 3875 mercimonia
1709 3835 1859 3891 pras-

196 3906 731 3963 bebatdicerentad
745 3906 1377 3981 Sidonios,quiTyrum
1400 3906 1852 3974 :editicaverunt,

196 3995 610 4068 eompatiendo
643 3996 897 4052 miseriis
929 4012 1131 4051 eorum
1161 4013 1174 4050 :
1200 3996 1244 4051 Ο
1267 3995 1444 4051 Sidon
1473 3995 1697 4062 civitas,
1731 4012 1858 4051 eru-

194 4083 458 4152 besce,id
484 4086 974 4152 est,confundere,
1000 4089 1057 4140 et
1087 4085 1236 4141 habe
1267 4101 1575 4140 mazrorem
1605 4088 1663 4139 et
1689 4100 1854 4139 vere-

192 4172 500 4240 cundiam,
533 4190 711 4246 super
740 4174 1162 4230 desolationem
1195 4173 1325 4229 ﬁlim
1355 4177 1468 4228 tua:
1495 4173 1630 4246 Tyri
1664 4189 1677 4227 :
1709 4189 1853 4244 quo-

192 4264 359 4319 niam
382 4267 618 4335 propter
647 4264 985 4334 superbiam
1016 4266 1073 4318 et
1100 4262 1546 4318 fornicationem
1581 4278 1750 4317 suam
1780 4261 1853 4316 ad

193 4350 455 4407 nihilum
480 4352 721 4407 redacta
750 4355 860 4408 est.
899 4375 926 4401 «
960 4352 1086 4407 Non
1115 4350 1419 4423 parturivi,
1452 4354 1510 4405 et
1538 4366 1652 4405 non
1679 4365 1853 4422 pepe-

193 4441 243 4496 ri
270 4438 449 4495 ﬂlios.
476 4462 504 4488 »
529 4439 654 4496 Vox
675 4439 874 4512 populi
907 4439 1232 4495 habitantis
1262 4439 1323 4495 in
1355 4439 1524 4505 mari,
1556 4438 1643 4494 vel
1676 4437 1853 4493 etiam

194 4526 398 4599 ipsum
422 4542 584 4581 mare
605 4525 943 4599 loquitur,si
966 4525 1048 4582 ita
1077 4530 1272 4598 potest
1300 4525 1569 4581 dici.Non
1602 4529 1857 4598 propter-

193 4632 266 4671 ea
295 4613 440 4669 dicit
488 4614 643 4686 quod
694 4631 810 4669 non
859 4615 1085 4687 peperit
1133 4613 1305 4681 ﬁlios,
1340 4615 1442 4670 sed
1493 4613 1854 4669 condolendo

1255 478 1660 543 COMMENT.
1706 474 1784 538 IN
1831 472 2123 538 ISAIAM.
2170 513 2247 522 —
2289 479 2438 541 LIB.
2487 482 2563 544 Il.

187 609 585 685 negotiatores
609 611 679 667 ad
706 610 1109 684 Tyrum,sicut
1130 617 1187 669 et
1209 614 1279 669 de
1298 613 1545 669 diversis
1576 614 1852 685 gentibus
1880 606 1938 676 Α

3499 489 3615 551 826

2038 634 2064 660 ‹‹
2098 612 2365 669 Transito
2392 615 2596 671 maria.
2635 640 2662 666 ››
2694 616 2812 673 Vox
2862 619 3157 691 propheta:
3215 622 3365 678 dans
3419 625 3615 679 consi—

1964 700 2109 756 lium
2168 704 2379 774 Tyriis.
2416 706 2579 760 Sicut
2625 705 2781 761 enim
2833 709 3106 780 superius
3166 711 3444 779 diximus,
3480 730 3614 768 cum

1966 797 2157 845 mente
2189 797 2643 863 pertractassent
2674 813 2786 850 non
2822 814 2991 868 posse
3024 799 3292 855 resistere
3324 818 3383 856 se
3416 802 3615 857 Nabu-

1963 881 2350 947 chodonosor,
2383 901 2519 954 pars
2560 884 2815 940 maxima
2866 886 3099 942 illorum
3151 892 3618 946 conscenderunt

1965 986 2158 1036 naves,
2193 976 2250 1025 et
2300 973 2576 1043 fugerunt
2628 979 2789 1028 trans
2841 993 3038 1043 mare;
3073 996 3208 1049 pars
3257 979 3432 1033 etiam
3485 978 3613 1034 illo-

1966 1076 2094 1113 rum
2119 1078 2322 1115 carens
2351 1063 2596 1116 navibus
2639 1066 2922 1120 remansit
2954 1066 3011 1120 in
3044 1066 3293 1122 civitate.
3330 1068 3616 1139 Loquitur

1964 1167 2099 1219 ergo
2134 1150 2413 1220 propheta
2441 1153 2511 1205 ad
2544 1151 2675 1206 illos
2706 1152 2805 1224 qui
2837 1155 2973 1223 fuga
3002 1155 3149 1226 lapsi
3183 1160 3343 1222 sunt,
3376 1158 3610 1212 dicens:

1965 1239 2232 1293 Transite
2266 1240 2471 1294 maria.
2509 1239 2629 1295 Illis
2678 1247 2877 1297 autem
2927 1243 3026 1315 qui
3079 1245 3136 1298 in
3169 1244 3400 1300 civitate
3431 1245 3611 1301 relicti

1966 1331 2127 1397 sunt,
2160 1328 2305 1382 dicit
2338 1346 2349 1383 :

2038 1434 2309 1489 «Ululate
2334 1435 2433 1505 qui
2476 1437 2754 1491 habitatis
2794 1438 2967 1509 'l‘yri:
3000 1464 3023 1486 η
3051 1440 3360 1511 capiemini
3394 1441 3548 1496 enim
3585 1459 3619 1497 a

1964 1523 2271 1577 Chaldmis.
2292 1548 2318 1573 ‹‹
2342 1525 2617 1596 Nunquid
2642 1543 2755 1579 non
2780 1526 2901 1581 haec
2920 1532 3010 1581 est
3039 1533 3249 1595 vestra,
3278 1550 3303 1577 η
3336 1530 3617 1584 subaudis

1964 1612 2168 1667 civitas
2192 1638 2217 1661 ‹‹
2236 1631 2361 1683 qua!
2384 1612 2746 1685 gloriabatur
2765 1621 3002 1687 propter
3022 1600 3431 1688 antiquitatem
3456 1618 3617 1672 sui?»

1963 1702 2084 1756 Vox
2100 1702 2392 1774 propheta:
2408 1704 2478 1757 ad
2496 1702 2884 1773 negotiatores
2902 1704 3354 1777 Carthaginis,et
3366 1707 3615 1761 aliarum

1964 1792 2645 1863 civitatum.Erigebatur
2667 1792 2822 1847 enim
2857 1793 2915 1847 in
2948 1794 3284 1865 superbiam
3320 1795 3617 1867 Tyrus,di~

1964 1898 2102 1936 cens
2126 1898 2138 1934 :
2164 1882 2281 1951 Ego
2304 1881 2358 1934 in
2385 1881 2627 1952 antiquo
2658 1886 2915 1953 tempore
2938 1883 3224 1937 aediﬁcata
3242 1882 3457 1953 repleta
3480 1901 3613 1938 sum

1882 1974 1932 2040 Β
1962 1970 2264 2037 divitiis,et
2285 1968 2524 2025 domina
2549 1970 2813 2025 omnium
2840 1971 3613 2043 negotiatorum.thuiain-

1965 2060 2103 2114 flata
2124 2058 2398 2130 superbia
2419 2057 2667 2130 gloriata
2686 2063 2795 2125 est,
2826 2079 2853 2112 α
2874 2060 3087 2114 ducent
3109 2077 3235 2115 eam
3261 2062 3435 2131 pedes
3449 2060 3539 2116 sui
3554 2061 3611 2117 in

1965 2147 2352 2203 Cbaldmam.»
2386 2148 2463 2202 De
2495 2148 2611 2203 illis
2644 2150 2815 2203 modo
2846 2148 3105 2221 loquitur
3134 2166 3282 2221 quos
3313 2150 3479 2205 duxit
3508 2150 3614 2206 Na-

1965 2237 2414 2292 buchodonosor
2444 2238 2503 2292 in
2535 2237 2908 2309 Babylonem.

2038 2368 2064 2392 ‹‹
2101 2343 2241 2411 Quis
2272 2344 2547 2417 cogitavit
2576 2344 2685 2399 hoc
2716 2362 2893 2416 super
2921 2346 3162 2417 Tyrum,
3199 2369 3226 2395 ››
3259 2351 3324 2401 ut
3353 2348 3613 2402 destrue-

1967 2436 2281 2504 retur,qua:
2314 2458 2339 2479 α
2366 2433 2663 2504 quondam
2691 2456 2715 2480 η
2750 2434 2859 2487 fuit
2889 2457 2914 2483 α
2942 2434 3257 2488 coronata?
3283 2458 3309 2483 ι)
3340 2435 3462 2490 Vox
3493 2453 3618 2507 pro-

1966 2520 2154 2592 pheta:
2186 2520 2318 2593 quis
2347 2521 2456 2576 hoc
2488 2522 2911 2593 cogitaverit,et
2942 2522 3064 2594 ipse
3096 2524 3460 2578 demonstrat
3485 2523 3618 2596 quis

1966 2609 2401 2681 cogitavit,cum
2427 2610 2646 2665 dicitur
2667 2626 2683 2666 :
2707 2612 2993 2666 Dominus
3024 2610 3381 2667 exercituum
3408 2612 3619 2684 cogita-

1965 2698 2047 2754 vit
2080 2700 2208 2753 hoc.
2243 2699 2404 2754 Unde
2432 2704 2558 2754 erat
2588 2700 3088 2756 coronatai’Sicut
3108 2718 3205 2755 rex
3235 2701 3461 2756 habens
3492 2701 3615 2756 dia-

1965 2788 2138 2842 dema
2168 2787 2224 2841 iu
2257 2788 2771 2859 capite,sceptrum
2802 2788 2861 2842 in
2895 2804 3094 2856 manu,
3116 2788 3288 2843 altior
3316 2790 3473 2843 omni
3509 2806 3616 2844 suo

1966 2875 2178 2948 populo
2200 2881 2257 2932 et
2279 2875 2609 2948 praeclarior
2628 2876 2856 2931 exsistit
2879 2894 2892 2931 :
2922 2876 3006 2930 sic
3030 2876 3130 2931 illa
3151 2877 3485 2931 residensin
3502 2894 3617 2932 me-

1964 2967 2060 3021 dio
2093 2965 2260 3032 mari,
2293 2964 2467 3037 plena
2495 2964 2712 3019 divitiis
2734 2968 2790 3019 et
2818 2964 3615 3037 negotiationibus,omnibus

1963 3054 2297 3110 civitatibus
2327 3053 2672 3125 locupletior
2699 3057 2757 3108 et
2787 3053 3116 3125 prmcelsior
3144 3057 3287 3107 erat.
3302 3053 3404 3108 Vel
3433 3053 3614 3109 etiam

1963 3162 2030 3199 ex
2058 3143 2167 3199 hoc
2214 3142 2546 3215 appellatur
2591 3146 2885 3210 coronata,
2919 3142 3074 3214 quod
3115 3158 3322 3198 omnes
3353 3142 3615 3198 civitates

1962 3236 2019 3286 et
2050 3230 2440 3303 negotiatores
2471 3230 2529 3285 in
2562 3229 2811 3285 circuitu
2841 3229 3000 3285 illius
3032 3230 3617 3302 positi,conﬂuebant

1881 3338 1927 3408 ο
1969 3321 2249 3392 undique,
2283 3318 2501 3391 quibus
2530 3323 2656 3375 erat
2684 3318 3048 3375 circumdata
3084 3319 3253 3391 quasi
3285 3335 3353 3374 ex
3379 3336 3613 3375 corona.

1973 3410 2275 3464 lnstitores
2304 3413 2585 3465 vocantur
2614 3409 3025 3482 negotiatores,
3057 3426 3122 3464 eo
3154 3410 3310 3480 quod
3351 3409 3618 3480 superin-

1970 3500 2187 3555 sistant
2208 3499 2457 3571 negotiis
2480 3503 2537 3553 et
2557 3497 2973 3553 mercimoniis.
2992 3498 3138 3553 Dicit
3157 3516 3293 3572 ergo
3316 3498 3619 3571 propheta,

1970 3589 2108 3661 quia
2141 3592 2259 3643 tam
2293 3588 2503 3661 dignos
2547 3592 2604 3645 et
2652 3587 2876 3644 nobiles
2922 3587 3175 3644 habebat
3231 3588 3622 3662 negotiatores

1968 3682 2024 3733 et
2058 3678 2375 3747 institores,
2411 3678 2510 3750 qui
2540 3678 2833 3750 principes
2866 3680 2924 3733 et
2964 3676 3163 3749 inclyti
3197 3682 3467 3750 poterant
3495 3695 3623 3733 esse

1967 3767 2026 3821 in
2055 3766 2269 3840 regnis.

2039 3897 2066 3924 «
2101 3874 2388 3930 Dominus
2419 3873 2698 3944 cogitavit
2730 3896 2758 3922 »
2792 3877 2855 3927 ut
2885 3874 2958 3929 de
2988 3872 3265 3944 superbia
3295 3872 3620 3927 deducatur

1966 3986 1993 4012 ι(
2018 3963 2091 4017 ad
2114 3962 2346 4017 ruinam
2375 3967 2434 4016 et
2463 3962 2766 4016 universos
2798 3960 3046 4032 inclytos
3078 3964 3301 4027 terrm,»
3333 3959 3619 4015 subaudis

1964 4052 2448 4116 Chananeeorum,
2474 4073 2501 4099 ‹‹
2537 4053 2718 4121 ponat
2748 4048 3370 4121 ignominiam.Transi
3402 4051 3616 4103 terram

1963 4145 2126 4195 tuam
2149 4160 2176 4191 ιι
2203 4156 2236 4194 o
2260 4138 2382 4194 tilia
2413 4138 2613 4194 maris.
2639 4136 2910 4202 «Quasi»
2933 4135 3146 4208 aliquis
3177 4136 3278 4208 qui
3299 4135 3412 4191 cito
3432 4140 3620 4192 trans-

1964 4228 2201 4301 navigat
2249 4227 2505 4300 aliquem
2553 4250 2581 4277 ‹‹
2615 4225 2891 4282 rivulum.
2923 4247 2951 4277 »
2989 4228 3177 4292 Quare
3221 4225 3380 4281 hoc?
3416 4246 3438 4277 ι
3471 4225 3618 4291 Quia

1963 4335 2080 4372 non
2102 4321 2192 4374 est
2214 4315 2516 4389 cingulum
2537 4316 2666 4384 tibi,
2703 4340 2729 4365 n
2762 4315 2821 4371 id
2853 4319 2963 4383 est,
2999 4332 3113 4371 non
3145 4314 3327 4370 habes
3358 4313 3515 4369 ultra
3542 4313 3621 4368 vi-
3668 4365 3677 4373 .

1964 4424 2056 4462 res
2078 4405 2386 4461 resistendi
2410 4404 2830 4461 CbaldmisPer
2857 4404 3182 4477 cingulum,
3210 4402 3614 4459 fortitudinem

1964 4496 2084 4551 sive
2115 4496 2266 4550 vires
2297 4493 2580 4567 intelligo,
2614 4494 2754 4564 quia
2795 4493 2855 4547 in
2903 4491 3125 4548 lumbis
3168 4493 3267 4564 qui
3301 4490 3618 4564 cinguntur

1964 4582 2221 4656 cingulo,
2252 4582 2339 4638 vis
2368 4582 2626 4638 hominis
2656 4580 2927 4637 consistit
2955 4581 3092 4651 (Job.
3124 4584 3382 4648 xxxvm).

192 4702 363 4769 dicit,
398 4702 554 4775 quod
606 4719 722 4757 non
773 4701 990 4757 fuerint
1034 4701 1137 4756 ﬁlii
1171 4703 1301 4774 ejus
1332 4702 1481 4757 tales
1505 4703 1606 4774 qui
1638 4704 1855 4774 Tyrum
1886 4699 1939 4772 D
2037 4690 2361 4747 Consilium
2401 4690 2501 4745 dat
2544 4688 2826 4761 propheta
2872 4687 3083 4761 Tyriis.
3119 4708 3147 4737 α
3174 4687 3413 4742 Manum
3443 4701 3614 4775 suam

192 4794 445 4864 possent
474 4791 819 4846 defendere:
843 4789 933 4845 vel
964 4790 1139 4845 etiam
1172 4792 1244 4845 ad
1278 4791 1705 4846 incrementum
1739 4809 1854 4847 non

193 4881 614 4950 pervenerunt,
641 4878 698 4932 id
726 4881 834 4943 est,
860 4878 930 4931 ad
965 4877 1379 4949 perfectionem
1411 4876 1665 4949 virgines
1696 4877 1855 4933 illius

191 4969 253 5021 et
285 4964 390 5020 ﬁlii
440 4969 576 5020 ante
627 4965 700 5020 ab
749 4964 1021 5020 hostibus
1063 4964 1371 5029 interfecti,
1405 4980 1583 5036 quam
1616 4963 1854 5035 plenum

192 5054 503 5109 haberent.

270 5165 297 5190 ‹‹
313 5145 459 5197 Cum
483 5142 753 5198 auditum
778 5142 951 5198 fuerit
972 5144 1030 5197 in
1064 5144 1326 5215 Egypto.
1347 5164 1373 5213 ξ)
1394 5141 1516 5197 Vox
1538 5142 1853 5214 prophetas.

195 5232 483 5304 Egyptus
513 5231 571 5286 in
619 5231 881 5302 proximo
930 5235 1055 5286 erat
1103 5231 1318 5285 civitati
1371 5231 1541 5303 Tyro,
1575 5234 1857 5300 erantque

195 5320 271 5375 ad
301 5319 552 5375 invicem
595 5319 837 5374 connexi
889 5320 1161 5375 amicitiae
1206 5319 1477 5374 vinculis.
1512 5320 1857 5375 Deferebant

196 5407 358 5463 enim
380 5406 518 5480 Tyri
541 5406 600 5461 in
630 5408 944 5480 Egyptum
977 5408 1087 5463 hoc
1118 5425 1234 5479 quo
1264 5406 1349 5461 illi
1380 5408 1676 5471 carebant,
1705 5407 1857 5461 acci-

195 5496 426 5568 pientes
448 5512 478 5551 e
507 5500 715 5552 contra
742 5496 815 5552 ab
847 5495 964 5552 illis
994 5498 1378 5563 frumentum,
1410 5499 1467 5550 et
1495 5501 1701 5550 cmtera
1730 5511 1857 5565 quae

195 5585 256 5639 in
289 5584 588 5640 Ezechiele
619 5585 851 5657 plenius
895 5590 1450 5641 commemorantur.
1486 5584 1735 5654 Ideoque
1765 5583 1858 5639 di-

194 5674 303 5729 cit:
323 5674 474 5729 Cum
496 5674 793 5742 audierint
823 5675 1070 5748 z’Egyptii
1092 5675 1431 5730 subversam
1455 5689 1583 5728 esse
1613 5674 1856 5744 Tyrum,

193 5761 484 5821 dolebunt
512 5778 692 5835 super
719 5780 872 5820 eam.

1965 4782 2236 4838 extendet
2264 4796 2444 4852 supra
2474 4796 2707 4833 mare.»
2738 4777 2858 4833 Vox
2883 4775 3179 4849 prophetae
3208 4780 3316 4831 est.
3351 4773 3491 4840 Quis
3520 4789 3615 4828 ex-

1964 4872 2165 4927 tendet
2186 4887 2426 4925 manum
2450 4869 2658 4924 suam?
2680 4866 3076 4923 Dominus.Ad
3095 4864 3233 4936 quid
3254 4862 3617 4919 faciendum?

1966 4961 2038 5016 Ut
2067 4959 2492 5016 conturbentur
2530 4974 2728 5029 regna.
2758 4959 2895 5022 Quze
2939 4954 3161 5026 regna?
3194 4951 3615 5025 lEgyptiorum,

1967 5049 2377 5114 Moabitarum,
2410 5050 2469 5101 et
2500 5050 2843 5100 carterorum
2893 5044 2953 5098 in
3002 5036 3249 5097 circuitu
3281 5040 3437 5112 Tyri.
3471 5040 3617 5093 Cum

1964 5139 2121 5194 enim
2145 5136 2450 5193 audissent
2471 5136 2743 5190 universa
2764 5150 2941 5206 regna
2959 5150 3086 5204 qua:
3108 5134 3274 5186 erant
3291 5131 3347 5184 in
3370 5129 3619 5185 circuitu

1967 5230 2277 5299 Tyrorum,
2307 5226 2461 5298 quod
2497 5224 2578 5278 illi
2614 5221 3064 5295 depraedationis
3097 5221 3329 5274 ruinam
3363 5218 3617 5273 sustine-

1967 5321 2114 5381 rent,
2148 5317 2329 5371 nimio
2361 5316 2570 5370 timore
2603 5311 2894 5384 perterriti
2925 5310 3199 5364 dixerunt
3222 5326 3234 5364 ε
3261 5307 3409 5373 Quid
3440 5306 3618 5362 facie—

1968 5422 2103 5460 mus
2133 5422 2241 5460 nos
2272 5403 2464 5470 modo,
2497 5401 2730 5473 quando
2790 5398 2991 5470 regina
3040 5400 3242 5452 nostra
3288 5393 3494 5465 praedae
3531 5396 3622 5447 est

1968 5495 2105 5549 data
2125 5496 2153 5548 ?
2183 5495 2348 5549 Certe
2396 5490 2698 5561 capiamur
2726 5506 2761 5543 a
2789 5486 3094 5542 Chaldaeis.
3130 5484 3224 5541 Sic
3274 5484 3491 5538 factum
3533 5484 3622 5536 est

1968 5583 2039 5638 de
2060 5598 2239 5654 regno
2262 5579 2681 5652 Egyptiorum.
2701 5576 2976 5649 Legimus
2998 5575 3057 5628 in
3080 5572 3375 5629 Ezechiele
3406 5564 3629 5643 (Ezechf

1966 5677 2142 5740 xxxx),
2174 5668 2313 5742 quia
2360 5684 2609 5740 regnum
2659 5664 2886 5738 Egypti
2934 5680 3037 5736 pro
3079 5660 3456 5720 subversione
3486 5658 3619 5731 Tyri

1970 5760 2130 5816 dedit
2146 5758 2430 5816 Dominus
2450 5755 3007 5823 Nabuchodonosor,
3023 5752 3222 5809 dicens
3248 5767 3261 5805 :
3296 5748 3402 5806 Fili
3434 5746 3621 5805 homi-
