  <div class='ocr_page' id='page_1' title='image "/cluster/home/n/w/nwhite01/storage/ocr_20150623/115-116/uc1.31175006916467/1155.png"; bbox 0 0 3960 6440; ppageno 0'>
   <div class='ocr_carea' id='block_1_1' title="bbox 385 440 506 505">
    <p class='ocr_par' dir='ltr' id='par_1_1' title="bbox 385 440 506 505">
     <span class='ocr_line' id='line_1_1' title="bbox 385 440 506 505; baseline -0.041 0"><span class='ocrx_word' id='word_1_1' title='bbox 385 440 506 505; x_wconf 79' lang='grc'><strong>821</strong></span> 
     </span>
    </p>
   </div>
   <div class='ocr_carea' id='block_1_2' title="bbox 726 394 3391 510">
    <p class='ocr_par' dir='ltr' id='par_1_2' title="bbox 726 394 3391 510">
     <span class='ocr_line' id='line_1_2' title="bbox 726 394 3391 510; baseline 0.002 -7"><span class='ocrx_word' id='word_1_2' title='bbox 726 394 735 399; x_wconf 25' lang='grc' dir='ltr'>θ</span> <span class='ocrx_word' id='word_1_3' title='bbox 798 442 1210 503; x_wconf 80' lang='lat' dir='ltr'><strong>HAYMONIS</strong></span> <span class='ocrx_word' id='word_1_4' title='bbox 1242 441 1781 503; x_wconf 81' lang='lat' dir='ltr'><strong>HALBERSTAT.</strong></span> <span class='ocrx_word' id='word_1_5' title='bbox 1817 438 2059 501; x_wconf 86' lang='lat' dir='ltr'><strong>EPISC.</strong></span> <span class='ocrx_word' id='word_1_6' title='bbox 2093 438 2267 499; x_wconf 89' lang='lat' dir='ltr'><strong>OPP.</strong></span> <span class='ocrx_word' id='word_1_7' title='bbox 2302 442 2528 504; x_wconf 79' lang='lat' dir='ltr'><strong>PARS.</strong></span> <span class='ocrx_word' id='word_1_8' title='bbox 2562 444 2608 504; x_wconf 90' lang='grc' dir='ltr'><strong>Ι.</strong></span> <span class='ocrx_word' id='word_1_9' title='bbox 2643 476 2721 490; x_wconf 86' lang='grc'><strong>-</strong></span> <span class='ocrx_word' id='word_1_10' title='bbox 2749 445 3157 510; x_wconf 89' lang='lat' dir='ltr'><strong>COMMENT.</strong></span> <span class='ocrx_word' id='word_1_11' title='bbox 3191 447 3391 509; x_wconf 89' lang='lat' dir='ltr'><strong>BIBL.</strong></span> 
     </span>
    </p>
   </div>
   <div class='ocr_carea' id='block_1_3' title="bbox 3683 447 3798 509">
    <p class='ocr_par' dir='ltr' id='par_1_3' title="bbox 3683 447 3798 509">
     <span class='ocr_line' id='line_1_3' title="bbox 3683 447 3798 509; baseline 0 0"><span class='ocrx_word' id='word_1_12' title='bbox 3683 447 3798 509; x_wconf 76' lang='lat'><strong>828</strong></span> 
     </span>
    </p>
   </div>
   <div class='ocr_carea' id='block_1_4' title="bbox 386 569 3793 657">
    <p class='ocr_par' dir='ltr' id='par_1_4' title="bbox 386 569 3793 657">
     <span class='ocr_line' id='line_1_4' title="bbox 386 569 3793 657; baseline 0.001 -21"><span class='ocrx_word' id='word_1_13' title='bbox 386 574 1053 646; x_wconf 89' lang='lat' dir='ltr'><strong>nis,Nabuchodonosor</strong></span> <span class='ocrx_word' id='word_1_14' title='bbox 1071 592 1234 631; x_wconf 89' lang='lat' dir='ltr'><strong>servo</strong></span> <span class='ocrx_word' id='word_1_15' title='bbox 1257 592 1385 631; x_wconf 90' lang='lat' dir='ltr'><strong>meo</strong></span> <span class='ocrx_word' id='word_1_16' title='bbox 1408 591 1630 631; x_wconf 88' lang='lat' dir='ltr'><strong>merces</strong></span> <span class='ocrx_word' id='word_1_17' title='bbox 1651 592 1767 631; x_wconf 91' lang='lat' dir='ltr'><strong>non</strong></span> <span class='ocrx_word' id='word_1_18' title='bbox 1789 578 1880 630; x_wconf 91' lang='lat' dir='ltr'><strong>cst</strong></span> <span class='ocrx_word' id='word_1_19' title='bbox 1900 574 2034 630; x_wconf 89' lang='lat' dir='ltr'><strong>red-</strong></span> <span class='ocrx_word' id='word_1_20' title='bbox 2065 569 2123 645; x_wconf 79' lang='grc' dir='ltr'><strong>Α</strong></span> <span class='ocrx_word' id='word_1_21' title='bbox 2152 574 2265 630; x_wconf 92' lang='lat' dir='ltr'><strong>Iste</strong></span> <span class='ocrx_word' id='word_1_22' title='bbox 2278 576 2601 635; x_wconf 95' lang='lat' dir='ltr'><strong>versiculus</strong></span> <span class='ocrx_word' id='word_1_23' title='bbox 2622 577 2873 651; x_wconf 73' lang='lat' dir='ltr'><strong>pertinet</strong></span> <span class='ocrx_word' id='word_1_24' title='bbox 2892 580 2964 635; x_wconf 89' lang='lat' dir='ltr'><strong>ad</strong></span> <span class='ocrx_word' id='word_1_25' title='bbox 2979 581 3466 638; x_wconf 82' lang='lat' dir='ltr'><strong>restaurationem</strong></span> <span class='ocrx_word' id='word_1_26' title='bbox 3489 581 3793 657; x_wconf 73' lang='lat' dir='ltr'><strong>illius,quac</strong></span> 
     </span>
    </p>
   </div>
   <div class='ocr_carea' id='block_1_5' title="bbox 384 664 2037 739">
    <p class='ocr_par' dir='ltr' id='par_1_5' title="bbox 384 664 2037 739">
     <span class='ocr_line' id='line_1_5' title="bbox 384 664 2037 739; baseline -0.003 -15"><span class='ocrx_word' id='word_1_27' title='bbox 384 668 507 725; x_wconf 89' lang='lat' dir='ltr'><strong>dita</strong></span> <span class='ocrx_word' id='word_1_28' title='bbox 527 684 631 739; x_wconf 92' lang='lat' dir='ltr'><strong>pro</strong></span> <span class='ocrx_word' id='word_1_29' title='bbox 662 665 1092 736; x_wconf 86' lang='lat' dir='ltr'><strong>servitute,qua</strong></span> <span class='ocrx_word' id='word_1_30' title='bbox 1122 665 1357 721; x_wconf 84' lang='lat' dir='ltr'><strong>servivit</strong></span> <span class='ocrx_word' id='word_1_31' title='bbox 1387 664 1532 720; x_wconf 89' lang='lat' dir='ltr'><strong>mihi</strong></span> <span class='ocrx_word' id='word_1_32' title='bbox 1564 668 1765 721; x_wconf 88' lang='lat' dir='ltr'><strong>contra</strong></span> <span class='ocrx_word' id='word_1_33' title='bbox 1794 666 2037 737; x_wconf 85' lang='lat' dir='ltr'><strong>Tyrum,</strong></span> 
     </span>
    </p>
   </div>
   <div class='ocr_carea' id='block_1_6' title="bbox 385 754 2035 827">
    <p class='ocr_par' dir='ltr' id='par_1_6' title="bbox 385 754 2035 827">
     <span class='ocr_line' id='line_1_6' title="bbox 385 754 2035 827; baseline -0.002 -13"><span class='ocrx_word' id='word_1_34' title='bbox 385 760 457 814; x_wconf 88' lang='lat' dir='ltr'><strong>da</strong></span> <span class='ocrx_word' id='word_1_35' title='bbox 479 756 529 812; x_wconf 88' lang='lat' dir='ltr'><strong>ei</strong></span> <span class='ocrx_word' id='word_1_36' title='bbox 554 756 864 827; x_wconf 61' lang='lat' dir='ltr'><strong>Egyptum</strong></span> <span class='ocrx_word' id='word_1_37' title='bbox 898 771 1002 825; x_wconf 89' lang='lat' dir='ltr'><strong>pro</strong></span> <span class='ocrx_word' id='word_1_38' title='bbox 1034 756 1203 827; x_wconf 86' lang='lat' dir='ltr'><strong>Tyro.</strong></span> <span class='ocrx_word' id='word_1_39' title='bbox 1240 779 1267 804; x_wconf 87' lang='grc'><em>‹‹</em></span> <span class='ocrx_word' id='word_1_40' title='bbox 1301 754 1588 811; x_wconf 86' lang='lat' dir='ltr'><strong>Dominus</strong></span> <span class='ocrx_word' id='word_1_41' title='bbox 1616 756 1915 810; x_wconf 81' lang='lat' dir='ltr'><strong>mandavit</strong></span> <span class='ocrx_word' id='word_1_42' title='bbox 1936 758 2035 811; x_wconf 93' lang='lat' dir='ltr'><strong>ad-</strong></span> 
     </span>
    </p>
   </div>
   <div class='ocr_carea' id='block_1_7' title="bbox 381 842 2036 916">
    <p class='ocr_par' dir='ltr' id='par_1_7' title="bbox 381 842 2036 916">
     <span class='ocr_line' id='line_1_7' title="bbox 381 842 2036 916; baseline -0.001 -14"><span class='ocrx_word' id='word_1_43' title='bbox 381 860 611 902; x_wconf 90' lang='lat' dir='ltr'><strong>versum</strong></span> <span class='ocrx_word' id='word_1_44' title='bbox 634 842 972 899; x_wconf 80' lang='lat' dir='ltr'><strong>Chanaan.»</strong></span> <span class='ocrx_word' id='word_1_45' title='bbox 1006 843 1124 898; x_wconf 87' lang='lat' dir='ltr'><strong>Hoc</strong></span> <span class='ocrx_word' id='word_1_46' title='bbox 1155 844 1307 915; x_wconf 90' lang='lat' dir='ltr'><strong>quod</strong></span> <span class='ocrx_word' id='word_1_47' title='bbox 1343 843 1614 916; x_wconf 84' lang='lat' dir='ltr'><strong>superius</strong></span> <span class='ocrx_word' id='word_1_48' title='bbox 1643 844 1806 912; x_wconf 80' lang='lat' dir='ltr'><strong>dixit,</strong></span> <span class='ocrx_word' id='word_1_49' title='bbox 1840 850 2036 900; x_wconf 83' lang='lat' dir='ltr'><strong>exten-</strong></span> 
     </span>
    </p>
   </div>
   <div class='ocr_carea' id='block_1_8' title="bbox 381 933 2036 999">
    <p class='ocr_par' dir='ltr' id='par_1_8' title="bbox 381 933 2036 999">
     <span class='ocr_line' id='line_1_8' title="bbox 381 933 2036 999; baseline 0.002 -10"><span class='ocrx_word' id='word_1_50' title='bbox 381 936 478 990; x_wconf 90' lang='lat' dir='ltr'><strong>det</strong></span> <span class='ocrx_word' id='word_1_51' title='bbox 508 950 751 989; x_wconf 90' lang='lat' dir='ltr'><strong>manum</strong></span> <span class='ocrx_word' id='word_1_52' title='bbox 784 934 1160 999; x_wconf 89' lang='lat' dir='ltr'><strong>suam,modo</strong></span> <span class='ocrx_word' id='word_1_53' title='bbox 1191 933 1678 999; x_wconf 89' lang='lat' dir='ltr'><strong>dicit,mandavit.</strong></span> <span class='ocrx_word' id='word_1_54' title='bbox 1713 936 2036 992; x_wconf 75' lang='lat' dir='ltr'><strong>Extenderc</strong></span> 
     </span>
    </p>
   </div>
   <div class='ocr_carea' id='block_1_9' title="bbox 379 1022 2030 1094">
    <p class='ocr_par' dir='ltr' id='par_1_9' title="bbox 379 1022 2030 1094">
     <span class='ocr_line' id='line_1_9' title="bbox 379 1022 2030 1094; baseline 0.001 -15"><span class='ocrx_word' id='word_1_55' title='bbox 379 1040 591 1079; x_wconf 89' lang='lat' dir='ltr'><strong>manus</strong></span> <span class='ocrx_word' id='word_1_56' title='bbox 621 1022 745 1091; x_wconf 90' lang='lat' dir='ltr'><strong>Dei,</strong></span> <span class='ocrx_word' id='word_1_57' title='bbox 782 1026 872 1078; x_wconf 89' lang='lat' dir='ltr'><strong>est</strong></span> <span class='ocrx_word' id='word_1_58' title='bbox 903 1024 1205 1079; x_wconf 90' lang='lat' dir='ltr'><strong>mandare.</strong></span> <span class='ocrx_word' id='word_1_59' title='bbox 1242 1024 1519 1079; x_wconf 90' lang='lat' dir='ltr'><strong>Mandare</strong></span> <span class='ocrx_word' id='word_1_60' title='bbox 1552 1024 1709 1079; x_wconf 92' lang='lat' dir='ltr'><strong>illius</strong></span> <span class='ocrx_word' id='word_1_61' title='bbox 1738 1025 2030 1094; x_wconf 75' lang='lat' dir='ltr'><strong>voluntas,</strong></span> 
     </span>
    </p>
   </div>
   <div class='ocr_carea' id='block_1_10' title="bbox 374 1112 2031 1185">
    <p class='ocr_par' dir='ltr' id='par_1_10' title="bbox 374 1112 2031 1185">
     <span class='ocr_line' id='line_1_10' title="bbox 374 1112 2031 1185; baseline 0.002 -17"><span class='ocrx_word' id='word_1_62' title='bbox 374 1112 647 1169; x_wconf 86' lang='lat' dir='ltr'><strong>voluntas</strong></span> <span class='ocrx_word' id='word_1_63' title='bbox 669 1112 947 1185; x_wconf 78' lang='lat' dir='ltr'><strong>operatio.</strong></span> <span class='ocrx_word' id='word_1_64' title='bbox 967 1114 1049 1168; x_wconf 86' lang='lat' dir='ltr'><strong>Ea</strong></span> <span class='ocrx_word' id='word_1_65' title='bbox 1072 1112 1285 1168; x_wconf 90' lang='lat' dir='ltr'><strong>virtute</strong></span> <span class='ocrx_word' id='word_1_66' title='bbox 1315 1115 1617 1170; x_wconf 80' lang='lat' dir='ltr'><strong>mandavit</strong></span> <span class='ocrx_word' id='word_1_67' title='bbox 1646 1116 2031 1171; x_wconf 87' lang='lat' dir='ltr'><strong>Nabuchodo-</strong></span> 
     </span>
    </p>
   </div>
   <div class='ocr_carea' id='block_1_11' title="bbox 375 1201 2034 1272">
    <p class='ocr_par' dir='ltr' id='par_1_11' title="bbox 375 1201 2034 1272">
     <span class='ocr_line' id='line_1_11' title="bbox 375 1201 2034 1272; baseline 0.001 -13"><span class='ocrx_word' id='word_1_68' title='bbox 375 1220 570 1259; x_wconf 89' lang='lat' dir='ltr'><strong>nosor.</strong></span> <span class='ocrx_word' id='word_1_69' title='bbox 602 1201 750 1270; x_wconf 87' lang='lat' dir='ltr'><strong>Quid</strong></span> <span class='ocrx_word' id='word_1_70' title='bbox 777 1205 800 1257; x_wconf 73' lang='grc' dir='ltr'>Ρ</span> <span class='ocrx_word' id='word_1_71' title='bbox 828 1202 902 1258; x_wconf 93' lang='lat' dir='ltr'><strong>Ut</strong></span> <span class='ocrx_word' id='word_1_72' title='bbox 934 1202 1156 1258; x_wconf 87' lang='lat' dir='ltr'><strong>veniret</strong></span> <span class='ocrx_word' id='word_1_73' title='bbox 1214 1203 1525 1258; x_wconf 87' lang='lat' dir='ltr'><strong>adversum</strong></span> <span class='ocrx_word' id='word_1_74' title='bbox 1585 1204 1882 1272; x_wconf 80' lang='lat' dir='ltr'><strong>Chanaan,</strong></span> <span class='ocrx_word' id='word_1_75' title='bbox 1916 1229 1943 1255; x_wconf 92' lang='grc'><strong>‹‹</strong></span> <span class='ocrx_word' id='word_1_76' title='bbox 1976 1209 2034 1260; x_wconf 87' lang='lat' dir='ltr'><strong>et</strong></span> 
     </span>
    </p>
   </div>
   <div class='ocr_carea' id='block_1_12' title="bbox 374 1292 2026 1363">
    <p class='ocr_par' dir='ltr' id='par_1_12' title="bbox 374 1292 2026 1363">
     <span class='ocr_line' id='line_1_12' title="bbox 374 1292 2026 1363; baseline 0.002 -15"><span class='ocrx_word' id='word_1_77' title='bbox 374 1295 699 1348; x_wconf 81' lang='lat' dir='ltr'><strong>contereret</strong></span> <span class='ocrx_word' id='word_1_78' title='bbox 718 1293 896 1347; x_wconf 80' lang='lat' dir='ltr'><strong>fortes</strong></span> <span class='ocrx_word' id='word_1_79' title='bbox 913 1292 1063 1363; x_wconf 87' lang='lat' dir='ltr'><strong>ejus,</strong></span> <span class='ocrx_word' id='word_1_80' title='bbox 1086 1315 1111 1341; x_wconf 87' lang='lat'><strong>»</strong></span> <span class='ocrx_word' id='word_1_81' title='bbox 1133 1292 1191 1347; x_wconf 88' lang='lat' dir='ltr'><strong>id</strong></span> <span class='ocrx_word' id='word_1_82' title='bbox 1218 1296 1309 1347; x_wconf 87' lang='lat' dir='ltr'><strong>est</strong></span> <span class='ocrx_word' id='word_1_83' title='bbox 1335 1293 1514 1348; x_wconf 81' lang='lat' dir='ltr'><strong>fortes</strong></span> <span class='ocrx_word' id='word_1_84' title='bbox 1544 1294 2026 1351; x_wconf 73' lang='lat' dir='ltr'><strong>Chananmorum.</strong></span> 
     </span>
    </p>
   </div>
   <div class='ocr_carea' id='block_1_13' title="bbox 373 1382 2026 1455">
    <p class='ocr_par' dir='ltr' id='par_1_13' title="bbox 373 1382 2026 1455">
     <span class='ocr_line' id='line_1_13' title="bbox 373 1382 2026 1455; baseline 0.002 -17"><span class='ocrx_word' id='word_1_85' title='bbox 373 1384 584 1455; x_wconf 88' lang='lat' dir='ltr'><strong>Tyrus,</strong></span> <span class='ocrx_word' id='word_1_86' title='bbox 607 1383 816 1453; x_wconf 90' lang='lat' dir='ltr'><strong>utjam</strong></span> <span class='ocrx_word' id='word_1_87' title='bbox 842 1382 1120 1453; x_wconf 81' lang='lat' dir='ltr'><strong>diximus,</strong></span> <span class='ocrx_word' id='word_1_88' title='bbox 1145 1382 1606 1439; x_wconf 70' lang='lat' dir='ltr'><strong>Cbananmorum</strong></span> <span class='ocrx_word' id='word_1_89' title='bbox 1628 1384 1832 1441; x_wconf 90' lang='lat' dir='ltr'><strong>civitas</strong></span> <span class='ocrx_word' id='word_1_90' title='bbox 1854 1390 1980 1441; x_wconf 90' lang='lat' dir='ltr'><strong>erat</strong></span> <span class='ocrx_word' id='word_1_91' title='bbox 2012 1402 2026 1441; x_wconf 89' lang='lat'>:</span> 
     </span>
    </p>
   </div>
   <div class='ocr_carea' id='block_1_14' title="bbox 372 1470 2031 1546">
    <p class='ocr_par' dir='ltr' id='par_1_14' title="bbox 372 1470 2031 1546">
     <span class='ocr_line' id='line_1_14' title="bbox 372 1470 2031 1546; baseline 0.002 -18"><span class='ocrx_word' id='word_1_92' title='bbox 372 1477 429 1528; x_wconf 89' lang='lat' dir='ltr'><strong>et</strong></span> <span class='ocrx_word' id='word_1_93' title='bbox 449 1472 754 1529; x_wconf 83' lang='lat' dir='ltr'><strong>fortissimi</strong></span> <span class='ocrx_word' id='word_1_94' title='bbox 796 1470 1031 1527; x_wconf 88' lang='lat' dir='ltr'><strong>illorum</strong></span> <span class='ocrx_word' id='word_1_95' title='bbox 1058 1472 1115 1526; x_wconf 93' lang='lat' dir='ltr'><strong>in</strong></span> <span class='ocrx_word' id='word_1_96' title='bbox 1139 1474 1288 1546; x_wconf 80' lang='lat' dir='ltr'><strong>Tyro</strong></span> <span class='ocrx_word' id='word_1_97' title='bbox 1318 1473 1685 1541; x_wconf 85' lang='lat' dir='ltr'><strong>habitabant,</strong></span> <span class='ocrx_word' id='word_1_98' title='bbox 1708 1478 1766 1530; x_wconf 89' lang='lat' dir='ltr'><strong>et</strong></span> <span class='ocrx_word' id='word_1_99' title='bbox 1796 1475 1855 1529; x_wconf 91' lang='lat' dir='ltr'><strong>in</strong></span> <span class='ocrx_word' id='word_1_100' title='bbox 1887 1493 2031 1531; x_wconf 88' lang='lat' dir='ltr'><strong>con—</strong></span> 
     </span>
    </p>
   </div>
   <div class='ocr_carea' id='block_1_15' title="bbox 370 1560 1939 1637">
    <p class='ocr_par' dir='ltr' id='par_1_15' title="bbox 370 1560 1939 1637">
     <span class='ocr_line' id='line_1_15' title="bbox 370 1560 1939 1637; baseline 0.001 -20"><span class='ocrx_word' id='word_1_101' title='bbox 370 1562 609 1619; x_wconf 89' lang='lat' dir='ltr'><strong>tritione</strong></span> <span class='ocrx_word' id='word_1_102' title='bbox 641 1563 951 1635; x_wconf 83' lang='lat' dir='ltr'><strong>Tyrorum,</strong></span> <span class='ocrx_word' id='word_1_103' title='bbox 987 1560 1221 1617; x_wconf 86' lang='lat' dir='ltr'><strong>illorum</strong></span> <span class='ocrx_word' id='word_1_104' title='bbox 1255 1562 1433 1618; x_wconf 83' lang='lat' dir='ltr'><strong>fortes</strong></span> <span class='ocrx_word' id='word_1_105' title='bbox 1464 1564 1753 1637; x_wconf 77' lang='lat' dir='ltr'><strong>perempti</strong></span> <span class='ocrx_word' id='word_1_106' title='bbox 1781 1570 1939 1621; x_wconf 90' lang='lat' dir='ltr'><strong>sunt.</strong></span> 
     </span>
    </p>
   </div>
   <div class='ocr_carea' id='block_1_16' title="bbox 442 1651 2029 1726">
    <p class='ocr_par' dir='ltr' id='par_1_16' title="bbox 442 1651 2029 1726">
     <span class='ocr_line' id='line_1_16' title="bbox 442 1651 2029 1726; baseline 0.005 -23"><span class='ocrx_word' id='word_1_107' title='bbox 442 1676 469 1703; x_wconf 89' lang='grc'><strong><em>‹‹</em></strong></span> <span class='ocrx_word' id='word_1_108' title='bbox 494 1653 565 1707; x_wconf 90' lang='lat' dir='ltr'><strong>Et</strong></span> <span class='ocrx_word' id='word_1_109' title='bbox 595 1651 797 1719; x_wconf 89' lang='lat' dir='ltr'><strong>dixit,»</strong></span> <span class='ocrx_word' id='word_1_110' title='bbox 832 1651 1119 1706; x_wconf 85' lang='lat' dir='ltr'><strong>subaudis</strong></span> <span class='ocrx_word' id='word_1_111' title='bbox 1149 1651 1457 1719; x_wconf 86' lang='lat' dir='ltr'><strong>Dominus,</strong></span> <span class='ocrx_word' id='word_1_112' title='bbox 1491 1676 1518 1701; x_wconf 92' lang='grc'><strong>‹‹</strong></span> <span class='ocrx_word' id='word_1_113' title='bbox 1536 1653 1660 1708; x_wconf 93' lang='lat' dir='ltr'><strong>Non</strong></span> <span class='ocrx_word' id='word_1_114' title='bbox 1693 1654 1933 1726; x_wconf 89' lang='lat' dir='ltr'><strong>adjicies</strong></span> <span class='ocrx_word' id='word_1_115' title='bbox 1948 1655 2029 1711; x_wconf 90' lang='lat' dir='ltr'><strong>ul-</strong></span> 
     </span>
    </p>
   </div>
   <div class='ocr_carea' id='block_1_17' title="bbox 368 1739 2025 1818">
    <p class='ocr_par' dir='ltr' id='par_1_17' title="bbox 368 1739 2025 1818">
     <span class='ocr_line' id='line_1_17' title="bbox 368 1739 2025 1818; baseline 0.001 -21"><span class='ocrx_word' id='word_1_116' title='bbox 368 1744 460 1798; x_wconf 89' lang='lat' dir='ltr'><strong>tra</strong></span> <span class='ocrx_word' id='word_1_117' title='bbox 480 1763 508 1791; x_wconf 89' lang='lat'><strong>»</strong></span> <span class='ocrx_word' id='word_1_118' title='bbox 542 1744 653 1796; x_wconf 89' lang='lat' dir='ltr'><strong>etc.</strong></span> <span class='ocrx_word' id='word_1_119' title='bbox 675 1739 982 1795; x_wconf 89' lang='lat' dir='ltr'><strong>Calumnia</strong></span> <span class='ocrx_word' id='word_1_120' title='bbox 1012 1744 1101 1796; x_wconf 92' lang='lat' dir='ltr'><strong>est</strong></span> <span class='ocrx_word' id='word_1_121' title='bbox 1131 1740 1448 1797; x_wconf 85' lang='lat' dir='ltr'><strong>accusatio.</strong></span> <span class='ocrx_word' id='word_1_122' title='bbox 1484 1742 1628 1798; x_wconf 89' lang='lat' dir='ltr'><strong>Filia</strong></span> <span class='ocrx_word' id='word_1_123' title='bbox 1659 1743 1894 1799; x_wconf 90' lang='lat' dir='ltr'><strong>Sidonis</strong></span> <span class='ocrx_word' id='word_1_124' title='bbox 1925 1762 2025 1818; x_wconf 89' lang='lat' dir='ltr'><strong>ap-</strong></span> 
     </span>
    </p>
   </div>
   <div class='ocr_carea' id='block_1_18' title="bbox 364 1828 2024 1903">
    <p class='ocr_par' dir='ltr' id='par_1_18' title="bbox 364 1828 2024 1903">
     <span class='ocr_line' id='line_1_18' title="bbox 364 1828 2024 1903; baseline 0.002 -18"><span class='ocrx_word' id='word_1_125' title='bbox 364 1830 619 1903; x_wconf 87' lang='lat' dir='ltr'><strong>pellatur</strong></span> <span class='ocrx_word' id='word_1_126' title='bbox 649 1830 857 1901; x_wconf 85' lang='lat' dir='ltr'><strong>Tyrus,</strong></span> <span class='ocrx_word' id='word_1_127' title='bbox 874 1828 1014 1901; x_wconf 84' lang='lat' dir='ltr'><strong>quia</strong></span> <span class='ocrx_word' id='word_1_128' title='bbox 1036 1829 1146 1901; x_wconf 89' lang='lat' dir='ltr'><strong>ipsi</strong></span> <span class='ocrx_word' id='word_1_129' title='bbox 1169 1830 1607 1887; x_wconf 73' lang='lat' dir='ltr'><strong>zcdiﬁcaverunt</strong></span> <span class='ocrx_word' id='word_1_130' title='bbox 1626 1850 1777 1888; x_wconf 91' lang='lat' dir='ltr'><strong>eam.</strong></span> <span class='ocrx_word' id='word_1_131' title='bbox 1802 1834 2024 1890; x_wconf 88' lang='lat' dir='ltr'><strong>Gloria-</strong></span> 
     </span>
    </p>
   </div>
   <div class='ocr_carea' id='block_1_19' title="bbox 2148 662 3795 743">
    <p class='ocr_par' dir='ltr' id='par_1_19' title="bbox 2148 662 3795 743">
     <span class='ocr_line' id='line_1_19' title="bbox 2148 662 3795 743; baseline 0.009 -26"><span class='ocrx_word' id='word_1_132' title='bbox 2148 662 2259 719; x_wconf 86' lang='lat' dir='ltr'><strong>fuit</strong></span> <span class='ocrx_word' id='word_1_133' title='bbox 2282 669 2413 736; x_wconf 89' lang='lat' dir='ltr'><strong>post</strong></span> <span class='ocrx_word' id='word_1_134' title='bbox 2444 667 2817 741; x_wconf 81' lang='lat' dir='ltr'><strong>septuaginta</strong></span> <span class='ocrx_word' id='word_1_135' title='bbox 2848 670 3395 727; x_wconf 86' lang='lat' dir='ltr'><strong>annos.Meretrices</strong></span> <span class='ocrx_word' id='word_1_136' title='bbox 3426 688 3553 743; x_wconf 71' lang='lat' dir='ltr'><strong>quae</strong></span> <span class='ocrx_word' id='word_1_137' title='bbox 3584 672 3795 731; x_wconf 83' lang='lat' dir='ltr'><strong>multos</strong></span> 
     </span>
    </p>
   </div>
   <div class='ocr_carea' id='block_1_20' title="bbox 2147 752 3793 833">
    <p class='ocr_par' dir='ltr' id='par_1_20' title="bbox 2147 752 3793 833">
     <span class='ocr_line' id='line_1_20' title="bbox 2147 752 3793 833; baseline 0.007 -25"><span class='ocrx_word' id='word_1_138' title='bbox 2147 752 2481 811; x_wconf 89' lang='lat' dir='ltr'><strong>habuerunt</strong></span> <span class='ocrx_word' id='word_1_139' title='bbox 2512 761 2822 827; x_wconf 87' lang='lat' dir='ltr'><strong>amatores,</strong></span> <span class='ocrx_word' id='word_1_140' title='bbox 2857 762 3169 831; x_wconf 86' lang='lat' dir='ltr'><strong>postquam</strong></span> <span class='ocrx_word' id='word_1_141' title='bbox 3211 760 3700 833; x_wconf 89' lang='lat' dir='ltr'><strong>derelinquuntur</strong></span> <span class='ocrx_word' id='word_1_142' title='bbox 3726 763 3793 819; x_wconf 90' lang='lat' dir='ltr'><strong>ab</strong></span> 
     </span>
    </p>
   </div>
   <div class='ocr_carea' id='block_1_21' title="bbox 2146 842 3793 921">
    <p class='ocr_par' dir='ltr' id='par_1_21' title="bbox 2146 842 3793 921">
     <span class='ocr_line' id='line_1_21' title="bbox 2146 842 3793 921; baseline 0.007 -25"><span class='ocrx_word' id='word_1_143' title='bbox 2146 842 2264 898; x_wconf 89' lang='lat' dir='ltr'><strong>illis</strong></span> <span class='ocrx_word' id='word_1_144' title='bbox 2295 844 2381 899; x_wconf 85' lang='lat' dir='ltr'><strong>vel</strong></span> <span class='ocrx_word' id='word_1_145' title='bbox 2414 848 2651 917; x_wconf 79' lang='lat' dir='ltr'><strong>prepter</strong></span> <span class='ocrx_word' id='word_1_146' title='bbox 2680 847 3136 915; x_wconf 82' lang='lat' dir='ltr'><strong>deformitatem,</strong></span> <span class='ocrx_word' id='word_1_147' title='bbox 3171 849 3260 904; x_wconf 87' lang='lat' dir='ltr'><strong>vel</strong></span> <span class='ocrx_word' id='word_1_148' title='bbox 3295 855 3675 921; x_wconf 87' lang='lat' dir='ltr'><strong>senectutem,</strong></span> <span class='ocrx_word' id='word_1_149' title='bbox 3707 871 3793 909; x_wconf 87' lang='lat' dir='ltr'><strong>so-</strong></span> 
     </span>
    </p>
   </div>
   <div class='ocr_carea' id='block_1_22' title="bbox 2145 931 3793 1010">
    <p class='ocr_par' dir='ltr' id='par_1_22' title="bbox 2145 931 3793 1010">
     <span class='ocr_line' id='line_1_22' title="bbox 2145 931 3793 1010; baseline 0.006 -23"><span class='ocrx_word' id='word_1_150' title='bbox 2145 931 2268 987; x_wconf 89' lang='lat' dir='ltr'><strong>lent</strong></span> <span class='ocrx_word' id='word_1_151' title='bbox 2288 933 2609 991; x_wconf 84' lang='lat' dir='ltr'><strong>residentes</strong></span> <span class='ocrx_word' id='word_1_152' title='bbox 2632 936 2691 989; x_wconf 90' lang='lat' dir='ltr'><strong>in</strong></span> <span class='ocrx_word' id='word_1_153' title='bbox 2724 936 2897 991; x_wconf 91' lang='lat' dir='ltr'><strong>domo</strong></span> <span class='ocrx_word' id='word_1_154' title='bbox 2930 953 3278 1010; x_wconf 89' lang='lat' dir='ltr'><strong>componere</strong></span> <span class='ocrx_word' id='word_1_155' title='bbox 3307 938 3417 994; x_wconf 89' lang='lat' dir='ltr'><strong>sibi</strong></span> <span class='ocrx_word' id='word_1_156' title='bbox 3447 939 3793 1009; x_wconf 86' lang='lat' dir='ltr'><strong>carmina,et</strong></span> 
     </span>
    </p>
   </div>
   <div class='ocr_carea' id='block_1_23' title="bbox 2145 1022 3793 1095">
    <p class='ocr_par' dir='ltr' id='par_1_23' title="bbox 2145 1022 3793 1095">
     <span class='ocr_line' id='line_1_23' title="bbox 2145 1022 3793 1095; baseline 0.008 -21"><span class='ocrx_word' id='word_1_157' title='bbox 2145 1023 2380 1075; x_wconf 87' lang='lat' dir='ltr'><strong>cantare</strong></span> <span class='ocrx_word' id='word_1_158' title='bbox 2404 1025 2469 1076; x_wconf 89' lang='lat' dir='ltr'><strong>ut</strong></span> <span class='ocrx_word' id='word_1_159' title='bbox 2502 1022 2790 1095; x_wconf 85' lang='lat' dir='ltr'><strong>recipiant</strong></span> <span class='ocrx_word' id='word_1_160' title='bbox 2816 1023 3397 1094; x_wconf 86' lang='lat' dir='ltr'><strong>consolationem,vel</strong></span> <span class='ocrx_word' id='word_1_161' title='bbox 3428 1028 3603 1084; x_wconf 87' lang='lat' dir='ltr'><strong>etiam</strong></span> <span class='ocrx_word' id='word_1_162' title='bbox 3636 1033 3793 1087; x_wconf 82' lang='lat' dir='ltr'><strong>redu-</strong></span> 
     </span>
    </p>
   </div>
   <div class='ocr_carea' id='block_1_24' title="bbox 2143 1111 3789 1189">
    <p class='ocr_par' dir='ltr' id='par_1_24' title="bbox 2143 1111 3789 1189">
     <span class='ocr_line' id='line_1_24' title="bbox 2143 1111 3789 1189; baseline 0.008 -27"><span class='ocrx_word' id='word_1_163' title='bbox 2143 1112 2338 1165; x_wconf 89' lang='lat' dir='ltr'><strong>centes</strong></span> <span class='ocrx_word' id='word_1_164' title='bbox 2362 1111 2432 1165; x_wconf 89' lang='lat' dir='ltr'><strong>ad</strong></span> <span class='ocrx_word' id='word_1_165' title='bbox 2460 1111 2800 1167; x_wconf 88' lang='lat' dir='ltr'><strong>memoriam</strong></span> <span class='ocrx_word' id='word_1_166' title='bbox 2828 1112 2935 1168; x_wconf 92' lang='lat' dir='ltr'><strong>hoc</strong></span> <span class='ocrx_word' id='word_1_167' title='bbox 2958 1115 3113 1186; x_wconf 91' lang='lat' dir='ltr'><strong>quod</strong></span> <span class='ocrx_word' id='word_1_168' title='bbox 3138 1115 3301 1186; x_wconf 90' lang='lat' dir='ltr'><strong>prius</strong></span> <span class='ocrx_word' id='word_1_169' title='bbox 3331 1122 3789 1189; x_wconf 86' lang='lat' dir='ltr'><strong>gesserunt,cum</strong></span> 
     </span>
    </p>
   </div>
   <div class='ocr_carea' id='block_1_25' title="bbox 2142 1198 3786 1281">
    <p class='ocr_par' dir='ltr' id='par_1_25' title="bbox 2142 1198 3786 1281">
     <span class='ocr_line' id='line_1_25' title="bbox 2142 1198 3786 1281; baseline 0.009 -29"><span class='ocrx_word' id='word_1_170' title='bbox 2142 1198 2368 1254; x_wconf 85' lang='lat' dir='ltr'><strong>cantico</strong></span> <span class='ocrx_word' id='word_1_171' title='bbox 2391 1207 2858 1257; x_wconf 89' lang='lat' dir='ltr'><strong>commemorant</strong></span> <span class='ocrx_word' id='word_1_172' title='bbox 2881 1202 3025 1258; x_wconf 91' lang='lat' dir='ltr'><strong>illud</strong></span> <span class='ocrx_word' id='word_1_173' title='bbox 3044 1220 3056 1259; x_wconf 89' lang='lat'><strong>:</strong></span> <span class='ocrx_word' id='word_1_174' title='bbox 3075 1204 3157 1259; x_wconf 88' lang='lat' dir='ltr'><strong>sic</strong></span> <span class='ocrx_word' id='word_1_175' title='bbox 3181 1209 3237 1260; x_wconf 91' lang='lat' dir='ltr'><strong>et</strong></span> <span class='ocrx_word' id='word_1_176' title='bbox 3265 1206 3451 1278; x_wconf 89' lang='lat' dir='ltr'><strong>Tyrus</strong></span> <span class='ocrx_word' id='word_1_177' title='bbox 3482 1213 3786 1281; x_wconf 86' lang='lat' dir='ltr'><strong>postquam</strong></span> 
     </span>
    </p>
   </div>
   <div class='ocr_carea' id='block_1_26' title="bbox 2141 1291 2656 1364">
    <p class='ocr_par' dir='ltr' id='par_1_26' title="bbox 2141 1291 2656 1364">
     <span class='ocr_line' id='line_1_26' title="bbox 2141 1291 2656 1364; baseline 0.008 -22"><span class='ocrx_word' id='word_1_178' title='bbox 2141 1304 2371 1344; x_wconf 89' lang='lat' dir='ltr'><strong>reversa</strong></span> <span class='ocrx_word' id='word_1_179' title='bbox 2401 1296 2491 1346; x_wconf 89' lang='lat' dir='ltr'><strong>est</strong></span> <span class='ocrx_word' id='word_1_180' title='bbox 2520 1291 2656 1364; x_wconf 87' lang='lat' dir='ltr'><strong>egit.</strong></span> 
     </span>
    </p>
   </div>
   <div class='ocr_carea' id='block_1_27' title="bbox 2217 1379 3787 1450">
    <p class='ocr_par' dir='ltr' id='par_1_27' title="bbox 2217 1379 3787 1450">
     <span class='ocr_line' id='line_1_27' title="bbox 2217 1379 3787 1450; baseline 0.008 -18"><span class='ocrx_word' id='word_1_181' title='bbox 2217 1400 2243 1425; x_wconf 91' lang='grc'><strong>‹‹</strong></span> <span class='ocrx_word' id='word_1_182' title='bbox 2268 1379 2446 1434; x_wconf 90' lang='lat' dir='ltr'><strong>Sume</strong></span> <span class='ocrx_word' id='word_1_183' title='bbox 2476 1380 2835 1450; x_wconf 85' lang='lat' dir='ltr'><strong>citharam,»</strong></span> <span class='ocrx_word' id='word_1_184' title='bbox 2869 1399 2901 1437; x_wconf 90' lang='grc' dir='ltr'>ο</span> <span class='ocrx_word' id='word_1_185' title='bbox 2934 1383 3230 1439; x_wconf 81' lang='lat' dir='ltr'><strong>meretrix.</strong></span> <span class='ocrx_word' id='word_1_186' title='bbox 3263 1384 3584 1442; x_wconf 85' lang='lat' dir='ltr'><strong>Consilium</strong></span> <span class='ocrx_word' id='word_1_187' title='bbox 3616 1388 3715 1444; x_wconf 87' lang='lat' dir='ltr'><strong>dat</strong></span> <span class='ocrx_word' id='word_1_188' title='bbox 3742 1391 3787 1445; x_wconf 88' lang='lat' dir='ltr'><strong>ei</strong></span> 
     </span>
    </p>
   </div>
   <div class='ocr_carea' id='block_1_28' title="bbox 2138 1468 3789 1546">
    <p class='ocr_par' dir='ltr' id='par_1_28' title="bbox 2138 1468 3789 1546">
     <span class='ocr_line' id='line_1_28' title="bbox 2138 1468 3789 1546; baseline 0.007 -24"><span class='ocrx_word' id='word_1_189' title='bbox 2138 1468 2445 1539; x_wconf 87' lang='lat' dir='ltr'><strong>propheta,</strong></span> <span class='ocrx_word' id='word_1_190' title='bbox 2479 1470 2732 1542; x_wconf 85' lang='lat' dir='ltr'><strong>qualiter</strong></span> <span class='ocrx_word' id='word_1_191' title='bbox 2789 1476 2923 1545; x_wconf 85' lang='lat' dir='ltr'><strong>agat</strong></span> <span class='ocrx_word' id='word_1_192' title='bbox 2980 1473 3406 1546; x_wconf 67' lang='lat' dir='ltr'><strong>paenitentiam,</strong></span> <span class='ocrx_word' id='word_1_193' title='bbox 3441 1480 3505 1531; x_wconf 88' lang='lat' dir='ltr'><strong>ut</strong></span> <span class='ocrx_word' id='word_1_194' title='bbox 3558 1478 3789 1534; x_wconf 84' lang='lat' dir='ltr'><strong>evadere</strong></span> 
     </span>
    </p>
   </div>
   <div class='ocr_carea' id='block_1_29' title="bbox 2138 1558 3787 1629">
    <p class='ocr_par' dir='ltr' id='par_1_29' title="bbox 2138 1558 3787 1629">
     <span class='ocr_line' id='line_1_29' title="bbox 2138 1558 3787 1629; baseline 0.007 -18"><span class='ocrx_word' id='word_1_195' title='bbox 2138 1562 2317 1629; x_wconf 87' lang='lat' dir='ltr'><strong>queat</strong></span> <span class='ocrx_word' id='word_1_196' title='bbox 2384 1558 2680 1629; x_wconf 88' lang='lat' dir='ltr'><strong>judicium</strong></span> <span class='ocrx_word' id='word_1_197' title='bbox 2762 1561 3017 1629; x_wconf 90' lang='lat' dir='ltr'><strong>Domini,</strong></span> <span class='ocrx_word' id='word_1_198' title='bbox 3080 1562 3280 1618; x_wconf 90' lang='lat' dir='ltr'><strong>dicens</strong></span> <span class='ocrx_word' id='word_1_199' title='bbox 3333 1580 3347 1618; x_wconf 91' lang='lat'>:</span> <span class='ocrx_word' id='word_1_200' title='bbox 3413 1566 3652 1621; x_wconf 84' lang='lat' dir='ltr'><strong>«Sume</strong></span> <span class='ocrx_word' id='word_1_201' title='bbox 3709 1567 3787 1622; x_wconf 90' lang='lat' dir='ltr'><strong>ci-</strong></span> 
     </span>
    </p>
   </div>
   <div class='ocr_carea' id='block_1_30' title="bbox 2139 1646 3790 1721">
    <p class='ocr_par' dir='ltr' id='par_1_30' title="bbox 2139 1646 3790 1721">
     <span class='ocr_line' id='line_1_30' title="bbox 2139 1646 3790 1721; baseline 0.006 -20"><span class='ocrx_word' id='word_1_202' title='bbox 2139 1646 2389 1715; x_wconf 89' lang='lat' dir='ltr'><strong>tharam,</strong></span> <span class='ocrx_word' id='word_1_203' title='bbox 2426 1651 2480 1703; x_wconf 88' lang='lat' dir='ltr'><strong>et</strong></span> <span class='ocrx_word' id='word_1_204' title='bbox 2530 1665 2702 1721; x_wconf 85' lang='lat' dir='ltr'><strong>perge</strong></span> <span class='ocrx_word' id='word_1_205' title='bbox 2754 1666 2857 1721; x_wconf 88' lang='lat' dir='ltr'><strong>per</strong></span> <span class='ocrx_word' id='word_1_206' title='bbox 2904 1653 3067 1707; x_wconf 87' lang='lat' dir='ltr'><strong>tuam</strong></span> <span class='ocrx_word' id='word_1_207' title='bbox 3118 1651 3413 1708; x_wconf 90' lang='lat' dir='ltr'><strong>civitatem</strong></span> <span class='ocrx_word' id='word_1_208' title='bbox 3449 1676 3475 1703; x_wconf 92' lang='lat'><strong>»</strong></span> <span class='ocrx_word' id='word_1_209' title='bbox 3507 1656 3790 1711; x_wconf 89' lang='lat' dir='ltr'><strong>cantando</strong></span> 
     </span>
    </p>
   </div>
   <div class='ocr_carea' id='block_1_31' title="bbox 2136 1736 3788 1810">
    <p class='ocr_par' dir='ltr' id='par_1_31' title="bbox 2136 1736 3788 1810">
     <span class='ocr_line' id='line_1_31' title="bbox 2136 1736 3788 1810; baseline 0.005 -19"><span class='ocrx_word' id='word_1_210' title='bbox 2136 1740 2270 1793; x_wconf 88' lang='lat' dir='ltr'><strong>tuas</strong></span> <span class='ocrx_word' id='word_1_211' title='bbox 2314 1736 2939 1810; x_wconf 69' lang='lat' dir='ltr'><strong>miserias,’quatcnus</strong></span> <span class='ocrx_word' id='word_1_212' title='bbox 2987 1741 3338 1797; x_wconf 85' lang='lat' dir='ltr'><strong>misereatur</strong></span> <span class='ocrx_word' id='word_1_213' title='bbox 3376 1743 3457 1798; x_wconf 92' lang='lat' dir='ltr'><strong>tui</strong></span> <span class='ocrx_word' id='word_1_214' title='bbox 3488 1743 3788 1800; x_wconf 89' lang='lat' dir='ltr'><strong>Dominus.</strong></span> 
     </span>
    </p>
   </div>
   <div class='ocr_carea' id='block_1_32' title="bbox 2138 1825 3789 1906">
    <p class='ocr_par' dir='ltr' id='par_1_32' title="bbox 2138 1825 3789 1906">
     <span class='ocr_line' id='line_1_32' title="bbox 2138 1825 3789 1906; baseline 0.006 -25"><span class='ocrx_word' id='word_1_215' title='bbox 2138 1850 2165 1876; x_wconf 85' lang='lat'><strong><em>«</em></strong></span> <span class='ocrx_word' id='word_1_216' title='bbox 2202 1828 2354 1883; x_wconf 88' lang='lat' dir='ltr'><strong>Bene</strong></span> <span class='ocrx_word' id='word_1_217' title='bbox 2403 1844 2567 1894; x_wconf 90' lang='lat' dir='ltr'><strong>cane,</strong></span> <span class='ocrx_word' id='word_1_218' title='bbox 2621 1825 2928 1901; x_wconf 82' lang='lat' dir='ltr'><strong>frequenta</strong></span> <span class='ocrx_word' id='word_1_219' title='bbox 2979 1831 3298 1886; x_wconf 88' lang='lat' dir='ltr'><strong>canticum.</strong></span> <span class='ocrx_word' id='word_1_220' title='bbox 3336 1854 3363 1881; x_wconf 88' lang='lat'><strong>»</strong></span> <span class='ocrx_word' id='word_1_221' title='bbox 3395 1832 3525 1889; x_wconf 66' lang='lat' dir='ltr'><strong>Haec</strong></span> <span class='ocrx_word' id='word_1_222' title='bbox 3555 1851 3681 1906; x_wconf 67' lang='lat' dir='ltr'><strong>quae</strong></span> <span class='ocrx_word' id='word_1_223' title='bbox 3703 1852 3789 1891; x_wconf 90' lang='lat' dir='ltr'><strong>se-</strong></span> 
     </span>
    </p>
   </div>
   <div class='ocr_carea' id='block_1_33' title="bbox 361 1918 3787 2012">
    <p class='ocr_par' dir='ltr' id='par_1_33' title="bbox 361 1918 3787 2012">
     <span class='ocr_line' id='line_1_33' title="bbox 361 1918 3787 2012; baseline 0.002 -39"><span class='ocrx_word' id='word_1_224' title='bbox 361 1918 541 1974; x_wconf 88' lang='lat' dir='ltr'><strong>batur</strong></span> <span class='ocrx_word' id='word_1_225' title='bbox 567 1921 763 1973; x_wconf 89' lang='lat' dir='ltr'><strong>autem</strong></span> <span class='ocrx_word' id='word_1_226' title='bbox 810 1919 998 1990; x_wconf 78' lang='lat' dir='ltr'><strong>Tyrus</strong></span> <span class='ocrx_word' id='word_1_227' title='bbox 1029 1918 1090 1972; x_wconf 90' lang='lat' dir='ltr'><strong>in</strong></span> <span class='ocrx_word' id='word_1_228' title='bbox 1124 1919 1342 1975; x_wconf 88' lang='lat' dir='ltr'><strong>divitiis</strong></span> <span class='ocrx_word' id='word_1_229' title='bbox 1374 1920 1519 1986; x_wconf 92' lang='lat' dir='ltr'><strong>suis,</strong></span> <span class='ocrx_word' id='word_1_230' title='bbox 1552 1926 1609 1975; x_wconf 90' lang='lat' dir='ltr'><strong>et</strong></span> <span class='ocrx_word' id='word_1_231' title='bbox 1637 1924 2027 1979; x_wconf 89' lang='lat' dir='ltr'><strong>accusabatur</strong></span> <span class='ocrx_word' id='word_1_232' title='bbox 2050 1946 2100 2012; x_wconf 78' lang='grc' dir='ltr'><strong>Β</strong></span> <span class='ocrx_word' id='word_1_233' title='bbox 2135 1920 2402 1988; x_wconf 81' lang='lat' dir='ltr'><strong>quuntur</strong></span> <span class='ocrx_word' id='word_1_234' title='bbox 2426 1933 2495 1972; x_wconf 75' lang='grc' dir='ltr'><strong>ΟΧ</strong></span> <span class='ocrx_word' id='word_1_235' title='bbox 2526 1934 2699 1973; x_wconf 79' lang='lat' dir='ltr'><strong>onere</strong></span> <span class='ocrx_word' id='word_1_236' title='bbox 2730 1918 2866 1989; x_wconf 73' lang='lat' dir='ltr'><strong>istO,</strong></span> <span class='ocrx_word' id='word_1_237' title='bbox 2899 1920 2971 1974; x_wconf 79' lang='lat' dir='ltr'><strong>ad</strong></span> <span class='ocrx_word' id='word_1_238' title='bbox 3004 1920 3395 1976; x_wconf 80' lang='lat' dir='ltr'><strong>reversionem</strong></span> <span class='ocrx_word' id='word_1_239' title='bbox 3426 1920 3587 1979; x_wconf 88' lang='lat' dir='ltr'><strong>illius</strong></span> <span class='ocrx_word' id='word_1_240' title='bbox 3622 1924 3787 1995; x_wconf 87' lang='lat' dir='ltr'><strong>perti-</strong></span> 
     </span>
    </p>
   </div>
   <div class='ocr_carea' id='block_1_34' title="bbox 359 2004 2020 2083">
    <p class='ocr_par' dir='ltr' id='par_1_34' title="bbox 359 2004 2020 2083">
     <span class='ocr_line' id='line_1_34' title="bbox 359 2004 2020 2083; baseline 0.003 -20"><span class='ocrx_word' id='word_1_241' title='bbox 359 2009 436 2063; x_wconf 89' lang='lat' dir='ltr'><strong>ab</strong></span> <span class='ocrx_word' id='word_1_242' title='bbox 470 2005 833 2063; x_wconf 88' lang='lat' dir='ltr'><strong>omnibusin</strong></span> <span class='ocrx_word' id='word_1_243' title='bbox 863 2004 1115 2063; x_wconf 78' lang='lat' dir='ltr'><strong>circuitu</strong></span> <span class='ocrx_word' id='word_1_244' title='bbox 1173 2026 1280 2065; x_wconf 90' lang='lat' dir='ltr'><strong>suo</strong></span> <span class='ocrx_word' id='word_1_245' title='bbox 1326 2010 1481 2082; x_wconf 88' lang='lat' dir='ltr'><strong>quod</strong></span> <span class='ocrx_word' id='word_1_246' title='bbox 1537 2012 1791 2083; x_wconf 88' lang='lat' dir='ltr'><strong>superba</strong></span> <span class='ocrx_word' id='word_1_247' title='bbox 1847 2017 2020 2082; x_wconf 84' lang='lat' dir='ltr'><strong>esset,</strong></span> 
     </span>
    </p>
   </div>
   <div class='ocr_carea' id='block_1_35' title="bbox 357 2095 2024 2173">
    <p class='ocr_par' dir='ltr' id='par_1_35' title="bbox 357 2095 2024 2173">
     <span class='ocr_line' id='line_1_35' title="bbox 357 2095 2024 2173; baseline 0.004 -20"><span class='ocrx_word' id='word_1_248' title='bbox 357 2098 491 2153; x_wconf 88' lang='lat' dir='ltr'><strong>ideo</strong></span> <span class='ocrx_word' id='word_1_249' title='bbox 513 2095 686 2152; x_wconf 88' lang='lat' dir='ltr'><strong>dixit:</strong></span> <span class='ocrx_word' id='word_1_250' title='bbox 703 2097 747 2152; x_wconf 91' lang='grc' dir='ltr'>Ο</span> <span class='ocrx_word' id='word_1_251' title='bbox 770 2096 934 2169; x_wconf 88' lang='lat' dir='ltr'><strong>virga</strong></span> <span class='ocrx_word' id='word_1_252' title='bbox 956 2096 1077 2153; x_wconf 82' lang='lat' dir='ltr'><strong>ﬁlia</strong></span> <span class='ocrx_word' id='word_1_253' title='bbox 1098 2097 1355 2169; x_wconf 90' lang='lat' dir='ltr'><strong>Sidonis,</strong></span> <span class='ocrx_word' id='word_1_254' title='bbox 1379 2104 1694 2173; x_wconf 89' lang='lat' dir='ltr'><strong>postquam</strong></span> <span class='ocrx_word' id='word_1_255' title='bbox 1726 2102 2024 2159; x_wconf 87' lang='lat' dir='ltr'><strong>destructa</strong></span> 
     </span>
    </p>
   </div>
   <div class='ocr_carea' id='block_1_36' title="bbox 353 2185 2021 2260">
    <p class='ocr_par' dir='ltr' id='par_1_36' title="bbox 353 2185 2021 2260">
     <span class='ocr_line' id='line_1_36' title="bbox 353 2185 2021 2260; baseline 0.002 -16"><span class='ocrx_word' id='word_1_256' title='bbox 353 2185 541 2244; x_wconf 84' lang='lat' dir='ltr'><strong>fueris</strong></span> <span class='ocrx_word' id='word_1_257' title='bbox 559 2203 678 2242; x_wconf 89' lang='lat' dir='ltr'><strong>non</strong></span> <span class='ocrx_word' id='word_1_258' title='bbox 701 2185 1045 2258; x_wconf 88' lang='lat' dir='ltr'><strong>gloriaberis</strong></span> <span class='ocrx_word' id='word_1_259' title='bbox 1076 2187 1416 2260; x_wconf 88' lang='lat' dir='ltr'><strong>amplius,et</strong></span> <span class='ocrx_word' id='word_1_260' title='bbox 1438 2207 1551 2244; x_wconf 91' lang='lat' dir='ltr'><strong>non</strong></span> <span class='ocrx_word' id='word_1_261' title='bbox 1585 2192 1950 2247; x_wconf 89' lang='lat' dir='ltr'><strong>accusabunt</strong></span> <span class='ocrx_word' id='word_1_262' title='bbox 1968 2198 2021 2248; x_wconf 88' lang='lat' dir='ltr'><strong>te</strong></span> 
     </span>
    </p>
   </div>
   <div class='ocr_carea' id='block_1_37' title="bbox 353 2275 2019 2350">
    <p class='ocr_par' dir='ltr' id='par_1_37' title="bbox 353 2275 2019 2350">
     <span class='ocr_line' id='line_1_37' title="bbox 353 2275 2019 2350; baseline 0.002 -17"><span class='ocrx_word' id='word_1_263' title='bbox 353 2275 559 2350; x_wconf 91' lang='lat' dir='ltr'><strong>populi</strong></span> <span class='ocrx_word' id='word_1_264' title='bbox 593 2276 748 2348; x_wconf 89' lang='lat' dir='ltr'><strong>quod</strong></span> <span class='ocrx_word' id='word_1_265' title='bbox 782 2279 917 2348; x_wconf 88' lang='lat' dir='ltr'><strong>typo</strong></span> <span class='ocrx_word' id='word_1_266' title='bbox 944 2275 1230 2348; x_wconf 80' lang='lat' dir='ltr'><strong>superbiae</strong></span> <span class='ocrx_word' id='word_1_267' title='bbox 1259 2276 1465 2334; x_wconf 87' lang='lat' dir='ltr'><strong>inflata</strong></span> <span class='ocrx_word' id='word_1_268' title='bbox 1496 2279 1598 2335; x_wconf 89' lang='lat' dir='ltr'><strong>sis.</strong></span> <span class='ocrx_word' id='word_1_269' title='bbox 1633 2303 1661 2329; x_wconf 89' lang='grc'><em>‹‹</em></span> <span class='ocrx_word' id='word_1_270' title='bbox 1698 2280 1759 2336; x_wconf 91' lang='lat' dir='ltr'><strong>In</strong></span> <span class='ocrx_word' id='word_1_271' title='bbox 1792 2281 2019 2337; x_wconf 86' lang='lat' dir='ltr'><strong>Cethim</strong></span> 
     </span>
    </p>
   </div>
   <div class='ocr_carea' id='block_1_38' title="bbox 352 2365 2015 2443">
    <p class='ocr_par' dir='ltr' id='par_1_38' title="bbox 352 2365 2015 2443">
     <span class='ocr_line' id='line_1_38' title="bbox 352 2365 2015 2443; baseline 0.002 -21"><span class='ocrx_word' id='word_1_272' title='bbox 352 2381 723 2436; x_wconf 86' lang='lat' dir='ltr'><strong>consurgens</strong></span> <span class='ocrx_word' id='word_1_273' title='bbox 752 2365 1089 2422; x_wconf 84' lang='lat' dir='ltr'><strong>transfreta.</strong></span> <span class='ocrx_word' id='word_1_274' title='bbox 1130 2389 1156 2415; x_wconf 90' lang='lat'><strong>»</strong></span> <span class='ocrx_word' id='word_1_275' title='bbox 1188 2367 1312 2422; x_wconf 87' lang='lat' dir='ltr'><strong>Vox</strong></span> <span class='ocrx_word' id='word_1_276' title='bbox 1342 2369 1639 2440; x_wconf 71' lang='lat' dir='ltr'><strong>propheta:</strong></span> <span class='ocrx_word' id='word_1_277' title='bbox 1670 2371 1743 2425; x_wconf 91' lang='lat' dir='ltr'><strong>ad</strong></span> <span class='ocrx_word' id='word_1_278' title='bbox 1776 2372 2015 2443; x_wconf 83' lang='lat' dir='ltr'><strong>Tyrum.</strong></span> 
     </span>
    </p>
   </div>
   <div class='ocr_carea' id='block_1_39' title="bbox 352 2453 2018 2523">
    <p class='ocr_par' dir='ltr' id='par_1_39' title="bbox 352 2453 2018 2523">
     <span class='ocr_line' id='line_1_39' title="bbox 352 2453 2018 2523; baseline 0.002 -11"><span class='ocrx_word' id='word_1_279' title='bbox 352 2455 421 2513; x_wconf 90' lang='lat' dir='ltr'><strong>In</strong></span> <span class='ocrx_word' id='word_1_280' title='bbox 445 2454 695 2520; x_wconf 91' lang='lat' dir='ltr'><strong>Cetbim,</strong></span> <span class='ocrx_word' id='word_1_281' title='bbox 729 2453 787 2509; x_wconf 91' lang='lat' dir='ltr'><strong>id</strong></span> <span class='ocrx_word' id='word_1_282' title='bbox 811 2459 921 2522; x_wconf 89' lang='lat' dir='ltr'><strong>est,</strong></span> <span class='ocrx_word' id='word_1_283' title='bbox 955 2455 1015 2510; x_wconf 92' lang='lat' dir='ltr'><strong>in</strong></span> <span class='ocrx_word' id='word_1_284' title='bbox 1046 2455 1329 2512; x_wconf 83' lang='lat' dir='ltr'><strong>Graeciam</strong></span> <span class='ocrx_word' id='word_1_285' title='bbox 1362 2457 1409 2512; x_wconf 91' lang='lat' dir='ltr'><strong>si</strong></span> <span class='ocrx_word' id='word_1_286' title='bbox 1444 2458 1601 2523; x_wconf 88' lang='lat' dir='ltr'><strong>ieris,</strong></span> <span class='ocrx_word' id='word_1_287' title='bbox 1630 2477 1745 2515; x_wconf 92' lang='lat' dir='ltr'><strong>non</strong></span> <span class='ocrx_word' id='word_1_288' title='bbox 1774 2460 2018 2517; x_wconf 87' lang='lat' dir='ltr'><strong>habebis</strong></span> 
     </span>
    </p>
   </div>
   <div class='ocr_carea' id='block_1_40' title="bbox 349 2543 2019 2617">
    <p class='ocr_par' dir='ltr' id='par_1_40' title="bbox 349 2543 2019 2617">
     <span class='ocr_line' id='line_1_40' title="bbox 349 2543 2019 2617; baseline 0.003 -15"><span class='ocrx_word' id='word_1_289' title='bbox 349 2544 642 2617; x_wconf 86' lang='lat' dir='ltr'><strong>requiem.</strong></span> <span class='ocrx_word' id='word_1_290' title='bbox 678 2544 761 2599; x_wconf 92' lang='lat' dir='ltr'><strong>De</strong></span> <span class='ocrx_word' id='word_1_291' title='bbox 801 2543 922 2599; x_wconf 90' lang='lat' dir='ltr'><strong>illis</strong></span> <span class='ocrx_word' id='word_1_292' title='bbox 963 2543 1107 2600; x_wconf 87' lang='lat' dir='ltr'><strong>dicit</strong></span> <span class='ocrx_word' id='word_1_293' title='bbox 1153 2545 1254 2617; x_wconf 93' lang='lat' dir='ltr'><strong>qui</strong></span> <span class='ocrx_word' id='word_1_294' title='bbox 1303 2547 1669 2603; x_wconf 89' lang='lat' dir='ltr'><strong>transierunt</strong></span> <span class='ocrx_word' id='word_1_295' title='bbox 1716 2566 1879 2605; x_wconf 89' lang='lat' dir='ltr'><strong>mare</strong></span> <span class='ocrx_word' id='word_1_296' title='bbox 1914 2568 1925 2606; x_wconf 92' lang='lat'>:</span> <span class='ocrx_word' id='word_1_297' title='bbox 1961 2556 2019 2607; x_wconf 91' lang='lat' dir='ltr'><strong>et</strong></span> 
     </span>
    </p>
   </div>
   <div class='ocr_carea' id='block_1_41' title="bbox 349 2633 2013 2711">
    <p class='ocr_par' dir='ltr' id='par_1_41' title="bbox 349 2633 2013 2711">
     <span class='ocr_line' id='line_1_41' title="bbox 349 2633 2013 2711; baseline 0.001 -18"><span class='ocrx_word' id='word_1_298' title='bbox 349 2636 637 2707; x_wconf 82' lang='lat' dir='ltr'><strong>fugerunt</strong></span> <span class='ocrx_word' id='word_1_299' title='bbox 657 2633 717 2688; x_wconf 91' lang='lat' dir='ltr'><strong>in</strong></span> <span class='ocrx_word' id='word_1_300' title='bbox 740 2634 1053 2706; x_wconf 66' lang='lat' dir='ltr'><strong>Egyptum</strong></span> <span class='ocrx_word' id='word_1_301' title='bbox 1085 2639 1142 2690; x_wconf 89' lang='lat' dir='ltr'><strong>et</strong></span> <span class='ocrx_word' id='word_1_302' title='bbox 1174 2634 1232 2689; x_wconf 91' lang='lat' dir='ltr'><strong>in</strong></span> <span class='ocrx_word' id='word_1_303' title='bbox 1265 2635 1567 2693; x_wconf 78' lang='lat' dir='ltr'><strong>Graeciam.</strong></span> <span class='ocrx_word' id='word_1_304' title='bbox 1588 2639 1659 2693; x_wconf 89' lang='lat' dir='ltr'><strong>Et</strong></span> <span class='ocrx_word' id='word_1_305' title='bbox 1688 2656 1868 2711; x_wconf 88' lang='lat' dir='ltr'><strong>quare</strong></span> <span class='ocrx_word' id='word_1_306' title='bbox 1900 2657 2013 2696; x_wconf 89' lang='lat' dir='ltr'><strong>non</strong></span> 
     </span>
    </p>
   </div>
   <div class='ocr_carea' id='block_1_42' title="bbox 348 2722 2016 2799">
    <p class='ocr_par' dir='ltr' id='par_1_42' title="bbox 348 2722 2016 2799">
     <span class='ocr_line' id='line_1_42' title="bbox 348 2722 2016 2799; baseline 0.003 -19"><span class='ocrx_word' id='word_1_307' title='bbox 348 2724 691 2781; x_wconf 89' lang='lat' dir='ltr'><strong>habuerunt</strong></span> <span class='ocrx_word' id='word_1_308' title='bbox 721 2722 803 2778; x_wconf 90' lang='lat' dir='ltr'><strong>ibi</strong></span> <span class='ocrx_word' id='word_1_309' title='bbox 834 2723 1098 2795; x_wconf 88' lang='lat' dir='ltr'><strong>requiem</strong></span> <span class='ocrx_word' id='word_1_310' title='bbox 1122 2725 1151 2779; x_wconf 76' lang='lat' dir='ltr'><strong>‘I</strong></span> <span class='ocrx_word' id='word_1_311' title='bbox 1181 2726 1329 2791; x_wconf 89' lang='lat' dir='ltr'><strong>Quia</strong></span> <span class='ocrx_word' id='word_1_312' title='bbox 1374 2727 1781 2799; x_wconf 90' lang='lat' dir='ltr'><strong>comprehensi</strong></span> <span class='ocrx_word' id='word_1_313' title='bbox 1815 2732 1955 2784; x_wconf 90' lang='lat' dir='ltr'><strong>sunt</strong></span> <span class='ocrx_word' id='word_1_314' title='bbox 1982 2747 2016 2785; x_wconf 91' lang='lat' dir='ltr'><strong>a</strong></span> 
     </span>
    </p>
   </div>
   <div class='ocr_carea' id='block_1_43' title="bbox 349 2812 922 2871">
    <p class='ocr_par' dir='ltr' id='par_1_43' title="bbox 349 2812 922 2871">
     <span class='ocr_line' id='line_1_43' title="bbox 349 2812 922 2871; baseline -0.007 0"><span class='ocrx_word' id='word_1_315' title='bbox 349 2812 922 2871; x_wconf 87' lang='lat' dir='ltr'><strong>Nabuchodonosor.</strong></span> 
     </span>
    </p>
   </div>
   <div class='ocr_carea' id='block_1_44' title="bbox 422 2902 2012 2980">
    <p class='ocr_par' dir='ltr' id='par_1_44' title="bbox 422 2902 2012 2980">
     <span class='ocr_line' id='line_1_44' title="bbox 422 2902 2012 2980; baseline 0.004 -27"><span class='ocrx_word' id='word_1_316' title='bbox 422 2924 452 2953; x_wconf 89' lang='grc'><em>‹‹</em></span> <span class='ocrx_word' id='word_1_317' title='bbox 471 2904 614 2959; x_wconf 85' lang='lat' dir='ltr'><strong>Ecce</strong></span> <span class='ocrx_word' id='word_1_318' title='bbox 634 2906 792 2958; x_wconf 89' lang='lat' dir='ltr'><strong>terra</strong></span> <span class='ocrx_word' id='word_1_319' title='bbox 814 2902 1217 2960; x_wconf 61' lang='lat' dir='ltr'><strong>Chaldaeorum</strong></span> <span class='ocrx_word' id='word_1_320' title='bbox 1248 2904 1385 2961; x_wconf 81' lang='lat' dir='ltr'><strong>talis</strong></span> <span class='ocrx_word' id='word_1_321' title='bbox 1416 2907 1670 2980; x_wconf 91' lang='lat' dir='ltr'><strong>populus</strong></span> <span class='ocrx_word' id='word_1_322' title='bbox 1695 2925 1810 2965; x_wconf 91' lang='lat' dir='ltr'><strong>non</strong></span> <span class='ocrx_word' id='word_1_323' title='bbox 1845 2909 2012 2964; x_wconf 83' lang='lat' dir='ltr'><strong>fuit.»</strong></span> 
     </span>
    </p>
   </div>
   <div class='ocr_carea' id='block_1_45' title="bbox 348 2991 2010 3065">
    <p class='ocr_par' dir='ltr' id='par_1_45' title="bbox 348 2991 2010 3065">
     <span class='ocr_line' id='line_1_45' title="bbox 348 2991 2010 3065; baseline 0.003 -16"><span class='ocrx_word' id='word_1_324' title='bbox 348 2994 699 3060; x_wconf 69' lang='lat' dir='ltr'><strong>notandum,</strong></span> <span class='ocrx_word' id='word_1_325' title='bbox 733 2991 876 3065; x_wconf 89' lang='lat' dir='ltr'><strong>quia</strong></span> <span class='ocrx_word' id='word_1_326' title='bbox 927 3009 1043 3049; x_wconf 91' lang='lat' dir='ltr'><strong>non</strong></span> <span class='ocrx_word' id='word_1_327' title='bbox 1091 2994 1238 3050; x_wconf 85' lang='lat' dir='ltr'><strong>dixit</strong></span> <span class='ocrx_word' id='word_1_328' title='bbox 1281 3013 1397 3051; x_wconf 94' lang='lat' dir='ltr'><strong>non</strong></span> <span class='ocrx_word' id='word_1_329' title='bbox 1428 2996 1560 3064; x_wconf 88' lang='lat' dir='ltr'><strong>erit,</strong></span> <span class='ocrx_word' id='word_1_330' title='bbox 1595 2998 1695 3053; x_wconf 90' lang='lat' dir='ltr'><strong>sed</strong></span> <span class='ocrx_word' id='word_1_331' title='bbox 1730 3016 1845 3053; x_wconf 90' lang='lat' dir='ltr'><strong>non</strong></span> <span class='ocrx_word' id='word_1_332' title='bbox 1880 2999 2010 3055; x_wconf 87' lang='lat' dir='ltr'><strong>fuit.</strong></span> 
     </span>
    </p>
   </div>
   <div class='ocr_carea' id='block_1_46' title="bbox 345 3081 2010 3158">
    <p class='ocr_par' dir='ltr' id='par_1_46' title="bbox 345 3081 2010 3158">
     <span class='ocr_line' id='line_1_46' title="bbox 345 3081 2010 3158; baseline 0.005 -21"><span class='ocrx_word' id='word_1_333' title='bbox 345 3082 568 3139; x_wconf 83' lang='lat' dir='ltr'><strong>Verum</strong></span> <span class='ocrx_word' id='word_1_334' title='bbox 592 3086 682 3138; x_wconf 92' lang='lat' dir='ltr'><strong>est</strong></span> <span class='ocrx_word' id='word_1_335' title='bbox 710 3081 1037 3155; x_wconf 88' lang='lat' dir='ltr'><strong>enim,quia</strong></span> <span class='ocrx_word' id='word_1_336' title='bbox 1061 3086 1335 3158; x_wconf 89' lang='lat' dir='ltr'><strong>usquead</strong></span> <span class='ocrx_word' id='word_1_337' title='bbox 1361 3090 1608 3142; x_wconf 86' lang='lat' dir='ltr'><strong>mortem</strong></span> <span class='ocrx_word' id='word_1_338' title='bbox 1630 3089 2010 3144; x_wconf 82' lang='lat' dir='ltr'><strong>Nabuchodo-</strong></span> 
     </span>
    </p>
   </div>
   <div class='ocr_carea' id='block_1_47' title="bbox 347 3171 2014 3251">
    <p class='ocr_par' dir='ltr' id='par_1_47' title="bbox 347 3171 2014 3251">
     <span class='ocr_line' id='line_1_47' title="bbox 347 3171 2014 3251; baseline 0.004 -24"><span class='ocrx_word' id='word_1_339' title='bbox 347 3187 529 3227; x_wconf 89' lang='lat' dir='ltr'><strong>nosor</strong></span> <span class='ocrx_word' id='word_1_340' title='bbox 549 3171 857 3228; x_wconf 86' lang='lat' dir='ltr'><strong>fortissimi</strong></span> <span class='ocrx_word' id='word_1_341' title='bbox 888 3188 1066 3244; x_wconf 90' lang='lat' dir='ltr'><strong>super</strong></span> <span class='ocrx_word' id='word_1_342' title='bbox 1088 3191 1293 3231; x_wconf 89' lang='lat' dir='ltr'><strong>omnes</strong></span> <span class='ocrx_word' id='word_1_343' title='bbox 1324 3181 1528 3247; x_wconf 86' lang='lat' dir='ltr'><strong>gentes</strong></span> <span class='ocrx_word' id='word_1_344' title='bbox 1560 3177 1813 3233; x_wconf 76' lang='lat' dir='ltr'><strong>Chaldzei</strong></span> <span class='ocrx_word' id='word_1_345' title='bbox 1843 3180 2014 3251; x_wconf 90' lang='lat' dir='ltr'><strong>Assy-</strong></span> 
     </span>
    </p>
   </div>
   <div class='ocr_carea' id='block_1_48' title="bbox 324 3261 2008 3333">
    <p class='ocr_par' dir='ltr' id='par_1_48' title="bbox 324 3261 2008 3333">
     <span class='ocr_line' id='line_1_48' title="bbox 324 3261 2008 3333; baseline 0.004 -16"><span class='ocrx_word' id='word_1_346' title='bbox 324 3261 541 3333; x_wconf 85' lang='lat' dir='ltr'><strong>-riique</strong></span> <span class='ocrx_word' id='word_1_347' title='bbox 571 3261 828 3317; x_wconf 89' lang='lat' dir='ltr'><strong>fuerunt.</strong></span> <span class='ocrx_word' id='word_1_348' title='bbox 864 3262 1071 3318; x_wconf 88' lang='lat' dir='ltr'><strong>Postea</strong></span> <span class='ocrx_word' id='word_1_349' title='bbox 1115 3267 1311 3319; x_wconf 90' lang='lat' dir='ltr'><strong>autem</strong></span> <span class='ocrx_word' id='word_1_350' title='bbox 1344 3266 1677 3322; x_wconf 81' lang='lat' dir='ltr'><strong>Graecorum</strong></span> <span class='ocrx_word' id='word_1_351' title='bbox 1708 3271 1765 3323; x_wconf 91' lang='lat' dir='ltr'><strong>et</strong></span> <span class='ocrx_word' id='word_1_352' title='bbox 1797 3269 2008 3324; x_wconf 82' lang='lat' dir='ltr'><strong>Roma-</strong></span> 
     </span>
    </p>
   </div>
   <div class='ocr_carea' id='block_1_49' title="bbox 350 3322 2083 3427">
    <p class='ocr_par' dir='ltr' id='par_1_49' title="bbox 350 3322 2083 3427">
     <span class='ocr_line' id='line_1_49' title="bbox 350 3322 2083 3427; baseline 0.002 -19"><span class='ocrx_word' id='word_1_353' title='bbox 350 3322 563 3408; x_wconf 70' lang='lat' dir='ltr'><strong>norum</strong></span> <span class='ocrx_word' id='word_1_354' title='bbox 597 3349 853 3421; x_wconf 91' lang='lat' dir='ltr'><strong>populus</strong></span> <span class='ocrx_word' id='word_1_355' title='bbox 884 3350 1088 3406; x_wconf 86' lang='lat' dir='ltr'><strong>fortior</strong></span> <span class='ocrx_word' id='word_1_356' title='bbox 1117 3352 1247 3407; x_wconf 87' lang='lat' dir='ltr'><strong>fuit.</strong></span> <span class='ocrx_word' id='word_1_357' title='bbox 1274 3354 1501 3409; x_wconf 82' lang='lat' dir='ltr'><strong>«Assur</strong></span> <span class='ocrx_word' id='word_1_358' title='bbox 1530 3322 2006 3427; x_wconf 83' lang='lat' dir='ltr'><strong>fundaviteam,»</strong></span> 
     </span>
    </p>
   </div>
   <div class='ocr_carea' id='block_1_50' title="bbox 348 3437 2011 3514">
    <p class='ocr_par' dir='ltr' id='par_1_50' title="bbox 348 3437 2011 3514">
     <span class='ocr_line' id='line_1_50' title="bbox 348 3437 2011 3514; baseline 0.004 -17"><span class='ocrx_word' id='word_1_359' title='bbox 348 3439 639 3497; x_wconf 81' lang='lat' dir='ltr'><strong>subaudis</strong></span> <span class='ocrx_word' id='word_1_360' title='bbox 669 3437 831 3494; x_wconf 84' lang='lat' dir='ltr'><strong>illam</strong></span> <span class='ocrx_word' id='word_1_361' title='bbox 862 3442 1101 3495; x_wconf 87' lang='lat' dir='ltr'><strong>terram.</strong></span> <span class='ocrx_word' id='word_1_362' title='bbox 1133 3441 1319 3498; x_wconf 85' lang='lat' dir='ltr'><strong>Assur</strong></span> <span class='ocrx_word' id='word_1_363' title='bbox 1347 3444 1795 3514; x_wconf 90' lang='lat' dir='ltr'><strong>potentissimus</strong></span> <span class='ocrx_word' id='word_1_364' title='bbox 1824 3451 1882 3503; x_wconf 89' lang='lat' dir='ltr'><strong>et</strong></span> <span class='ocrx_word' id='word_1_365' title='bbox 1903 3448 2011 3503; x_wconf 86' lang='lat' dir='ltr'><strong>for-</strong></span> 
     </span>
    </p>
   </div>
   <div class='ocr_carea' id='block_1_51' title="bbox 347 3527 2010 3609">
    <p class='ocr_par' dir='ltr' id='par_1_51' title="bbox 347 3527 2010 3609">
     <span class='ocr_line' id='line_1_51' title="bbox 347 3527 2010 3609; baseline 0.004 -24"><span class='ocrx_word' id='word_1_366' title='bbox 347 3528 622 3585; x_wconf 88' lang='lat' dir='ltr'><strong>tissimus</strong></span> <span class='ocrx_word' id='word_1_367' title='bbox 650 3527 828 3584; x_wconf 90' lang='lat' dir='ltr'><strong>homo</strong></span> <span class='ocrx_word' id='word_1_368' title='bbox 860 3527 1033 3593; x_wconf 88' lang='lat' dir='ltr'><strong>fuit,a</strong></span> <span class='ocrx_word' id='word_1_369' title='bbox 1057 3546 1173 3600; x_wconf 89' lang='lat' dir='ltr'><strong>quo</strong></span> <span class='ocrx_word' id='word_1_370' title='bbox 1205 3531 1448 3587; x_wconf 88' lang='lat' dir='ltr'><strong>fundata</strong></span> <span class='ocrx_word' id='word_1_371' title='bbox 1466 3536 1574 3599; x_wconf 91' lang='lat' dir='ltr'><strong>est,</strong></span> <span class='ocrx_word' id='word_1_372' title='bbox 1595 3535 1653 3589; x_wconf 92' lang='lat' dir='ltr'><strong>id</strong></span> <span class='ocrx_word' id='word_1_373' title='bbox 1686 3539 1794 3603; x_wconf 91' lang='lat' dir='ltr'><strong>est,</strong></span> <span class='ocrx_word' id='word_1_374' title='bbox 1828 3554 1863 3591; x_wconf 95' lang='lat' dir='ltr'><strong>a</strong></span> <span class='ocrx_word' id='word_1_375' title='bbox 1897 3554 2010 3609; x_wconf 92' lang='lat' dir='ltr'><strong>quo</strong></span> 
     </span>
    </p>
   </div>
   <div class='ocr_carea' id='block_1_52' title="bbox 349 3613 2014 3692">
    <p class='ocr_par' dir='ltr' id='par_1_52' title="bbox 349 3613 2014 3692">
     <span class='ocr_line' id='line_1_52' title="bbox 349 3613 2014 3692; baseline 0.006 -22"><span class='ocrx_word' id='word_1_376' title='bbox 349 3613 639 3686; x_wconf 84' lang='lat' dir='ltr'><strong>originem</strong></span> <span class='ocrx_word' id='word_1_377' title='bbox 665 3616 1195 3686; x_wconf 88' lang='lat' dir='ltr'><strong>sumpserunt.Vox</strong></span> <span class='ocrx_word' id='word_1_378' title='bbox 1223 3618 1535 3689; x_wconf 60' lang='lat' dir='ltr'><strong>prophetis.</strong></span> <span class='ocrx_word' id='word_1_379' title='bbox 1556 3621 1683 3692; x_wconf 90' lang='lat' dir='ltr'><strong>Ipse</strong></span> <span class='ocrx_word' id='word_1_380' title='bbox 1714 3625 1898 3679; x_wconf 88' lang='lat' dir='ltr'><strong>Assur</strong></span> <span class='ocrx_word' id='word_1_381' title='bbox 1923 3642 2014 3680; x_wconf 86' lang='lat' dir='ltr'><strong>ve-</strong></span> 
     </span>
    </p>
   </div>
   <div class='ocr_carea' id='block_1_53' title="bbox 351 3704 2013 3779">
    <p class='ocr_par' dir='ltr' id='par_1_53' title="bbox 351 3704 2013 3779">
     <span class='ocr_line' id='line_1_53' title="bbox 351 3704 2013 3779; baseline 0.006 -20"><span class='ocrx_word' id='word_1_382' title='bbox 351 3704 441 3759; x_wconf 89' lang='lat' dir='ltr'><strong>nit</strong></span> <span class='ocrx_word' id='word_1_383' title='bbox 460 3721 639 3775; x_wconf 88' lang='lat' dir='ltr'><strong>super</strong></span> <span class='ocrx_word' id='word_1_384' title='bbox 658 3706 773 3774; x_wconf 89' lang='lat' dir='ltr'><strong>te,o</strong></span> <span class='ocrx_word' id='word_1_385' title='bbox 795 3704 964 3776; x_wconf 88' lang='lat' dir='ltr'><strong>Tyre,</strong></span> <span class='ocrx_word' id='word_1_386' title='bbox 988 3728 1014 3754; x_wconf 90' lang='grc'><strong>‹‹</strong></span> <span class='ocrx_word' id='word_1_387' title='bbox 1042 3705 1100 3760; x_wconf 90' lang='lat' dir='ltr'><strong>in</strong></span> <span class='ocrx_word' id='word_1_388' title='bbox 1126 3707 1519 3779; x_wconf 85' lang='lat' dir='ltr'><strong>captivitatem</strong></span> <span class='ocrx_word' id='word_1_389' title='bbox 1550 3713 2013 3769; x_wconf 82' lang='lat' dir='ltr'><strong>transduxerunt</strong></span> 
     </span>
    </p>
   </div>
   <div class='ocr_carea' id='block_1_54' title="bbox 353 3793 2013 3874">
    <p class='ocr_par' dir='ltr' id='par_1_54' title="bbox 353 3793 2013 3874">
     <span class='ocr_line' id='line_1_54' title="bbox 353 3793 2013 3874; baseline 0.005 -25"><span class='ocrx_word' id='word_1_390' title='bbox 353 3794 629 3849; x_wconf 89' lang='lat' dir='ltr'><strong>robustos</strong></span> <span class='ocrx_word' id='word_1_391' title='bbox 656 3815 683 3841; x_wconf 91' lang='lat'><strong>»</strong></span> <span class='ocrx_word' id='word_1_392' title='bbox 716 3793 834 3848; x_wconf 90' lang='lat' dir='ltr'><strong>sive</strong></span> <span class='ocrx_word' id='word_1_393' title='bbox 879 3794 1139 3865; x_wconf 90' lang='lat' dir='ltr'><strong>captivos</strong></span> <span class='ocrx_word' id='word_1_394' title='bbox 1172 3817 1200 3845; x_wconf 85' lang='lat'>«</span> <span class='ocrx_word' id='word_1_395' title='bbox 1229 3797 1378 3867; x_wconf 90' lang='lat' dir='ltr'><strong>ejus.</strong></span> <span class='ocrx_word' id='word_1_396' title='bbox 1417 3820 1445 3847; x_wconf 87' lang='lat'><strong>»</strong></span> <span class='ocrx_word' id='word_1_397' title='bbox 1479 3798 1661 3871; x_wconf 88' lang='lat' dir='ltr'><strong>Cujus</strong></span> <span class='ocrx_word' id='word_1_398' title='bbox 1705 3803 2013 3874; x_wconf 85' lang='lat' dir='ltr'><strong>captivos?</strong></span> 
     </span>
    </p>
   </div>
   <div class='ocr_carea' id='block_1_55' title="bbox 351 3882 2014 3957">
    <p class='ocr_par' dir='ltr' id='par_1_55' title="bbox 351 3882 2014 3957">
     <span class='ocr_line' id='line_1_55' title="bbox 351 3882 2014 3957; baseline 0.005 -17"><span class='ocrx_word' id='word_1_399' title='bbox 351 3882 488 3956; x_wconf 84' lang='lat' dir='ltr'><strong>Tyri</strong></span> <span class='ocrx_word' id='word_1_400' title='bbox 520 3905 550 3934; x_wconf 87' lang='lat'><strong><em>«</em></strong></span> <span class='ocrx_word' id='word_1_401' title='bbox 583 3882 952 3940; x_wconf 73' lang='lat' dir='ltr'><strong>suifoderunt</strong></span> <span class='ocrx_word' id='word_1_402' title='bbox 982 3884 1188 3941; x_wconf 91' lang='lat' dir='ltr'><strong>domos</strong></span> <span class='ocrx_word' id='word_1_403' title='bbox 1218 3887 1404 3957; x_wconf 85' lang='lat' dir='ltr'><strong>ejus.»</strong></span> <span class='ocrx_word' id='word_1_404' title='bbox 1438 3889 1681 3955; x_wconf 86' lang='lat' dir='ltr'><strong>Quando</strong></span> <span class='ocrx_word' id='word_1_405' title='bbox 1712 3891 2014 3949; x_wconf 92' lang='lat' dir='ltr'><strong>Nabucho-</strong></span> 
     </span>
    </p>
   </div>
   <div class='ocr_carea' id='block_1_56' title="bbox 349 3971 2007 4050">
    <p class='ocr_par' dir='ltr' id='par_1_56' title="bbox 349 3971 2007 4050">
     <span class='ocr_line' id='line_1_56' title="bbox 349 3971 2007 4050; baseline 0.004 -20"><span class='ocrx_word' id='word_1_406' title='bbox 349 3974 607 4030; x_wconf 88' lang='lat' dir='ltr'><strong>donosor</strong></span> <span class='ocrx_word' id='word_1_407' title='bbox 637 3971 869 4045; x_wconf 86' lang='lat' dir='ltr'><strong>navigio</strong></span> <span class='ocrx_word' id='word_1_408' title='bbox 890 3973 1049 4029; x_wconf 86' lang='lat' dir='ltr'><strong>venit</strong></span> <span class='ocrx_word' id='word_1_409' title='bbox 1068 3975 1140 4029; x_wconf 90' lang='lat' dir='ltr'><strong>ad</strong></span> <span class='ocrx_word' id='word_1_410' title='bbox 1165 3975 1527 4047; x_wconf 80' lang='lat' dir='ltr'><strong>Tyrum,non</strong></span> <span class='ocrx_word' id='word_1_411' title='bbox 1562 3978 1753 4035; x_wconf 89' lang='lat' dir='ltr'><strong>solum</strong></span> <span class='ocrx_word' id='word_1_412' title='bbox 1785 3998 2007 4050; x_wconf 89' lang='lat' dir='ltr'><strong>muros,</strong></span> 
     </span>
    </p>
   </div>
   <div class='ocr_carea' id='block_1_57' title="bbox 350 4062 2014 4139">
    <p class='ocr_par' dir='ltr' id='par_1_57' title="bbox 350 4062 2014 4139">
     <span class='ocr_line' id='line_1_57' title="bbox 350 4062 2014 4139; baseline 0.004 -20"><span class='ocrx_word' id='word_1_413' title='bbox 350 4064 453 4119; x_wconf 89' lang='lat' dir='ltr'><strong>sed</strong></span> <span class='ocrx_word' id='word_1_414' title='bbox 474 4062 653 4118; x_wconf 88' lang='lat' dir='ltr'><strong>etiam</strong></span> <span class='ocrx_word' id='word_1_415' title='bbox 671 4062 878 4119; x_wconf 91' lang='lat' dir='ltr'><strong>domos</strong></span> <span class='ocrx_word' id='word_1_416' title='bbox 894 4079 1100 4120; x_wconf 89' lang='lat' dir='ltr'><strong>omnes</strong></span> <span class='ocrx_word' id='word_1_417' title='bbox 1120 4064 1423 4133; x_wconf 87' lang='lat' dir='ltr'><strong>subvertit,</strong></span> <span class='ocrx_word' id='word_1_418' title='bbox 1458 4070 1515 4122; x_wconf 92' lang='lat' dir='ltr'><strong>et</strong></span> <span class='ocrx_word' id='word_1_419' title='bbox 1538 4085 1664 4139; x_wconf 69' lang='lat' dir='ltr'><strong>qua:</strong></span> <span class='ocrx_word' id='word_1_420' title='bbox 1686 4073 1859 4126; x_wconf 87' lang='lat' dir='ltr'><strong>antea</strong></span> <span class='ocrx_word' id='word_1_421' title='bbox 1888 4076 2014 4128; x_wconf 89' lang='lat' dir='ltr'><strong>erat</strong></span> 
     </span>
    </p>
   </div>
   <div class='ocr_carea' id='block_1_58' title="bbox 350 4151 2008 4233">
    <p class='ocr_par' dir='ltr' id='par_1_58' title="bbox 350 4151 2008 4233">
     <span class='ocr_line' id='line_1_58' title="bbox 350 4151 2008 4233; baseline 0.005 -23"><span class='ocrx_word' id='word_1_422' title='bbox 350 4151 671 4224; x_wconf 83' lang='lat' dir='ltr'><strong>negotiatio</strong></span> <span class='ocrx_word' id='word_1_423' title='bbox 705 4151 1032 4224; x_wconf 88' lang='lat' dir='ltr'><strong>civitatum,</strong></span> <span class='ocrx_word' id='word_1_424' title='bbox 1065 4154 1221 4210; x_wconf 84' lang='lat' dir='ltr'><strong>facta</strong></span> <span class='ocrx_word' id='word_1_425' title='bbox 1250 4158 1340 4211; x_wconf 90' lang='lat' dir='ltr'><strong>est</strong></span> <span class='ocrx_word' id='word_1_426' title='bbox 1369 4154 1609 4213; x_wconf 89' lang='lat' dir='ltr'><strong>siccatio</strong></span> <span class='ocrx_word' id='word_1_427' title='bbox 1669 4159 2008 4233; x_wconf 84' lang='lat' dir='ltr'><strong>saginarum</strong></span> 
     </span>
    </p>
   </div>
   <div class='ocr_carea' id='block_1_59' title="bbox 351 4240 1100 4315">
    <p class='ocr_par' dir='ltr' id='par_1_59' title="bbox 351 4240 1100 4315">
     <span class='ocr_line' id='line_1_59' title="bbox 351 4240 1100 4315; baseline 0 -17"><span class='ocrx_word' id='word_1_428' title='bbox 351 4258 456 4314; x_wconf 91' lang='lat' dir='ltr'><strong>per</strong></span> <span class='ocrx_word' id='word_1_429' title='bbox 485 4240 863 4315; x_wconf 83' lang='lat' dir='ltr'><strong>septuaginta</strong></span> <span class='ocrx_word' id='word_1_430' title='bbox 892 4259 1100 4299; x_wconf 90' lang='lat' dir='ltr'><strong>annos.</strong></span> 
     </span>
    </p>
   </div>
   <div class='ocr_carea' id='block_1_60' title="bbox 424 4329 2008 4413">
    <p class='ocr_par' dir='ltr' id='par_1_60' title="bbox 424 4329 2008 4413">
     <span class='ocr_line' id='line_1_60' title="bbox 424 4329 2008 4413; baseline 0.011 -32"><span class='ocrx_word' id='word_1_431' title='bbox 424 4354 452 4381; x_wconf 81' lang='grc'><em>‹‹</em></span> <span class='ocrx_word' id='word_1_432' title='bbox 466 4332 538 4387; x_wconf 88' lang='lat' dir='ltr'><strong>Et</strong></span> <span class='ocrx_word' id='word_1_433' title='bbox 555 4330 668 4388; x_wconf 88' lang='lat' dir='ltr'><strong>erit</strong></span> <span class='ocrx_word' id='word_1_434' title='bbox 680 4330 739 4385; x_wconf 92' lang='lat' dir='ltr'><strong>in</strong></span> <span class='ocrx_word' id='word_1_435' title='bbox 761 4330 856 4386; x_wconf 88' lang='lat' dir='ltr'><strong>die</strong></span> <span class='ocrx_word' id='word_1_436' title='bbox 878 4329 1000 4403; x_wconf 87' lang='lat' dir='ltr'><strong>illa,</strong></span> <span class='ocrx_word' id='word_1_437' title='bbox 1013 4331 1076 4387; x_wconf 92' lang='lat' dir='ltr'><strong>in</strong></span> <span class='ocrx_word' id='word_1_438' title='bbox 1089 4332 1378 4391; x_wconf 89' lang='lat' dir='ltr'><strong>oblivione</strong></span> <span class='ocrx_word' id='word_1_439' title='bbox 1395 4336 1532 4403; x_wconf 90' lang='lat' dir='ltr'><strong>eris,</strong></span> <span class='ocrx_word' id='word_1_440' title='bbox 1546 4354 1579 4393; x_wconf 90' lang='grc' dir='ltr'>ο</span> <span class='ocrx_word' id='word_1_441' title='bbox 1592 4340 1759 4411; x_wconf 85' lang='lat' dir='ltr'><strong>Tyre,</strong></span> <span class='ocrx_word' id='word_1_442' title='bbox 1775 4345 2008 4413; x_wconf 88' lang='lat' dir='ltr'><strong>septua-</strong></span> 
     </span>
    </p>
   </div>
   <div class='ocr_carea' id='block_1_61' title="bbox 350 4417 2006 4501">
    <p class='ocr_par' dir='ltr' id='par_1_61' title="bbox 350 4417 2006 4501">
     <span class='ocr_line' id='line_1_61' title="bbox 350 4417 2006 4501; baseline 0.007 -26"><span class='ocrx_word' id='word_1_443' title='bbox 350 4419 516 4493; x_wconf 84' lang='lat' dir='ltr'><strong>ginta</strong></span> <span class='ocrx_word' id='word_1_444' title='bbox 535 4417 892 4486; x_wconf 88' lang='lat' dir='ltr'><strong>annis,sicut</strong></span> <span class='ocrx_word' id='word_1_445' title='bbox 917 4419 1045 4476; x_wconf 87' lang='lat' dir='ltr'><strong>dies</strong></span> <span class='ocrx_word' id='word_1_446' title='bbox 1066 4421 1220 4494; x_wconf 88' lang='lat' dir='ltr'><strong>regis</strong></span> <span class='ocrx_word' id='word_1_447' title='bbox 1247 4423 1483 4481; x_wconf 91' lang='lat' dir='ltr'><strong>unius.»</strong></span> <span class='ocrx_word' id='word_1_448' title='bbox 1514 4425 1637 4482; x_wconf 88' lang='lat' dir='ltr'><strong>Vox</strong></span> <span class='ocrx_word' id='word_1_449' title='bbox 1663 4430 1958 4501; x_wconf 72' lang='lat' dir='ltr'><strong>prophetae</strong></span> <span class='ocrx_word' id='word_1_450' title='bbox 1993 4450 2006 4487; x_wconf 90' lang='lat'><strong>:</strong></span> 
     </span>
    </p>
   </div>
   <div class='ocr_carea' id='block_1_62' title="bbox 351 4506 2009 4591">
    <p class='ocr_par' dir='ltr' id='par_1_62' title="bbox 351 4506 2009 4591">
     <span class='ocr_line' id='line_1_62' title="bbox 351 4506 2009 4591; baseline 0.007 -26"><span class='ocrx_word' id='word_1_451' title='bbox 351 4509 518 4565; x_wconf 85' lang='lat' dir='ltr'><strong>Sicut</strong></span> <span class='ocrx_word' id='word_1_452' title='bbox 538 4506 905 4565; x_wconf 86' lang='lat' dir='ltr'><strong>Hierusalem</strong></span> <span class='ocrx_word' id='word_1_453' title='bbox 920 4509 1277 4584; x_wconf 89' lang='lat' dir='ltr'><strong>ettemplum</strong></span> <span class='ocrx_word' id='word_1_454' title='bbox 1296 4514 1746 4585; x_wconf 88' lang='lat' dir='ltr'><strong>destructum,et</strong></span> <span class='ocrx_word' id='word_1_455' title='bbox 1756 4520 2009 4591; x_wconf 84' lang='lat' dir='ltr'><strong>pOpulus</strong></span> 
     </span>
    </p>
   </div>
   <div class='ocr_carea' id='block_1_63' title="bbox 352 4597 2013 4673">
    <p class='ocr_par' dir='ltr' id='par_1_63' title="bbox 352 4597 2013 4673">
     <span class='ocr_line' id='line_1_63' title="bbox 352 4597 2013 4673; baseline 0.008 -22"><span class='ocrx_word' id='word_1_456' title='bbox 352 4614 455 4669; x_wconf 92' lang='lat' dir='ltr'><strong>per</strong></span> <span class='ocrx_word' id='word_1_457' title='bbox 484 4597 865 4669; x_wconf 84' lang='lat' dir='ltr'><strong>septuaginta</strong></span> <span class='ocrx_word' id='word_1_458' title='bbox 890 4614 1077 4655; x_wconf 87' lang='lat' dir='ltr'><strong>annos</strong></span> <span class='ocrx_word' id='word_1_459' title='bbox 1108 4599 1165 4656; x_wconf 89' lang='lat' dir='ltr'><strong>in</strong></span> <span class='ocrx_word' id='word_1_460' title='bbox 1200 4603 1533 4673; x_wconf 88' lang='lat' dir='ltr'><strong>captivitate</strong></span> <span class='ocrx_word' id='word_1_461' title='bbox 1564 4608 1810 4663; x_wconf 88' lang='lat' dir='ltr'><strong>mansit:</strong></span> <span class='ocrx_word' id='word_1_462' title='bbox 1844 4608 1927 4664; x_wconf 90' lang='lat' dir='ltr'><strong>ita</strong></span> <span class='ocrx_word' id='word_1_463' title='bbox 1956 4614 2013 4666; x_wconf 88' lang='lat' dir='ltr'><strong>et</strong></span> 
     </span>
    </p>
   </div>
   <div class='ocr_carea' id='block_1_64' title="bbox 352 4687 2089 4789">
    <p class='ocr_par' dir='ltr' id='par_1_64' title="bbox 352 4687 2089 4789">
     <span class='ocr_line' id='line_1_64' title="bbox 352 4687 2089 4789; baseline 0.009 -48"><span class='ocrx_word' id='word_1_464' title='bbox 352 4687 705 4789; x_wconf 43' lang='lat' dir='ltr'><strong>Tyrus‘qu‘ae</strong></span> <span class='ocrx_word' id='word_1_465' title='bbox 735 4703 944 4789; x_wconf 64' lang='lat' dir='ltr'><strong>eorum</strong></span> <span class='ocrx_word' id='word_1_466' title='bbox 987 4688 1162 4789; x_wconf 81' lang='lat' dir='ltr'><strong>malis</strong></span> <span class='ocrx_word' id='word_1_467' title='bbox 1193 4691 1519 4789; x_wconf 75' lang='lat' dir='ltr'><strong>insultavit.</strong></span> <span class='ocrx_word' id='word_1_468' title='bbox 1554 4695 1665 4751; x_wconf 90' lang='lat' dir='ltr'><strong>Sed</strong></span> <span class='ocrx_word' id='word_1_469' title='bbox 1699 4714 1816 4753; x_wconf 90' lang='lat' dir='ltr'><strong>non</strong></span> <span class='ocrx_word' id='word_1_470' title='bbox 1847 4698 2089 4789; x_wconf 47' lang='lat' dir='ltr'><strong>vaca”)</strong></span> 
     </span>
    </p>
   </div>
   <div class='ocr_carea' id='block_1_65' title="bbox 352 4774 2053 4859">
    <p class='ocr_par' dir='ltr' id='par_1_65' title="bbox 352 4774 2053 4859">
     <span class='ocr_line' id='line_1_65' title="bbox 352 4774 2053 4859; baseline 0.009 -30"><span class='ocrx_word' id='word_1_471' title='bbox 352 4775 509 4847; x_wconf 88' lang='lat' dir='ltr'><strong>quod</strong></span> <span class='ocrx_word' id='word_1_472' title='bbox 534 4774 858 4839; x_wconf 89' lang='lat' dir='ltr'><strong>dicit,sicut</strong></span> <span class='ocrx_word' id='word_1_473' title='bbox 887 4777 1013 4833; x_wconf 88' lang='lat' dir='ltr'><strong>dies</strong></span> <span class='ocrx_word' id='word_1_474' title='bbox 1044 4778 1199 4851; x_wconf 88' lang='lat' dir='ltr'><strong>regis</strong></span> <span class='ocrx_word' id='word_1_475' title='bbox 1232 4780 1721 4857; x_wconf 86' lang='lat' dir='ltr'><strong>unius.Nunquid</strong></span> <span class='ocrx_word' id='word_1_476' title='bbox 1754 4774 2053 4859; x_wconf 35' lang='lat' dir='ltr'><strong>legimus”</strong></span> 
     </span>
    </p>
   </div>
   <div class='ocr_carea' id='block_1_66' title="bbox 352 4861 2013 4946">
    <p class='ocr_par' dir='ltr' id='par_1_66' title="bbox 352 4861 2013 4946">
     <span class='ocr_line' id='line_1_66' title="bbox 352 4861 2013 4946; baseline 0.009 -29"><span class='ocrx_word' id='word_1_477' title='bbox 352 4861 409 4918; x_wconf 92' lang='lat' dir='ltr'><strong>in</strong></span> <span class='ocrx_word' id='word_1_478' title='bbox 442 4862 643 4935; x_wconf 87' lang='lat' dir='ltr'><strong>aliqua</strong></span> <span class='ocrx_word' id='word_1_479' title='bbox 673 4863 1243 4938; x_wconf 88' lang='lat' dir='ltr'><strong>bistoria,qucmque</strong></span> <span class='ocrx_word' id='word_1_480' title='bbox 1275 4886 1477 4942; x_wconf 87' lang='lat' dir='ltr'><strong>regum</strong></span> <span class='ocrx_word' id='word_1_481' title='bbox 1511 4874 1885 4946; x_wconf 83' lang='lat' dir='ltr'><strong>septuaginta</strong></span> <span class='ocrx_word' id='word_1_482' title='bbox 1916 4895 2013 4932; x_wconf 87' lang='lat' dir='ltr'><strong>an-</strong></span> 
     </span>
    </p>
   </div>
   <div class='ocr_carea' id='block_1_67' title="bbox 352 4953 2012 5034">
    <p class='ocr_par' dir='ltr' id='par_1_67' title="bbox 352 4953 2012 5034">
     <span class='ocr_line' id='line_1_67' title="bbox 352 4953 2012 5034; baseline 0.01 -28"><span class='ocrx_word' id='word_1_483' title='bbox 352 4953 444 5007; x_wconf 88' lang='lat' dir='ltr'><strong>nis</strong></span> <span class='ocrx_word' id='word_1_484' title='bbox 468 4958 784 5024; x_wconf 78' lang='lat' dir='ltr'><strong>regnasse?</strong></span> <span class='ocrx_word' id='word_1_485' title='bbox 805 4954 987 5009; x_wconf 87' lang='lat' dir='ltr'><strong>David</strong></span> <span class='ocrx_word' id='word_1_486' title='bbox 1015 4957 1409 5029; x_wconf 83' lang='lat' dir='ltr'><strong>quadraginta</strong></span> <span class='ocrx_word' id='word_1_487' title='bbox 1439 4961 1610 5018; x_wconf 89' lang='lat' dir='ltr'><strong>annis</strong></span> <span class='ocrx_word' id='word_1_488' title='bbox 1641 4966 2012 5034; x_wconf 84' lang='lat' dir='ltr'><strong>regnavit,to-</strong></span> 
     </span>
    </p>
   </div>
   <div class='ocr_carea' id='block_1_68' title="bbox 350 5040 2013 5125">
    <p class='ocr_par' dir='ltr' id='par_1_68' title="bbox 350 5040 2013 5125">
     <span class='ocr_line' id='line_1_68' title="bbox 350 5040 2013 5125; baseline 0.01 -31"><span class='ocrx_word' id='word_1_489' title='bbox 350 5040 654 5113; x_wconf 88' lang='lat' dir='ltr'><strong>tidemque</strong></span> <span class='ocrx_word' id='word_1_490' title='bbox 688 5040 844 5096; x_wconf 83' lang='lat' dir='ltr'><strong>filius</strong></span> <span class='ocrx_word' id='word_1_491' title='bbox 891 5042 1020 5114; x_wconf 89' lang='lat' dir='ltr'><strong>ejus</strong></span> <span class='ocrx_word' id='word_1_492' title='bbox 1069 5043 1364 5103; x_wconf 89' lang='lat' dir='ltr'><strong>Salomon.</strong></span> <span class='ocrx_word' id='word_1_493' title='bbox 1396 5048 1563 5105; x_wconf 88' lang='lat' dir='ltr'><strong>Ozias</strong></span> <span class='ocrx_word' id='word_1_494' title='bbox 1596 5055 1793 5107; x_wconf 90' lang='lat' dir='ltr'><strong>autem</strong></span> <span class='ocrx_word' id='word_1_495' title='bbox 1824 5055 1923 5125; x_wconf 83' lang='lat' dir='ltr'><strong>qui</strong></span> <span class='ocrx_word' id='word_1_496' title='bbox 1956 5061 2013 5111; x_wconf 91' lang='lat' dir='ltr'><strong>et</strong></span> 
     </span>
    </p>
   </div>
   <div class='ocr_carea' id='block_1_69' title="bbox 348 5128 2010 5209">
    <p class='ocr_par' dir='ltr' id='par_1_69' title="bbox 348 5128 2010 5209">
     <span class='ocr_line' id='line_1_69' title="bbox 348 5128 2010 5209; baseline 0.01 -27"><span class='ocrx_word' id='word_1_497' title='bbox 348 5128 588 5184; x_wconf 83' lang='lat' dir='ltr'><strong>Azarias</strong></span> <span class='ocrx_word' id='word_1_498' title='bbox 609 5128 772 5201; x_wconf 87' lang='lat' dir='ltr'><strong>lepra</strong></span> <span class='ocrx_word' id='word_1_499' title='bbox 792 5135 1570 5209; x_wconf 85' lang='lat' dir='ltr'><strong>percussus,quinquaginta</strong></span> <span class='ocrx_word' id='word_1_500' title='bbox 1590 5140 1820 5197; x_wconf 90' lang='lat' dir='ltr'><strong>duobus</strong></span> <span class='ocrx_word' id='word_1_501' title='bbox 1839 5145 2010 5199; x_wconf 89' lang='lat' dir='ltr'><strong>annis</strong></span> 
     </span>
    </p>
   </div>
   <div class='ocr_carea' id='block_1_70' title="bbox 351 5217 2008 5305">
    <p class='ocr_par' dir='ltr' id='par_1_70' title="bbox 351 5217 2008 5305">
     <span class='ocr_line' id='line_1_70' title="bbox 351 5217 2008 5305; baseline 0.01 -34"><span class='ocrx_word' id='word_1_502' title='bbox 351 5217 517 5290; x_wconf 89' lang='lat' dir='ltr'><strong>regni</strong></span> <span class='ocrx_word' id='word_1_503' title='bbox 542 5218 830 5289; x_wconf 86' lang='lat' dir='ltr'><strong>regimina</strong></span> <span class='ocrx_word' id='word_1_504' title='bbox 853 5222 1221 5278; x_wconf 88' lang='lat' dir='ltr'><strong>tenuit.Dicit</strong></span> <span class='ocrx_word' id='word_1_505' title='bbox 1250 5240 1387 5297; x_wconf 89' lang='lat' dir='ltr'><strong>ergo</strong></span> <span class='ocrx_word' id='word_1_506' title='bbox 1420 5228 1703 5299; x_wconf 89' lang='lat' dir='ltr'><strong>propheta</strong></span> <span class='ocrx_word' id='word_1_507' title='bbox 1725 5246 1737 5284; x_wconf 90' lang='lat'>:</span> <span class='ocrx_word' id='word_1_508' title='bbox 1763 5230 1807 5284; x_wconf 93' lang='grc' dir='ltr'>Ο</span> <span class='ocrx_word' id='word_1_509' title='bbox 1840 5233 2008 5305; x_wconf 85' lang='lat' dir='ltr'><strong>Tyre,</strong></span> 
     </span>
    </p>
   </div>
   <div class='ocr_carea' id='block_1_71' title="bbox 350 5304 2008 5387">
    <p class='ocr_par' dir='ltr' id='par_1_71' title="bbox 350 5304 2008 5387">
     <span class='ocr_line' id='line_1_71' title="bbox 350 5304 2008 5387; baseline 0.01 -27"><span class='ocrx_word' id='word_1_510' title='bbox 350 5306 509 5361; x_wconf 88' lang='lat' dir='ltr'><strong>sicut</strong></span> <span class='ocrx_word' id='word_1_511' title='bbox 540 5304 792 5376; x_wconf 87' lang='lat' dir='ltr'><strong>alicujus</strong></span> <span class='ocrx_word' id='word_1_512' title='bbox 826 5309 981 5381; x_wconf 89' lang='lat' dir='ltr'><strong>regis</strong></span> <span class='ocrx_word' id='word_1_513' title='bbox 1030 5310 1156 5367; x_wconf 91' lang='lat' dir='ltr'><strong>dies</strong></span> <span class='ocrx_word' id='word_1_514' title='bbox 1207 5315 1582 5387; x_wconf 84' lang='lat' dir='ltr'><strong>septuaginta</strong></span> <span class='ocrx_word' id='word_1_515' title='bbox 1631 5335 1919 5375; x_wconf 90' lang='lat' dir='ltr'><strong>annorum</strong></span> <span class='ocrx_word' id='word_1_516' title='bbox 1949 5321 2008 5377; x_wconf 92' lang='lat' dir='ltr'><strong>in</strong></span> 
     </span>
    </p>
   </div>
   <div class='ocr_carea' id='block_1_72' title="bbox 350 5391 2006 5477">
    <p class='ocr_par' dir='ltr' id='par_1_72' title="bbox 350 5391 2006 5477">
     <span class='ocr_line' id='line_1_72' title="bbox 350 5391 2006 5477; baseline 0.012 -31"><span class='ocrx_word' id='word_1_517' title='bbox 350 5391 643 5448; x_wconf 90' lang='lat' dir='ltr'><strong>oblivione</strong></span> <span class='ocrx_word' id='word_1_518' title='bbox 662 5397 1316 5470; x_wconf 86' lang='lat' dir='ltr'><strong>traduntur,postquam</strong></span> <span class='ocrx_word' id='word_1_519' title='bbox 1339 5403 1612 5475; x_wconf 84' lang='lat' dir='ltr'><strong>spiritum</strong></span> <span class='ocrx_word' id='word_1_520' title='bbox 1635 5406 2006 5477; x_wconf 88' lang='lat' dir='ltr'><strong>exhalaverit,</strong></span> 
     </span>
    </p>
   </div>
   <div class='ocr_carea' id='block_1_73' title="bbox 348 5478 2010 5566">
    <p class='ocr_par' dir='ltr' id='par_1_73' title="bbox 348 5478 2010 5566">
     <span class='ocr_line' id='line_1_73' title="bbox 348 5478 2010 5566; baseline 0.014 -34"><span class='ocrx_word' id='word_1_521' title='bbox 348 5478 601 5535; x_wconf 86' lang='lat' dir='ltr'><strong>forsitan</strong></span> <span class='ocrx_word' id='word_1_522' title='bbox 634 5481 681 5536; x_wconf 88' lang='lat' dir='ltr'><strong>si</strong></span> <span class='ocrx_word' id='word_1_523' title='bbox 716 5482 826 5539; x_wconf 92' lang='lat' dir='ltr'><strong>hoc</strong></span> <span class='ocrx_word' id='word_1_524' title='bbox 866 5486 916 5540; x_wconf 93' lang='lat' dir='ltr'><strong>ci</strong></span> <span class='ocrx_word' id='word_1_525' title='bbox 950 5487 1139 5541; x_wconf 89' lang='lat' dir='ltr'><strong>evenit</strong></span> <span class='ocrx_word' id='word_1_526' title='bbox 1169 5492 1232 5543; x_wconf 90' lang='lat' dir='ltr'><strong>ut</strong></span> <span class='ocrx_word' id='word_1_527' title='bbox 1260 5494 1345 5544; x_wconf 92' lang='lat' dir='ltr'><strong>tot</strong></span> <span class='ocrx_word' id='word_1_528' title='bbox 1375 5492 1545 5548; x_wconf 91' lang='lat' dir='ltr'><strong>annis</strong></span> <span class='ocrx_word' id='word_1_529' title='bbox 1580 5503 1850 5566; x_wconf 86' lang='lat' dir='ltr'><strong>regnaret</strong></span> <span class='ocrx_word' id='word_1_530' title='bbox 1879 5518 1890 5555; x_wconf 92' lang='lat'><strong>:</strong></span> <span class='ocrx_word' id='word_1_531' title='bbox 1927 5502 2010 5555; x_wconf 91' lang='lat' dir='ltr'><strong>sic</strong></span> 
     </span>
    </p>
   </div>
   <div class='ocr_carea' id='block_1_74' title="bbox 346 5567 2012 5652">
    <p class='ocr_par' dir='ltr' id='par_1_74' title="bbox 346 5567 2012 5652">
     <span class='ocr_line' id='line_1_74' title="bbox 346 5567 2012 5652; baseline 0.014 -31"><span class='ocrx_word' id='word_1_532' title='bbox 346 5567 408 5652; x_wconf 70' lang='lat' dir='ltr'><strong>tu</strong></span> <span class='ocrx_word' id='word_1_533' title='bbox 432 5568 495 5619; x_wconf 88' lang='lat' dir='ltr'><strong>et</strong></span> <span class='ocrx_word' id='word_1_534' title='bbox 517 5567 710 5623; x_wconf 87' lang='lat' dir='ltr'><strong>omnis</strong></span> <span class='ocrx_word' id='word_1_535' title='bbox 727 5571 914 5643; x_wconf 89' lang='lat' dir='ltr'><strong>gloria</strong></span> <span class='ocrx_word' id='word_1_536' title='bbox 946 5577 1050 5628; x_wconf 88' lang='lat' dir='ltr'><strong>tua</strong></span> <span class='ocrx_word' id='word_1_537' title='bbox 1084 5592 1188 5645; x_wconf 88' lang='lat' dir='ltr'><strong>per</strong></span> <span class='ocrx_word' id='word_1_538' title='bbox 1217 5581 1592 5652; x_wconf 88' lang='lat' dir='ltr'><strong>septuaginta</strong></span> <span class='ocrx_word' id='word_1_539' title='bbox 1622 5602 1807 5642; x_wconf 89' lang='lat' dir='ltr'><strong>annos</strong></span> <span class='ocrx_word' id='word_1_540' title='bbox 1829 5588 2012 5642; x_wconf 91' lang='lat' dir='ltr'><strong>omni-</strong></span> 
     </span>
    </p>
   </div>
   <div class='ocr_carea' id='block_1_75' title="bbox 344 5649 2015 5746">
    <p class='ocr_par' dir='ltr' id='par_1_75' title="bbox 344 5649 2015 5746">
     <span class='ocr_line' id='line_1_75' title="bbox 344 5649 2015 5746; baseline 0.017 -41"><span class='ocrx_word' id='word_1_541' title='bbox 344 5649 465 5746; x_wconf 78' lang='lat' dir='ltr'><strong>bus</strong></span> <span class='ocrx_word' id='word_1_542' title='bbox 490 5652 721 5718; x_wconf 88' lang='lat' dir='ltr'><strong>populis</strong></span> <span class='ocrx_word' id='word_1_543' title='bbox 744 5659 803 5716; x_wconf 93' lang='lat' dir='ltr'><strong>in</strong></span> <span class='ocrx_word' id='word_1_544' title='bbox 827 5660 1120 5717; x_wconf 90' lang='lat' dir='ltr'><strong>oblivione</strong></span> <span class='ocrx_word' id='word_1_545' title='bbox 1141 5664 1275 5719; x_wconf 90' lang='lat' dir='ltr'><strong>eris.</strong></span> <span class='ocrx_word' id='word_1_546' title='bbox 1302 5690 1325 5714; x_wconf 91' lang='grc'><strong>‹‹</strong></span> <span class='ocrx_word' id='word_1_547' title='bbox 1354 5649 1488 5725; x_wconf 74' lang='lat' dir='ltr'><strong>Post</strong></span> <span class='ocrx_word' id='word_1_548' title='bbox 1510 5675 1885 5746; x_wconf 86' lang='lat' dir='ltr'><strong>septuaginta</strong></span> <span class='ocrx_word' id='word_1_549' title='bbox 1914 5693 2015 5732; x_wconf 82' lang='lat' dir='ltr'><strong>au-</strong></span> 
     </span>
    </p>
   </div>
   <div class='ocr_carea' id='block_1_76' title="bbox 340 5737 2011 5818">
    <p class='ocr_par' dir='ltr' id='par_1_76' title="bbox 340 5737 2011 5818">
     <span class='ocr_line' id='line_1_76' title="bbox 340 5737 2011 5818; baseline 0.018 -28"><span class='ocrx_word' id='word_1_550' title='bbox 340 5737 472 5793; x_wconf 79' lang='lat' dir='ltr'><strong>tem</strong></span> <span class='ocrx_word' id='word_1_551' title='bbox 507 5746 691 5794; x_wconf 74' lang='lat' dir='ltr'><strong>annos</strong></span> <span class='ocrx_word' id='word_1_552' title='bbox 739 5748 847 5804; x_wconf 90' lang='lat' dir='ltr'><strong>erit</strong></span> <span class='ocrx_word' id='word_1_553' title='bbox 890 5749 1043 5818; x_wconf 77' lang='lat' dir='ltr'><strong>Tyro</strong></span> <span class='ocrx_word' id='word_1_554' title='bbox 1076 5752 1243 5815; x_wconf 82' lang='lat' dir='ltr'><strong>quasi</strong></span> <span class='ocrx_word' id='word_1_555' title='bbox 1274 5737 1945 5818; x_wconf 43' lang='lat' dir='ltr'><strong>canticum-meretricis.</strong></span> <span class='ocrx_word' id='word_1_556' title='bbox 1984 5786 2011 5812; x_wconf 89' lang='lat'><strong>»</strong></span> 
     </span>
    </p>
   </div>
   <div class='ocr_carea' id='block_1_77' title="bbox 2135 2007 3788 2082">
    <p class='ocr_par' dir='ltr' id='par_1_77' title="bbox 2135 2007 3788 2082">
     <span class='ocr_line' id='line_1_77' title="bbox 2135 2007 3788 2082; baseline 0.005 -22"><span class='ocrx_word' id='word_1_557' title='bbox 2135 2010 2294 2061; x_wconf 88' lang='lat' dir='ltr'><strong>nent.</strong></span> <span class='ocrx_word' id='word_1_558' title='bbox 2331 2007 2642 2079; x_wconf 84' lang='lat' dir='ltr'><strong>PrOpterea</strong></span> <span class='ocrx_word' id='word_1_559' title='bbox 2700 2011 2869 2079; x_wconf 80' lang='lat' dir='ltr'><strong>rogat</strong></span> <span class='ocrx_word' id='word_1_560' title='bbox 2926 2008 3212 2082; x_wconf 89' lang='lat' dir='ltr'><strong>propheta</strong></span> <span class='ocrx_word' id='word_1_561' title='bbox 3262 2027 3468 2067; x_wconf 89' lang='lat' dir='ltr'><strong>canere</strong></span> <span class='ocrx_word' id='word_1_562' title='bbox 3516 2011 3698 2081; x_wconf 88' lang='lat' dir='ltr'><strong>illam,</strong></span> <span class='ocrx_word' id='word_1_563' title='bbox 3730 2020 3788 2069; x_wconf 91' lang='lat' dir='ltr'><strong>ct</strong></span> 
     </span>
    </p>
   </div>
   <div class='ocr_carea' id='block_1_78' title="bbox 2134 2096 3786 2167">
    <p class='ocr_par' dir='ltr' id='par_1_78' title="bbox 2134 2096 3786 2167">
     <span class='ocr_line' id='line_1_78' title="bbox 2134 2096 3786 2167; baseline 0.006 -18"><span class='ocrx_word' id='word_1_564' title='bbox 2134 2096 2506 2167; x_wconf 86' lang='lat' dir='ltr'><strong>frequentare</strong></span> <span class='ocrx_word' id='word_1_565' title='bbox 2536 2096 2829 2153; x_wconf 90' lang='lat' dir='ltr'><strong>canticum</strong></span> <span class='ocrx_word' id='word_1_566' title='bbox 2849 2098 3219 2155; x_wconf 88' lang='lat' dir='ltr'><strong>miseriarum</strong></span> <span class='ocrx_word' id='word_1_567' title='bbox 3243 2116 3484 2156; x_wconf 90' lang='lat' dir='ltr'><strong>suarum</strong></span> <span class='ocrx_word' id='word_1_568' title='bbox 3510 2117 3523 2156; x_wconf 89' lang='lat'><strong>:</strong></span> <span class='ocrx_word' id='word_1_569' title='bbox 3548 2102 3786 2159; x_wconf 89' lang='lat' dir='ltr'><strong>utredu-</strong></span> 
     </span>
    </p>
   </div>
   <div class='ocr_carea' id='block_1_79' title="bbox 2132 2186 3786 2264">
    <p class='ocr_par' dir='ltr' id='par_1_79' title="bbox 2132 2186 3786 2264">
     <span class='ocr_line' id='line_1_79' title="bbox 2132 2186 3786 2264; baseline 0.005 -24"><span class='ocrx_word' id='word_1_570' title='bbox 2132 2189 2226 2241; x_wconf 88' lang='lat' dir='ltr'><strong>cat</strong></span> <span class='ocrx_word' id='word_1_571' title='bbox 2254 2188 2326 2242; x_wconf 92' lang='lat' dir='ltr'><strong>ad</strong></span> <span class='ocrx_word' id='word_1_572' title='bbox 2362 2186 2704 2243; x_wconf 88' lang='lat' dir='ltr'><strong>memoriam</strong></span> <span class='ocrx_word' id='word_1_573' title='bbox 2764 2188 3016 2260; x_wconf 89' lang='lat' dir='ltr'><strong>pristina</strong></span> <span class='ocrx_word' id='word_1_574' title='bbox 3047 2189 3223 2258; x_wconf 89' lang='lat' dir='ltr'><strong>mala,</strong></span> <span class='ocrx_word' id='word_1_575' title='bbox 3251 2194 3487 2264; x_wconf 89' lang='lat' dir='ltr'><strong>propter</strong></span> <span class='ocrx_word' id='word_1_576' title='bbox 3515 2209 3641 2264; x_wconf 82' lang='lat' dir='ltr'><strong>quae</strong></span> <span class='ocrx_word' id='word_1_577' title='bbox 3672 2194 3786 2249; x_wconf 84' lang='lat' dir='ltr'><strong>mi-</strong></span> 
     </span>
    </p>
   </div>
   <div class='ocr_carea' id='block_1_80' title="bbox 2130 2276 3785 2352">
    <p class='ocr_par' dir='ltr' id='par_1_80' title="bbox 2130 2276 3785 2352">
     <span class='ocr_line' id='line_1_80' title="bbox 2130 2276 3785 2352; baseline 0.005 -23"><span class='ocrx_word' id='word_1_578' title='bbox 2130 2276 2319 2348; x_wconf 91' lang='lat' dir='ltr'><strong>gravit</strong></span> <span class='ocrx_word' id='word_1_579' title='bbox 2347 2293 2377 2331; x_wconf 89' lang='lat' dir='ltr'><strong>a</strong></span> <span class='ocrx_word' id='word_1_580' title='bbox 2409 2277 2643 2349; x_wconf 88' lang='lat' dir='ltr'><strong>proprio</strong></span> <span class='ocrx_word' id='word_1_581' title='bbox 2673 2276 2817 2341; x_wconf 89' lang='lat' dir='ltr'><strong>solo,</strong></span> <span class='ocrx_word' id='word_1_582' title='bbox 2839 2281 2895 2333; x_wconf 88' lang='lat' dir='ltr'><strong>et</strong></span> <span class='ocrx_word' id='word_1_583' title='bbox 2926 2282 3166 2350; x_wconf 89' lang='lat' dir='ltr'><strong>propter</strong></span> <span class='ocrx_word' id='word_1_584' title='bbox 3198 2296 3323 2352; x_wconf 69' lang='lat' dir='ltr'><strong>quae</strong></span> <span class='ocrx_word' id='word_1_585' title='bbox 3354 2280 3655 2337; x_wconf 86' lang='lat' dir='ltr'><strong>destructa</strong></span> <span class='ocrx_word' id='word_1_586' title='bbox 3677 2287 3785 2352; x_wconf 89' lang='lat' dir='ltr'><strong>est,</strong></span> 
     </span>
    </p>
   </div>
   <div class='ocr_carea' id='block_1_81' title="bbox 2131 2364 3782 2429">
    <p class='ocr_par' dir='ltr' id='par_1_81' title="bbox 2131 2364 3782 2429">
     <span class='ocr_line' id='line_1_81' title="bbox 2131 2364 3782 2429; baseline 0.005 -9"><span class='ocrx_word' id='word_1_587' title='bbox 2131 2366 2430 2421; x_wconf 88' lang='lat' dir='ltr'><strong>neiterum</strong></span> <span class='ocrx_word' id='word_1_588' title='bbox 2449 2364 2668 2421; x_wconf 89' lang='lat' dir='ltr'><strong>similia</strong></span> <span class='ocrx_word' id='word_1_589' title='bbox 2689 2366 2738 2421; x_wconf 91' lang='lat' dir='ltr'><strong>ei</strong></span> <span class='ocrx_word' id='word_1_590' title='bbox 2764 2366 3280 2423; x_wconf 89' lang='lat' dir='ltr'><strong>eveniant.Dicunt</strong></span> <span class='ocrx_word' id='word_1_591' title='bbox 3301 2369 3457 2425; x_wconf 90' lang='lat' dir='ltr'><strong>enim</strong></span> <span class='ocrx_word' id='word_1_592' title='bbox 3480 2371 3782 2429; x_wconf 89' lang='lat' dir='ltr'><strong>doctores:</strong></span> 
     </span>
    </p>
   </div>
   <div class='ocr_carea' id='block_1_82' title="bbox 2129 2452 3787 2525">
    <p class='ocr_par' dir='ltr' id='par_1_82' title="bbox 2129 2452 3787 2525">
     <span class='ocr_line' id='line_1_82' title="bbox 2129 2452 3787 2525; baseline 0.005 -18"><span class='ocrx_word' id='word_1_593' title='bbox 2129 2453 2383 2519; x_wconf 65' lang='lat' dir='ltr'><strong>Quia&#39;vis</strong></span> <span class='ocrx_word' id='word_1_594' title='bbox 2408 2456 2498 2510; x_wconf 89' lang='lat' dir='ltr'><strong>est</strong></span> <span class='ocrx_word' id='word_1_595' title='bbox 2518 2452 2661 2509; x_wconf 85' lang='lat' dir='ltr'><strong>artis</strong></span> <span class='ocrx_word' id='word_1_596' title='bbox 2694 2453 3028 2525; x_wconf 67' lang='lat' dir='ltr'><strong>musicm,ut</strong></span> <span class='ocrx_word' id='word_1_597' title='bbox 3059 2453 3107 2509; x_wconf 91' lang='lat' dir='ltr'><strong>si</strong></span> <span class='ocrx_word' id='word_1_598' title='bbox 3138 2454 3435 2512; x_wconf 90' lang='lat' dir='ltr'><strong>hominem</strong></span> <span class='ocrx_word' id='word_1_599' title='bbox 3468 2456 3665 2513; x_wconf 63' lang='lat' dir='ltr'><strong>laetum</strong></span> <span class='ocrx_word' id='word_1_600' title='bbox 3695 2459 3787 2516; x_wconf 85' lang='lat' dir='ltr'><strong>in-</strong></span> 
     </span>
    </p>
   </div>
   <div class='ocr_carea' id='block_1_83' title="bbox 2125 2543 3782 2617">
    <p class='ocr_par' dir='ltr' id='par_1_83' title="bbox 2125 2543 3782 2617">
     <span class='ocr_line' id='line_1_83' title="bbox 2125 2543 3782 2617; baseline 0.005 -20"><span class='ocrx_word' id='word_1_601' title='bbox 2125 2544 2368 2612; x_wconf 86' lang='lat' dir='ltr'><strong>venerit,</strong></span> <span class='ocrx_word' id='word_1_602' title='bbox 2399 2543 2676 2599; x_wconf 72' lang='lat' dir='ltr'><strong>lzntiorem</strong></span> <span class='ocrx_word' id='word_1_603' title='bbox 2738 2545 2962 2600; x_wconf 88' lang='lat' dir='ltr'><strong>reddat.</strong></span> <span class='ocrx_word' id='word_1_604' title='bbox 2998 2544 3099 2601; x_wconf 89' lang='lat' dir='ltr'><strong>Sin</strong></span> <span class='ocrx_word' id='word_1_605' title='bbox 3152 2549 3349 2601; x_wconf 90' lang='lat' dir='ltr'><strong>autem</strong></span> <span class='ocrx_word' id='word_1_606' title='bbox 3392 2546 3639 2617; x_wconf 89' lang='lat' dir='ltr'><strong>tristem,</strong></span> <span class='ocrx_word' id='word_1_607' title='bbox 3674 2549 3782 2604; x_wconf 86' lang='lat' dir='ltr'><strong>tri-</strong></span> 
     </span>
    </p>
   </div>
   <div class='ocr_carea' id='block_1_84' title="bbox 2127 2633 2731 2706">
    <p class='ocr_par' dir='ltr' id='par_1_84' title="bbox 2127 2633 2731 2706">
     <span class='ocr_line' id='line_1_84' title="bbox 2127 2633 2731 2706; baseline -0.002 -18"><span class='ocrx_word' id='word_1_608' title='bbox 2127 2633 2350 2689; x_wconf 88' lang='lat' dir='ltr'><strong>stitiam</strong></span> <span class='ocrx_word' id='word_1_609' title='bbox 2384 2633 2468 2687; x_wconf 91' lang='lat' dir='ltr'><strong>illi</strong></span> <span class='ocrx_word' id='word_1_610' title='bbox 2499 2637 2731 2706; x_wconf 88' lang='lat' dir='ltr'><strong>augeat.</strong></span> 
     </span>
    </p>
   </div>
   <div class='ocr_carea' id='block_1_85' title="bbox 2198 2722 3783 2800">
    <p class='ocr_par' dir='ltr' id='par_1_85' title="bbox 2198 2722 3783 2800">
     <span class='ocr_line' id='line_1_85' title="bbox 2198 2722 3783 2800; baseline 0.006 -27"><span class='ocrx_word' id='word_1_611' title='bbox 2198 2746 2225 2772; x_wconf 91' lang='grc'><em>‹‹</em></span> <span class='ocrx_word' id='word_1_612' title='bbox 2258 2722 2536 2778; x_wconf 89' lang='lat' dir='ltr'><strong>Visitabit</strong></span> <span class='ocrx_word' id='word_1_613' title='bbox 2592 2722 2879 2780; x_wconf 89' lang='lat' dir='ltr'><strong>Dominus</strong></span> <span class='ocrx_word' id='word_1_614' title='bbox 2936 2725 3157 2796; x_wconf 86' lang='lat' dir='ltr'><strong>Tyrum</strong></span> <span class='ocrx_word' id='word_1_615' title='bbox 3218 2728 3352 2796; x_wconf 90' lang='lat' dir='ltr'><strong>post</strong></span> <span class='ocrx_word' id='word_1_616' title='bbox 3409 2726 3783 2800; x_wconf 87' lang='lat' dir='ltr'><strong>septuaginta</strong></span> 
     </span>
    </p>
   </div>
   <div class='ocr_carea' id='block_1_86' title="bbox 2124 2812 3780 2891">
    <p class='ocr_par' dir='ltr' id='par_1_86' title="bbox 2124 2812 3780 2891">
     <span class='ocr_line' id='line_1_86' title="bbox 2124 2812 3780 2891; baseline 0.002 -22"><span class='ocrx_word' id='word_1_617' title='bbox 2124 2830 2331 2869; x_wconf 89' lang='lat' dir='ltr'><strong>annos.</strong></span> <span class='ocrx_word' id='word_1_618' title='bbox 2370 2835 2396 2861; x_wconf 88' lang='lat'><strong>»</strong></span> <span class='ocrx_word' id='word_1_619' title='bbox 2428 2813 2549 2869; x_wconf 89' lang='lat' dir='ltr'><strong>Ista</strong></span> <span class='ocrx_word' id='word_1_620' title='bbox 2576 2812 2832 2869; x_wconf 90' lang='lat' dir='ltr'><strong>visitatio</strong></span> <span class='ocrx_word' id='word_1_621' title='bbox 2864 2812 2923 2868; x_wconf 93' lang='lat' dir='ltr'><strong>in</strong></span> <span class='ocrx_word' id='word_1_622' title='bbox 2973 2813 3128 2869; x_wconf 89' lang='lat' dir='ltr'><strong>bona</strong></span> <span class='ocrx_word' id='word_1_623' title='bbox 3182 2818 3344 2887; x_wconf 86' lang='lat' dir='ltr'><strong>parte</strong></span> <span class='ocrx_word' id='word_1_624' title='bbox 3400 2814 3780 2891; x_wconf 85' lang='lat' dir='ltr'><strong>intelligenda</strong></span> 
     </span>
    </p>
   </div>
   <div class='ocr_carea' id='block_1_87' title="bbox 2123 2901 3780 2976">
    <p class='ocr_par' dir='ltr' id='par_1_87' title="bbox 2123 2901 3780 2976">
     <span class='ocr_line' id='line_1_87' title="bbox 2123 2901 3780 2976; baseline 0.001 -18"><span class='ocrx_word' id='word_1_625' title='bbox 2123 2907 2231 2970; x_wconf 89' lang='lat' dir='ltr'><strong>est,</strong></span> <span class='ocrx_word' id='word_1_626' title='bbox 2268 2902 2407 2975; x_wconf 90' lang='lat' dir='ltr'><strong>quia</strong></span> <span class='ocrx_word' id='word_1_627' title='bbox 2437 2906 2569 2975; x_wconf 88' lang='lat' dir='ltr'><strong>post</strong></span> <span class='ocrx_word' id='word_1_628' title='bbox 2600 2901 2991 2958; x_wconf 88' lang='lat' dir='ltr'><strong>reversionem</strong></span> <span class='ocrx_word' id='word_1_629' title='bbox 3024 2920 3195 2958; x_wconf 90' lang='lat' dir='ltr'><strong>suam</strong></span> <span class='ocrx_word' id='word_1_630' title='bbox 3227 2903 3446 2976; x_wconf 89' lang='lat' dir='ltr'><strong>repleta</strong></span> <span class='ocrx_word' id='word_1_631' title='bbox 3474 2908 3562 2959; x_wconf 89' lang='lat' dir='ltr'><strong>est</strong></span> <span class='ocrx_word' id='word_1_632' title='bbox 3580 2906 3780 2961; x_wconf 87' lang='lat' dir='ltr'><strong>merci-</strong></span> 
     </span>
    </p>
   </div>
   <div class='ocr_carea' id='block_1_88' title="bbox 2124 2991 3772 3063">
    <p class='ocr_par' dir='ltr' id='par_1_88' title="bbox 2124 2991 3772 3063">
     <span class='ocr_line' id='line_1_88' title="bbox 2124 2991 3772 3063; baseline -0.002 -16"><span class='ocrx_word' id='word_1_633' title='bbox 2124 2993 2256 3063; x_wconf 89' lang='lat' dir='ltr'><strong>bus,</strong></span> <span class='ocrx_word' id='word_1_634' title='bbox 2307 2991 2462 3047; x_wconf 89' lang='lat' dir='ltr'><strong>sicut</strong></span> <span class='ocrx_word' id='word_1_635' title='bbox 2518 2995 2575 3047; x_wconf 89' lang='lat' dir='ltr'><strong>et</strong></span> <span class='ocrx_word' id='word_1_636' title='bbox 2634 2995 2824 3047; x_wconf 87' lang='lat' dir='ltr'><strong>antea.</strong></span> <span class='ocrx_word' id='word_1_637' title='bbox 2861 3014 2889 3041; x_wconf 83' lang='lat'><strong><em>«</em></strong></span> <span class='ocrx_word' id='word_1_638' title='bbox 2922 2992 2991 3047; x_wconf 89' lang='lat' dir='ltr'><strong>Et</strong></span> <span class='ocrx_word' id='word_1_639' title='bbox 3020 3009 3257 3048; x_wconf 89' lang='lat' dir='ltr'><strong>rursum</strong></span> <span class='ocrx_word' id='word_1_640' title='bbox 3293 2992 3714 3049; x_wconf 89' lang='lat' dir='ltr'><strong>fornicabitur:</strong></span> <span class='ocrx_word' id='word_1_641' title='bbox 3746 3018 3772 3045; x_wconf 82' lang='grc'><strong>››</strong></span> 
     </span>
    </p>
   </div>
   <div class='ocr_carea' id='block_1_89' title="bbox 2124 3080 3775 3155">
    <p class='ocr_par' dir='ltr' id='par_1_89' title="bbox 2124 3080 3775 3155">
     <span class='ocr_line' id='line_1_89' title="bbox 2124 3080 3775 3155; baseline 0.001 -18"><span class='ocrx_word' id='word_1_642' title='bbox 2124 3081 2453 3137; x_wconf 89' lang='lat' dir='ltr'><strong>Fornicatio</strong></span> <span class='ocrx_word' id='word_1_643' title='bbox 2485 3080 2545 3135; x_wconf 92' lang='lat' dir='ltr'><strong>in</strong></span> <span class='ocrx_word' id='word_1_644' title='bbox 2577 3080 2686 3136; x_wconf 92' lang='lat' dir='ltr'><strong>hoc</strong></span> <span class='ocrx_word' id='word_1_645' title='bbox 2740 3080 2867 3140; x_wconf 85' lang='lat' dir='ltr'><strong>loco</strong></span> <span class='ocrx_word' id='word_1_646' title='bbox 2925 3098 3031 3153; x_wconf 88' lang='lat' dir='ltr'><strong>pro</strong></span> <span class='ocrx_word' id='word_1_647' title='bbox 3081 3081 3471 3153; x_wconf 86' lang='lat' dir='ltr'><strong>negotiatione</strong></span> <span class='ocrx_word' id='word_1_648' title='bbox 3519 3084 3775 3155; x_wconf 86' lang='lat' dir='ltr'><strong>ponitur,</strong></span> 
     </span>
    </p>
   </div>
   <div class='ocr_carea' id='block_1_90' title="bbox 2122 3170 3776 3245">
    <p class='ocr_par' dir='ltr' id='par_1_90' title="bbox 2122 3170 3776 3245">
     <span class='ocr_line' id='line_1_90' title="bbox 2122 3170 3776 3245; baseline 0.002 -20"><span class='ocrx_word' id='word_1_649' title='bbox 2122 3171 2261 3243; x_wconf 88' lang='lat' dir='ltr'><strong>quia</strong></span> <span class='ocrx_word' id='word_1_650' title='bbox 2272 3174 2407 3243; x_wconf 91' lang='lat' dir='ltr'><strong>post</strong></span> <span class='ocrx_word' id='word_1_651' title='bbox 2424 3170 2912 3226; x_wconf 87' lang='lat' dir='ltr'><strong>restaurationem</strong></span> <span class='ocrx_word' id='word_1_652' title='bbox 2933 3170 3024 3226; x_wconf 91' lang='lat' dir='ltr'><strong>sui</strong></span> <span class='ocrx_word' id='word_1_653' title='bbox 3048 3188 3183 3226; x_wconf 93' lang='lat' dir='ltr'><strong>cum</strong></span> <span class='ocrx_word' id='word_1_654' title='bbox 3202 3171 3489 3228; x_wconf 87' lang='lat' dir='ltr'><strong>universis</strong></span> <span class='ocrx_word' id='word_1_655' title='bbox 3506 3171 3776 3245; x_wconf 87' lang='lat' dir='ltr'><strong>gentibus</strong></span> 
     </span>
    </p>
   </div>
   <div class='ocr_carea' id='block_1_91' title="bbox 2122 3259 2937 3334">
    <p class='ocr_par' dir='ltr' id='par_1_91' title="bbox 2122 3259 2937 3334">
     <span class='ocr_line' id='line_1_91' title="bbox 2122 3259 2937 3334; baseline 0.001 -18"><span class='ocrx_word' id='word_1_656' title='bbox 2122 3260 2422 3334; x_wconf 87' lang='lat' dir='ltr'><strong>negotium</strong></span> <span class='ocrx_word' id='word_1_657' title='bbox 2455 3277 2628 3315; x_wconf 89' lang='lat' dir='ltr'><strong>suum</strong></span> <span class='ocrx_word' id='word_1_658' title='bbox 2661 3259 2937 3317; x_wconf 88' lang='lat' dir='ltr'><strong>exercuit.</strong></span> 
     </span>
    </p>
   </div>
   <div class='ocr_carea' id='block_1_92' title="bbox 2197 3348 3779 3423">
    <p class='ocr_par' dir='ltr' id='par_1_92' title="bbox 2197 3348 3779 3423">
     <span class='ocr_line' id='line_1_92' title="bbox 2197 3348 3779 3423; baseline 0.004 -22"><span class='ocrx_word' id='word_1_659' title='bbox 2197 3352 2328 3405; x_wconf 85' lang='lat' dir='ltr'><strong>«Et</strong></span> <span class='ocrx_word' id='word_1_660' title='bbox 2376 3353 2549 3405; x_wconf 90' lang='lat' dir='ltr'><strong>erunt</strong></span> <span class='ocrx_word' id='word_1_661' title='bbox 2598 3348 3022 3422; x_wconf 89' lang='lat' dir='ltr'><strong>negotiationes</strong></span> <span class='ocrx_word' id='word_1_662' title='bbox 3067 3351 3198 3423; x_wconf 89' lang='lat' dir='ltr'><strong>ejus</strong></span> <span class='ocrx_word' id='word_1_663' title='bbox 3250 3350 3623 3408; x_wconf 83' lang='lat' dir='ltr'><strong>sanctiﬁcatae</strong></span> <span class='ocrx_word' id='word_1_664' title='bbox 3663 3352 3779 3407; x_wconf 88' lang='lat' dir='ltr'><strong>Do-</strong></span> 
     </span>
    </p>
   </div>
   <div class='ocr_carea' id='block_1_93' title="bbox 2124 3439 3779 3506">
    <p class='ocr_par' dir='ltr' id='par_1_93' title="bbox 2124 3439 3779 3506">
     <span class='ocr_line' id='line_1_93' title="bbox 2124 3439 3779 3506; baseline 0.001 -11"><span class='ocrx_word' id='word_1_665' title='bbox 2124 3441 2305 3495; x_wconf 90' lang='lat' dir='ltr'><strong>mino.</strong></span> <span class='ocrx_word' id='word_1_666' title='bbox 2340 3462 2368 3488; x_wconf 90' lang='lat'><strong>»</strong></span> <span class='ocrx_word' id='word_1_667' title='bbox 2400 3440 2703 3506; x_wconf 89' lang='lat' dir='ltr'><strong>Quomodo</strong></span> <span class='ocrx_word' id='word_1_668' title='bbox 2733 3439 2975 3494; x_wconf 87' lang='lat' dir='ltr'><strong>fuerunt</strong></span> <span class='ocrx_word' id='word_1_669' title='bbox 3004 3441 3301 3496; x_wconf 89' lang='lat' dir='ltr'><strong>mercedes</strong></span> <span class='ocrx_word' id='word_1_670' title='bbox 3331 3439 3490 3496; x_wconf 85' lang='lat' dir='ltr'><strong>illius</strong></span> <span class='ocrx_word' id='word_1_671' title='bbox 3522 3442 3779 3498; x_wconf 82' lang='lat' dir='ltr'><strong>sanctiﬁ-</strong></span> 
     </span>
    </p>
   </div>
   <div class='ocr_carea' id='block_1_94' title="bbox 2124 3528 3785 3603">
    <p class='ocr_par' dir='ltr' id='par_1_94' title="bbox 2124 3528 3785 3603">
     <span class='ocr_line' id='line_1_94' title="bbox 2124 3528 3785 3603; baseline -0.001 -15"><span class='ocrx_word' id='word_1_672' title='bbox 2124 3533 2264 3589; x_wconf 66' lang='lat' dir='ltr'><strong>cata:</strong></span> <span class='ocrx_word' id='word_1_673' title='bbox 2324 3529 2622 3583; x_wconf 82' lang='lat' dir='ltr'><strong>Domino?</strong></span> <span class='ocrx_word' id='word_1_674' title='bbox 2676 3528 2826 3584; x_wconf 91' lang='lat' dir='ltr'><strong>Dicit</strong></span> <span class='ocrx_word' id='word_1_675' title='bbox 2893 3529 3102 3584; x_wconf 87' lang='lat' dir='ltr'><strong>beatus</strong></span> <span class='ocrx_word' id='word_1_676' title='bbox 3178 3529 3589 3603; x_wconf 85' lang='lat' dir='ltr'><strong>Hieronymus,</strong></span> <span class='ocrx_word' id='word_1_677' title='bbox 3646 3530 3785 3603; x_wconf 86' lang='lat' dir='ltr'><strong>quia</strong></span> 
     </span>
    </p>
   </div>
   <div class='ocr_carea' id='block_1_95' title="bbox 2124 3616 3786 3691">
    <p class='ocr_par' dir='ltr' id='par_1_95' title="bbox 2124 3616 3786 3691">
     <span class='ocr_line' id='line_1_95' title="bbox 2124 3616 3786 3691; baseline 0.002 -18"><span class='ocrx_word' id='word_1_678' title='bbox 2124 3622 2437 3691; x_wconf 79' lang='lat' dir='ltr'><strong>postquam</strong></span> <span class='ocrx_word' id='word_1_679' title='bbox 2472 3617 2685 3673; x_wconf 87' lang='lat' dir='ltr'><strong>reversi</strong></span> <span class='ocrx_word' id='word_1_680' title='bbox 2709 3621 2850 3673; x_wconf 90' lang='lat' dir='ltr'><strong>sunt</strong></span> <span class='ocrx_word' id='word_1_681' title='bbox 2869 3616 2971 3672; x_wconf 83' lang='lat' dir='ltr'><strong>lilii</strong></span> <span class='ocrx_word' id='word_1_682' title='bbox 3008 3617 3184 3674; x_wconf 88' lang='lat' dir='ltr'><strong>Israel</strong></span> <span class='ocrx_word' id='word_1_683' title='bbox 3217 3618 3288 3673; x_wconf 92' lang='lat' dir='ltr'><strong>de</strong></span> <span class='ocrx_word' id='word_1_684' title='bbox 3317 3618 3654 3691; x_wconf 88' lang='lat' dir='ltr'><strong>captivitate</strong></span> <span class='ocrx_word' id='word_1_685' title='bbox 3670 3620 3786 3676; x_wconf 89' lang='lat' dir='ltr'><strong>sub</strong></span> 
     </span>
    </p>
   </div>
   <div class='ocr_carea' id='block_1_96' title="bbox 2124 3706 3783 3782">
    <p class='ocr_par' dir='ltr' id='par_1_96' title="bbox 2124 3706 3783 3782">
     <span class='ocr_line' id='line_1_96' title="bbox 2124 3706 3783 3782; baseline 0.001 -18"><span class='ocrx_word' id='word_1_686' title='bbox 2124 3709 2375 3764; x_wconf 89' lang='lat' dir='ltr'><strong>ducibus</strong></span> <span class='ocrx_word' id='word_1_687' title='bbox 2422 3707 2737 3763; x_wconf 87' lang='lat' dir='ltr'><strong>Zorobabel</strong></span> <span class='ocrx_word' id='word_1_688' title='bbox 2770 3711 2828 3762; x_wconf 91' lang='lat' dir='ltr'><strong>et</strong></span> <span class='ocrx_word' id='word_1_689' title='bbox 2857 3706 3153 3773; x_wconf 89' lang='lat' dir='ltr'><strong>Nehemia,</strong></span> <span class='ocrx_word' id='word_1_690' title='bbox 3188 3710 3244 3761; x_wconf 90' lang='lat' dir='ltr'><strong>et</strong></span> <span class='ocrx_word' id='word_1_691' title='bbox 3273 3706 3431 3782; x_wconf 87' lang='lat' dir='ltr'><strong>Tyrii</strong></span> <span class='ocrx_word' id='word_1_692' title='bbox 3460 3712 3598 3779; x_wconf 91' lang='lat' dir='ltr'><strong>post</strong></span> <span class='ocrx_word' id='word_1_693' title='bbox 3628 3709 3783 3775; x_wconf 85' lang='lat' dir='ltr'><strong>illos,</strong></span> 
     </span>
    </p>
   </div>
   <div class='ocr_carea' id='block_1_97' title="bbox 2123 3793 3783 3869">
    <p class='ocr_par' dir='ltr' id='par_1_97' title="bbox 2123 3793 3783 3869">
     <span class='ocr_line' id='line_1_97' title="bbox 2123 3793 3783 3869; baseline 0.001 -18"><span class='ocrx_word' id='word_1_694' title='bbox 2123 3814 2239 3853; x_wconf 91' lang='lat' dir='ltr'><strong>non</strong></span> <span class='ocrx_word' id='word_1_695' title='bbox 2263 3796 2436 3869; x_wconf 90' lang='lat' dir='ltr'><strong>longo</strong></span> <span class='ocrx_word' id='word_1_696' title='bbox 2458 3801 2720 3868; x_wconf 88' lang='lat' dir='ltr'><strong>tempore</strong></span> <span class='ocrx_word' id='word_1_697' title='bbox 2742 3796 3037 3868; x_wconf 87' lang='lat' dir='ltr'><strong>conjuncti</strong></span> <span class='ocrx_word' id='word_1_698' title='bbox 3066 3798 3204 3850; x_wconf 90' lang='lat' dir='ltr'><strong>sunt</strong></span> <span class='ocrx_word' id='word_1_699' title='bbox 3222 3794 3279 3848; x_wconf 92' lang='lat' dir='ltr'><strong>in</strong></span> <span class='ocrx_word' id='word_1_700' title='bbox 3302 3793 3563 3850; x_wconf 88' lang='lat' dir='ltr'><strong>amicitia</strong></span> <span class='ocrx_word' id='word_1_701' title='bbox 3577 3795 3783 3852; x_wconf 88' lang='lat' dir='ltr'><strong>simul.</strong></span> 
     </span>
    </p>
   </div>
   <div class='ocr_carea' id='block_1_98' title="bbox 2120 3883 3785 3957">
    <p class='ocr_par' dir='ltr' id='par_1_98' title="bbox 2120 3883 3785 3957">
     <span class='ocr_line' id='line_1_98' title="bbox 2120 3883 3785 3957; baseline -0.001 -14"><span class='ocrx_word' id='word_1_702' title='bbox 2120 3887 2311 3943; x_wconf 89' lang='lat' dir='ltr'><strong>Etiam</strong></span> <span class='ocrx_word' id='word_1_703' title='bbox 2336 3904 2451 3942; x_wconf 91' lang='lat' dir='ltr'><strong>non</strong></span> <span class='ocrx_word' id='word_1_704' title='bbox 2488 3886 3001 3942; x_wconf 89' lang='lat' dir='ltr'><strong>abseondebantur</strong></span> <span class='ocrx_word' id='word_1_705' title='bbox 3020 3900 3206 3957; x_wconf 89' lang='lat' dir='ltr'><strong>neque</strong></span> <span class='ocrx_word' id='word_1_706' title='bbox 3238 3883 3681 3956; x_wconf 86' lang='lat' dir='ltr'><strong>reponebantur</strong></span> <span class='ocrx_word' id='word_1_707' title='bbox 3701 3886 3785 3942; x_wconf 89' lang='lat' dir='ltr'><strong>di-</strong></span> 
     </span>
    </p>
   </div>
   <div class='ocr_carea' id='block_1_99' title="bbox 2120 3972 3780 4045">
    <p class='ocr_par' dir='ltr' id='par_1_99' title="bbox 2120 3972 3780 4045">
     <span class='ocr_line' id='line_1_99' title="bbox 2120 3972 3780 4045; baseline -0.001 -13"><span class='ocrx_word' id='word_1_708' title='bbox 2120 3976 2271 4032; x_wconf 66' lang='lat' dir='ltr'><strong>vitiae</strong></span> <span class='ocrx_word' id='word_1_709' title='bbox 2304 3993 2506 4032; x_wconf 88' lang='lat' dir='ltr'><strong>eorum</strong></span> <span class='ocrx_word' id='word_1_710' title='bbox 2540 3975 2599 4029; x_wconf 93' lang='lat' dir='ltr'><strong>in</strong></span> <span class='ocrx_word' id='word_1_711' title='bbox 2630 3974 2926 4030; x_wconf 89' lang='lat' dir='ltr'><strong>thesauris</strong></span> <span class='ocrx_word' id='word_1_712' title='bbox 2957 3972 3297 4045; x_wconf 88' lang='lat' dir='ltr'><strong>cupiditatis</strong></span> <span class='ocrx_word' id='word_1_713' title='bbox 3328 3990 3529 4040; x_wconf 88' lang='lat' dir='ltr'><strong>causa,</strong></span> <span class='ocrx_word' id='word_1_714' title='bbox 3553 3975 3654 4030; x_wconf 90' lang='lat' dir='ltr'><strong>sed</strong></span> <span class='ocrx_word' id='word_1_715' title='bbox 3686 3992 3780 4030; x_wconf 81' lang='lat' dir='ltr'><strong>ve-</strong></span> 
     </span>
    </p>
   </div>
   <div class='ocr_carea' id='block_1_100' title="bbox 2122 4061 3780 4133">
    <p class='ocr_par' dir='ltr' id='par_1_100' title="bbox 2122 4061 3780 4133">
     <span class='ocr_line' id='line_1_100' title="bbox 2122 4061 3780 4133; baseline -0.002 -11"><span class='ocrx_word' id='word_1_716' title='bbox 2122 4067 2363 4123; x_wconf 90' lang='lat' dir='ltr'><strong>niebant</strong></span> <span class='ocrx_word' id='word_1_717' title='bbox 2412 4065 2498 4120; x_wconf 90' lang='lat' dir='ltr'><strong>illi</strong></span> <span class='ocrx_word' id='word_1_718' title='bbox 2548 4065 2603 4120; x_wconf 91' lang='lat' dir='ltr'><strong>in</strong></span> <span class='ocrx_word' id='word_1_719' title='bbox 2655 4061 3042 4133; x_wconf 86' lang='lat' dir='ltr'><strong>Hierusalem,</strong></span> <span class='ocrx_word' id='word_1_720' title='bbox 3074 4065 3131 4118; x_wconf 86' lang='lat' dir='ltr'><strong>et</strong></span> <span class='ocrx_word' id='word_1_721' title='bbox 3168 4062 3487 4118; x_wconf 75' lang='lat' dir='ltr'><strong>offerebant</strong></span> <span class='ocrx_word' id='word_1_722' title='bbox 3532 4063 3780 4119; x_wconf 90' lang='lat' dir='ltr'><strong>Domino</strong></span> 
     </span>
    </p>
   </div>
   <div class='ocr_carea' id='block_1_101' title="bbox 2123 4150 3784 4225">
    <p class='ocr_par' dir='ltr' id='par_1_101' title="bbox 2123 4150 3784 4225">
     <span class='ocr_line' id='line_1_101' title="bbox 2123 4150 3784 4225; baseline -0.002 -14"><span class='ocrx_word' id='word_1_723' title='bbox 2123 4173 2369 4211; x_wconf 90' lang='lat' dir='ltr'><strong>munera</strong></span> <span class='ocrx_word' id='word_1_724' title='bbox 2390 4159 2447 4211; x_wconf 90' lang='lat' dir='ltr'><strong>et</strong></span> <span class='ocrx_word' id='word_1_725' title='bbox 2468 4154 2696 4210; x_wconf 89' lang='lat' dir='ltr'><strong>hostias</strong></span> <span class='ocrx_word' id='word_1_726' title='bbox 2720 4171 2733 4208; x_wconf 88' lang='lat'><strong>:</strong></span> <span class='ocrx_word' id='word_1_727' title='bbox 2759 4169 2971 4208; x_wconf 91' lang='lat' dir='ltr'><strong>aurum</strong></span> <span class='ocrx_word' id='word_1_728' title='bbox 3002 4150 3289 4217; x_wconf 88' lang='lat' dir='ltr'><strong>videlicet,</strong></span> <span class='ocrx_word' id='word_1_729' title='bbox 3313 4155 3642 4224; x_wconf 88' lang='lat' dir='ltr'><strong>argentum,</strong></span> <span class='ocrx_word' id='word_1_730' title='bbox 3663 4151 3784 4225; x_wconf 86' lang='lat' dir='ltr'><strong>pal-</strong></span> 
     </span>
    </p>
   </div>
   <div class='ocr_carea' id='block_1_102' title="bbox 2120 4240 3782 4318">
    <p class='ocr_par' dir='ltr' id='par_1_102' title="bbox 2120 4240 3782 4318">
     <span class='ocr_line' id='line_1_102' title="bbox 2120 4240 3782 4318; baseline -0.002 -17"><span class='ocrx_word' id='word_1_731' title='bbox 2120 4246 2222 4315; x_wconf 89' lang='lat' dir='ltr'><strong>lia,</strong></span> <span class='ocrx_word' id='word_1_732' title='bbox 2244 4261 2530 4318; x_wconf 90' lang='lat' dir='ltr'><strong>gemmas,</strong></span> <span class='ocrx_word' id='word_1_733' title='bbox 2557 4260 2711 4311; x_wconf 88' lang='lat' dir='ltr'><strong>oves,</strong></span> <span class='ocrx_word' id='word_1_734' title='bbox 2739 4246 2797 4297; x_wconf 91' lang='lat' dir='ltr'><strong>et</strong></span> <span class='ocrx_word' id='word_1_735' title='bbox 2827 4243 3024 4307; x_wconf 89' lang='lat' dir='ltr'><strong>boves,</strong></span> <span class='ocrx_word' id='word_1_736' title='bbox 3049 4245 3108 4296; x_wconf 91' lang='lat' dir='ltr'><strong>ct</strong></span> <span class='ocrx_word' id='word_1_737' title='bbox 3132 4240 3475 4297; x_wconf 88' lang='lat' dir='ltr'><strong>linteamina</strong></span> <span class='ocrx_word' id='word_1_738' title='bbox 3498 4258 3511 4297; x_wconf 90' lang='lat'><strong>:</strong></span> <span class='ocrx_word' id='word_1_739' title='bbox 3537 4242 3693 4298; x_wconf 90' lang='lat' dir='ltr'><strong>unde</strong></span> <span class='ocrx_word' id='word_1_740' title='bbox 3725 4246 3782 4297; x_wconf 81' lang='lat' dir='ltr'><strong>et</strong></span> 
     </span>
    </p>
   </div>
   <div class='ocr_carea' id='block_1_103' title="bbox 2122 4329 3778 4410">
    <p class='ocr_par' dir='ltr' id='par_1_103' title="bbox 2122 4329 3778 4410">
     <span class='ocr_line' id='line_1_103' title="bbox 2122 4329 3778 4410; baseline -0.003 -19"><span class='ocrx_word' id='word_1_741' title='bbox 2122 4352 2259 4410; x_wconf 90' lang='lat' dir='ltr'><strong>pars</strong></span> <span class='ocrx_word' id='word_1_742' title='bbox 2290 4333 2634 4390; x_wconf 88' lang='lat' dir='ltr'><strong>remanebat</strong></span> <span class='ocrx_word' id='word_1_743' title='bbox 2678 4332 2749 4387; x_wconf 90' lang='lat' dir='ltr'><strong>ad</strong></span> <span class='ocrx_word' id='word_1_744' title='bbox 2792 4336 3067 4387; x_wconf 88' lang='lat' dir='ltr'><strong>ornatum</strong></span> <span class='ocrx_word' id='word_1_745' title='bbox 3118 4329 3322 4403; x_wconf 90' lang='lat' dir='ltr'><strong>templi</strong></span> <span class='ocrx_word' id='word_1_746' title='bbox 3356 4329 3608 4398; x_wconf 90' lang='lat' dir='ltr'><strong>Domini,</strong></span> <span class='ocrx_word' id='word_1_747' title='bbox 3644 4348 3778 4402; x_wconf 84' lang='lat' dir='ltr'><strong>pars</strong></span> 
     </span>
    </p>
   </div>
   <div class='ocr_carea' id='block_1_104' title="bbox 2121 4419 3785 4492">
    <p class='ocr_par' dir='ltr' id='par_1_104' title="bbox 2121 4419 3785 4492">
     <span class='ocr_line' id='line_1_104' title="bbox 2121 4419 3785 4492; baseline -0.004 -11"><span class='ocrx_word' id='word_1_748' title='bbox 2121 4425 2299 4481; x_wconf 90' lang='lat' dir='ltr'><strong>etiam</strong></span> <span class='ocrx_word' id='word_1_749' title='bbox 2341 4423 2584 4479; x_wconf 90' lang='lat' dir='ltr'><strong>cedebat</strong></span> <span class='ocrx_word' id='word_1_750' title='bbox 2614 4421 2681 4487; x_wconf 20' lang='lat' dir='ltr'><strong>in,</strong></span> <span class='ocrx_word' id='word_1_751' title='bbox 2707 4437 2853 4476; x_wconf 88' lang='lat' dir='ltr'><strong>usus</strong></span> <span class='ocrx_word' id='word_1_752' title='bbox 2883 4420 3257 4477; x_wconf 89' lang='lat' dir='ltr'><strong>sacerdotum</strong></span> <span class='ocrx_word' id='word_1_753' title='bbox 3293 4435 3307 4474; x_wconf 87' lang='lat'><strong>:</strong></span> <span class='ocrx_word' id='word_1_754' title='bbox 3341 4419 3586 4492; x_wconf 90' lang='lat' dir='ltr'><strong>ideoque</strong></span> <span class='ocrx_word' id='word_1_755' title='bbox 3614 4423 3785 4474; x_wconf 86' lang='lat' dir='ltr'><strong>erant</strong></span> 
     </span>
    </p>
   </div>
   <div class='ocr_carea' id='block_1_105' title="bbox 2122 4504 3782 4581">
    <p class='ocr_par' dir='ltr' id='par_1_105' title="bbox 2122 4504 3782 4581">
     <span class='ocr_line' id='line_1_105' title="bbox 2122 4504 3782 4581; baseline -0.004 -11"><span class='ocrx_word' id='word_1_756' title='bbox 2122 4513 2497 4571; x_wconf 72' lang='lat' dir='ltr'><strong>sanctificata:</strong></span> <span class='ocrx_word' id='word_1_757' title='bbox 2526 4504 2775 4567; x_wconf 83' lang='lat' dir='ltr'><strong>Domino</strong></span> <span class='ocrx_word' id='word_1_758' title='bbox 2822 4508 3247 4581; x_wconf 89' lang='lat' dir='ltr'><strong>negotiationes</strong></span> <span class='ocrx_word' id='word_1_759' title='bbox 3277 4506 3425 4580; x_wconf 89' lang='lat' dir='ltr'><strong>ejus.</strong></span> <span class='ocrx_word' id='word_1_760' title='bbox 3460 4508 3782 4564; x_wconf 89' lang='lat' dir='ltr'><strong>Possumus</strong></span> 
     </span>
    </p>
   </div>
   <div class='ocr_carea' id='block_1_106' title="bbox 2121 4595 3781 4671">
    <p class='ocr_par' dir='ltr' id='par_1_106' title="bbox 2121 4595 3781 4671">
     <span class='ocr_line' id='line_1_106' title="bbox 2121 4595 3781 4671; baseline -0.005 -10"><span class='ocrx_word' id='word_1_761' title='bbox 2121 4604 2297 4661; x_wconf 90' lang='lat' dir='ltr'><strong>etiam</strong></span> <span class='ocrx_word' id='word_1_762' title='bbox 2331 4607 2389 4658; x_wconf 89' lang='lat' dir='ltr'><strong>et</strong></span> <span class='ocrx_word' id='word_1_763' title='bbox 2417 4602 2527 4658; x_wconf 92' lang='lat' dir='ltr'><strong>hoc</strong></span> <span class='ocrx_word' id='word_1_764' title='bbox 2583 4599 2755 4656; x_wconf 91' lang='lat' dir='ltr'><strong>aliter</strong></span> <span class='ocrx_word' id='word_1_765' title='bbox 2811 4598 3159 4671; x_wconf 89' lang='lat' dir='ltr'><strong>intelligere.</strong></span> <span class='ocrx_word' id='word_1_766' title='bbox 3195 4599 3332 4654; x_wconf 90' lang='lat' dir='ltr'><strong>Post</strong></span> <span class='ocrx_word' id='word_1_767' title='bbox 3378 4595 3781 4654; x_wconf 89' lang='lat' dir='ltr'><strong>ascensionem</strong></span> 
     </span>
    </p>
   </div>
   <div class='ocr_carea' id='block_1_107' title="bbox 2122 4686 3783 4763">
    <p class='ocr_par' dir='ltr' id='par_1_107' title="bbox 2122 4686 3783 4763">
     <span class='ocr_line' id='line_1_107' title="bbox 2122 4686 3783 4763; baseline -0.005 -14"><span class='ocrx_word' id='word_1_768' title='bbox 2122 4691 2353 4750; x_wconf 91' lang='lat' dir='ltr'><strong>Domini</strong></span> <span class='ocrx_word' id='word_1_769' title='bbox 2386 4691 2458 4746; x_wconf 88' lang='lat' dir='ltr'><strong>ad</strong></span> <span class='ocrx_word' id='word_1_770' title='bbox 2494 4688 3124 4763; x_wconf 72' lang='lat' dir='ltr'><strong>superos,pra3dicante</strong></span> <span class='ocrx_word' id='word_1_771' title='bbox 3154 4688 3386 4760; x_wconf 90' lang='lat' dir='ltr'><strong>egregio</strong></span> <span class='ocrx_word' id='word_1_772' title='bbox 3408 4686 3783 4760; x_wconf 63' lang='lat' dir='ltr'><strong>praedicatore</strong></span> 
     </span>
    </p>
   </div>
   <div class='ocr_carea' id='block_1_108' title="bbox 2119 4776 3780 4854">
    <p class='ocr_par' dir='ltr' id='par_1_108' title="bbox 2119 4776 3780 4854">
     <span class='ocr_line' id='line_1_108' title="bbox 2119 4776 3780 4854; baseline -0.005 -15"><span class='ocrx_word' id='word_1_773' title='bbox 2119 4781 2298 4839; x_wconf 90' lang='lat' dir='ltr'><strong>Paulo</strong></span> <span class='ocrx_word' id='word_1_774' title='bbox 2329 4779 2519 4854; x_wconf 79' lang='lat' dir='ltr'><strong>Tyriis</strong></span> <span class='ocrx_word' id='word_1_775' title='bbox 2550 4783 2608 4834; x_wconf 90' lang='lat' dir='ltr'><strong>et</strong></span> <span class='ocrx_word' id='word_1_776' title='bbox 2636 4777 2920 4848; x_wconf 88' lang='lat' dir='ltr'><strong>Sidoniis,</strong></span> <span class='ocrx_word' id='word_1_777' title='bbox 2946 4777 3209 4833; x_wconf 89' lang='lat' dir='ltr'><strong>conversi</strong></span> <span class='ocrx_word' id='word_1_778' title='bbox 3244 4781 3383 4832; x_wconf 89' lang='lat' dir='ltr'><strong>sunt</strong></span> <span class='ocrx_word' id='word_1_779' title='bbox 3414 4779 3533 4831; x_wconf 89' lang='lat' dir='ltr'><strong>toto</strong></span> <span class='ocrx_word' id='word_1_780' title='bbox 3564 4776 3780 4831; x_wconf 88' lang='lat' dir='ltr'><strong>mentis</strong></span> 
     </span>
    </p>
   </div>
   <div class='ocr_carea' id='block_1_109' title="bbox 2121 4866 3778 4938">
    <p class='ocr_par' dir='ltr' id='par_1_109' title="bbox 2121 4866 3778 4938">
     <span class='ocr_line' id='line_1_109' title="bbox 2121 4866 3778 4938; baseline -0.006 -9"><span class='ocrx_word' id='word_1_781' title='bbox 2121 4870 2411 4928; x_wconf 86' lang='lat' dir='ltr'><strong>desiderio</strong></span> <span class='ocrx_word' id='word_1_782' title='bbox 2442 4869 2515 4926; x_wconf 91' lang='lat' dir='ltr'><strong>ad</strong></span> <span class='ocrx_word' id='word_1_783' title='bbox 2549 4869 2725 4924; x_wconf 82' lang='lat' dir='ltr'><strong>fidem</strong></span> <span class='ocrx_word' id='word_1_784' title='bbox 2758 4866 3389 4938; x_wconf 87' lang='lat' dir='ltr'><strong>Salvatoris.Tuncquc</strong></span> <span class='ocrx_word' id='word_1_785' title='bbox 3422 4866 3657 4921; x_wconf 88' lang='lat' dir='ltr'><strong>fuerunt</strong></span> <span class='ocrx_word' id='word_1_786' title='bbox 3678 4881 3778 4919; x_wconf 88' lang='lat' dir='ltr'><strong>ne-</strong></span> 
     </span>
    </p>
   </div>
   <div class='ocr_carea' id='block_1_110' title="bbox 2120 4955 3775 5036">
    <p class='ocr_par' dir='ltr' id='par_1_110' title="bbox 2120 4955 3775 5036">
     <span class='ocr_line' id='line_1_110' title="bbox 2120 4955 3775 5036; baseline -0.005 -20"><span class='ocrx_word' id='word_1_787' title='bbox 2120 4961 2469 5036; x_wconf 80' lang='lat' dir='ltr'><strong>gotiationes</strong></span> <span class='ocrx_word' id='word_1_788' title='bbox 2519 4959 2649 5029; x_wconf 89' lang='lat' dir='ltr'><strong>ejus</strong></span> <span class='ocrx_word' id='word_1_789' title='bbox 2708 4956 3086 5013; x_wconf 63' lang='lat' dir='ltr'><strong>sanctificata;</strong></span> <span class='ocrx_word' id='word_1_790' title='bbox 3146 4956 3396 5010; x_wconf 90' lang='lat' dir='ltr'><strong>Domino</strong></span> <span class='ocrx_word' id='word_1_791' title='bbox 3430 4973 3442 5009; x_wconf 88' lang='lat'><strong>:</strong></span> <span class='ocrx_word' id='word_1_792' title='bbox 3478 4955 3617 5027; x_wconf 90' lang='lat' dir='ltr'><strong>quia</strong></span> <span class='ocrx_word' id='word_1_793' title='bbox 3661 4972 3775 5009; x_wconf 88' lang='lat' dir='ltr'><strong>non</strong></span> 
     </span>
    </p>
   </div>
   <div class='ocr_carea' id='block_1_111' title="bbox 2122 5043 3775 5107">
    <p class='ocr_par' dir='ltr' id='par_1_111' title="bbox 2122 5043 3775 5107">
     <span class='ocr_line' id='line_1_111' title="bbox 2122 5043 3775 5107; baseline -0.005 -2"><span class='ocrx_word' id='word_1_794' title='bbox 2122 5051 2560 5107; x_wconf 86' lang='lat' dir='ltr'><strong>absconderunt</strong></span> <span class='ocrx_word' id='word_1_795' title='bbox 2590 5062 2689 5102; x_wconf 90' lang='lat' dir='ltr'><strong>eas</strong></span> <span class='ocrx_word' id='word_1_796' title='bbox 2721 5047 2779 5100; x_wconf 91' lang='lat' dir='ltr'><strong>in</strong></span> <span class='ocrx_word' id='word_1_797' title='bbox 2814 5045 3048 5101; x_wconf 87' lang='lat' dir='ltr'><strong>arcanis</strong></span> <span class='ocrx_word' id='word_1_798' title='bbox 3092 5043 3501 5100; x_wconf 88' lang='lat' dir='ltr'><strong>thesaurorum</strong></span> <span class='ocrx_word' id='word_1_799' title='bbox 3535 5059 3775 5099; x_wconf 88' lang='lat' dir='ltr'><strong>suorum</strong></span> 
     </span>
    </p>
   </div>
   <div class='ocr_carea' id='block_1_112' title="bbox 2120 5134 3778 5211">
    <p class='ocr_par' dir='ltr' id='par_1_112' title="bbox 2120 5134 3778 5211">
     <span class='ocr_line' id='line_1_112' title="bbox 2120 5134 3778 5211; baseline -0.007 -14"><span class='ocrx_word' id='word_1_800' title='bbox 2120 5139 2363 5197; x_wconf 87' lang='lat' dir='ltr'><strong>avaritia</strong></span> <span class='ocrx_word' id='word_1_801' title='bbox 2421 5136 2884 5211; x_wconf 89' lang='lat' dir='ltr'><strong>cupiditatisque</strong></span> <span class='ocrx_word' id='word_1_802' title='bbox 2942 5151 3140 5201; x_wconf 86' lang='lat' dir='ltr'><strong>causa,</strong></span> <span class='ocrx_word' id='word_1_803' title='bbox 3187 5134 3288 5189; x_wconf 90' lang='lat' dir='ltr'><strong>sed</strong></span> <span class='ocrx_word' id='word_1_804' title='bbox 3349 5134 3778 5195; x_wconf 74' lang='lat' dir='ltr'><strong>zediﬁcaverunt</strong></span> 
     </span>
    </p>
   </div>
   <div class='ocr_carea' id='block_1_113' title="bbox 2120 5225 3774 5299">
    <p class='ocr_par' dir='ltr' id='par_1_113' title="bbox 2120 5225 3774 5299">
     <span class='ocr_line' id='line_1_113' title="bbox 2120 5225 3774 5299; baseline -0.007 -13"><span class='ocrx_word' id='word_1_805' title='bbox 2120 5228 2410 5286; x_wconf 89' lang='lat' dir='ltr'><strong>Ecclesias</strong></span> <span class='ocrx_word' id='word_1_806' title='bbox 2432 5244 2500 5281; x_wconf 83' lang='lat' dir='ltr'><strong>ex</strong></span> <span class='ocrx_word' id='word_1_807' title='bbox 2522 5226 2701 5292; x_wconf 92' lang='lat' dir='ltr'><strong>cis,ct</strong></span> <span class='ocrx_word' id='word_1_808' title='bbox 2728 5225 3107 5299; x_wconf 67' lang='lat' dir='ltr'><strong>praebuerunt</strong></span> <span class='ocrx_word' id='word_1_809' title='bbox 3135 5228 3431 5296; x_wconf 89' lang='lat' dir='ltr'><strong>sumptus,</strong></span> <span class='ocrx_word' id='word_1_810' title='bbox 3465 5225 3523 5279; x_wconf 84' lang='lat' dir='ltr'><strong>et</strong></span> <span class='ocrx_word' id='word_1_811' title='bbox 3550 5238 3618 5278; x_wconf 88' lang='lat' dir='ltr'><strong>ea</strong></span> <span class='ocrx_word' id='word_1_812' title='bbox 3646 5237 3774 5294; x_wconf 67' lang='lat' dir='ltr'><strong>quae</strong></span> 
     </span>
    </p>
   </div>
   <div class='ocr_carea' id='block_1_114' title="bbox 2118 5310 3779 5387">
    <p class='ocr_par' dir='ltr' id='par_1_114' title="bbox 2118 5310 3779 5387">
     <span class='ocr_line' id='line_1_114' title="bbox 2118 5310 3779 5387; baseline -0.007 -11"><span class='ocrx_word' id='word_1_813' title='bbox 2118 5316 2451 5375; x_wconf 86' lang='lat' dir='ltr'><strong>necessaria</strong></span> <span class='ocrx_word' id='word_1_814' title='bbox 2473 5319 2639 5371; x_wconf 88' lang='lat' dir='ltr'><strong>erant</strong></span> <span class='ocrx_word' id='word_1_815' title='bbox 2658 5312 3119 5387; x_wconf 58' lang='lat' dir='ltr'><strong>praedicantibus</strong></span> <span class='ocrx_word' id='word_1_816' title='bbox 3136 5312 3514 5384; x_wconf 87' lang='lat' dir='ltr'><strong>Evangelium</strong></span> <span class='ocrx_word' id='word_1_817' title='bbox 3528 5310 3779 5382; x_wconf 84' lang='lat' dir='ltr'><strong>discipu-</strong></span> 
     </span>
    </p>
   </div>
   <div class='ocr_carea' id='block_1_115' title="bbox 2119 5398 3776 5477">
    <p class='ocr_par' dir='ltr' id='par_1_115' title="bbox 2119 5398 3776 5477">
     <span class='ocr_line' id='line_1_115' title="bbox 2119 5398 3776 5477; baseline -0.008 -12"><span class='ocrx_word' id='word_1_818' title='bbox 2119 5408 2212 5477; x_wconf 89' lang='lat' dir='ltr'><strong>lis,</strong></span> <span class='ocrx_word' id='word_1_819' title='bbox 2248 5406 2518 5463; x_wconf 89' lang='lat' dir='ltr'><strong>videlicet</strong></span> <span class='ocrx_word' id='word_1_820' title='bbox 2549 5403 2703 5461; x_wconf 89' lang='lat' dir='ltr'><strong>beati</strong></span> <span class='ocrx_word' id='word_1_821' title='bbox 2745 5402 2930 5471; x_wconf 88' lang='lat' dir='ltr'><strong>Pauli,</strong></span> <span class='ocrx_word' id='word_1_822' title='bbox 2965 5420 3114 5475; x_wconf 93' lang='lat' dir='ltr'><strong>quos</strong></span> <span class='ocrx_word' id='word_1_823' title='bbox 3144 5402 3270 5475; x_wconf 89' lang='lat' dir='ltr'><strong>ipse</strong></span> <span class='ocrx_word' id='word_1_824' title='bbox 3296 5402 3449 5474; x_wconf 88' lang='lat' dir='ltr'><strong>apud</strong></span> <span class='ocrx_word' id='word_1_825' title='bbox 3481 5418 3577 5457; x_wconf 88' lang='lat' dir='ltr'><strong>eos</strong></span> <span class='ocrx_word' id='word_1_826' title='bbox 3606 5398 3776 5455; x_wconf 87' lang='lat' dir='ltr'><strong>dimi-</strong></span> 
     </span>
    </p>
   </div>
   <div class='ocr_carea' id='block_1_116' title="bbox 2120 5487 3777 5566">
    <p class='ocr_par' dir='ltr' id='par_1_116' title="bbox 2120 5487 3777 5566">
     <span class='ocr_line' id='line_1_116' title="bbox 2120 5487 3777 5566; baseline -0.008 -11"><span class='ocrx_word' id='word_1_827' title='bbox 2120 5499 2198 5555; x_wconf 88' lang='lat' dir='ltr'><strong>sit</strong></span> <span class='ocrx_word' id='word_1_828' title='bbox 2220 5512 2446 5552; x_wconf 90' lang='lat' dir='ltr'><strong>necnon</strong></span> <span class='ocrx_word' id='word_1_829' title='bbox 2480 5492 2840 5566; x_wconf 89' lang='lat' dir='ltr'><strong>pauperibus</strong></span> <span class='ocrx_word' id='word_1_830' title='bbox 2870 5492 3191 5565; x_wconf 87' lang='lat' dir='ltr'><strong>egenisquc</strong></span> <span class='ocrx_word' id='word_1_831' title='bbox 3222 5508 3324 5565; x_wconf 91' lang='lat' dir='ltr'><strong>pro</strong></span> <span class='ocrx_word' id='word_1_832' title='bbox 3355 5490 3590 5547; x_wconf 89' lang='lat' dir='ltr'><strong>nomine</strong></span> <span class='ocrx_word' id='word_1_833' title='bbox 3611 5487 3777 5545; x_wconf 85' lang='lat' dir='ltr'><strong>Chri-</strong></span> 
     </span>
    </p>
   </div>
   <div class='ocr_carea' id='block_1_117' title="bbox 2120 5577 3776 5654">
    <p class='ocr_par' dir='ltr' id='par_1_117' title="bbox 2120 5577 3776 5654">
     <span class='ocr_line' id='line_1_117' title="bbox 2120 5577 3776 5654; baseline -0.009 -9"><span class='ocrx_word' id='word_1_834' title='bbox 2120 5588 2217 5646; x_wconf 86' lang='lat' dir='ltr'><strong>sti.</strong></span> <span class='ocrx_word' id='word_1_835' title='bbox 2239 5585 2403 5654; x_wconf 88' lang='lat' dir='ltr'><strong>Quod</strong></span> <span class='ocrx_word' id='word_1_836' title='bbox 2435 5588 2632 5639; x_wconf 88' lang='lat' dir='ltr'><strong>autcm</strong></span> <span class='ocrx_word' id='word_1_837' title='bbox 2666 5581 2831 5637; x_wconf 90' lang='lat' dir='ltr'><strong>addit</strong></span> <span class='ocrx_word' id='word_1_838' title='bbox 2863 5605 2890 5630; x_wconf 93' lang='grc'><strong>‹‹</strong></span> <span class='ocrx_word' id='word_1_839' title='bbox 2928 5586 2992 5637; x_wconf 91' lang='lat' dir='ltr'><strong>ut</strong></span> <span class='ocrx_word' id='word_1_840' title='bbox 3023 5582 3400 5647; x_wconf 82' lang='lat' dir='ltr'><strong>manducent,</strong></span> <span class='ocrx_word' id='word_1_841' title='bbox 3435 5602 3462 5630; x_wconf 94' lang='lat'><strong>»</strong></span> <span class='ocrx_word' id='word_1_842' title='bbox 3495 5577 3776 5636; x_wconf 86' lang='lat' dir='ltr'><strong>subaudis</strong></span> 
     </span>
    </p>
   </div>
   <div class='ocr_carea' id='block_1_118' title="bbox 2120 5668 3775 5746">
    <p class='ocr_par' dir='ltr' id='par_1_118' title="bbox 2120 5668 3775 5746">
     <span class='ocr_line' id='line_1_118' title="bbox 2120 5668 3775 5746; baseline -0.007 -13"><span class='ocrx_word' id='word_1_843' title='bbox 2120 5676 2181 5734; x_wconf 90' lang='lat' dir='ltr'><strong>hi</strong></span> <span class='ocrx_word' id='word_1_844' title='bbox 2212 5674 2312 5746; x_wconf 89' lang='lat' dir='ltr'><strong>qui</strong></span> <span class='ocrx_word' id='word_1_845' title='bbox 2344 5669 2740 5728; x_wconf 89' lang='lat' dir='ltr'><strong>habitaverint</strong></span> <span class='ocrx_word' id='word_1_846' title='bbox 2771 5687 2967 5727; x_wconf 90' lang='lat' dir='ltr'><strong>coram</strong></span> <span class='ocrx_word' id='word_1_847' title='bbox 3030 5671 3295 5739; x_wconf 90' lang='lat' dir='ltr'><strong>Domino,</strong></span> <span class='ocrx_word' id='word_1_848' title='bbox 3321 5694 3347 5720; x_wconf 91' lang='grc'><strong>‹‹</strong></span> <span class='ocrx_word' id='word_1_849' title='bbox 3375 5685 3560 5743; x_wconf 90' lang='lat' dir='ltr'><strong>usque</strong></span> <span class='ocrx_word' id='word_1_850' title='bbox 3591 5668 3650 5724; x_wconf 90' lang='lat' dir='ltr'><strong>in</strong></span> <span class='ocrx_word' id='word_1_851' title='bbox 3683 5683 3775 5722; x_wconf 88' lang='lat' dir='ltr'><strong>sa-</strong></span> 
     </span>
    </p>
   </div>
   <div class='ocr_carea' id='block_1_119' title="bbox 2120 5755 3772 5832">
    <p class='ocr_par' dir='ltr' id='par_1_119' title="bbox 2120 5755 3772 5832">
     <span class='ocr_line' id='line_1_119' title="bbox 2120 5755 3772 5832; baseline -0.005 -9"><span class='ocrx_word' id='word_1_852' title='bbox 2120 5764 2445 5831; x_wconf 87' lang='lat' dir='ltr'><strong>turitatem,</strong></span> <span class='ocrx_word' id='word_1_853' title='bbox 2478 5766 2534 5819; x_wconf 90' lang='lat' dir='ltr'><strong>et</strong></span> <span class='ocrx_word' id='word_1_854' title='bbox 2579 5758 2905 5818; x_wconf 86' lang='lat' dir='ltr'><strong>vestiantur</strong></span> <span class='ocrx_word' id='word_1_855' title='bbox 2952 5778 3138 5832; x_wconf 90' lang='lat' dir='ltr'><strong>usque</strong></span> <span class='ocrx_word' id='word_1_856' title='bbox 3169 5761 3242 5819; x_wconf 89' lang='lat' dir='ltr'><strong>ad</strong></span> <span class='ocrx_word' id='word_1_857' title='bbox 3268 5762 3614 5819; x_wconf 83' lang='lat' dir='ltr'><strong>vetustatem</strong></span> <span class='ocrx_word' id='word_1_858' title='bbox 3646 5782 3670 5807; x_wconf 86' lang='grc'><strong>››</strong></span> <span class='ocrx_word' id='word_1_859' title='bbox 3703 5755 3772 5815; x_wconf 83' lang='lat' dir='ltr'><strong>ad</strong></span> 
     </span>
    </p>
   </div>
  </div>
