3960 6370
67 434 189 496 829

68 662 182 724 tes,
209 655 315 729 qui
349 673 547 713 coram
587 656 835 714 Domino
868 656 1300 723 habitaverunt,
1336 655 1446 710 hoc
1494 658 1582 709 est
1631 670 1734 707 vo-

68 744 363 802 luntatem
394 746 556 802 illius
586 745 997 819 impleverunt,
1032 747 1184 817 quod
1219 762 1287 800 ex
1307 744 1476 799 bonis
1500 742 1732 797 illorum

67 835 438 892 comederint
467 853 658 909 usque
688 836 760 892 ad
792 835 1185 905 saturitatem,
1218 836 1371 890 sicut
1410 834 1537 903 jam
1587 830 1732 885 dixi-

66 940 224 992 mus,
260 928 321 981 et
348 924 547 981 vestiti
579 929 721 980 sunt
760 924 995 980 illorum
1044 923 1408 979 vestimentis
1444 940 1629 994 usque
1661 920 1730 974 ad

64 1016 443 1082 vetustatem,
478 1013 589 1070 hoc
620 1016 728 1080 est,
762 1031 950 1085 usque
976 1014 1047 1067 ad
1082 1012 1517 1068 sufﬁcientiam.

674 1102 908 1158 CAPUT
947 1094 1159 1157 XXIV:

141 1214 169 1240 ‹‹
202 1191 354 1246 Ecce
394 1188 681 1245 Dominus
730 1189 1044 1261 dissipabit
1092 1196 1328 1245 terram.
1362 1213 1388 1237 ››
1421 1190 1735 1260 liucusque

71 1280 360 1354 propheta
388 1278 755 1335 diversarum
787 1279 1055 1352 gentium
1104 1284 1163 1334 et
1210 1279 1511 1334 civitatum
1560 1296 1738 1333 onera

71 1368 376 1439 describit,
396 1368 849 1441 Babyloniorum
872 1368 1735 1440 videlicet,Assyriorum,iEgy-

70 1460 356 1531 ptiorum,
389 1460 849 1530 cteterorumque
880 1456 1223 1513 multorum.
1261 1458 1390 1512 Haec
1428 1474 1561 1512 vero
1609 1474 1736 1528 qum

70 1548 164 1603 hic
193 1548 504 1617 dicuntur,
536 1547 609 1602 ad
641 1548 795 1602 diem
818 1546 1031 1618 judicii
1060 1546 1369 1618 pertinent,
1391 1545 1739 1617 generaliter

69 1639 140 1693 de
171 1634 469 1692 universis
494 1634 927 1691 habitatoribus
958 1635 1197 1691 orhis.A
1221 1636 1411 1707 specie
1436 1635 1592 1689 enim
1617 1651 1740 1706 per—

68 1726 230 1783 venit
259 1726 338 1781 ad
369 1740 580 1798 genus.
613 1726 683 1781 Et
713 1725 854 1797 quid
899 1728 989 1780 est
1035 1726 1189 1797 quod
1241 1725 1384 1780 dicit
1434 1724 1736 1796 propheta.

70 1814 366 1871 Dominus
395 1813 713 1885 dissipabit
743 1817 957 1870 terram
973 1814 1003 1869 ?
1024 1814 1300 1885 Nunquid
1321 1813 1405 1869 ita
1427 1812 1737 1885 dissipabi-

70 1908 269 1995 turgut
299 1901 533 1995 desinat
561 1918 690 1995 esse
720 1904 875 1995 quod
910 1905 1042 1995 est?
1070 1902 1192 1958 Non
1228 1903 1512 1959 Dominus
1561 1902 1737 1995 etiam
1770 1930 1815 1995 Β

73 1992 214 2048 dicit
247 1992 311 2047 in
362 1989 675 2062 Evangelio
709 2007 723 2045 :
759 2014 787 2040 ‹‹
820 1990 1044 2047 Caelum
1094 1995 1151 2046 et
1198 1995 1351 2046 terra
1400 1991 1738 2047 transibunt

72 2082 222 2150 (Luc.
259 2082 401 2147 xxi).
426 2102 448 2129 ι
470 2080 772 2145 Quomodo
788 2080 817 2134 ‘I
840 2080 945 2135 Per
966 2080 1435 2136 immutationem
1459 2084 1515 2136 et
1536 2081 1736 2135 melio-

73 2169 389 2237 rationem,
420 2168 575 2225 sicut
603 2173 801 2241 aperte
829 2169 1088 2225 Joannes
1126 2168 1187 2225 in
1235 2169 1582 2242 Apocalypsi
1629 2187 1738 2225 sua

75 2258 479 2315 demonstrat:
508 2278 537 2308 «
559 2257 629 2312 Et
653 2256 765 2312 erit
795 2255 1006 2312 ccelum
1040 2273 1254 2312 novum
1287 2260 1343 2312 et
1385 2261 1540 2312 terra
1592 2274 1738 2311 nova

73 2347 404 2419 (Apamiam).
432 2367 460 2393 υ
491 2344 551 2401 Si
581 2344 738 2400 enim
767 2344 847 2401 ita
876 2344 1173 2413 transiret,
1190 2344 1423 2417 penitus
1445 2345 1739 2400 desineret

76 2452 222 2491 esse.
257 2434 425 2501 Quod
455 2437 516 2489 et
546 2432 822 2489 Salomon
854 2432 1096 2489 minime
1127 2433 1482 2505 loqueretur.
1512 2458 1533 2481 σι
1560 2434 1739 2489 Gene-

79 2524 223 2579 ratio
254 2522 515 2595 praterit
542 2526 601 2577 et
628 2522 929 2594 generatio
962 2522 1218 2590 advenit,
1252 2527 1408 2577 terra
1448 2528 1641 2578 autem
1676 2523 1734 2577 in

78 2616 359 2668 internum
390 2612 509 2667 stat
536 2610 731 2678 (Eccle.
765 2613 826 2679 ι).
860 2633 888 2660 n
920 2610 1244 2683 Dissipabit
1281 2626 1419 2682 ergo
1451 2611 1737 2667 Dominus

77 2707 294 2759 terram
326 2704 587 2758 διανθωο
604 2699 853 2772 judicio,
874 2700 932 2756 id
955 2704 1045 2755 est
1065 2716 1168 2772 per
1188 2701 1385 2772 ignem
1408 2700 1581 2755 faciet
1604 2718 1734 2756 eam

76 2791 353 2859 transire,
384 2792 625 2846 mutans
652 2787 817 2846 illam
847 2789 921 2846 ab
951 2788 1062 2845 hac
1098 2789 1309 2861 specie,
1342 2806 1522 2862 quam
1574 2805 1733 2845 nunc

76 2880 254 2936 habet
285 2878 346 2935 in
379 2876 702 2935 meliorem.
739 2899 767 2928 «
796 2879 867 2934 Et
895 2877 1144 2934 nudabit
1170 2894 1299 2934 eam
1331 2878 1404 2933 ab
1438 2876 1729 2933 habitato-

78 2969 263 3040 ribus,
300 2986 329 3018 η
359 2967 434 3025 ab
466 2966 828 3034 hominibus,
862 2982 897 3022 a
927 2966 1151 3038 bestiis,
1184 2984 1219 3023 a
1248 2966 1643 3039 serpentibus,
1662 2967 1735 3022 ab

82 3056 412 3124 arboribus,
448 3056 521 3112 ab
547 3055 708 3113 omni
740 3056 911 3111 sorde
940 3055 1027 3110 vel
1060 3055 1365 3127 spurcitia,
1390 3078 1417 3104 ‹‹
1442 3058 1499 3110 et
1518 3055 1740 3127 afﬂiget

79 3147 287 3204 faciem
301 3146 436 3217 ejus
454 3165 482 3196 »
506 3144 647 3217 quia
662 3162 765 3217 per
780 3144 976 3217 ignem
998 3144 1559 3201 transibit.Medicus
1579 3144 1738 3199 enim

81 3235 318 3309 quando
349 3234 653 3290 infirmum
683 3250 818 3290 cum
849 3234 983 3308 igne
1013 3238 1200 3305 curat,
1231 3233 1365 3289 licet
1396 3233 1635 3290 sanitati
1666 3232 1735 3288 il-

82 3300 205 3381 lum
236 3323 534 3390 restituat,
567 3322 779 3395 affligit
809 3300 1006 3379 tamen
1057 3300 1247 3379 illum.
1284 3344 1313 3373 ‹‹
1343 3324 1413 3378 Et
1444 3323 1742 3395 disperget
1772 3300 1816 3368 (ἶ

77 3412 444 3469 habitatores
472 3412 625 3483 ejus,
643 3433 672 3461 ››
689 3411 747 3467 id
779 3416 869 3468 est
895 3411 1133 3469 dividet.
1156 3412 1398 3478 Quando
1421 3412 1532 3468 erit
1552 3410 1694 3467 illud
1712 3413 1739 3467 ?

78 3502 321 3570 Quando
353 3501 821 3574 segregabuntur
850 3517 986 3557 oves
1018 3501 1090 3556 ab
1112 3501 1317 3569 haedis,
1343 3524 1371 3551 ‹‹
1388 3501 1535 3573 justi
1560 3502 1631 3556 ab
1655 3501 1740 3558 in-

76 3591 251 3661 jUstis
276 3590 493 3660 (Matth.
524 3588 676 3661 xxv).
711 3611 740 3641 »
778 3590 839 3645 In
874 3590 1143 3662 praesenti
1177 3590 1334 3645 enim
1369 3590 1581 3646 seeculo
1628 3608 1735 3662 pa-

74 3680 211 3735 riter
240 3676 409 3734 mixti
440 3681 580 3734 suat
610 3677 747 3734 boni
770 3682 828 3733 et
850 3677 1011 3733 mali.
1028 3679 1195 3734 Tunc
1216 3682 1412 3734 autem
1435 3678 1581 3735 alias
1602 3680 1731 3747 erit,

74 3768 210 3840 quia
236 3768 414 3824 ibunt
443 3767 609 3839 impii
644 3767 703 3822 in
734 3766 1091 3840 supplicium
1125 3772 1350 3823 aeterna:
1400 3768 1731 3825 damnatio-

76 3856 182 3927 nis,
207 3855 362 3928 justi
397 3855 459 3911 in
493 3856 778 3929 gaudium
814 3861 1041 3912 interna:
1068 3857 1309 3928 quietis.

134 3969 161 3997 ι(
196 3947 270 4002 Et
316 3944 428 4001 erit
474 3943 632 4002 sicut
688 3943 961 4016 populus,
1010 3944 1096 4000 sic
1144 3946 1435 4002 sacerdos.
1474 3969 1503 3995 ››
1536 3947 1732 4003 Bonus

68 4034 254 4091 laicus
284 4046 423 4090 cum
454 4034 610 4089 bono
640 4034 940 4090 sacerdote
963 4034 1518 4100 remunerabitur,et
1538 4035 1729 4091 malus

66 4121 253 4180 laicus
285 4134 422 4178 cum
470 4121 628 4178 malo
679 4123 981 4179 sacerdote
1029 4123 1429 4179 damnabitur.
1462 4124 1588 4178 Non
1618 4123 1730 4179 erit

66 4211 344 4270 discretio
374 4211 528 4267 inter
555 4211 875 4269 Dominum
904 4215 964 4268 et
992 4228 1247 4279 servum,
1270 4212 1423 4268 inter
1452 4211 1726 4267 ancillam

63 4306 116 4357 et
143 4299 480 4369 dominam,
502 4300 553 4357 si
585 4304 833 4373 uterque
864 4301 1055 4357 bonus
1084 4301 1171 4359 vel
1195 4305 1442 4373 utraque
1462 4302 1618 4357 bona
1636 4301 1725 4357 vel

65 4390 222 4448 mala
247 4388 448 4445 fuerit.
483 4388 579 4446 Sic
607 4393 666 4446 et
693 4390 765 4445 de
797 4390 1022 4447 casteria
1052 4395 1143 4446 est
1163 4391 1498 4448 dicendum.
1524 4391 1724 4447 Foene-

64 4483 219 4535 rator
246 4480 361 4545 est,
394 4477 494 4550 qui
524 4479 862 4535 commodat
886 4478 974 4535 vel
1004 4482 1243 4551 praestat
1270 4478 1446 4536 alicui
1475 4478 1720 4551 aliquid.

62 4566 290 4624 Mutare
318 4565 562 4638 quidam
580 4566 1105 4635 dicunt,mutatam
1124 4567 1434 4639 pecuniam
1457 4569 1720 4637 reddere,

1092 382 1537 495 DCGMMENT.
1585 430 1660 490 IN
1705 424 1999 490 lSAIAM.
2045 465 2123 475 —
2164 433 2316 496 LIB.
2362 435 2439 496 ll.

68 570 357 640 utrosque
385 565 587 624 referri
617 569 828 639 potest,
860 569 919 623 et
946 567 1017 623 ad
1049 566 1281 624 Judmos
1312 569 1371 621 et
1391 565 1461 620 ad
1494 564 1727 620 creden-
1750 557 1811 628 Α

3381 443 3499 507 838

1912 586 1937 612 ‹‹
1974 564 2043 618 Et
2073 567 2226 622 terra
2256 567 2560 627 interfecta
2587 574 2696 628 est.
2736 594 2763 623 ››
2795 572 2935 639 Quis
2968 577 3159 647 potest
3182 578 3397 635 terram
3418 574 3502 634 iu-

1844 652 2103 707 terflccre
2121 655 2148 709 ?
2180 656 2597 729 Numquidnam
2631 662 2888 718 animam
2912 664 3133 720 habet?
3155 666 3261 721 Per
3282 670 3500 723 terram

1844 742 2055 795 terreni
2078 742 2363 811 homines,
2384 753 2439 802 et
2455 750 2768 805 carnaliter
2782 751 3039 807 viventes
3062 752 3496 827 intelliguntur.

1844 830 2022 885 Terra
2052 847 2187 903 ergo
2220 834 2521 891 interfecta
2551 844 2640 893 est
2682 840 2754 893 ab
2787 839 3219 897 habitatoribus
3261 842 3410 909 suis,
3441 843 3497 899 id

1844 924 1952 985 est,
1972 922 2183 976 terreni
2216 923 2484 981 homines
2516 926 2801 982 interfecti
2824 932 2964 984 sunt
2994 930 3066 984 ab
3088 930 3220 986 aliis
3251 932 3498 987 terrenis

1844 1007 2206 1073 hominibus,
2240 1013 2339 1085 qui
2372 1014 2718 1069 habitabant
2750 1015 2807 1071 in
2841 1019 3014 1072 terra.
3053 1039 3080 1068 ‹‹
3111 1018 3259 1085 Quia
3309 1023 3497 1077 trans-

1845 1098 2027 1168 gressi
2063 1106 2201 1155 sunt
2230 1101 2789 1173 leges,xmitaverunt
2811 1107 2932 1176 jus.
2963 1130 2989 1153 ››
3016 1108 3140 1161 llzrc
3162 1109 3233 1163 ad
3258 1126 3500 1180 sequen-

1847 1187 1927 1241 tia
1960 1188 2268 1258 pertinent.
2303 1193 2464 1256 Quod
2498 1197 2587 1248 est
2618 1192 2707 1248 lex
2740 1194 2846 1248 hoc
2878 1194 3052 1250 etiam
3086 1197 3495 1267 etjus,fu:dus,

1846 1275 2124 1331 amicitia.
2159 1279 2505 1351 Quicunque
2537 1298 2674 1352 ergo
2705 1282 2892 1353 legem
2925 1284 3071 1338 bene
3104 1288 3159 1339 ct
3181 1285 3286 1340 rite
3308 1287 3501 1342 obser-

1844 1366 2289 1438 vaverit,procul
2321 1368 2500 1423 dubio
2534 1369 2630 1425 ille
2663 1375 2918 1425 meretur
2945 1371 3058 1426 Deo
3091 1374 3365 1444 conjungi
3401 1391 3503 1446 per

1847 1452 2002 1507 bona
2030 1470 2227 1525 opera,
2258 1458 2315 1509 et
2348 1460 2479 1527 post
2510 1458 2986 1528 coniunctionem
3026 1460 3216 1515 fmdus
3264 1460 3505 1517 habebit

1848 1558 1982 1596 cum
2014 1541 2132 1609 illo,
2170 1543 2224 1598 id
2256 1547 2344 1598 est
2377 1544 2719 1601 amicitiam.
2754 1547 2919 1602 Sicut
2946 1546 3070 1620 ipse
3102 1549 3245 1605 dicit
3274 1554 3505 1622 aposte-

1849 1628 1922 1683 lis
1957 1646 1969 1685 :
2003 1655 2029 1679 ‹‹
2064 1631 2194 1687 Jam
2229 1650 2342 1687 non
2376 1634 2571 1689 dicam
2599 1652 2699 1690 vos
2733 1654 2951 1705 servos,
2976 1638 3077 1693 sed
3100 1639 3321 1695 amicos
3345 1657 3504 1696 meos

1850 1721 2025 1787 (Joan.
2060 1720 2172 1792 xv).
2208 1744 2234 1769 η
2265 1722 2451 1778 ,ἰυᾱωί
2476 1724 2784 1795 jartabant
2813 1742 2875 1781 se
2906 1726 2975 1781 de
3010 1728 3241 1799 generis
3288 1728 3505 1784 nobili-

1848 1812 1967 1863 tate
1998 1810 2259 1865 diccntcs
2285 1828 2297 1865 :
2322 1812 2438 1866 Nos
2464 1811 2656 1884 regale
2676 1815 3089 1883 sacerdotium,
3112 1832 3258 1888 gens
3278 1821 3503 1888 sancta,

1848 1902 1905 1952 et
1936 1897 2039 1952 ﬁlii
2068 1898 2335 1964 Abrahzn,
2370 1900 2537 1956 nobis
2570 1918 2803 1973 quoque
2835 1903 2974 1959 solis
3006 1904 3143 1959 data
3162 1908 3251 1961 est
3271 1905 3500 1962 lex.Scd

1849 1987 2284 2043 mentiebantur
2315 1989 2371 2043 in
2404 1989 2534 2057 hoc,
2570 1991 2725 2061 quod
2756 1990 2868 2062 ipsi
2901 1990 3009 2047 soli
3043 1991 3230 2064 legem
3264 2011 3499 2066 accepe-

1848 2075 1985 2129 rint.
2019 2076 2164 2131 Nam
2210 2077 2485 2133 omnibus
2536 2078 2877 2135 hominibus
2928 2081 3083 2136 Deus
3130 2082 3503 2155 omnipotens

1847 2165 2174 2220 naturalem
2210 2166 2394 2238 legem
2429 2167 2700 2239 prmcepit
2730 2168 3199 2237 observare.Qua:
3217 2176 3307 2227 est
3340 2175 3506 2228 natu-

1847 2252 1986 2309 ralis
2018 2252 2151 2309 lex?
2180 2256 2343 2322 Quod
2378 2256 2482 2310 tibi
2516 2273 2629 2311 non
2662 2256 2749 2312 vis
2782 2258 2926 2326 ﬁeri,
2962 2257 3058 2314 alii
3108 2277 3223 2315 non
3274 2261 3500 2317 feceris.

1845 2342 2029 2398 Judaei
2062 2361 2198 2415 ergo
2229 2348 2285 2399 et
2316 2344 2501 2417 legem
2534 2346 2860 2402 naturalem
2892 2351 2950 2404 et
2979 2348 3168 2421 legem
3199 2350 3503 2422 scriptam,

1846 2436 1904 2487 et
1934 2431 2175 2505 insuper
2194 2434 2571 2505 Evangelium
2593 2440 3067 2508 spreverunt,pro
3092 2437 3273 2493 nihilo
3295 2439 3505 2494 ducen-

1848 2524 1953 2575 tes.
1987 2523 2199 2577 Gentes
2230 2527 2431 2578 autem
2463 2528 2521 2579 et
2551 2523 2737 2595 legem
2794 2524 3124 2580 naturalem
3155 2529 3214 2581 et
3243 2528 3508 2600 Evange-

1845 2608 1992 2665 lium
2025 2616 2403 2683 transgressae
2435 2617 2596 2680 sunt,
2630 2617 2687 2668 et
2718 2612 2826 2669 hoc
2857 2615 2928 2669 de
2959 2614 3076 2671 illis
3121 2616 3344 2672 dictum
3377 2634 3506 2675 esse

1846 2702 2269 2756 attendendum
2301 2705 2411 2769 est,
2434 2701 2533 2771 qui
2558 2701 2854 2758 Christum
2885 2721 3001 2759 non
3034 2704 3429 2762 imitaverunt.

1921 2811 1948 2839 ‹‹
1971 2790 2211 2862 Propter
2240 2790 2348 2845 hoc
2378 2790 2710 2846 maledictio
2739 2792 3041 2848 devorabit
3073 2796 3343 2849 terram.»
3371 2795 3505 2850 Pro-

1848 2882 1975 2949 pter
2005 2878 2191 2949 quid?
2221 2879 2369 2945 Quia
2398 2879 2749 2951 transgressi
2784 2884 2924 2935 sunt
2954 2880 3130 2951 leges.
3156 2882 3263 2937 Per
3283 2886 3499 2938 terram

1848 2966 2205 3038 intelligendi
2240 2970 2380 3021 sunt
2408 2967 2679 3023 homines
2711 2968 2946 3023 terreni.
2981 2970 3052 3024 Et
3082 2986 3209 3041 quae
3260 2969 3371 3026 erit
3400 2970 3504 3028 illa

1847 3054 2333 3127 maledictio,quae
2361 3056 2587 3111 vorabit
2613 3059 2671 3111 et
2700 3056 2998 3128 disperdat
3028 3056 3359 3114 universam
3384 3062 3499 3116 ter-

1848 3162 1970 3200 ram
1988 3144 2017 3199 ?
2046 3145 2348 3201 Sententia
2376 3162 2554 3217 super
2582 3162 2787 3203 omnes
2819 3145 3269 3213 terribilis,cum
3292 3147 3504 3206 dixerit

1838 3234 2024 3304 judex
2052 3233 2317 3289 omnium
2344 3252 2356 3289 :
2384 3257 2411 3284 ‹‹
2448 3234 2548 3303 Ite,
2576 3232 2971 3303 maledicti,in
2994 3236 3191 3309 ignem
3215 3241 3499 3295 aeternum

1850 3322 2052 3393 (Matth.
2084 3323 2235 3395 xxv).
2270 3346 2297 3374 »
2333 3347 2361 3373 «
2396 3323 2645 3396 Ideoque
2677 3323 2974 3379 insaniant
3001 3325 3255 3382 cultores
3283 3326 3431 3398 ejus.
3468 3352 3498 3379 ››

1849 3410 2110 3466 Insanire
2138 3416 2227 3466 est
2256 3411 2316 3465 in
2347 3412 2669 3467 amentiam
2700 3416 2758 3467 et
2790 3412 2847 3467 in
2897 3416 3199 3486 stuporem
3248 3415 3499 3473 nimium

1846 3500 2012 3565 verti,
2044 3499 2297 3557 cultores
2324 3505 2488 3557 terra:
2520 3505 2661 3557 sunt
2707 3503 2836 3574 ejus
2885 3507 3199 3572 amatores,
3232 3504 3334 3577 qui
3378 3510 3500 3562 ter-

1847 3589 2003 3645 renis
2032 3590 2340 3646 desideriis
2370 3595 2427 3646 et
2457 3592 2613 3646 curis
2643 3592 2965 3649 mundanis
2995 3594 3504 3669 incubant.Atque

1843 3684 2144 3736 vertentur
2173 3679 2233 3736 in
2266 3681 2583 3737 amentiam
2615 3681 2834 3737 amoris
2865 3683 3015 3754 ejus,
3043 3685 3181 3756 quia
3223 3685 3508 3743 videbunt

1844 3768 2013 3823 illum
2045 3770 2217 3841 cujus
2249 3774 2537 3841 praecepta
2565 3774 2931 3843 spreverunt,
2966 3776 3024 3826 et
3052 3773 3295 3828 audient
3324 3791 3495 3830 suam

1842 3858 2281 3914 damnationem
2314 3862 2676 3929 perpetuam.
2712 3882 2739 3907 ‹‹
2774 3860 2845 3913 Et
2875 3859 3280 3931 relinquentur
3307 3861 3498 3917 homi-

1841 3962 1946 4002 nes
1966 3946 2135 4017 pauci
2161 3965 2176 4014 ;
2212 3968 2240 3994 ι)
2272 3946 2382 4001 hoc
2414 3946 2486 4000 ad
2516 3945 2731 4001 electos
2781 3947 3053 4018 pertinet.
3082 3947 3227 4003 Cum
3277 3948 3499 4006 fuerint

1839 4051 2045 4091 omnes
2078 4032 2305 4106 reprobi
2344 4033 2404 4088 in
2455 4033 2798 4089 barathrum
2843 4038 3069 4090 aeterna:
3118 4035 3498 4095 cruciationis

1837 4124 2111 4191 demersi,
2134 4122 2306 4195 pauci
2327 4122 2492 4178 electi
2511 4122 2917 4178 remanebunt.
2934 4122 3098 4179 Sicut
3117 4123 3247 4196 ipsa
3266 4124 3497 4182 Veritas

1835 4212 2028 4268 dixit:
2065 4233 2094 4262 ‹‹
2127 4210 2295 4267 Multi
2350 4210 2561 4278 vocati,
2611 4210 2781 4283 pauci
2840 4210 3008 4267 electi
3064 4212 3269 4282 (Matth.
3320 4231 3394 4270 xx
3438 4218 3496 4272 et

1832 4305 1993 4371 nn).
2018 4324 2046 4353 »
2072 4301 2185 4357 Sed
2216 4300 2264 4356 si
2298 4301 2444 4356 bene
2474 4300 2979 4369 attendimus,non
3009 4307 3181 4359 erunt
3210 4303 3402 4376 pauci.
3428 4304 3492 4360 In

1834 4408 1941 4447 suo
1970 4390 2130 4446 enim
2162 4407 2408 4446 numero
2438 4390 2855 4461 perfectionem
2889 4389 3319 4461 habebunt,sed
3338 4409 3494 4449 com-

1833 4479 2135 4552 paratione
2162 4479 2546 4551 reproborum
2574 4478 2746 4550 pauci
2775 4478 3048 4535 videntur
3077 4495 3206 4536 esse
3223 4497 3485 4537 numero.

1905 4591 1934 4620 «
1959 4568 2131 4624 Luxit
2156 4568 2507 4624 vindemia.»
2528 4566 2652 4623 Vox
2680 4566 2975 4639 prophetae
2997 4566 3081 4623 sic
3102 4567 3398 4639 loquentis
3417 4570 3491 4625 de

60 4659 122 4712 ut
148 4672 261 4729 pro
291 4658 534 4727 argento
562 4671 806 4728 equum.
829 4656 932 4713 Vel
954 4657 1131 4713 etiam
1164 4656 1405 4713 dicunt:
1429 4657 1576 4723 Quia
1599 4673 1723 4712 mu-
1751 4674 1801 4737 Ι)
1831 4657 2027 4713 futuro
2058 4657 2226 4729 quasi
2259 4658 2329 4713 de
2360 4656 2670 4729 praeterito.
2695 4680 2723 4705 ‹‹
2750 4655 2922 4715 Luxit
2940 4661 3000 4713 et
3019 4656 3320 4713 inﬁrmata
3339 4662 3487 4727 est,»

59 4749 228 4802 tuum
264 4743 502 4811 dicitur,
536 4761 734 4802 meum
767 4749 958 4801 tuum.
991 4747 1062 4803 Et
1090 4749 1343 4802 tractum
1372 4750 1461 4802 est
1478 4747 1718 4817 exjure.

126 4858 157 4886 ιι
186 4832 590 4905 Dissipatione
634 4834 1021 4906 dissipabitur
1067 4838 1239 4903 terra,
1278 4857 1301 4884 ιο
1337 4833 1476 4905 quia
1521 4834 1722 4890 omnia

58 4922 517 4997 dissipabuntur
545 4926 604 4979 et
632 4924 943 4995 ardcbunt,
974 4940 1103 4995 quae
1135 4924 1194 4979 in
1220 4940 1289 4980 ea
1318 4924 1719 4990 sunt.Quare?

57 5035 81 5059 «
110 5011 408 5079 Quoniam
431 5011 867 5083 depraedabitur
895 5029 930 5067 a
960 5012 1229 5069 Domino.
1266 5037 1293 5062 ››
1325 5014 1395 5068 Et
1424 5013 1716 5083 quomodo

54 5098 533 5174 depradahitur?
560 5100 712 5168 Quia
742 5100 1101 5159 habitatores
1133 5104 1264 5173 ejus
1296 5118 1409 5158 non
1449 5107 1624 5158 erunt
1654 5101 1713 5157 in

54 5204 139 5246 θα.

118 5301 151 5329 ‹‹
189 5277 367 5334 Luxit
393 5282 454 5334 et
480 5279 741 5349 deﬂuxit,
771 5301 801 5331 υ
834 5296 938 5352 pro
969 5297 1037 5336 eo
1067 5281 1223 5352 quod
1274 5285 1365 5337 est
1411 5280 1634 5352 lugebit
1663 5285 1721 5336 et

55 5367 293 5436 deﬂuet,
322 5367 384 5423 id
415 5370 507 5423 est
534 5368 786 5425 deficiet.
817 5370 888 5425 Et
908 5370 1201 5441 quomodo
1234 5372 1423 5441 potest
1450 5373 1606 5426 terra
1636 5369 1719 5425 lu-

52 5456 230 5525 gere?
253 5457 364 5513 Per
392 5459 612 5514 terram
643 5456 1003 5516 habitatores
1030 5459 1159 5529 ejus
1189 5457 1719 5531 intelligamus.De-

52 5544 239 5612 ﬂuxit,
271 5545 334 5601 id
366 5550 478 5614 est,
508 5546 741 5604 deﬁciet
769 5548 927 5604 orbis
959 5553 1017 5604 et
1046 5547 1295 5604 altitudo
1341 5548 1712 5620 populorum,

52 5633 109 5780 id:
138 5638 250 5780 eisltl,
286 5635 525 5707 superbi
559 5640 616 5692 et
642 5640 910 5710 potentes
932 5638 1152 5710 quique
1170 5636 1632 5695 inﬁrmabuntur
1653 5637 1712 5694 in

111 5738 141 5780 e
238 5740 295 5780 a.

111 5738 141 5780 Β
168 5738 295 5781 ma.

1831 4763 1935 4818 pro
1960 4764 2027 4801 eo
2058 4746 2214 4818 quod
2245 4750 2335 4801 est
2364 4744 2590 4817 lugebit
2618 4749 2678 4800 et
2706 4745 3104 4800 inﬁrmabitur
3143 4746 3301 4801 vitis.
3334 4748 3486 4812 Quo-

1829 4838 2004 4893 modo
2036 4838 2227 4908 potest
2255 4834 2551 4890 vindemia
2582 4832 2702 4889 sive
2731 4832 2866 4890 vitis
2914 4833 3154 4906 lugere?
3186 4834 3484 4906 Metapho-

1828 4927 1944 4983 rice
1974 4924 2420 4995 intelligendum
2452 4927 2560 4979 est.
2600 4923 2706 4978 Per
2734 4922 3091 4978 vindemiam
3124 4921 3244 4980 sive
3282 4924 3482 4991 vitem,

1826 5019 2118 5089 potatores
2148 5013 2265 5067 vini
2298 5016 2357 5067 et
2386 5012 2647 5068 ebriosos
2670 5012 2932 5083 accipere
2952 5011 3430 5068 debemus.Sicut
3451 5030 3487 5068 a

1822 5103 2107 5177 propheta
2126 5101 2397 5173 superius
2416 5100 2641 5156 dictum
2662 5104 2752 5157 est
2774 5116 2786 5154 :
2810 5100 2906 5155 Va:
2923 5100 3025 5173 qui
3056 5104 3321 5171 potentes
3338 5101 3484 5159 estis

1821 5194 1895 5250 ad
1924 5192 2244 5248 bibendum
2276 5190 2499 5258 vinum,
2530 5194 2588 5245 et
2615 5189 2722 5245 viri
2766 5190 2945 5246 fortes
2993 5189 3066 5244 ad
3117 5190 3482 5245 miscendam

1826 5282 2189 5339 ebrietatem.
2223 5280 2466 5346 Quando
2512 5277 2798 5351 lugebunt
2827 5278 2968 5333 isti?
2997 5279 3059 5333 In
3112 5278 3205 5332 die
3245 5278 3480 5349 judicii,

1827 5371 1966 5443 quia
1993 5370 2149 5426 sicut
2178 5369 2320 5425 dicit
2346 5368 2656 5440 Apostolus
2694 5385 2705 5423 :
2741 5391 2769 5417 ‹‹
2803 5367 3028 5424 Ebriosi
3081 5383 3325 5439 regnum
3376 5367 3477 5424 Dei

1826 5474 1938 5517 non
1974 5458 2359 5530 possidebunt
2388 5458 2437 5527 (Ι
2464 5457 2584 5514 Cor.
2619 5460 2721 5525 v1).
2754 5480 2781 5506 υ
2814 5480 2843 5505 ‹‹
2878 5456 3106 5523 Quievit
3138 5456 3366 5513 sonitus
3390 5456 3483 5511 lae.

1824 5548 2080 5613 tantium
2114 5564 2126 5602 :
2162 5568 2189 5596 »
2227 5564 2331 5617 pro
2361 5564 2426 5603 eo
2458 5547 2614 5618 quod
2644 5548 2752 5614 est,
2785 5545 3050 5616 quiescet
3080 5545 3138 5600 in
3182 5544 3276 5601 die
3313 5544 3478 5616 judi-

1823 5638 1919 5694 cii.
1954 5634 2244 5693 Maximus
2277 5651 2490 5692 mceror
2518 5635 2629 5693 erit
2669 5633 2990 5693 recordatio
3038 5633 3248 5691 laetitiae
3297 5633 3479 5706 hujus

1824 5725 2041 5786 saeculi.
