3960 6444
423 463 535 525 831

840 465 1249 525 HAYMONIS
1282 460 1835 524 HALBERSTAT.
1868 457 2112 521 EPISC.
2149 457 2322 521 OPP.
2360 460 2564 521 PARS
2598 460 2656 521 I.-
2679 494 2757 506 —-
2789 462 3202 526 COMMENT.
3229 464 3426 527 BIBL.

3724 468 3833 529 832

497 623 524 651 «
556 602 772 656 Amara
799 598 909 655 erit
937 596 1094 670 potio
1124 619 1152 647 »
1185 596 1302 653 illis
1334 596 1436 667 qui
1479 598 1674 664 modo,
1708 595 1766 650 in
1815 595 1926 652 hoc
1975 613 2080 652 sae-
2112 593 2168 660 Α
2195 593 2406 662 clesiaz,
2440 597 2506 650 ut
2534 594 2775 652 laudent
2805 596 3146 666 Dominum,
3167 601 3224 654 et
3253 598 3431 656 dicit:
3456 599 3501 657 Ο
3521 602 3762 674 apostoli
3786 609 3835 659 et

423 691 573 759 culo,
606 689 853 745 diversis
898 686 1180 759 prandiis,
1215 692 1273 741 et
1321 686 1566 742 diversis
1616 686 1953 757 potionibus
1983 688 2080 742 de-

421 781 730 846 lectantur,
765 778 824 834 in
842 776 1175 848 .diejudicii
1211 794 1412 831 amara
1438 778 1549 832 erit
1582 776 1719 845 illis,
1740 776 2081 833 bibentibus

421 870 581 925 illam
614 869 675 923 in
708 868 817 923 hoc
846 866 1081 924 sarculo.

489 984 516 1009 «
550 957 764 1014 Attrita
794 961 883 1013 est
912 956 1134 1023 civitas,
1174 980 1200 1005 ››
1233 974 1337 1028 pro
1366 974 1433 1012 eo
1465 957 1620 1028 quod
1648 962 1737 1013 est
1775 960 1950 1012 finem
1986 975 2078 1013 ac-

417 1049 612 1122 cipiet.
648 1049 753 1104 Per
780 1063 959 1102 unam
992 1047 1286 1102 civitatem
1320 1063 1524 1103 omnes
1555 1047 1819 1103 civitates
1858 1048 2079 1103 intelli-

415 1140 617 1211 gendze
651 1142 791 1193 sunt
825 1155 839 1191 :
874 1134 959 1191 vel
994 1135 1170 1190 etiam
1204 1152 1306 1206 per
1337 1135 1511 1191 istam
1554 1136 1758 1190 civitas
1805 1137 2079 1193 vanitatis

415 1227 696 1301 Babylon,
729 1244 856 1298 quae
888 1225 999 1280 fuit
1030 1224 1233 1280 civitas
1254 1225 1782 1296 civitatum,potest
1809 1226 2074 1299 intelligi.

412 1318 513 1374 Vel
549 1318 718 1373 aliter
749 1334 761 1372 :
800 1321 863 1371 ut
891 1333 993 1387 per
1017 1315 1310 1370 civitatem
1345 1332 1523 1369 unam
1558 1316 1818 1370 mundus
1860 1316 1967 1371 iste
1999 1317 2075 1371 si-

412 1408 726 1480 gnificetur
750 1406 845 1477 qui
898 1405 1075 1459 finem
1126 1407 1265 1458 tunc
1313 1404 1579 1475 accipiet.
1613 1405 1888 1476 thuare
1936 1406 2079 1460 dicit

300 1499 305 1504 ’
411 1495 730 1553 vanitatis?
761 1493 906 1560 Quia
958 1492 1245 1564 quidquid
1296 1494 1507 1547 transit
1555 1496 1611 1547 et
1659 1494 1942 1549 mutabile
1989 1498 2078 1548 est

412 1586 640 1641 vanitas
669 1587 778 1649 est,
800 1584 972 1653 juxta
1001 1582 1157 1652 quod
1207 1580 1506 1651 Sapientia
1549 1580 1693 1635 dicit
1723 1598 1734 1634 :
1772 1605 1798 1629 ‹‹
1832 1580 2075 1636 Vanitas

408 1674 761 1739 vanitatum,
793 1675 850 1727 et
879 1669 1081 1725 omnia
1106 1668 1338 1724 vanitas
1368 1670 1518 1741 (Sa/2.
1553 1670 1612 1739 1).
1652 1691 1678 1718 »

484 1785 511 1813 ι(
543 1762 776 1817 Clamor
803 1760 915 1815 erit
947 1776 1124 1830 super
1151 1758 1285 1813 vino
1319 1759 1375 1813 in
1397 1759 1625 1829 plateis.
1650 1782 1677 1807 ››
1702 1758 1898 1814 Platos
1920 1761 2072 1815 Grae-

407 1868 541 1907 cum
577 1867 788 1906 nomen
839 1853 946 1915 est,
981 1850 1037 1903 et
1068 1846 1285 1902 dicitur
1311 1864 1344 1901 a
1371 1847 1701 1902 latitudine.
1737 1849 1886 1914 Quid
1935 1867 2072 1921 ergo

406 1958 511 2014 per
542 1938 795 2012 plateam
829 1938 943 1992 isto
975 1936 1034 1990 in
1063 1936 1189 1991 loco
1222 1935 1671 2032 intelligendum
1705 1942 1814 2003 est,
1841 1938 1952 1993 nisi
1988 1939 2073 1995 illi
2105 1968 2153 2032 Β

406 2030 506 2102 qui
541 2046 644 2102 per
673 2027 1049 2083 latitudinem
1080 2024 1255 2080 istius
1305 2024 1501 2080 saeculi
1545 2028 1879 2099 vagantur?
1909 2028 2072 2086 Unde

404 2123 463 2175 et
494 2119 624 2191 ipsa
651 2117 883 2172 Veritas
916 2115 1058 2171 dicit
1090 2132 1103 2169 :
1131 2138 1156 2163 «
1189 2115 1331 2169 Lata
1350 2117 1406 2169 et
1429 2116 1688 2186 spatiosa
1711 2117 1801 2172 via
1825 2123 2070 2191 est,quze

403 2207 569 2264 ducit
598 2208 669 2263 ad
703 2204 1091 2279 perditionem
1123 2203 1327 2275 (Matth.
1361 2203 1484 2274 vn).
1524 2228 1549 2251 ››
1586 2204 1797 2261 Vinum
1851 2209 1909 2262 in
1961 2209 2071 2264 hoc

402 2296 531 2353 loco
561 2295 858 2369 signiﬁcat
888 2310 1164 2358 errorem,
1199 2292 1339 2364 quia
1369 2292 1450 2346 illi
1488 2295 1585 2365 qui
1620 2295 1765 2351 ebrii
1798 2301 2070 2365 sunt,er—

401 2388 537 2441 rant
562 2389 620 2439 et
647 2383 975 2439 insaniunt.
999 2381 1282 2436 Veniente
1304 2398 1441 2452 ergo
1465 2382 1557 2438 die
1579 2385 2066 2456 extremijudicii,

400 2474 626 2531 clamor
652 2472 764 2529 erit
793 2471 853 2527 in
884 2470 1001 2526 illis
1033 2469 1135 2542 qui
1163 2471 1412 2525 terrenis
1451 2471 1611 2527 curis
1658 2477 1717 2527 et
1764 2474 2068 2531 desideriis

399 2561 740 2620 deserviunt
771 2578 949 2633 super
978 2577 1154 2615 suum
1186 2577 1464 2628 errorem,
1499 2561 1641 2633 quia
1678 2562 1819 2617 dum
1853 2565 2067 2621 debue-

399 2657 542 2709 runt
570 2653 759 2707 facere
792 2668 955 2718 uvas,
992 2651 1253 2705 fecerunt
1284 2648 1610 2705 labruscas.

473 2766 501 2792 ‹‹
527 2741 749 2797 Relicta
770 2744 859 2796 est
881 2740 940 2795 in
968 2740 1111 2795 urbe
1134 2738 1410 2794 solitudo.
1432 2762 1460 2789 »
1482 2741 1789 2812 Quodjam
1812 2742 2069 2799 diximus

404 2833 478 2888 de
509 2849 627 2886 una
657 2829 889 2885 civitate
922 2826 1340 2900 superius,hoc
1362 2828 1538 2883 etiam
1567 2829 1882 2885 dicendum
1904 2835 2070 2887 estet

399 2922 473 2977 de
504 2938 624 2975 una
654 2920 818 2986 urbe,
853 2941 879 2968 «
915 2918 1055 2990 quia
1087 2916 1207 2970 haec
1252 2920 1425 2971 erunt
1472 2916 1530 2971 in
1581 2917 1772 2973 medio
1816 2923 2002 2975 terrm.
2036 2942 2064 2970 ››

400 3010 553 3078 Quid
586 3009 696 3064 erit
726 3007 786 3062 in
818 3007 1011 3062 medio
1042 3005 1254 3061 terrae?
1348 3070 1355 3087 ι

474 3098 672 3153 «Ideo
719 3095 830 3153 erit
878 3095 1132 3152 solitudo
1180 3094 1240 3148 in
1290 3095 1455 3163 urbe,
1492 3117 1519 3142 »
1552 3095 1661 3150 hoc
1712 3102 1800 3153 est
1852 3098 1907 3153 in
1959 3098 2070 3154 hoc

403 3188 651 3254 mundo,
687 3185 826 3259 quia
855 3186 978 3241 haec
1007 3188 1183 3240 erunt
1211 3201 1383 3256 opere
1427 3184 1748 3256 adimpleta
1782 3187 1841 3241 in
1874 3189 2068 3243 medio

400 3282 566 3334 terra:
599 3276 754 3348 quod
786 3274 1073 3330 hactenus
1106 3274 1263 3328 dicta
1297 3278 1456 3341 sunt,
1489 3274 1758 3329 videlicet
1788 3276 1926 3348 quia
1956 3278 2066 3333 Do-

2192 684 2458 739 doctores
2491 684 2589 757 qui
2625 686 2774 741 docti
2809 686 3226 760 estis,propter
3256 688 3365 744 hoc
3397 689 3534 762 quia
3564 691 3834 749 Dominus

2191 772 2556 845 glorificatus
2586 780 2758 841 est,et
2779 775 3007 832 vidistis
3031 778 3339 849 praemium
3359 782 3614 835 vestrum
3638 785 3693 836 et
3713 800 3836 854 sup-

2191 861 2433 934 plicium
2466 865 2872 935 reproborum,
2906 864 3225 937 gloriﬁcate
3256 866 3570 923 Dominum
3602 870 3660 924 in
3709 871 3835 926 doc-

2188 951 2344 1007 trina
2370 958 2581 1008 vestra.
2609 975 2637 1004 «
2661 955 2731 1010 Et
2760 953 2819 1009 in
2851 954 3063 1011 insulis
3095 956 3275 1012 maris
3306 974 3515 1013 nomen
3546 954 3795 1025 Domini,
3816 986 3837 1009 ι»

2190 1042 2476 1097 subaudis
2507 1043 2834 1115 praedicate.

2262 1156 2287 1179 α
2322 1132 2365 1186 Λ
2400 1132 2619 1187 ﬁnibus
2652 1138 2815 1188 terra:
2848 1133 3051 1191 laudes
3072 1137 3427 1193 audivimus.
3456 1162 3482 1189 ››
3505 1139 3625 1195 Vox
3645 1139 3840 1196 electo-

2189 1239 2321 1275 rum
2356 1222 2413 1276 in
2446 1222 2538 1277 die
2554 1222 2901 1293 judieii.Qui
2923 1229 3061 1280 sunt
3082 1228 3226 1281 lines
3248 1232 3411 1282 terra:
3429 1229 3456 1283 ‘2
3478 1229 3838 1295 Patriarchze,

2188 1311 2503 1381 propheta},
2527 1312 2797 1383 apostoli,
2830 1317 2888 1368 et
2918 1315 3182 1370 doctores
3212 1321 3427 1372 sancta:
3455 1318 3743 1375 Ecclesiae.
3776 1323 3839 1375 Et

2188 1417 2367 1471 quare
2396 1405 2678 1456 vocantur
2707 1401 2789 1456 illi
2822 1404 3009 1458 lines?
3030 1404 3176 1470 Quia
3205 1406 3359 1461 sicut
3380 1410 3533 1463 terra
3553 1409 3769 1465 finibus
3790 1417 3841 1465 et

2186 1489 2455 1544 terminis
2489 1490 2614 1545 suis
2645 1491 3004 1559 consistit,ut
3026 1492 3153 1549 sine
3184 1493 3301 1550 illis
3335 1500 3487 1551 stare
3518 1514 3631 1553 non
3654 1498 3836 1554 valet:

2187 1579 2267 1633 ita
2297 1580 2556 1635 mundus
2590 1579 2697 1635 iste
2729 1581 2995 1637 doctrina
3026 1587 3086 1638 et
3118 1585 3343 1641 meritis
3376 1585 3609 1644 illorum
3632 1590 3843 1645 consis-

2184 1667 2345 1722 tit.ln
2380 1669 2616 1723 Hebraeo
2647 1670 2805 1725 enim
2837 1670 2908 1725 ab
2941 1671 3049 1727 alis
3082 1676 3247 1728 terra:
3280 1673 3485 1732 laudes
3511 1678 3842 1733 audivimus

2185 1761 2275 1825 (ut
2293 1758 2498 1813 beatus
2523 1758 2910 1831 Hieronymus
2933 1761 3094 1830 dicit)
3115 1763 3507 1820 habetur.Ala3
3525 1769 3688 1822 terra:
3712 1786 3841 1823 san-

2184 1846 2259 1901 cti
2293 1846 2658 1919 intelligendi
2694 1853 2855 1919 sunt,
2882 1850 2979 1922 qui
3009 1852 3079 1906 de
3111 1852 3356 1909 terrenis
3386 1855 3459 1909 ad
3492 1855 3845 1928 cmlestia,de

2184 1936 2423 1991 caducis
2441 1938 2511 1991 ad
2532 1954 2814 1993 mansura
2829 1942 2885 1994 et
2900 1944 3183 2012 perpetua
3207 1941 3670 2001 evolant.Dicent
3689 1947 3842 2003 enim

2183 2024 2347 2079 electi
2382 2025 2440 2079 in
2470 2025 2563 2081 die
2595 2026 2804 2098 judicii
2839 2036 2859 2082 :'
2884 2030 2929 2083 A
2956 2029 3175 2085 finibus
3222 2034 3389 2087 terra?
3442 2032 3561 2089 sive
3609 2035 3681 2090 ab
3715 2036 3840 2103 alis,

2183 2114 2519 2171 audivimus
2550 2115 2670 2170 hmc
2702 2134 2829 2187 quae
2864 2119 3035 2173 modo
3065 2119 3406 2188 videmus,o
3429 2122 3674 2180 Domine
3698 2130 3843 2182 Deus

2182 2208 2399 2272 noster,
2434 2204 2639 2260 laudes
2669 2209 2802 2260 tuas
2834 2209 2890 2261 et
2920 2207 3392 2276 magnitudinem
3424 2214 3717 2285 tuam,qui
3742 2232 3842 2269 no-

2181 2291 2273 2346 bis
2306 2307 2538 2362 semper
2567 2291 2688 2346 hth
2718 2292 3132 2362 praedixerunt,
3157 2295 3474 2353 invitantes
3498 2316 3604 2355 nos
3627 2301 3701 2356 ad
3724 2301 3841 2356 hazc

2180 2383 2238 2433 et
2267 2384 2571 2435 monentes
2600 2383 2763 2434 tuam
2786 2380 3145 2437 voluntatem
3170 2385 3311 2441 totis
3332 2387 3557 2444 viribus
3580 2390 3839 2463 exsequi.

2177 2467 2526 2522 Audivimus
2555 2467 2735 2522 etiam
2764 2468 3011 2540 gloriam
3035 2471 3209 2541 justi,
3244 2473 3330 2528 vel
3366 2477 3702 2547 specialiter
3722 2479 3841 2551 glo-

2178 2556 2325 2612 riam
2360 2557 2614 2624 Domini,
2648 2556 2746 2628 qui
2777 2562 2867 2613 est
2893 2557 2986 2613 via
3015 2563 3074 2614 et
3104 2560 3339 2630 veritas,
3372 2564 3458 2619 vel
3486 2567 3843 2637 generaliter

2178 2645 2426 2718 gloriam
2484 2644 2752 2700 omnium
2797 2646 3119 2717 justorum.
3152 2650 3224 2704 Et
3273 2651 3394 2707 dixi
3428 2670 3442 2707 :
3477 2676 3505 2703 ‹‹
3540 2655 3841 2712 Secretum

2178 2752 2377 2790 meum
2411 2735 2575 2801 mihi,
2610 2740 2902 2790 secretum
2934 2752 3131 2792 meum
3164 2738 3333 2811 mihi,
3365 2758 3450 2813 yaz
3483 2742 3690 2798 mihi.»
3726 2746 3843 2801 Vox

2178 2823 2495 2897 prophetae.
2526 2825 2606 2879 Ac
2633 2824 2681 2878 si
2715 2823 2934 2880 diceret
2965 2825 3096 2881 aliis
3136 2827 3332 2883 verbis
3368 2846 3380 2883 :
3416 2830 3548 2886 Scio
3579 2832 3841 2904 quidem,

2179 2913 2300 2969 scio
2336 2930 2348 2966 ε
2386 2913 2542 2985 quod
2576 2930 2690 2968 non
2718 2931 2961 2985 possum
2984 2913 3196 2971 dicere.
3213 2916 3284 2971 Et
3304 2917 3443 2989 quia
3462 2936 3576 2974 non
3597 2937 3841 2991 possum

2179 3001 2390 3069 dicere,
2424 3018 2504 3057 vae
2545 3000 2712 3057 mihi.
2747 3002 2893 3057 Cum
2942 3003 3187 3058 vidisset
3235 3005 3519 3077 propheta
3563 3011 3622 3063 et
3667 3008 3839 3063 intel-

2175 3090 2415 3147 lexisset
2445 3090 2656 3162 spiritu
2686 3090 3306 3163 incomprehensibilia
3335 3098 3626 3151 tormenta
3646 3114 3838 3170 reproo

2178 3180 2392 3236 borum
2423 3183 2482 3234 et
2509 3178 2755 3252 gloriam
2790 3179 3144 3236 iuefi'abilem
3167 3182 3491 3254 justorum,
3523 3188 3580 3239 et
3602 3202 3717 3240 non
3742 3204 3834 3258 po-

2177 3269 2393 3325 tuisset
2423 3286 2491 3324 ea
2520 3285 2635 3340 prae
2668 3268 3079 3341 magnitudine
3111 3271 3201 3326 sui
3226 3287 3414 3343 neque
3435 3289 3532 3328 ore
3552 3274 3831 3345 proferre,

402 3367 604 3422 minus
638 3362 894 3419 mutabit
921 3362 1233 3418 terram.ln
1267 3362 1460 3417 medio
1492 3366 1656 3417 terra:
1689 3363 1830 3419 dicit
1861 3365 1917 3420 in
1941 3366 2068 3422 Hie-

2197 3375 2367 3430 ieque
2382 3337 2636 3414 scribere
2648 3337 2797 3429 (qua;
2816 3347 3293 3430 sicutApostolus
3305 3337 3633 3427 dicit,tarita
3643 3337 3835 3428 erunt,

403 3453 682 3519 rusalem,
717 3468 843 3522 qua:
875 3454 963 3505 est
993 3448 1312 3505 umbilicus
1342 3455 1527 3505 terrae.
1564 3451 1728 3507 Multi
1761 3456 2070 3509 autuman-

402 3546 493 3597 tes
524 3540 749 3605 dicunt,
782 3539 939 3610 quod
985 3537 1273 3592 Dominus
1323 3556 1499 3609 super
1550 3545 1807 3595 montem
1860 3542 2065 3597 Olivcti

403 3628 651 3695 sedebit,
684 3644 753 3682 ex
777 3643 892 3699 quo
925 3626 1189 3681 ascendit
1221 3626 1292 3679 ad
1316 3626 1814 3683 caelosDominus
1840 3648 1952 3685 non
1975 3633 2065 3687 de-

403 3716 644 3773 scendet
674 3715 733 3770 in
766 3719 981 3771 terram
1014 3714 1084 3769 ad
1109 3713 1429 3784 judicium,
1456 3715 1555 3769 sed
1593 3716 1649 3770 in
1685 3734 1814 3773 aere
1845 3720 2069 3776 sedebit

400 3807 462 3863 in
497 3806 652 3861 nube
683 3808 887 3861 contra
916 3807 1177 3858 montem
1209 3802 1574 3859 Oliveti.Non
1599 3806 1909 3861 descendet
1930 3825 2067 3880 ergo

400 3896 460 3951 in
494 3899 735 3963 terram,
760 3894 863 3949 sed
896 3892 956 3948 in
987 3892 1180 3965 spatio
1210 3891 1384 3948 istius
1407 3893 1557 3948 aeris
1580 3895 1808 3950 sedebit
1830 3895 1887 3950 in
1913 3898 2068 3953 nube

401 3988 607 4042 contra
624 3987 887 4039 montem
906 3981 1508 4053 Oliveti,constipatus
1529 3984 1868 4051 agminibus
1884 3990 1941 4040 et
1960 3987 2066 4041 vir-

399 4073 631 4129 tutibus
662 4071 963 4128 omlorum.
1001 4071 1064 4126 In
1098 4070 1253 4125 nube
1285 4071 1567 4140 ascendit,
1602 4076 1661 4127 et
1691 4073 1749 4128 in
1782 4075 1938 4130 nube
1970 4075 2069 4131 ite-

400 4180 533 4219 rum
563 4161 776 4232 veniet,
792 4161 947 4217 sicut
967 4160 1189 4216 dictum
1212 4164 1302 4216 est
1322 4160 1396 4215 ab
1418 4160 1642 4234 angelis
1668 4179 1679 4216 :
1706 4186 1733 4212 ‹‹
1760 4163 1854 4219 Sic
1876 4165 2068 4221 veniet

399 4250 904 4325 quemadmodum
932 4247 1165 4304 vidistis
1197 4265 1332 4304 eum
1356 4254 1593 4305 euntem
1612 4250 1669 4305 in
1693 4250 1903 4307 malum
1927 4254 2062 4323 (Act.

397 4342 499 4413 1).»
523 4341 593 4395 Et
608 4339 735 4411 ipse
753 4338 1045 4394 Domtnus
1064 4355 1167 4408 per
1185 4337 1574 4410 semetipsum
1597 4338 1766 4394 dicit:
1784 4364 1813 4392 «
1834 4342 1905 4397 Et
1925 4346 2065 4399 tunc

396 4426 902 4486 videbuntFilium
916 4426 1177 4482 hominis
1197 4426 1524 4483 venientem
1548 4428 1608 4483 in
1631 4429 1890 4486 nubibus
1911 4434 2061 4500 (Luc.

396 4522 536 4586 xxx).
563 4540 591 4568 »
616 4518 686 4573 Et
706 4516 809 4589 qui
830 4519 965 4572 ante
985 4515 1144 4570 venit
1164 4515 1426 4587 humilis,
1442 4519 1582 4572 tunc
1602 4517 1794 4574 veniet
1811 4536 1947 4575 cum
1971 4538 2066 4592 po-

397 4610 610 4663 testate
640 4622 857 4677 magna
883 4602 1182 4660 vindicare
1215 4622 1277 4659 se
1308 4604 1379 4659 de
1409 4604 1677 4661 hostibus
1711 4608 1892 4663 suis.“
1918 4612 2061 4676 Quo.

2177 3447 2379 3519 qualia
2408 3446 2613 3502 oculus
2645 3463 2760 3502 non
2791 3447 2955 3516 vidit,
2973 3464 3079 3503 nec
3100 3448 3260 3505 auris
3281 3449 3633 3519 audivit,nec
3657 3452 3715 3506 in
3740 3471 3839 3508 eor

2175 3537 2435 3592 hominis
2466 3538 2901 3607 ascenderunt),
2939 3538 3085 3593 dixit
3116 3556 3231 3611 pra:
3264 3539 3460 3596 dolore
3494 3558 3507 3596 :
3540 3540 3634 3596 Va:
3665 3542 3833 3607 mihi,

2178 3626 2318 3698 quia
2348 3644 2463 3681 non
2497 3644 2629 3682 sum
2663 3628 2879 3698 dignus
2911 3630 3166 3698 proferre
3197 3646 3324 3701 qua:
3346 3629 3484 3684 vidi.
3509 3653 3537 3679 ‹‹
3563 3630 3836 3687 Praevari-

2177 3720 2379 3770 cantes
2397 3716 2753 3787 przevaricati
2775 3719 2969 3785 sunt,»
2986 3717 3308 3773 saubaudis
3324 3718 3489 3790 impii
3506 3718 3692 3791 legem
3710 3719 3828 3775 Dei.
3860 3738 3863 3743 ·

2178 3802 2543 3860 Prazvaricari
2582 3808 2671 3859 est
2716 3804 3067 3877 transgredi.
3101 3806 3453 3878 Transgredi
3502 3812 3699 3863 autem
3748 3812 3832 3864 est

2176 3891 2334 3948 ultra
2363 3892 2464 3947 ire.
2498 3892 2620 3948 Vox
2663 3892 2960 3964 propheta:
3011 3894 3083 3949 de
3130 3895 3417 3966 reprobis.
3452 3896 3723 3953 Formido
3746 3900 3831 3953 est

2175 3982 2371 4037 timor.
2407 3982 2593 4037 Fovea
2616 3998 2629 4036 :
2656 3983 2833 4049 fossa,
2868 3980 3137 4054 laqueus,
3171 3982 3360 4039 ruina.
3377 3983 3527 4040 Dicit
3544 4001 3680 4058 ergo
3702 4003 3828 4059 pro-

2176 4071 2352 4144 pheta
2380 4071 2462 4127 :0
2494 4071 2593 4143 qui
2628 4070 2923 4126 habitator
2953 4087 3014 4127 es
3050 4076 3236 4140 torres,
3271 4072 3329 4127 id
3360 4077 3470 4141 est,
3492 4074 3591 4145 qui
3623 4091 3826 4130 carna-

2175 4160 2308 4216 liter
2328 4159 2555 4229 vivis,et
2586 4159 2833 4217 terrenis
2857 4160 3035 4216 rebus
3056 4161 3194 4217 totis
3216 4162 3522 4219 conatibus
3544 4163 3823 4220 inservis:

2176 4249 2426 4306 formido
2454 4248 2646 4305 veniet
2675 4265 2854 4321 super
2900 4252 2976 4304 te.
3011 4253 3146 4305 Haac
3195 4251 3369 4307 verba
3414 4256 3665 4324 possunt
3714 4270 3825 4308 non

2174 4340 2495 4411 incongrue
2523 4342 2644 4393 tam
2677 4336 2750 4393 ad
2782 4342 3049 4411 tempora
3078 4337 3478 4411 apostolorum
3507 4339 3596 4395 vel
3614 4345 3827 4414 marty-

2174 4445 2329 4499 rum,
2363 4443 2543 4500 quam
2575 4426 2751 4482 etiam
2777 4428 2848 4482 ad
2900 4430 3168 4500 tempora
3212 4427 3556 4485 Antichristi
3604 4429 3823 4485 referri.

2172 4517 2564 4590 Temporibus
2585 4516 2743 4571 enim
2767 4518 3004 4588 quando
3026 4517 3353 4588 persecutio
3377 4518 3607 4574 eminus
3628 4523 3825 4574 contra

2172 4605 2536 4662 Christianos
2566 4609 2766 4661 exorta
2794 4610 2903 4673 est,
2937 4610 3103 4662 erant
3145 4606 3317 4662 multi
3365 4606 3677 4664 Christiani
3719 4610 3825 4664 im-

399 4696 573 4750 modo
602 4693 650 4750 si
684 4710 882 4765 paucae
913 4692 1075 4749 oliva:
1109 4693 1518 4761 remanserint,
1552 4698 1611 4748 et
1660 4696 1875 4751 racemi
1929 4704 2062 4769 post
2091 4709 2139 4774 D
2172 4694 2412 4770 perfecti
2444 4693 2637 4749 adhuc
2666 4692 2727 4749 in
2758 4694 2892 4759 ﬁde,
2917 4693 3018 4765 qui
3052 4699 3213 4750 metu
3238 4699 3663 4752 tormentorum
3681 4698 3826 4754 dice-

400 4782 866 4838 collectionem.»
890 4780 1022 4836 Haec
1042 4782 1114 4836 ad
1138 4782 1560 4852 subsequentia
1588 4784 1966 4855 pertinent,et
1987 4787 2065 4843 lo-

400 4873 606 4943 quitur
637 4870 922 4942 propheta
951 4870 1022 4923 de
1054 4868 1254 4924 electis
1282 4869 1483 4925 dicens
1508 4887 1521 4925 :
1547 4872 1693 4937 Quia
1712 4873 1866 4929 sicut
1888 4877 2060 4947 pauci

400 4960 614 5015 racemi
649 4963 956 5015 remanent
986 4958 1153 5013 linito
1180 4958 1498 5026 vindemia,
1531 4959 1617 5016 sie
1650 4962 1821 5033 pauci
1873 4981 2060 5021 rema-

400 5050 626 5103 nebunt
654 5046 821 5102 electi
854 5048 911 5101 in
936 5047 1029 5101 die
1051 5046 1414 5118 judicii.Non
1439 5048 1498 5103 in
1519 5065 1627 5105 suo
1649 5068 1892 5107 numero
1917 5071 2060 5124 pau-

399 5137 472 5201 ci,
508 5136 606 5189 sed
642 5136 714 5188 ad
747 5135 1242 5206 comparationem
1277 5135 1677 5207 reproborum.
1704 5140 1769 5193 Hi
1798 5158 1931 5196 vero
1958 5143 2056 5213 qui

400 5220 815 5289 remanserint,
840 5246 863 5269 u
892 5221 1222 5277 laudabunt
1254 5222 1569 5278 Dominum
1602 5242 1739 5281 cum
1770 5228 2059 5299 gloriﬁca-

400 5312 498 5366 tus
532 5309 726 5377 fuerit,
758 5315 816 5365 et
846 5310 1115 5365 hinnient
1140 5311 1209 5365 de
1243 5311 1446 5379 mari,»
1473 5312 1529 5366 id
1550 5318 1638 5367 est
1668 5315 1737 5370 de
1759 5316 1866 5371 hoc
1894 5336 2059 5374 mun-

400 5397 496 5463 do,
529 5397 816 5452 subaudis
843 5397 1095 5453 liberati.
1131 5398 1253 5453 Non
1288 5401 1442 5470 quod
1476 5399 1557 5454 illi
1592 5401 1864 5459 hinnient
1908 5407 2061 5461 sicut

399 5484 557 5555 equi,
590 5484 691 5535 sed
723 5484 875 5540 sicut
923 5484 1006 5540 illi
1059 5486 1422 5543 exsultantes
1470 5488 1773 5561 hinniunt,
1804 5494 1885 5548 ita
1914 5499 1970 5550 et
1999 5495 2059 5550 hi

397 5571 498 5639 qui
535 5573 948 5638 remanserint,
980 5589 1180 5628 vocem
1212 5573 1425 5633 laetitiis
1455 5580 1744 5637 emittent.

469 5678 495 5703 u
536 5655 775 5722 Propter
805 5660 912 5716 hoe
941 5661 1002 5715 in
1036 5660 1318 5718 doctrinis
1343 5665 1662 5736 gloriﬁcate
1685 5670 2059 5727 Dominum.»

398 5737 679 5790 Hortatur
707 5747 989 5815 prepheta
1021 5747 1318 5814 apostolos
1349 5758 1407 5808 et
1437 5756 1703 5812 doctores
1724 5764 1938 5814 sancta:
1963 5762 2059 5817 Ec-

2176 4788 2318 4841 bant
2348 4785 2503 4839 intra
2527 4783 2878 4856 semetipsos
2904 4801 2917 4838 :
2943 4783 3091 4850 Quia
3109 4801 3246 4856 ergo
3269 4784 3382 4841 ista
3399 4784 3727 4857 persecutio
3746 4785 3826 4842 sic

2172 4892 2280 4931 nos
2313 4876 2500 4945 urget,
2534 4871 2757 4945 negabo
2787 4871 3086 4929 Christum
3120 4876 3347 4928 tantum
3369 4872 3598 4930 verbis:
3622 4877 3827 4946 etpos~

2170 4968 2264 5020 tea
2284 4979 2452 5035 agam
2480 4959 3095 5034 pcnnitentiam.Aliter
3113 4960 3270 5016 enim
3293 4962 3534 5017 evadere
3555 4979 3670 5017 non
3693 4980 3820 5035 pos-

2171 5070 2327 5109 sum.
2360 5052 2468 5107 Sed
2504 5050 2613 5105 hoc
2643 5050 2843 5105 dicens
2868 5056 2983 5121 pr'ze
3016 5050 3226 5105 timore
3256 5050 3578 5105 cadebatin
3601 5050 3819 5107 foveam

2171 5140 2521 5211 negationis.
2554 5139 2623 5193 Et
2653 5139 2794 5193 dum
2825 5138 3229 5211 pcnnitentiam
3260 5137 3428 5194 vellet
3459 5138 3818 5210 agere,insti-
3916 5148 3917 5163 ‘

2169 5235 2343 5302 gante
2373 5226 2603 5283 diabolo
2626 5227 3022 5299 perimebatur
3043 5245 3077 5283 a
3097 5226 3586 5300 persecutoribus.
3601 5229 3816 5283 Ettuno

2169 5319 2240 5373 de
2271 5318 2432 5373 fovea
2462 5316 2669 5371 ruebat
2696 5316 2755 5370 in
2805 5315 3080 5388 laqueum
3129 5321 3353 5372 aeterna:
3404 5315 3812 5373 damnationis.

2169 5407 2263 5463 Sic
2296 5406 2406 5461 erit
2432 5408 2490 5461 et
2517 5404 2881 5477 temporibus
2910 5405 3278 5461 Antichristi.

2248 5517 2276 5547 «
2308 5494 2453 5562 Quia
2482 5497 2782 5550 cataracta:
2816 5495 2886 5550 de
2915 5494 3160 5551 excelsis
3181 5498 3391 5566 aperta:
3414 5496 3607 5562 sunt,»
3631 5492 3686 5548 id
3710 5500 3810 5559 est,

2170 5585 2241 5641 de
2258 5584 2439 5640 caelis.
2459 5583 2772 5639 Cataractaa
2791 5583 3214 5652 Grazce,Latine
3233 5583 3510 5639 dicuntur
3530 5581 3808 5638 fenestrae.

2170 5674 2239 5728 Et
2268 5690 2449 5744 quare
2479 5678 2691 5745 apertae
2724 5676 2866 5728 sunt
2895 5672 3005 5727 illa:
3034 5673 3341 5729 fenestra)?
3366 5672 3438 5728 Ut
3465 5672 3619 5727 Deus
3639 5670 3810 5726 omni-

2171 5766 2378 5833 potens
2408 5760 2725 5818 vindictam
2749 5766 2947 5818 sumat
2967 5763 3038 5818 de
3055 5762 3324 5819 hostibus
3341 5759 3644 5820 suis.Dicit
3662 5758 3806 5817 enim
