3944 6412
88 346 201 402 217
1497 348 1759 405 COMMEI

1946 351 1954 405 l
1982 350 2141 407 GE‘N.
3445 350 3552 407 218

89 470 283 524 bant:
313 469 525 525 Bonus
555 475 686 539 est;
715 471 830 527 alii
856 487 1016 543 vero,
1043 473 1200 545 Non,
1241 475 1346 531 sed
1382 475 1612 532 seducit
1640 479 1772 528 tur-
1802 477 1847 528 Α
1883 475 2055 530 micis
2092 480 2342 549 putatur
2368 475 2698 543 inﬁrmum,
2746 477 2803 531 et
2861 491 2970 548 per
3023 474 3197 546 cujus
3235 473 3551 530 materiam

88 559 413 629 bas(Joan.
447 575 551 626 vu,
605 561 710 631 t2).
747 560 860 618 Sed
894 561 1049 618 bene
1080 567 1351 636 tempore
1383 563 1594 620 messis
1624 563 1771 619 triti-
1883 565 2088 621 animo
2120 582 2366 639 quoque
2389 566 2602 622 inferre
2620 565 2892 622 nituntur
2920 564 3246 635 interitum,
3273 567 3390 620 Deo
3407 579 3551 620 con-

82 663 214 703 cete
242 647 404 718 exiit,
436 647 586 720 quia
643 665 715 705 eo
769 653 1039 724 tempore
1083 651 1362 710 destinati
1410 653 1651 709 fuerunt
1693 652 1773 708 ad
1881 653 2138 711 fortante
2164 655 2504 729 experiatur
2533 655 2842 711 invictum.

79 735 582 810 praedicandum,
616 739 868 811 quando
885 741 1012 811 jam
1046 745 1286 815 tempus
1318 746 1445 798 erat
1475 746 1536 798 ut
1578 757 1773 815 popu-
1953 743 2355 817 Nephthalim,
2413 744 2520 818 qui
2548 745 2971 817 interpretatur
2998 743 3279 814 latitudo,
3312 741 3446 799 illos
3477 743 3552 798 si-

77 825 185 882 lus
217 825 605 898 colligeretur
635 827 714 882 ad
735 827 943 896 ﬁdem,
973 831 1312 887 secundum
1346 831 1513 905 quod
1567 831 1642 888 de
1682 830 1768 886 eis
1880 838 2028 904 gnat
2045 833 2152 907 qui
2177 835 2406 891 dilatati
2430 834 2768 904 suntlargis
2799 833 3085 906 operibus
3100 832 3548 902 misericordia,

79 915 352 972 dicitur:
385 918 607 973 Levate
635 919 840 974 oculos
873 926 1119 991 vestros,
1158 927 1215 977 et
1253 921 1444 978 videte
1473 923 1763 992 regiones,
1881 925 2060 993 atque
2093 922 2341 979 dilatato
2364 923 2543 979 corde
2574 923 2653 978 ad
2683 922 2951 979 coelestia
2971 922 3243 990 tendunt,
3272 927 3328 977 et
3352 920 3548 978 carnis

77 1006 238 1076 quia
271 1005 430 1062 alba
455 1012 596 1061 sunt
603 1009 739 1076 jam
761 1009 845 1064 ad
867 1011 1204 1065 metendum
1227 1013 1420 1080 (Joan.
1443 1027 1518 1079 ιγ,
1552 1014 1662 1076 35).
1682 1012 1770 1083 Ιρ-
1880 1027 2090 1067 curam
2123 1028 2244 1068 non
2303 1013 2365 1069 in
2405 1012 2743 1082 desideriis,
2776 1012 2883 1068 sed
2917 1011 3044 1068 sola
3073 1012 3425 1068 necessitate
3455 1026 3547 1066 re-

80 1110 154 1148 se
186 1094 390 1151 attulit
440 1094 553 1151 Lite
586 1096 784 1165 matri,
810 1099 956 1170 quia
987 1098 1308 1156 Dominum
1337 1100 1505 1172 prius
1552 1099 1766 1172 praedi-

75 1188 388 1242 caverunt
415 1186 756 1257 Synagogm
781 1187 978 1243 matri.
1011 1188 1124 1244 Sed
1155 1205 1262 1262 per
1283 1189 1448 1246 Liam
1495 1189 1770 1263 pervenit

75 1272 166 1328 ad
197 1272 451 1344 Rachel,
478 1273 624 1346 quia
651 1290 761 1348 per
787 1275 1152 1348 primitivam
1209 1278 1532 1335 Ecclesiam
1563 1295 1770 1352 perve-

76 1361 174 1418 nit
198 1361 283 1418 ad
318 1361 646 1420 Ecclesiam
677 1366 948 1434 gentium
980 1367 1272 1424 Christus.

156 1449 395 1507 Deinde
425 1452 695 1525 sequitur
716 1453 980 1511 Simeon.
1004 1455 1246 1513 Simeon
1267 1473 1426 1524 vero,
1455 1457 1561 1530 qui
1591 1458 1768 1514 inter-

72 1545 370 1615 pretatur
393 1542 634 1598 audivit
681 1545 990 1601 tristitiam
1023 1544 1118 1600 vel
1163 1561 1375 1603 nomen
1408 1547 1767 1619 habitaculi,

72 1635 148 1688 ut
175 1629 565 1704 quibusdam
591 1631 848 1702 videtur,
898 1633 1035 1689 illos
1067 1634 1370 1705 signiﬁcat
1397 1636 1503 1709 qui
1533 1637 1628 1693 hic
1651 1642 1770 1692 stu-

71 1721 257 1778 diose
285 1720 594 1792 laborant,
628 1727 686 1779 et
710 1723 1018 1780 tristantur
1066 1741 1179 1797 pro
1233 1726 1358 1782 suis
1387 1726 1766 1800 aliorumque

1878 1099 2146 1172 quirunt,
2181 1101 2333 1157 sicut
2362 1101 2686 1176 Apostolus
2703 1101 2822 1158 ait:
2874 1103 2957 1156 Et
2987 1102 3190 1157 carnis
3220 1115 3430 1157 curam
3474 1114 3551 1156 ne

1875 1189 2140 1259 feceritis
2170 1192 2232 1246 in
2272 1191 2580 1247 desideriis
2601 1190 2790 1261 (Rom.
2821 1206 2940 1256 xui,
2967 1192 3078 1256 14).

1957 1279 2105 1336 Gad.
2141 1280 2266 1336 Gad
2288 1280 2712 1353 interpretatur
2733 1281 2985 1335 tentatio
3001 1277 3095 1334 vel
3116 1280 3444 1336 accinctus.
3466 1277 3547 1334 Si-

1877 1367 2121 1440 gniﬁcat
2157 1385 2260 1426 eos
2284 1370 2389 1443 qui
2417 1370 2477 1426 in
2503 1369 2783 1426 exercitio
2815 1367 3214 1424 tentationum
3247 1371 3387 1423 sunt
3426 1367 3546 1422 for-

1875 1463 2000 1527 tes;
2032 1459 2137 1532 qui
2166 1464 2492 1532 postquam
2517 1459 2684 1515 bona
2712 1458 3022 1524 inchoant,
3056 1456 3391 1528 majoribus
3426 1461 3550 1511 ten-

1877 1549 2203 1605 tationibus
2232 1566 2476 1606 necesse
2507 1555 2680 1606 estut
2705 1548 3055 1622 probentur,
3079 1552 3260 1621 atque
3290 1546 3368 1603 ab
3390 1546 3550 1602 bella

1877 1639 2157 1709 graviora
2213 1640 2628 1711 accingantur,
2683 1643 2752 1695 ut
2802 1637 2921 1693 ﬁde
2960 1637 3201 1694 illorum
3263 1634 3549 1692 fortitudo

1877 1729 2327 1801 comprobetur,
2360 1729 2595 1785 dicente
2625 1727 2980 1785 Salomone:
3003 1728 3148 1794 Fili,
3168 1726 3453 1783 accedens
3468 1725 3550 1781 ad

69 1811 346 1878 delictis,
382 1810 760 1885 audiuntque
791 1813 1095 1886 quidquid
1122 1814 1207 1870 eis
1239 1815 1587 1888 paenitendo
1616 1833 1768 1890 prte-
1796 1836 1838 1891 Β
1875 1819 2221 1875 servitutem
2253 1821 2383 1888 Dei,
2407 1825 2501 1875 sta
2523 1821 2587 1874 in
2612 1819 2860 1890 justitia
2889 1824 2943 1874 et
2967 1819 3198 1887 timore,
3225 1821 3278 1873 et
3306 1830 3549 1886 prrepa-

69 1900 351 1957 dicatur.
392 1900 561 1957 Unde
587 1901 744 1958 bene
774 1903 1012 1960 audivit
1047 1905 1356 1961 tristitiam
1391 1905 1486 1961 vel
1539 1922 1765 1962 nomen

70 1992 436 2048 habitaculi
458 1991 698 2063 dicitur,
724 1997 789 2048 ut
832 1993 1014 2050 etiam
1044 1994 1225 2066 hujus
1255 1994 1542 2068 qualitate
1583 2012 1765 2053 voca-

68 2080 207 2136 buli
229 2079 582 2136 evidentius
610 2080 940 2138 inculcaret
993 2086 1052 2139 et
1077 2083 1222 2156 quid
1253 2083 1349 2139 hic
1408 2084 1764 2142 habendum

67 2176 128 2227 et
155 2169 318 2244 quid
353 2171 428 2226 sit
449 2170 770 2227 salubriter
796 2173 1298 2244 exspectandum.
1320 2173 1434 2230 Illis
1465 2175 1624 2232 enim
1642 2192 1761 2232 cm-

67 2261 249 2318 Iestis
303 2259 640 2317 habitaculi
689 2261 984 2331 gaudium
1037 2261 1302 2331 dabitur,
1352 2279 1616 2337 quorum
1665 2266 1761 2321 hic

65 2351 328 2406 animus
360 2350 671 2406 fructuosa
703 2351 1053 2424 poenitentia
1083 2353 1486 2422 contristatur,
1536 2354 1762 2427 quibus

66 2446 125 2496 et
155 2439 418 2496 dicitur:
472 2441 744 2496 Tristitia
800 2447 998 2498 vestra
1030 2447 1299 2499 vertetur
1344 2443 1408 2498 in
1465 2445 1757 2514 gaudium

67 2531 283 2600 (Joan.
319 2545 437 2599 xw,
467 2531 584 2600 20).

147 2619 296 2677 Levi
331 2617 590 2692 proinde
605 2618 870 2675 Simeoni
898 2621 1187 2691 succedit,
1211 2621 1270 2677 id
1295 2626 1384 2678 est
1399 2623 1664 2681 additus.
1696 2623 1760 2680 1n

66 2725 200 2783 quo
230 2707 633 2779 intelligimus
650 2708 776 2765 sive
803 2725 908 2765 eos
929 2710 1036 2783 qui
1074 2711 1506 2784 temporalibus
1537 2717 1761 2770 aeterna

66 2802 456 2866 mercantur,
491 2796 944 2855 sicutSalomon
965 2799 1134 2856 dicit:
1169 2801 1514 2872 Redemptio
1545 2805 1763 2860 animae

69 2890 193 2945 viri
223 2888 504 2959 propria.v
532 2888 759 2944 divitiae
773 2890 904 2958 ejus
924 2889 1132 2956 (Prov.
1146 2904 1272 2956 xm,
1291 2891 1367 2962 8);
1393 2908 1498 2947 seu
1515 2891 1645 2948 illos
1657 2893 1763 2966 qui

68 2979 172 3035 Dei
204 2976 533 3051 sequendo
564 2977 882 3034 consilium
919 2977 1261 3052 percipiunt
1287 2980 1349 3036 in
1394 2981 1510 3038 hoc
1540 2983 1761 3040 saeculo

67 3065 449 3140 centuplicia
468 3081 608 3121 cum
623 3065 1194 3135 tribulationibus,in
1218 3067 1418 3126 futuro
1431 3075 1632 3127 autem
1657 3089 1762 3127 sae-

1875 1924 1948 1964 ra
1979 1909 2245 1965 animam
2293 1915 2459 1965 tuam
2518 1908 2602 1964 ad
2658 1908 3046 1964 tentationem
3089 1906 3298 1977 (Eccli.
3348 1921 3412 1971 ιι,
3472 1905 3544 1972 1).

1874 1997 2144 2070 Itemque
2197 1997 2552 2054 Psalmista:
2592 1997 2986 2054 Praei-intristi
3035 2011 3147 2063 me,
3207 1994 3420 2067 inquit,
3465 1994 3550 2051 ad

1878 2085 2098 2141 bellum
2134 2087 2325 2151 (Psal,
2357 2101 2507 2155 xvu,
2545 2086 2656 2157 40).

1948 2177 2013 2229 Et
2041 2175 2336 2247 quoniam
2393 2174 2814 2232 heatiﬁcamus
2865 2188 2968 2229 eos
2997 2171 3104 2245 qui
3135 2170 3550 2228 sustinuerunt

1876 2265 2307 2322 suﬂ‘erentiam.
2335 2269 2518 2320 Aser:
2549 2267 2697 2320 Aser
2720 2263 3146 2336 interpretatur
3167 2263 3392 2331 beatus,
3411 2259 3546 2316 illos

1873 2355 2224 2428 praeﬁgurat
2248 2355 2353 2428 qui
2401 2354 2758 2411 tentationes
2788 2351 3081 2426 patienter
3112 2349 3425 2420 sufferunt,
3453 2363 3546 2406 se-

1875 2444 2000 2500 curi
2027 2443 2103 2500 de
2128 2443 2536 2516 promissione
2581 2442 2838 2499 caelestis
2868 2440 3103 2515 praemii
3133 2456 3204 2496 ac
3238 2438 3439 2496 felices
3468 2437 3546 2496 de

1873 2532 2124 2590 victoria
2145 2532 2738 2590 certaminum.Unde
2754 2536 2898 2606 post
2913 2530 3040 2587 Gad
3060 2528 3294 2596 Aser,id
3312 2531 3402 2584 est
3418 2529 3548 2586 bea-

1875 2627 1991 2692 tus,
2023 2638 2296 2693 congruo
2346 2623 2491 2679 satis
2531 2621 2744 2678 ordine
2765 2621 3032 2695 ponitur.
3071 2621 3297 2676 Beatus
3323 2619 3420 2674 vir
3441 2619 3550 2688 qui

1872 2712 2084 2782 suﬂ‘ert
2119 2714 2498 2779 tentationes,
2526 2713 2832 2784 quoniam,
2865 2725 2998 2766 cum
3027 2708 3314 2778 probatus
3330 2706 3545 2777 fuerit,

1872 2804 2126 2872 accipiet
2154 2817 2437 2859 coronam
2459 2802 2596 2858 vita
2611 2801 2786 2872 (Jac..
2813 2817 2851 2868 ι,
2877 2802 2950 2871 5).
2972 2797 3124 2865 Quia
3143 2797 3327 2868 hujus
3351 2794 3544 2852 beati-

1872 2891 2096 2948 tudinis
2113 2891 2236 2948 ﬁda
2256 2891 2662 2965 promissione
2678 2889 2975 2963 patientes
3001 2903 3126 2944 non
3144 2889 3505 2956 angustatur
3528 2902 3542 2953 ;

1873 2981 1981 3038 sed
2013 2997 2120 3056 spe
2151 2980 2510 3051 gaudentes,
2543 2979 2607 3035 in
2657 2977 3040 3036 tribulatione
3081 2975 3373 3048 patientes
3403 2989 3543 3029 cum

1877 3069 2350 3142 Psalmographo
2377 3068 2732 3124 decantant:
2757 3067 2830 3122 In
2858 3065 3250 3120 tribulatione
3268 3061 3547 3118 dilutasti

74 3156 222 3212 culo
250 3155 451 3212 vitam
475 3159 786 3211 aeternam.
819 3156 918 3211 His
941 3155 1121 3212 etiam
1139 3157 1307 3230 quod
1353 3159 1639 3232 scriptum
1673 3165 1764 3217 est
1790 3191 1834 3250 ο
1870 3173 1962 3214 me
1991 3159 2180 3226 (Psal.
2202 3173 2278 3221 IV,
2307 3158 2376 3228 1).
2403 3155 2642 3211 Etitem:
2663 3155 2830 3211 Viam
2851 3152 3279 3208 mandatorum
3302 3154 3543 3205 tuorum

67 3245 408 3302 convenit:
473 3245 591 3312 Qui
641 3245 814 3300 addit
857 3246 1191 3314 scientiam,
1255 3247 1430 3304 addit
1493 3249 1758 3307 laborem
1793 3239 1834 3250 “’
1871 3248 2138 3316 cucurri,
2189 3262 2325 3302 cum
2377 3245 2671 3302 dilatares
2711 3258 2816 3300 cor
2853 3256 3047 3298 meum
3090 3239 3280 3310 (Psal.
3341 3252 3542 3310 cxvru,

65 3336 268 3406 (Eccl.
301 3350 344 3404 ι,
379 3333 487 3404 18).
509 3337 661 3391 Nam
686 3337 744 3389 et
769 3337 978 3390 sancto
1005 3334 1192 3392 Jacob
1231 3335 1311 3392 ad
1343 3337 1458 3393 hoc
1511 3337 1761 3396 tribula-

65 3425 314 3481 tionum
349 3421 650 3480 acerbitas
675 3422 1016 3479 addebatur
1057 3428 1122 3480 ut
1166 3425 1428 3497 probato
1475 3427 1759 3500 praemio-

65 3531 208 3570 rum
240 3528 483 3570 merces
509 3511 770 3586 amplior
809 3511 1180 3570 redderetur.

133 3605 162 3657 ,Ι
173 3603 359 3659 udas.
384 3601 501 3657 Jud
509 3617 577 3658 as
593 3601 778 3671 enim,
795 3602 899 3675 qui
917 3601 1341 3675 interpretatur
1360 3606 1652 3676 confessio
1663 3607 1758 3664 vel

68 3691 531 3761 laudatio,illos
553 3692 854 3762 signiﬁcat
868 3692 1045 3766 quiin
1063 3709 1206 3750 vera
1225 3694 1603 3754 confessione
1616 3697 1756 3756 fidei

68 3786 493 3856 perseverant,
539 3786 596 3836 et
614 3780 826 3837 Iaudes
877 3781 1210 3850 gratiarum
1252 3783 1506 3840 Domino
1539 3801 1756 3859 repen-

65 3872 246 3927 dunt.
287 3871 427 3926 Sive
454 3869 588 3926 illos
618 3869 724 3943 qui
746 3869 965 3926 delicta
994 3885 1108 3926 sua
1134 3871 1427 3928 veraciter
1467 3875 1758 3932 conﬁten-

65 3960 340 4032 tur,quia
366 3958 495 4014 sine
515 3958 898 4015 confessione
915 3959 1240 4026 malorum,
1280 3959 1518 4017 culmen
1560 3961 1755 4019 bono-

64 4067 203 4106 rum
228 4048 442 4105 nullus
471 4048 894 4121 apprehendit,
919 4053 976 4105 et
1004 4049 1118 4105 nisi
1155 4065 1264 4122 per
1310 4050 1756 4109 confessionem

63 4138 494 4196 renuntiemus
515 4136 753 4193 actibus
775 4137 973 4205 malis,
997 4153 1121 4194 non
1141 4137 1761 4214 informamurrectis.

131 4228 412 4286 Isachar.
450 4226 694 4282 lsachar
736 4227 1162 4300 interpretatur
1183 4243 1428 4286 merces.
1452 4230 1764 4301 Significat

66 4319 203 4376 illos
222 4316 336 4391 qui
367 4317 732 4372 tentationes
761 4316 1076 4389 praesentis
1090 4316 1245 4384 vitae,
1284 4317 1574 4390 patientia
1605 4319 1761 4394 fulti,

64 4405 470 4466 solummodo
496 4421 610 4478 pro
635 4405 1598 4478 supernamercedelibentissime
1617 4409 1761 4466 tole-

66 4504 223 4564 rant,
242 4502 302 4552 et
334 4496 552 4551 futurae
570 4494 864 4551 mercedis
891 4496 1752 4570 contemplationeﬁrmantur,

65 4590 212 4660 quia
243 4585 448 4641 sciunt
459 4585 633 4655 juxta
649 4584 1030 4656 Apostolum,
1056 4586 1228 4654 Quod
1247 4602 1366 4642 non
1386 4594 1528 4644 sunt
1549 4590 1754 4646 condi-

66 4689 204 4744 gnas
217 4675 544 4744 passiones
566 4675 750 4742 hujus
773 4676 1056 4744 temporis
1077 4675 1450 4746 adfuturam
1466 4679 1752 4750 gloriam,

69 4779 202 4834 quae
223 4761 606 4819 revelabitur
633 4763 696 4817 in
727 4763 808 4818 eis
847 4764 1040 4834 (Rom.
1073 4779 1192 4829 VIII,
1231 4765 1336 4834 18).
1369 4764 1754 4822 Fructuosius

69 4855 302 4926 quippe
335 4856 670 4924 pugnatur,
698 4850 803 4907 ubi
828 4867 1061 4908 merces
1093 4858 1390 4924 speratur.

137 4944 295 4998 Dan.
337 4943 467 4996 Dan
500 4941 925 5013 interpretatur
941 4942 1270 5012 judicium.
1306 4942 1567 5001 Eximios
1590 4944 1754 5000 vide-

74 5036 162 5086 tur
189 5038 381 5104 atque
410 5045 688 5087 summos
738 5029 831 5086 sui
863 5029 1353 5104 interpretatione
1379 5033 1644 5089 nominis
1675 5033 1754 5089 si-

76 5121 345 5189 gniﬁcat,
372 5119 482 5192 qui
505 5117 896 5190 spiritualiter
926 5124 1350 5176 conversantes
1377 5121 1574 5177 sciunt
1596 5122 1756 5192 judi-

75 5226 202 5266 care
233 5209 474 5274 omnia,
501 5209 677 5279 juxta
706 5209 876 5281 quod
907 5208 1130 5265 Paulus
1161 5209 1280 5265 ait:
1312 5210 1624 5280 Spiritalis
1644 5214 1752 5281 ju-

78 5300 232 5356 dicat
264 5300 500 5369 omnia,
532 5303 588 5355 et
619 5300 746 5368 ipse
783 5313 820 5354 a
852 5299 1085 5356 nemine
1103 5300 1430 5369 judicatur
1458 5301 1518 5368 (Ι
1537 5301 1674 5357 Cor.
1690 5316 1747 5369 ιι,

85 5387 184 5452 15).

143 5475 730 5534 Zabulon.Zabqun
752 5475 1180 5550 interpretatur
1203 5477 1619 5535 habitaculum
1625 5480 1755 5550 for-

86 5568 373 5624 titudinis.
397 5566 534 5624 Illos
545 5566 831 5636 designat
851 5566 957 5639 qui
976 5583 1088 5640 pro
1109 5567 1340 5624 Christo
1354 5567 1590 5624 animas
1611 5583 1754 5625 suas

87 5662 328 5726 ponunt,
363 5657 425 5714 in
478 5655 710 5731 quibus
763 5656 1056 5712 Dominus
1098 5657 1250 5725 haec,
1294 5672 1430 5730 quae
1475 5657 1752 5729 superius

88 5742 357 5814 diximus,
381 5751 676 5821 operatur
701 5750 759 5802 et
784 5745 1051 5818 per-ﬁcit;
1085 5745 1360 5802 videlicet
1378 5747 1629 5820 quando
1641 5747 1753 5802 vir-

91 5837 174 5891 tus
190 5837 248 5895 in
278 5837 630 5896 inﬁrmitate
651 5835 980 5912 perﬁcitur,
1015 5841 1077 5894 ut
1097 5852 1318 5911 corpus
1347 5837 1516 5912 quod
1534 5837 1615 5894 ab
1645 5837 1754 5896 ini-

1871 3340 1981 3404 32).

1940 3424 2419 3500 Joseph.Joseph
2449 3423 2874 3496 interpretatur
2901 3423 3292 3489 augmentum
3311 3415 3408 3472 vel
3428 3415 3542 3473 ad-

1869 3518 2037 3574 dens.
2081 3515 2387 3586 Signiﬁcat
2417 3513 2549 3570 iIlos
2577 3512 2682 3586 qui
2711 3526 2824 3585 pro
2853 3512 3182 3578 augmento
3215 3505 3542 3580 spiritualis

1869 3607 2218 3664 substantias
2247 3605 2655 3677 virtutumque
2673 3601 2933 3658 student.
2949 3597 3116 3655 Unde
3138 3601 3194 3654 et
3213 3599 3543 3667 augmento

1868 3695 2021 3753 felici
2042 3694 2398 3751 succedente
2437 3692 2770 3763 gratiarum
2801 3688 2964 3746 dona
2994 3686 3338 3743 tribuuntur
3351 3684 3458 3754 eis,
3484 3688 3544 3742 et

1868 3785 2116 3857 insuper
2135 3783 2378 3839 additur
2401 3781 2592 3852 gloria
2608 3778 2865 3836 caelestis
2884 3776 3172 3845 muneris,
3190 3773 3336 3846 quia
3357 3787 3542 3844 super

1867 3879 2171 3948 praecepta
2205 3872 2305 3930 Dei
2326 3871 2556 3944 aliquid
2578 3868 2842 3942 amplius
2865 3865 2957 3922 vel
2982 3866 3042 3921 in
3086 3862 3423 3934 virginitate
3441 3858 3541 3916 vel

1867 3979 1941 4020 ex
1981 3963 2334 4020 facultatum
2364 3977 2614 4018 suarum
2645 3957 2976 4032 quantitate
3003 3954 3282 4011 offerunt.

1939 4053 2276 4126 Benjamin.
2307 4051 2620 4124 Benjamin
2639 4050 3058 4122 interpretatur
3081 4045 3249 4115 filius
3275 4042 3540 4100 dexteras

1871 4143 2004 4200 illos
2033 4144 2459 4199 demonstrans
2486 4141 2591 4213 qui
2638 4138 2846 4196 omnia
2893 4151 3006 4192 sua
3049 4135 3186 4190 ide’o
3217 4132 3446 4188 faciunt
3472 4133 3538 4186 ut

1872 4233 1952 4289 ad
1979 4232 2289 4288 dexteram
2332 4229 2554 4302 judicis
2587 4233 2946 4285 statuantur.
2982 4227 3049 4282 Et
3082 4224 3238 4280 bene
3268 4226 3536 4278 extremo

1871 4320 2185 4394 Benjamin
2212 4319 2456 4394 ponitur
2483 4318 2651 4386 loco;
2692 4316 2838 4390 quia
2877 4330 3018 4372 cum
3066 4311 3401 4370 novissima
3431 4309 3540 4366 ini-

1870 4411 2030 4469 mica
2057 4426 2220 4466 mors
2247 4409 2605 4476 destruetur,
2625 4405 2874 4462 felicitas
2907 4403 3268 4460 hereditatis
3298 4405 3536 4456 aeternio

1869 4501 2199 4559 donabitur
2228 4499 2462 4567 electis;
2486 4497 2606 4554 sive
2629 4495 3051 4570 unusquisque
3081 4491 3351 4549 ﬁdelium
3376 4489 3536 4546 ﬁlius

1868 4592 2126 4648 dextera:
2153 4591 2288 4662 jure
2319 4589 2574 4652 dicatur,
2619 4601 2726 4643 seu
2784 4584 2984 4642 omnis
3015 4587 3204 4639 coetus
3237 4579 3532 4646 Ecclesiae,

1867 4680 1942 4737 de
1974 4696 2099 4754 qua
2121 4679 2434 4735 canimus:
2476 4677 2691 4732 Astitit
2735 4676 2949 4745 regina
2978 4687 3016 4729 a
3049 4671 3284 4727 dextris
3317 4669 3436 4724 tuis
3468 4667 3532 4722 in

1866 4773 2083 4827 vestitu
2133 4769 2449 4836 deaurato,
2488 4764 2948 4822 circumamicta
3001 4762 3298 4818 varietate
3339 4755 3529 4825 (Psal.

1866 4877 2014 4929 xuv,
2050 4861 2156 4931 10).
2183 4863 2248 4914 Et
2271 4859 2400 4914 haec
2429 4854 2707 4911 videlicet
2732 4851 3012 4920 Ecclesia,
3040 4865 3113 4904 ex
3141 4853 3396 4919 utroque
3426 4860 3534 4918 po-

1864 4949 2010 5024 pulo
2031 4949 2302 5013 collecta,
2323 4952 2615 5017 tanquam
2639 4942 2776 4998 dua:
2803 4954 3024 4996 uxores
3043 4935 3230 4993 Jacob
3250 4935 3408 5008 parit
3421 4935 3533 4990 hos

1865 5037 2048 5104 ﬁlios,
2075 5043 2131 5094 et
2153 5053 2264 5111 pro
2283 5035 2378 5092 his
2407 5031 2665 5090 deservit
2693 5029 2880 5086 Jacob
2913 5032 3144 5100 septem
3175 5025 3370 5083 annis.
3405 5027 3532 5081 Ser-

1865 5128 2022 5184 vitus
2053 5128 2254 5200 itaque
2291 5124 2477 5181 Jacob
2508 5127 2737 5196 septem
2769 5135 3072 5175 annorum
3128 5133 3240 5190 pro
3289 5115 3531 5172 duabus

1868 5217 2180 5276 uxoribus.
2213 5216 2398 5284 huius
2428 5212 2565 5267 vita:
2596 5208 2904 5283 praesentis
2942 5213 3184 5280 tempus
3207 5205 3528 5275 signiﬁcat,

1866 5306 1970 5378 qui
2002 5321 2108 5378 per
2130 5308 2359 5377 septem
2389 5302 2516 5357 dies
2541 5299 2819 5364 volvitur,
2853 5299 2914 5355 in
2942 5314 3066 5370 quo
3101 5295 3387 5352 Dominus
3418 5292 3532 5348 for-

1865 5411 2032 5452 mam
2067 5393 2220 5450 servi
2251 5391 2500 5464 accepit,
2530 5389 2722 5446 factus
2769 5387 3062 5444 obediens
3118 5388 3381 5457 paternae
3431 5397 3532 5438 vo-

1863 5483 2079 5542 lunlati
2109 5496 2304 5554 usque
2347 5481 2425 5536 ad
2473 5482 2751 5536 mortem.
2815 5477 2911 5532 Ille
2957 5476 3115 5531 enim
3159 5487 3269 5545 pro
3317 5471 3532 5528 ovibus

1865 5571 2076 5640 servit;
2100 5576 2158 5627 et
2182 5568 2472 5625 Dominus
2501 5571 2705 5624 noster
2729 5565 2844 5622 ait:
2869 5565 3009 5620 Non
3036 5563 3197 5619 venit
3212 5562 3407 5617 Filius
3431 5561 3531 5617 ho-

1863 5661 2040 5717 minis
2116 5659 2478 5723 ministrari,
2538 5656 2641 5714 sed
2708 5655 3062 5710 ministrare
3125 5651 3366 5721 (Matth.
3427 5667 3529 5717 xx,

1862 5746 1975 5817 28).
2054 5744 2152 5800 Ille
2238 5757 2378 5798 oves
2442 5741 2608 5816 pavit
2670 5740 2794 5812 [Z.,
2862 5737 3130 5811 pascit];
3199 5740 3256 5790 et
3335 5734 3528 5790 Domi-

1862 5852 1978 5894 nus
2034 5835 2097 5892 in
2155 5832 2478 5904 Evangelia
2524 5831 2720 5890 dicit:
2789 5829 2919 5901 Ego
2975 5845 3104 5886 sum
3157 5832 3372 5896 pastor
3439 5824 3533 5879 bo-
