3960 6388
163 471 286 532 837

1236 468 1646 532 COMMENT.
1691 473 1772 532 IN
1816 470 2116 534 ISAIAM.
2147 510 2225 519 —
2257 477 2403 538 LIB.
2451 478 2526 539 II.

3475 485 3594 547 838

165 601 468 679 passionis
493 619 506 658 :
533 601 674 674 quia
697 606 750 657 te
775 607 1054 674 operante
1080 603 1412 674 passionem
1437 604 1719 660 sustinuit
1741 623 1836 678 pa-
1861 605 1919 673 Α
1948 605 2142 678 ipsum
2165 607 2486 680 diabolum,
2503 611 2601 684 qui
2625 612 2855 668 vinculo
2873 632 2980 670 suo
2999 615 3374 689 colligaverat
3394 635 3600 675 omnes

169 693 406 748 tienter.
434 691 564 764 Ipse
586 689 746 746 enim
770 691 911 745 dicit
936 709 948 746 :
976 691 1326 747 Potestatem
1361 693 1544 749 habeo
1579 695 1828 765 ponendi

166 782 432 836 animam
464 797 684 848 meam,
709 785 768 836 et
797 780 1013 836 iterum
1046 781 1316 836 sumendi
1347 800 1498 837 eam.
1525 807 1550 832 ‹‹
1588 783 1830 838 Umbra-

165 870 372 927 culum
401 871 477 927 ab
507 875 679 938 testu,
707 894 734 919 ››
756 870 815 926 id
865 876 976 939 est,
1011 873 1291 944 protectio
1323 873 1396 927 ab
1445 877 1590 927 :estu
1624 874 1832 927 mortis

165 961 334 1017 fuisti
364 961 438 1028 ei,
473 964 539 1016 ut
570 960 744 1015 tertia
789 961 883 1016 die
935 965 1282 1033 resurgeret.
1306 985 1332 1010 ‹‹
1369 960 1622 1033 Spiritus
1673 961 1831 1016 enim

165 1051 578 1120 robustorum,
604 1049 775 1121 quasi
809 1051 982 1104 turbo
1013 1049 1322 1122 impellens
1355 1050 1692 1121 parietem.»
1721 1051 1831 1105 Ro-

163 1140 380 1194 bustos
391 1139 828 1203 voeatJudzeos,
847 1140 1125 1210 parietem
1143 1139 1829 1206 Duminum.’l‘urbinem,

161 1227 448 1283 virtutem
479 1225 742 1283 illorum.
763 1228 928 1283 Sicut
947 1229 1102 1282 enim
1127 1228 1320 1300 paries
1345 1227 1640 1300 impulsus
1661 1247 1695 1283 a
1716 1233 1834 1284 tur-

165 1317 308 1373 bine
339 1316 669 1374 immobilis
717 1320 1040 1389 permanet,
1077 1317 1160 1374 sic
1210 1317 1490 1373 Dominus
1539 1318 1832 1390 impulsus

164 1405 412 1479 quidem
443 1424 478 1462 a
497 1405 720 1462 Judazis
742 1410 1000 1479 tempore
1022 1407 1338 1480 passionis,
1363 1408 1463 1462 sed
1491 1425 1606 1463 non
1634 1413 1834 1480 potue-

165 1500 312 1551 runt
332 1493 415 1550 illi
438 1495 689 1551 victores
715 1496 1014 1562 exsistere,
1042 1495 1201 1552 Licet
1225 1495 1381 1552 enim
1405 1496 1831 1553 humanitatem

166 1585 627 1654 interfecissent,
665 1583 788 1656 ipse
831 1602 932 1656 per
961 1584 1326 1640 divinitatem
1359 1584 1474 1641 cito
1516 1584 1833 1640 resurrexit

165 1673 473 1730 viviﬁcans
506 1672 692 1728 illam.
719 1672 1001 1728 Dixerunt
1033 1690 1285 1746 namque
1315 1691 1362 1728 :«
1387 1673 1612 1743 Venite,
1640 1674 1833 1728 mitta-

167 1780 308 1818 mus
334 1762 564 1834 lignum
595 1760 656 1816 in
686 1777 901 1834 panem
931 1761 1079 1832 ejus,
1105 1785 1131 1810 n
1157 1762 1214 1818 id
1245 1767 1355 1827 est,
1380 1761 1606 1835 lignum
1637 1763 1830 1818 crucis

165 1853 228 1908 in
261 1867 502 1907 carnem
547 1849 728 1916 illius,
759 1875 784 1901 ‹‹
820 1855 877 1906 et
907 1851 1226 1923 perdamus
1274 1851 1619 1907 memoriam
1671 1850 1831 1906 illius

165 1942 240 1998 de
272 1946 430 1996 terra
460 1940 590 2013 (Jer.
615 1939 714 2013 xu).
743 1963 770 1989 »
802 1940 914 1996 Sed
961 1941 1115 1996 unde
1155 1941 1500 1997 memoriam
1531 1940 1692 1996 illius
1734 1958 1827 1998 co-

167 2030 294 2086 nati
327 2033 470 2087 sunt
499 2027 749 2097 auferre,
784 2045 889 2102 per
915 2029 1025 2084 hoc
1058 2047 1271 2086 nomen
1303 2032 1432 2102 ejus
1465 2047 1568 2102 per
1597 2031 1827 2086 univer-

166 2137 306 2176 sum
339 2119 542 2176 orbem
575 2118 988 2175 dilataverunt.

241 2234 270 2260 «ι
307 2209 476 2264 Sicut
505 2212 651 2263 testu
683 2207 742 2262 in
773 2206 872 2263 siti
895 2207 1190 2262 tumultus
1222 2207 1606 2277 alienorum,»
1629 2209 1686 2263 id
1717 2213 1826 2277 est,

167 2299 512 2356 Judzeorum
559 2295 903 2353 humiliahis
929 2319 951 2346 ε
987 2301 1043 2353 et
1074 2297 1244 2368 quasi
1295 2297 1484 2354 calore
1533 2300 1644 2354 sul)
1677 2300 1830 2354 nube

165 2391 432 2444 torrente
479 2387 864 2459 propaginem
898 2386 1137 2442 tertium
1191 2385 1518 2444 inarescere
1569 2388 1827 2443 facies.»

170 2477 333 2532 Duas
363 2476 834 2547 comparationes
863 2475 964 2530 dat
993 2475 1062 2530 de
1095 2476 1367 2548 passione
1398 2477 1652 2532 Domini.
1688 2477 1829 2542 Qui-

171 2567 310 2621 dam
333 2563 564 2621 codices
585 2563 803 2620 habent
824 2563 976 2619 sicut
998 2569 1178 2620 mstus
1201 2565 1256 2619 in
1281 2565 1400 2634 siti,
1423 2565 1579 2637 quod
1601 2567 1832 2620 duobus

171 2655 368 2711 modis
397 2657 587 2726 potest
617 2652 885 2726 inteliigi.
913 2654 1080 2708 Sicut
1123 2654 1180 2709 in
1213 2654 1311 2709 siti
1343 2659 1400 2709 et
1429 2659 1574 2709 aestu
1613 2655 1830 2710 tumul-

169 2749 269 2800 tus
299 2743 612 2798 hominum
647 2759 750 2814 pro
781 2741 1096 2798 afflictione
1131 2748 1418 2811 cessatur,
1443 2749 1501 2799 et
1532 2745 1684 2799 sicut
1717 2745 1834 2798 ina-

172 2836 416 2888 rescunt
434 2830 786 2905 propagines
809 2831 945 2886 vitis
976 2832 1086 2886 sub
1120 2832 1273 2887 nube
1299 2833 1440 2888 dum
1465 2832 1688 2888 fortiter
1719 2837 1833 2886 tor-

173 2926 262 2978 ret
290 2919 454 2977 calor
484 2919 646 2986 solis,
666 2921 819 2976 sicut
839 2921 1037 2977 deﬁcit
1066 2925 1122 2976 et
1154 2921 1260 2976 ﬂos
1289 2922 1504 2977 cadens
1529 2938 1541 2975 :
1567 2920 1649 2976 sic
1684 2921 1836 2976 facta

171 3015 263 3068 est
294 3011 577 3066 fortitudo
597 3009 935 3066 Iudaeorum
959 3013 1164 3066 contra
1183 3010 1519 3066 Dominum.
1545 3010 1604 3066 Si
1637 3013 1832 3065 autem

172 3101 412 3173 legeris,
436 3097 590 3156 sicut
619 3103 796 3155 aestus
827 3099 884 3153 in
921 3098 1016 3154 siti
1049 3116 1063 3154 :
1097 3099 1182 3154 sic
1213 3116 1464 3172 expones
1497 3117 1510 3154 :
1545 3100 1832 3166 Quemad-

173 3190 422 3246 modum
453 3190 632 3244 iestus
674 3186 950 3244 humiliat
987 3186 1288 3244 hominem
1329 3189 1587 3262 positum
1622 3188 1679 3243 in
1713 3187 1830 3256 siti,

171 3279 260 3336 sic
291 3277 633 3334 defecerunt
663 3275 768 3332 illi.

247 3391 274 3418 «
303 3368 372 3424 Ft
403 3366 576 3423 faciet
605 3365 888 3424 Dominus
909 3365 1271 3423 exercituum
1293 3367 1570 3423 omnibus
1600 3367 1833 3441 populis
1861 3345 1908 3417 (ἶ

173 3456 234 3513 in
267 3461 469 3516 monte
498 3454 610 3511 hoc
643 3455 993 3512 convivium.
1022 3478 1049 3504 ››
1087 3455 1415 3513 Revertitur
1445 3456 1731 3529 propheta
1760 3458 1833 3513 ad

175 3547 338 3602 diem
359 3542 599 3616 judicii,
620 3547 679 3600 et
709 3543 882 3600 faciet
913 3543 972 3600 in
1006 3544 1100 3600 die
1129 3545 1650 3617 videlicetjudicii.
1671 3547 1834 3612 Quod

175 3639 377 3692 autem
435 3633 580 3690 dicit
635 3633 936 3703 omnibus,
977 3634 1429 3706 synecdochicos
1488 3635 1768 3709 loquitur,
1802 3654 1837 3694 a

175 3728 340 3798 parte
373 3727 562 3780 totum
611 3739 859 3796 ponens-
891 3722 1178 3779 Omnibus
1210 3723 1368 3779 enim
1413 3724 1648 3798 pepulis
1696 3725 1837 3781 dicit

173 3812 452 3870 omnibus
483 3811 704 3878 electis,
740 3811 800 3867 in
847 3815 1046 3868 monte
1090 3811 1220 3880 hoc,
1251 3812 1309 3868 id
1341 3817 1451 3879 est,
1486 3814 1544 3868 in
1576 3814 1836 3871 Ecclesia

173 3902 338 3976 regni
370 3900 644 3959 caalestis.
668 3900 772 3957 Vel
803 3901 862 3956 in
886 3905 1083 3958 monte
1103 3901 1236 3970 hoc,
1261 3901 1320 3957 id
1351 3907 1440 3960 est
1467 3921 1646 3976 super
1675 3921 1837 3960 mon-

173 3997 292 4048 tem
323 3991 554 4057 Oliveti,
586 4007 766 4062 super
795 4005 972 4062 quem
1012 3991 1302 4047 Dominus
1340 3991 1534 4047 veniet
1564 3992 1622 4047 in
1655 3991 1830 4047 nube.

173 4081 300 4140 Non
333 4084 531 4136 tamen
554 4080 626 4135 ad
659 4083 847 4136 terras
867 4079 1206 4149 descendet,
1228 4081 1330 4136 sed
1350 4079 1409 4135 in
1433 4081 1624 4153 spatio
1652 4080 1834 4152 hujus

171 4169 326 4227 aeris
355 4168 605 4225 sedebit.
641 4169 711 4224 Et
741 4168 915 4241 quale
954 4169 1282 4226 convivium
1324 4170 1676 4242 praeparabit
1705 4171 1833 4226 eis?

173 4281 201 4310 ‹‹
231 4257 578 4315 Convivium
637 4257 972 4330 pinguium,
1005 4263 1064 4314 et
1105 4259 1411 4314 vindemim
1469 4259 1776 4316 defaecatze.
1803 4283 1830 4310 ››

170 4350 302 4405 Ὲωχ
334 4352 792 4420 purgamentum
812 4347 930 4404 vini
959 4352 1066 4403 est.
1088 4347 1398 4404 Vindemia
1421 4349 1716 4418 defamata,
1742 4353 1833 4406 est

167 4437 376 4495 vinum
408 4452 622 4510 purum
658 4435 784 4494 sine
815 4437 972 4493 faece.
993 4437 1592 4494 Animadvertendum
1614 4443 1703 4495 est
1726 4455 1830 4495 au-

167 4532 312 4598 tem,
327 4525 487 4598 quod
517 4525 707 4582 sancti
740 4525 800 4581 in
836 4524 939 4582 illa
968 4525 1330 4584 beatitudine
1361 4544 1549 4600 neque
1580 4529 1830 4585 mandu-

163 4617 394 4674 cabunt
422 4631 612 4688 neque
653 4615 876 4684 bibent,
902 4615 1003 4672 sed
1037 4615 1166 4674 ideo
1198 4616 1340 4672 dicit
1375 4617 1461 4673 eis
1501 4618 1828 4675 convivium

1942 701 2163 766 genles,
2180 702 2236 752 et
2259 699 2484 754 orditus
2507 706 2596 756 est
2622 720 2806 773 Ipsam
2835 703 3030 773 telam,
3053 706 3291 761 trahens
3311 707 3514 762 omnia
3537 708 3596 764 in

1943 790 2187 840 mortem
2218 789 2496 859 corparis,
2523 796 2581 844 et
2613 791 2831 847 multos
2863 792 2919 847 in
2950 799 3197 849 mortem
3229 795 3460 853 anima}.
3487 796 3594 862 Qui

1941 890 2074 927 cum
2109 873 2166 929 in
2199 875 2290 930 die
2323 877 2497 934 fuerit
2536 883 2757 937 tractus
2789 883 3020 954 judicii,
3055 883 3466 940 absorbebitur
3492 901 3594 956 po-

1941 963 2121 1017 testas
2149 965 2298 1034 ejus.

2013 1075 2038 1101 ‹‹
2075 1053 2142 1107 Et
2172 1055 2395 1110 auferet
2425 1055 2712 1115 Dominus
2742 1057 3062 1131 lacrymam
3094 1061 3164 1115 ab
3197 1060 3355 1115 omni
3389 1061 3592 1128 facie,»

1941 1141 2226 1216 subaudis
2257 1143 2573 1200 electorum
2607 1164 2870 1203 suorum.
2901 1149 2962 1203 In
2997 1148 3265 1221 prtescnti
3296 1149 3592 1221 siquidem

1941 1229 2152 1284 saeculo
2171 1233 2356 1286 sancti
2385 1233 2441 1287 in
2460 1233 2734 1307 lacrymis
2751 1254 2810 1292 se
2829 1237 3103 1309 affligunt
3121 1255 3133 1294 :
3155 1237 3282 1294 ideo
3300 1238 3359 1294 in
3378 1243 3596 1295 mterna

1941 1319 2141 1390 requie
2171 1338 2376 1376 omnes
2409 1322 2672 1394 ploratus
2702 1330 2760 1380 et
2798 1325 3084 1399 lacrymas
3115 1327 3406 1384 amittent.
3430 1329 3594 1386 Unde

1939 1411 1998 1462 et
2027 1408 2284 1464 Joannes
2324 1409 2382 1464 in
2422 1413 2767 1485 Apocalypsi
2800 1431 2907 1469 sua
2934 1415 3112 1471 dicit:
3139 1440 3164 1464 ‹‹
3189 1417 3260 1471 Et
3302 1417 3596 1491 absterget

1941 1496 2095 1552 Deus
2112 1515 2346 1553 omnem
2366 1499 2688 1572 lacrymam
2707 1503 2778 1557 ab
2798 1503 2985 1558 oculis
3003 1521 3204 1559 eorum
3225 1504 3405 1577 (Apoc.
3419 1507 3594 1578 πχὴν)

1927 1579 1997 1638 ὀἱ
2019 1585 2262 1658 reliqua.
2293 1608 2319 1639 (ι
2342 1589 2412 1642 Et
2431 1590 2813 1660 opprobrium
2843 1591 3042 1664 populi
3067 1591 3158 1647 sui
3185 1593 3462 1664 auferet,»
3487 1593 3595 1650 hoc

1938 1678 2027 1728 est
2057 1674 2396 1732 servitutem
2427 1681 2483 1732 et
2513 1679 2972 1736 dominationem
2995 1681 3234 1736 diaboli.
3259 1681 3456 1738 Genus
3487 1683 3595 1739 hu-

1925 1779 2183 1848 .manum
2209 1769 2519 1836 postquam
2539 1767 2766 1838 primus
2789 1785 3000 1839 parens
3019 1773 3216 1824 noster
3236 1771 3514 1840 peccavit,
3535 1771 3594 1827 in

1939 1853 2211 1924 paradiso
2241 1853 2469 1924 lignum
2499 1855 2687 1910 vetita:
2710 1856 2938 1911 arboris
2968 1858 3306 1927 comedens,
3327 1857 3594 1914 servituti

1939 1940 2154 1996 diaboli
2179 1942 2513 2013 subjectum
2532 1947 2622 1998 est
2643 1943 2794 2012 (Gen.
2820 1944 2926 2017 ιιι).
2943 1945 3011 2000 Et
3033 1944 3189 2001 istud
3211 1947 3593 2019 opprobrium

1941 2031 2060 2084 tam
2092 2031 2298 2087 mortis
2329 2047 2503 2102 quam
2531 2031 2851 2101 servitutis,
2875 2033 3188 2106 dissipabit
3213 2034 3501 2091 Dominus
3533 2036 3592 2090 in

1938 2117 2032 2171 die
2054 2118 2290 2188 judicii,
2315 2119 2623 2175 retrudens
2646 2119 2816 2175 illum
2837 2121 2910 2176 de
2934 2121 3208 2178 claustris
3233 2123 3466 2190 inferni,
3491 2123 3594 2196 qui

1939 2207 2275 2263 dominatus
2307 2208 2496 2263 fuerat
2527 2209 2797 2265 universo
2828 2210 2976 2266 orbi.

2012 2319 2037 2344 «ι
2065 2295 2134 2350 Et
2164 2296 2359 2352 dicent
2387 2297 2528 2370 justi
2563 2298 2621 2354 in
2645 2298 2738 2354 die
2770 2298 2928 2368 illa,»
2951 2297 3008 2354 id
3031 2304 3120 2356 est
3140 2299 3200 2356 in
3224 2301 3318 2356 die
3339 2301 3550 2372 judicii
3577 2317 3591 2356 :

1945 2385 2139 2441 «Ecce
2170 2385 2323 2441 Deus
2355 2391 2609 2455 noster,»
2633 2405 2820 2460 usque
2841 2412 2868 2438 «
2895 2388 3218 2460 requiescet
3239 2407 3453 2446 manus
3483 2390 3592 2446 Do-

1943 2474 2108 2543 mini,
2137 2499 2162 2523 ››
2188 2475 2244 2530 id
2277 2480 2365 2529 est
2414 2476 2673 2548 potentia
2721 2477 3042 2532 divinitatis
3091 2479 3221 2549 ejus
3243 2502 3271 2526 «
3306 2479 3364 2533 in
3397 2481 3597 2534 monte

1943 2565 2120 2630 isto,»
2146 2565 2253 2620 hoc
2283 2571 2373 2620 est
2404 2565 2463 2620 in
2497 2565 2754 2620 Ecclesia
2791 2571 2848 2621 et
2887 2583 3065 2638 regno
3098 2566 3399 2622 ccelorum.
3435 2567 3596 2622 Mon-

1943 2659 2058 2708 tem
2087 2654 2342 2725 appellat
2365 2654 2682 2710 Ecclesiam
2705 2655 3043 2722 electorum,
3068 2657 3167 2728 qui
3191 2673 3325 2711 cum
3350 2657 3596 2712 Domino

1945 2743 2294 2812 regnabunt.

2015 2855 2040 2879 ‹‹
2079 2831 2146 2884 Et
2189 2831 2770 2900 triturabiturMoab
2828 2831 2940 2886 sub
2997 2849 3086 2900 eo,
3117 2832 3270 2886 sicut
3326 2837 3598 2887 teruntur

1942 2919 2119 2991 paleas
2169 2920 2225 2974 in
2257 2919 2594 2990 plaustro.»
2627 2920 2749 2974 Vox
2805 2919 3100 2992 prophetae.
3150 2921 3220 2974 de
3273 2921 3504 2976 diabolo
3536 2925 3596 2976 et

1943 3008 2306 3081 principibus
2327 3007 2814 3064 illius.Triturare
2831 3012 2922 3063 est
2943 3009 3302 3064 terere.Sunt
3323 3009 3596 3080 quaedam

1943 3097 2228 3169 regiones,
2252 3098 2311 3152 in
2342 3097 2559 3169 quibus
2581 3099 2744 3153 deest
2767 3098 2988 3164 fenum,
3013 3096 3375 3153 habitatores
3395 3103 3594 3154 autem

1943 3186 2178 3243 illarum
2219 3191 2576 3259 congregant
2614 3185 2902 3244 stramina
2941 3185 3178 3258 frugum
3231 3203 3476 3243 suarum
3535 3186 3596 3243 in

1943 3293 2172 3348 campo,
2192 3281 2248 3333 et
2273 3277 2573 3332 deducunt
2601 3276 2719 3334 huc
2744 3279 2919 3348 atque
2948 3273 3086 3332 illuc
3106 3273 3438 3348 plaustrum
3459 3293 3596 3332 cum

1946 3367 2187 3422 serratis
2219 3367 2361 3422 rotis
2393 3383 2572 3440 super
2608 3365 2913 3434 stramina,
2947 3365 3360 3421 comminuunt
3388 3364 3510 3432 illa,
3534 3369 3600 3420 ut

1944 3455 2224 3512 animalia
2247 3453 2432 3511 levius
2461 3472 2530 3510 ea
2549 3455 2846 3512 ruminare
2877 3453 3127 3527 possint.
3148 3455 3244 3511 Sic
3271 3459 3602 3512 conteretur

1946 3545 2116 3602 Moab
2147 3546 2256 3603 sub
2287 3562 2375 3614 eo,
2405 3545 2460 3600 id
2484 3549 2575 3601 est
2595 3545 2708 3601 sub
2731 3543 2964 3600 Christo
2987 3543 3046 3599 in
3068 3543 3162 3598 die
3175 3543 3406 3616 judicii.
3431 3543 3600 3601 Moab

1946 3635 2103 3692 ﬁlius
2138 3635 2247 3691 fuit
2277 3634 2424 3690 Loth
2455 3634 2609 3706 (Gen.
2633 3636 2770 3704 χιιι),
2796 3650 2830 3690 a
2869 3650 2984 3706 quo
3017 3631 3286 3690 Moabitae
3315 3633 3601 3706 originem

1945 3729 2357 3798 sumpserunt:
2380 3724 2730 3796 fueruntque
2752 3721 2891 3778 ﬁliis
2915 3721 3090 3778 Israel
3111 3739 3345 3796 semper
3365 3721 3598 3778 infensi.

1945 3815 2090 3871 Nam
2121 3831 2258 3870 cum
2296 3815 2366 3870 de
2415 3814 2751 3886 Egyptiaca
2781 3811 3056 3867 servitute
3108 3810 3351 3866 Domino
3402 3815 3600 3882 prote-

1943 3909 2116 3977 gente
2146 3905 2388 3973 exirent,
2413 3906 2470 3958 et
2507 3901 3046 3974 appropinquarent
3085 3898 3306 3970 regioni
3336 3897 3596 3966 illorum,

1945 3994 2080 4050 fecit
2111 4008 2349 4066 peccare
2380 4007 2480 4045 eos
2511 3993 2716 4044 contra
2744 3987 3061 4044 Dominum
3086 3985 3288 4041 Balath
3317 4003 3415 4042 rex
3442 3986 3598 4042 Moa-

1943 4079 2490 4152 bitarum,eonsilio
2529 4075 2766 4134 Balaam
2805 4073 3012 4130 harioli
3047 4091 3192 4129 usus
3223 4074 3408 4144 (Nam.
3440 4077 3594 4144 xxv).

1945 4170 2193 4239 Ideoque
2224 4183 2327 4239 per
2355 4164 2526 4221 Moab
2559 4163 2843 4219 debemus
2883 4161 2942 4216 in
2981 4159 3092 4216 hoc
3131 4160 3257 4217 loco
3296 4161 3596 4218 diabolum

1941 4256 2286 4329 intelligere,
2311 4253 2410 4327 qui
2441 4269 2675 4324 semper
2705 4249 2908 4320 Israel,
2929 4249 2987 4306 id
3017 4252 3107 4305 est
3134 4248 3356 4316 electis,
3371 4250 3472 4322 qui
3495 4268 3599 4322 per

1942 4345 2118 4405 Israel
2141 4344 2473 4416 signantur,
2498 4338 2830 4397 contrarius
2858 4337 3107 4396 exsistit.
3135 4339 3200 4394 In
3221 4338 3316 4396 die
3344 4355 3598 4410 namque

1939 4434 2181 4492 extremi
2197 4435 2304 4506 jud
2315 4432 2408 4488 icii
2427 4433 2761 4487 conteretur
2775 4427 3065 4498 diabolus,
3080 4432 3139 4484 et
3159 4427 3452 4500 principes
3467 4428 3598 4500 ejus

1940 4527 2050 4582 sub
2073 4523 2322 4594 Christo,
2347 4520 2522 4580 sicuti
2546 4522 2818 4576 teruntur
2837 4516 3015 4589 paleae
3047 4517 3108 4572 in
3139 4516 3442 4590 plaustris.
3471 4539 3493 4567 α
3527 4517 3598 4573 Et

1941 4615 2096 4672 sicut
2124 4611 2387 4670 extendit
2412 4613 2624 4667 natans
2660 4607 2734 4664 ad
2777 4606 3122 4662 natandum.
3150 4626 3179 4654 ››
3203 4605 3288 4661 Ita
3325 4604 3597 4661 extendet

163 4703 512 4779 praeparari,
536 4703 677 4777 quia
707 4704 984 4761 omnibus
1015 4705 1240 4762 deliciis
1271 4709 1328 4762 et
1356 4707 1644 4764 suavitate
1677 4707 1830 4781 pleni
1860 4715 1910 4782 D
1941 4702 2212 4761 diabolus
2244 4718 2456 4758 manus
2488 4716 2627 4755 suas
2659 4697 2769 4754 sub
2803 4712 2890 4766 eo,
2915 4694 3024 4752 hoc
3055 4697 3164 4763 est,
3199 4694 3310 4750 sub
3340 4693 3592 4751 Christo.

165 4797 366 4863 erunt,
393 4797 452 4850 et
479 4793 647 4851 nulla
675 4810 738 4850 re
768 4811 1030 4866 unquam
1063 4793 1434 4868 indigebunt.

239 4908 268 4935 α
302 4884 375 4939 Et
403 4883 792 4956 prmcipitabit
831 4883 1120 4940 Dominus
1153 4884 1212 4939 in
1245 4890 1440 4942 monte
1479 4885 1591 4942 isto
1623 4886 1829 4944 faciem

162 4971 391 5030 vinculi
412 4964 730 5045 colligati.»
749 4973 914 5040 Quod
937 4973 1190 5045 appellat
1210 4973 1531 5044 vinculum,
1555 4975 1663 5032 hoc
1683 4995 1833 5033 mor-
1875 5017 1882 5022 ς

165 5069 310 5131 tem,
337 5060 450 5117 hoc
482 5059 681 5117 telam.
706 5061 1026 5118 Vinculum
1055 5062 1214 5119 enim
1240 5064 1448 5120 mortis
1469 5066 1624 5137 quod
1659 5083 1692 5122 a
1721 5066 1832 5139 pri-

167 5169 269 5210 mo
297 5153 544 5224 parente
585 5155 786 5208 nostro
817 5150 988 5224 quasi
1037 5151 1154 5208 tela
1197 5152 1457 5210 orditum
1505 5159 1613 5221 est,
1653 5172 1833 5228 super

166 5257 347 5299 omne
365 5256 554 5312 genus
570 5239 900 5297 humanum
918 5239 1304 5313 praacipitabit
1321 5241 1626 5315 Dominus,
1642 5245 1701 5300 id
1719 5249 1828 5312 est,

167 5333 438 5388 destruet
468 5329 528 5384 in
550 5329 642 5386 die
661 5329 872 5402 judicii
898 5347 911 5386 :
937 5329 1189 5386 reddens
1208 5347 1414 5387 omnes
1445 5331 1826 5404 immortales,

167 5427 294 5478 tam
325 5419 543 5476 electos
575 5435 754 5492 quam
787 5419 1086 5492 reprobos.
1109 5419 1264 5476 Justi
1287 5420 1444 5475 enim
1467 5421 1830 5479 immortales

166 5507 426 5565 eruntin
443 5505 650 5578 gloria,
664 5511 721 5562 et
742 5505 910 5578 impii
926 5507 985 5562 in
1003 5505 1320 5580 supplicio:
1340 5511 1398 5562 et
1413 5512 1617 5580 postea
1638 5525 1830 5581 neque

165 5614 333 5654 mors
355 5595 618 5669 corporis
649 5613 840 5669 neque
869 5595 1076 5653 anima:
1099 5596 1230 5668 erit,
1245 5595 1402 5652 sicut
1417 5596 1559 5652 dicit
1583 5599 1828 5670 Aposto-

166 5686 265 5743 lus
289 5703 342 5743 :«
361 5685 659 5756 Absorpta
689 5689 778 5742 est
822 5703 982 5742 mors
1013 5685 1074 5742 in
1103 5684 1344 5742 victoria
1372 5684 1588 5742 Christi
1617 5689 1666 5756 (Ι
1697 5689 1826 5745 Cor.

163 5780 285 5854 xv).
303 5798 333 5828 ››
355 5773 524 5834 Sicut
543 5773 722 5832 etiam
741 5771 1044 5832 vinculum
1072 5774 1277 5831 mortis
1298 5779 1355 5832 et
1373 5774 1553 5835 telam
1573 5777 1831 5852 appellat

1940 4793 2182 4861 Quando
2213 4791 2435 4848 labitur
2463 4787 2680 4860 aliquis
2709 4787 2780 4842 de
2811 4783 3214 4858 superioribus
3236 4783 3308 4838 ad
3340 4783 3480 4852 ima,
3507 4800 3598 4839 ex-

1938 4882 2122 4940 tensis
2153 4880 2430 4937 manibus
2461 4876 2598 4948 ruit,
2621 4874 2796 4934 sicuti
2827 4873 2928 4946 qui
2961 4875 3142 4929 natat.

2013 4997 2039 5022 ‹‹
2064 4974 2135 5028 Et
2165 4967 2506 5026 humiliabit
2531 4966 2819 5023 Dominus
2838 4962 3086 5036 gloriam
3115 4985 3135 5011 υ
3161 4960 3378 5018 diaboli
3409 4961 3469 5016 in
3501 4961 3595 5018 die

1939 5061 2043 5118 illa
2063 5086 2090 5114 ‹‹
2116 5077 2252 5116 cum
2284 5057 2604 5124 allisione,»
2630 5054 2741 5111 hoc
2771 5057 2862 5110 est
2885 5049 3234 5108 contritione
3259 5071 3286 5100 «
3310 5067 3594 5106 manuum

1938 5152 2070 5224 ejus
2106 5173 2127 5202 ιι
2170 5150 2230 5206 id
2281 5151 2370 5206 est
2425 5143 2823 5218 operationem
2873 5141 3018 5212 ejus.
3056 5139 3178 5195 «Et
3225 5138 3596 5196 munimenta

1939 5239 2286 5298 sublimium
2317 5251 2622 5294 murorum
2653 5236 2891 5288 tuorum
2913 5229 3239 5287 concident.
3269 5250 3296 5278 ››
3315 5229 3592 5300 Apostro-

1938 5331 2116 5404 pham
2137 5329 2273 5386 facit
2291 5325 2576 5400 propheta
2591 5323 2662 5379 ad
2681 5319 2878 5394 ipsum
2896 5318 3220 5393 principem
3235 5318 3589 5374 daemonum.

1939 5419 2306 5477 Munimenta
2331 5412 2566 5481 diaboli,
2593 5414 2734 5467 sunt
2756 5407 3037 5466 satellites
3057 5408 3206 5478 ejus.
3231 5407 3437 5464 Murus
3457 5423 3595 5463 vero

1939 5509 2100 5564 illius
2133 5505 2402 5562 homines
2423 5517 2703 5572 sequaces
2725 5499 2874 5570 ejus,
2895 5497 2994 5569 qui
3017 5513 3153 5554 eum
3177 5495 3394 5552 imitati
3414 5501 3555 5553 sunt
3577 5513 3590 5551 :

1939 5599 2154 5672 quibus
2171 5595 2296 5668 ipse
2317 5591 2486 5666 quasi
2507 5605 2675 5646 muro
2698 5586 2952 5645 vallatus
2974 5590 3083 5642 est.
3109 5585 3170 5642 In
3197 5585 3288 5643 die
3306 5583 3516 5659 judicii
3537 5589 3596 5641 et

1938 5690 2064 5763 ipse
2093 5690 2152 5759 et
2181 5681 2440 5741 ministri
2471 5681 2622 5753 ejus,
2656 5694 2922 5750 quosque
2956 5675 3082 5749 ipse
3112 5675 3359 5750 decepit,
3392 5674 3592 5734 conci-

1939 5782 2078 5842 dent
2107 5777 2168 5834 in
2199 5773 2544 5834 barathrum
2575 5773 2799 5829 aeternae
2831 5764 3248 5826 damnationis.
