3960 6398
422 425 543 488 839

1021 553 1255 608 CAPUT
1294 552 1485 607 XXVI.

507 671 527 699 ι
564 648 627 701 In
660 645 753 699 die
784 642 886 698 illa
917 642 1256 697 cantabitur
1284 640 1583 697 canticum
1631 641 1788 696 istud
1829 639 1887 695 in
1930 644 2087 695 terra

429 737 633 797 Juda.»
654 734 848 788 Potest
868 731 978 787 hoc
998 730 1200 786 referri
1225 734 1282 786 et
1302 732 1373 785 ad
1401 735 1745 802 praesentem
1764 728 2083 784 Ecelesiam

431 834 488 884 et
510 837 996 893 supernam,qure
1018 820 1074 874 in
1097 820 1419 891 diejudlcii
1446 818 1855 890 complebitur.
1872 818 2086 872 Sancta

432 912 685 971 Ecclesia
705 912 881 964 modo
908 909 1202 964 canticum
1236 926 1451 963 novum
1477 912 1694 975 cantat,
1716 908 1856 961 dum
1883 906 2087 961 nativi-

428 1006 603 1058 tatem
624 997 879 1066 Domini,
896 998 1254 1070 passionem,
1271 997 1780 1063 resurrectionem,
1798 994 2088 1050 ascensio-

431 1104 679 1159 nemque
710 1087 840 1157 ejus
873 1088 945 1141 ad
987 1085 1162 1141 ccelos
1195 1084 1491 1140 laudando
1522 1084 1820 1157 praedicat,
1852 1086 1911 1138 et
1941 1084 2083 1137 dum

428 1179 584 1235 canit
614 1175 832 1231 electos
862 1175 1039 1230 ccnlos
1069 1179 1394 1246 penetrare.
1418 1174 1661 1229 Vetusta
1690 1173 1848 1228 enim
1882 1190 1974 1227 res
1995 1175 2087 1226 est

427 1267 697 1324 homines
714 1266 784 1321 ad
807 1263 1019 1319 inferni
1043 1262 1300 1318 claustra
1319 1264 1696 1333 descendere,
1717 1278 1865 1317 nova
1885 1265 2084 1316 autem

427 1356 602 1414 cmlos
649 1358 974 1427 penetrare.
1000 1375 1026 1401 α
1058 1352 1210 1408 Urbs
1249 1351 1612 1408 fortitudinis
1651 1355 1855 1408 nostra
1893 1349 2029 1406 Sion
2066 1365 2081 1404 :

427 1447 681 1501 salvator
711 1447 964 1516 ponetur
991 1441 1050 1496 in
1083 1459 1153 1497 ea
1190 1458 1399 1496 murus
1428 1446 1487 1497 et
1516 1439 1940 1497 antemurale.»
1962 1438 2085 1493 Vox

417 1538 721 1609 justorum
770 1532 890 1587 sive
921 1531 979 1585 in
1011 1531 1284 1603 prmsenti
1331 1530 1590 1585 Ecclesia
1620 1529 1739 1585 sive
1771 1529 1830 1583 in
1864 1529 2084 1584 futura.

424 1625 598 1691 Urbs,
615 1624 672 1677 id
696 1625 785 1678 est
806 1620 1087 1693 protectio
1107 1624 1444 1674 sanctorum
1463 1618 1733 1673 Christus
1752 1621 1860 1685 est,
1876 1616 1976 1688 qui
1999 1616 2084 1670 eis

422 1711 833 1770 fortitudinem
868 1712 1104 1782 prmstat
1128 1708 1280 1762 inter
1311 1708 1573 1776 adversa,
1598 1712 1656 1763 ct
1685 1707 1810 1780 ipse
1840 1711 1930 1761 est
1961 1722 2086 1760 mu-

421 1822 528 1859 rus
551 1802 786 1857 illorum
806 1804 863 1854 et
883 1797 1372 1869 antemurale,qui
1394 1814 1493 1852 eos
1514 1797 1708 1851 munit
1730 1799 1787 1850 et
1802 1794 2084 1851 defendit.

418 1893 527 1947 Vel
559 1891 732 1947 etiam
760 1888 1053 1962 prophetae
1076 1885 1442 1941 antemurale
1464 1887 1793 1954 fuerunt,et
1813 1884 2085 1939 Christus
2111 1920 2161 1986 B

421 1999 654 2038 murus.
675 1979 774 2034 Vel
799 1978 1005 2033 aliter:
1032 1975 1405 2031 Antcmurale
1437 1980 1526 2031 est
1554 1976 1717 2041 fides,
1746 1991 1954 2029 murus
1987 1989 2082 2028 au-

418 2077 542 2127 tem
582 2068 861 2142 operatio.
894 2067 979 2122 Ab
1025 2066 1153 2137 ipso
1193 2065 1350 2121 enim
1390 2069 1447 2121 et
1484 2064 1631 2120 velle
1669 2068 1727 2119 et
1765 2080 1937 2136 posse
1976 2062 2080 2118 ha-

418 2162 654 2217 bemus.

494 2274 522 2299 u
557 2249 787 2320 Aperite
818 2248 1075 2319 portas.»
1098 2243 1223 2298 Vox
1255 2243 1350 2299 Dei
1385 2242 1457 2298 ad
1491 2242 1731 2315 angelos
1765 2258 1778 2296 :
1812 2242 1856 2297 Ο
1888 2240 2080 2313 angeli

419 2339 561 2405 mei,
587 2337 805 2409 aperite
830 2338 1050 2408 portas,
1083 2332 1435 2388 subauditur
1474 2330 1719 2402 justitiae
1768 2333 1825 2383 et
1882 2333 2080 2401 portas

420 2427 723 2501 gloriae,ut
743 2422 1105 2495 ingrediatur
1125 2438 1269 2493 gens
1288 2422 1475 2491 justa,
1492 2420 1547 2473 id
1573 2422 1661 2474 est
1682 2434 1887 2474 omnes
1913 2417 2080 2472 electi

422 2516 563 2584 mei,
611 2514 707 2586 qui
752 2510 1159 2568 custodierunt
1209 2509 1509 2564 veritatem
1566 2506 1882 2579 Evangelii.
1917 2505 2080 2561 Sicut

420 2607 580 2663 enim
611 2607 788 2676 portze
811 2599 1079 2673 justitize,
1104 2600 1187 2653 ita
1216 2598 1424 2653 mortis
1445 2602 1502 2651 et
1523 2595 1872 2668 iniquitatis.
1898 2595 2077 2649 Porta:

410 2694 662 2769 justitize
695 2695 835 2748 sunt
864 2690 1030 2757 ﬁdes,
1065 2687 1343 2753 charitas,
1383 2685 1708 2749 humilitas,
1746 2688 2079 2755 czeterzeque

417 2785 689 2842 virtutes.
719 2783 896 2836 Porta:
956 2794 1090 2833 vero
1147 2776 1355 2831 mortis
1408 2779 1466 2829 et
1526 2774 1856 2846 iniquitatis
1915 2776 2077 2835 sunt,

419 2874 645 2941 odium,
682 2869 944 2937 avaritia,
977 2870 1035 2923 et
1069 2870 1278 2922 caetera
1308 2864 1467 2919 vitia.

492 2986 520 3011 ‹‹
555 2966 738 3017 Vetus
768 2975 931 3015 error
978 2955 1141 3023 abiit,
1166 2953 1428 3010 servabis
1477 2969 1701 3025 pacem.
1731 2974 1757 3000 η
1779 2950 1901 3006 Vox
1930 2948 2077 3005 elec-

422 3059 640 3110 torum.
662 3050 844 3105 Vetus
873 3063 1034 3102 error
1054 3049 1163 3111 est,
1190 3045 1431 3098 adorare
1455 3041 1611 3097 idola
1642 3040 1997 3105 manufacta,
2024 3043 2082 3093 et

419 3146 745 3199 creaturam
778 3151 1114 3211 przeponere
1135 3131 1401 3189 creatori.
1420 3131 1623 3187 Dicent
1644 3147 1781 3203 ergo
1803 3128 1990 3185 sancti
2018 3129 2077 3183 in

419 3231 513 3287 die
535 3228 744 3301 judicii
781 3244 794 3283 :
830 3225 875 3280 Ο
906 3223 1152 3279 Domine
1183 3222 1518 3293 redemptor
1547 3220 1905 3291 uoster,jam
1940 3218 2081 3291 quia

415 3324 585 3375 vetus
613 3333 775 3372 error
803 3313 977 3384 longe
1006 3309 1249 3367 recessit
1278 3328 1311 3365 a
1341 3310 1534 3375 nobis,
1558 3314 1615 3364 et
1644 3309 1701 3363 in
1737 3312 1791 3363 te
1822 3306 2075 3379 speravi-
2107 3290 2150 3358 C

421 3425 576 3473 mus,
599 3401 861 3461 servabis
893 3415 1094 3470 pacem
1128 3403 1404 3453 aeternam
1428 3398 1617 3467 nobis,
1642 3401 1700 3452 et
1729 3397 1990 3469 corporis
2021 3401 2080 3452 et

422 3495 652 3550 animm.

496 3604 524 3632 ‹‹
546 3578 842 3653 Sperastis
864 3576 923 3631 in
948 3574 1254 3640 Domino,»
1273 3591 1305 3627 o
1328 3575 1513 3629 sancti
1537 3578 1594 3629 et
1613 3574 1778 3630 electi
1801 3575 2033 3631 Domini
2061 3592 2074 3629 :

421 3694 449 3721 α
484 3670 543 3724 in
576 3665 807 3725 szeculis
837 3670 894 3721 et
924 3664 983 3719 in
1030 3667 1402 3736 perpetuum,
1432 3686 1459 3711 ››
1491 3663 1777 3719 subaudis
1824 3667 2073 3736 sperate.

419 3760 540 3816 Vox
571 3757 886 3831 prophetze.

492 3874 518 3899 ‹‹
545 3848 691 3916 Quia
728 3844 1058 3901 incurvabit
1086 3843 1420 3899 habitantes
1450 3842 1508 3897 in
1541 3842 1787 3898 excelso.
1810 3866 1835 3891 ››
1859 3843 1938 3898 De
1968 3844 2077 3899 Ju-

420 3939 560 3995 dmis
582 3938 756 3993 modo
778 3935 1042 4007 loquitur
1062 3933 1366 4005 prepheta,
1391 3936 1448 3988 et
1469 3934 1539 3987 ad
1564 3948 1632 3988 ea
1654 3949 1782 4004 quae
1805 3933 2078 4005 superius

419 4028 566 4083 dixit
589 4027 658 4081 de
682 4024 902 4080 sanctis
926 4022 1198 4095 pertinet.
1220 4024 1459 4095 Sperate
1480 4021 1536 4076 in
1561 4022 1831 4076 Domino.
1851 4022 2077 4087 Quare?

420 4116 569 4181 Quia
598 4114 948 4178 incurvabit,
974 4112 1031 4167 id
1064 4118 1154 4167 est
1174 4111 1512 4167 humiliabit
1540 4112 1794 4179 Judeeos,
1820 4111 1919 4182 qui
1949 4128 2080 4166 nos-

421 4204 528 4259 tris
559 4201 1071 4275 praedicationibus
1101 4200 1379 4256 contrarii
1411 4202 1779 4257 exstiterunt.

490 4316 518 4342 α
553 4288 936 4347 Conculcabit
981 4296 1133 4353 eam,
1170 4312 1197 4339 ››
1232 4291 1518 4346 subaudis
1567 4291 1883 4346 civitatem.
1910 4313 1938 4341 «
1971 4291 2077 4347 Pes

418 4379 716 4455 pauperis.
741 4401 760 4426 η
790 4379 869 4434 De
891 4379 1224 4450 captivitate
1245 4384 1302 4435 et
1331 4379 1728 4435 destructione
1755 4381 2077 4453 Hierosoly-

419 4486 649 4527 morum
684 4467 1053 4540 temporibus
1068 4467 1410 4540 Vespasiani
1436 4468 1588 4525 facta
1622 4468 1884 4542 loquitur
1904 4470 2077 4524 modo

419 4560 734 4633 propheta:
760 4556 1067 4630 alloquens
1089 4556 1382 4630 apostolos
1402 4562 1461 4613 et
1480 4558 1746 4614 doctores
1769 4558 2076 4631 primitisz

852 422 1260 485 HAYMONIS
1291 420 1838 482 HALBERSTAT.
1871 414 2118 480 EPISC.
2152 414 2325 478 OPP.
2357 418 2562 479 PARS
2592 418 2641 479 Ι.
2674 452 2754 464 ——
2782 419 3188 482 COMMENT.
3222 419 3423 481 BIBL.

2113 550 2169 618 A

3722 417 3835 482 840

2266 572 2295 599 «
2330 550 2552 606 Semita
2600 552 2749 624 justi
2809 556 2965 609 recta
3019 557 3128 609 est.
3156 576 3184 602 »
3216 552 3337 608 Vox
3393 552 3703 625 propheta}.
3738 552 3839 608 Per

2196 639 2466 694 semitam
2508 644 2568 695 et
2616 640 2821 697 callem
2872 659 3057 697 unum
3110 640 3557 715 intelligendum
3606 645 3711 709 est,
3732 641 3840 698 hoc

2194 731 2305 794 est,
2328 728 2663 802 evangelica
2684 729 2972 785 doctrina.
2997 731 3219 787 Semita
3243 746 3402 802 ergo,
3424 729 3532 785 hoc
3554 734 3642 784 est
3670 730 3843 784 Evan-

2196 814 2413 885 gelium
2444 816 2656 871 Christi
2693 823 2913 873 rectum
2938 822 3046 885 est,
3071 818 3224 889 quod
3259 835 3293 871 a
3321 817 3558 872 veritate
3590 817 3843 889 procedit

2196 921 2323 975 qua)
2354 908 2445 959 est
2476 906 2745 962 Christus
2777 909 2953 972 (Joan.
2989 907 3125 979 x1v).

2268 1017 2296 1043 ‹‹
2335 994 2399 1048 In
2441 996 2653 1051 semita
2686 997 3050 1067 judiciorum
3098 1000 3359 1063 tuorum,
3404 994 3667 1065 Domine,
3709 1012 3845 1050 sus-

2196 1082 2487 1139 tinuimus
2517 1088 2593 1139 te.
2622 1107 2649 1133 »
2680 1084 2801 1139 Vox
2845 1085 3161 1141 electorum
3194 1084 3253 1139 in
3287 1085 3381 1140 die
3402 1083 3632 1156 judicii.
3657 1083 3843 1139 Semi-

2195 1175 2317 1226 tam
2358 1172 2452 1227 hic
2480 1178 2650 1229 vocat
2702 1174 3105 1246 Evangelium,
3141 1173 3241 1229 ubi
3294 1173 3493 1228 omnia
3537 1172 3763 1243 judicia
3792 1178 3845 1229 et

2194 1266 2485 1334 praecepta
2525 1267 2646 1319 tam
2678 1263 2904 1321 Veteris
2934 1262 3295 1319 Testamenti
3326 1280 3501 1335 quam
3533 1261 3670 1317 Novi
3702 1279 3844 1317 con-

2194 1356 2428 1406 nentur.

2266 1462 2295 1488 «
2329 1438 2539 1495 Anima
2570 1457 2700 1496 mea
2730 1441 3088 1497 desiderabit
3118 1446 3175 1497 te
3212 1441 3271 1497 in
3305 1445 3495 1507 nocte,
3522 1463 3548 1489 »
3581 1441 3636 1496 id
3667 1445 3760 1497 est
3786 1440 3844 1496 in

2195 1527 2574 1584 tribulatione
2601 1546 2613 1585 :
2643 1547 2832 1603 usque
2861 1554 2889 1581 ‹‹
2922 1530 3175 1603 vigilabo
3208 1532 3278 1585 ad
3311 1535 3425 1586 te.»
3449 1529 3569 1584 Vox
3597 1529 3844 1602 prophe-

2194 1621 2286 1671 tae.
2320 1617 2471 1674 Dicit
2500 1619 2659 1675 enim
2685 1637 2696 1675 :
2726 1620 2893 1676 Certe
2922 1626 2981 1675 et
3009 1621 3068 1675 in
3100 1623 3290 1692 nocte,
3318 1620 3428 1676 hoc
3458 1624 3547 1675 est
3577 1619 3635 1674 in
3668 1619 3851 1674 tribu-

2194 1706 2413 1763 latione
2450 1725 2462 1764 :
2506 1714 2564 1764 et
2607 1727 2801 1778 mane,
2835 1710 2944 1765 hoc
2992 1715 3103 1777 est,
3136 1709 3196 1764 in
3248 1707 3653 1783 prosperitate,
3689 1724 3849 1764 sem-

2195 1812 2300 1867 per
2326 1796 2603 1871 vigilabo,
2650 1799 2994 1855 desiderans
3042 1805 3097 1854 te
3144 1800 3360 1855 videre.
3392 1798 3495 1855 Vel
3525 1797 3694 1853 aliter
3724 1814 3737 1852 :
3772 1797 3850 1853 De

2196 1901 2368 1941 mane
2397 1886 2652 1960 vigilabo
2686 1889 2756 1943 ad
2779 1892 2855 1955 te,
2882 1888 2992 1945 hoc
3021 1895 3109 1944 est
3141 1889 3200 1944 in
3231 1905 3408 1961 opera
3437 1889 3851 1943 mandatorum

2194 1978 2431 2031 tuorum
2465 1981 2633 2033 nocte
2664 1981 2721 2033 et
2756 1978 2849 2034 die
2880 1977 3100 2046 laboro,
3125 1995 3372 2051 sperans
3397 1978 3706 2051 prmmium
3737 1993 3774 2031 a
3799 1980 3852 2031 te

2191 2065 2469 2136 recipere.
2495 2089 2523 2116 «
2559 2066 2707 2122 Cum
2737 2067 2941 2125 feceris
2973 2067 3201 2139 judicia
3231 2071 3333 2122 tua
3376 2067 3435 2122 in
3468 2071 3644 2133 terra,
3670 2065 3850 2137 justi-

2190 2153 2334 2208 tiam
2367 2155 2597 2210 discent
2633 2156 2993 2211 habitatores
3024 2156 3206 2211 orbis.
3238 2178 3265 2205 ››
3288 2155 3410 2211 Vox
3442 2154 3758 2228 prophetae,
3783 2154 3853 2208 de

2188 2243 2410 2299 Judaeis
2445 2262 2458 2300 :
2492 2244 2536 2300 Ο
2569 2245 2723 2301 Deus
2755 2249 2813 2300 et
2857 2245 3149 2300 immensa
3190 2244 3400 2317 pietas,
3432 2243 3697 2316 quandiu
3734 2259 3851 2297 non

2190 2332 2333 2387 facis
2357 2333 2585 2405 judicia
2627 2338 2731 2389 tua
2770 2350 2950 2404 super
2987 2332 3350 2389 habitatores
3390 2332 3574 2400 orbis,
3605 2348 3722 2386 non
3756 2348 3853 2387 co-

2186 2422 2487 2493 gnosceris
2517 2422 2591 2477 ab
2622 2421 2861 2493 impiis?
2892 2420 3154 2489 Percute,
3189 2421 3385 2492 inquit
3414 2420 3722 2493 propheta,
3748 2420 3854 2475 im-

2188 2510 2336 2582 pios,
2370 2514 2428 2566 et
2460 2510 2687 2566 discent
2717 2513 2849 2565 tuas
2878 2508 3056 2581 leges.

2262 2623 2289 2651 ‹‹
2324 2600 2707 2655 Misereamur
2745 2598 2947 2670 impio.
2974 2620 3002 2648 »
3025 2598 3148 2653 Vox
3192 2597 3489 2671 prophetze
3516 2598 3588 2653 de
3620 2598 3848 2670 impiis,

2188 2694 2394 2761 estque
2444 2687 2925 2760 distinguendum
2957 2704 3060 2759 per
3090 2687 3612 2759 interrogationem
3645 2692 3703 2741 et
3735 2705 3853 2743 res-

2189 2778 2555 2850 ponsionem.
2570 2778 2722 2831 Dicit
2743 2777 3054 2832 Dominus:
3076 2777 3119 2831 Ο
3138 2776 3443 2848 propheta,
3460 2775 3853 2831 misereamur

2190 2868 2393 2941 impio,
2418 2872 2484 2922 ut
2515 2870 2649 2939 agat
2678 2866 3104 2937 pmnitentiam.
3129 2866 3199 2920 Et
3230 2864 3536 2937 propheta.
3565 2887 3595 2914 «
3630 2865 3700 2920 Et
3730 2881 3849 2920 non

2189 2957 2419 3013 discent
2450 2956 2638 3011 facere
2679 2954 3019 3027 justitiam?
3043 2977 3071 3003 »
3094 2956 3165 3009 Et
3203 2958 3293 3010 est
3341 2971 3552 3010 sensus
3585 2972 3598 3010 :
3632 2955 3700 3009 Et
3729 2970 3847 3009 non

2189 3047 2463 3102 ostendes
2497 3045 2582 3101 eis
2610 3049 2773 3100 tuam
2804 3044 3150 3116 potentiam.
3173 3048 3337 3099 Certe
3368 3042 3539 3099 aliter
3576 3060 3690 3098 non
3723 3059 3847 3098 cre-

2190 3138 2350 3205 dent,
2379 3135 2494 3191 nisi
2515 3152 2615 3190 eos
2645 3132 3047 3207 ﬂagellaveris.
3071 3132 3429 3205 Addiditque
3459 3132 3740 3205 propheta
3770 3131 3849 3186 lo-

2190 3242 2378 3297 quens
2403 3242 2415 3280 :
2439 3248 2467 3275 «
2494 3224 2557 3280 In
2589 3227 2744 3280 terra
2772 3226 3111 3279 sanctorum
3146 3221 3352 3294 iniqua
3380 3221 3618 3294 gessit.»
3642 3221 3845 3276 Sinec-

2191 3315 2467 3371 dochicos
2497 3331 2601 3387 per
2644 3330 2852 3381 unum,
2876 3329 3081 3368 omnes
3130 3310 3361 3383 reprobi
3410 3308 3841 3382 intelliguntur.

2187 3406 2429 3461 Terram
2487 3408 2823 3459 sanctorum
2873 3406 3040 3457 vocat
3088 3398 3405 3473 apostolos,
3450 3402 3754 3470 martyres,
3789 3402 3846 3453 et

2187 3510 2392 3550 omnes
2423 3490 2787 3564 sanctos,qui
2820 3490 2892 3547 ab
2924 3490 3124 3562 impiis
3155 3488 3339 3545 multa
3380 3487 3658 3543 tulerunt.
3680 3488 3760 3541 Ac
3793 3486 3842 3540 si

2187 3581 2406 3638 diceret
2435 3598 2449 3637 :
2486 3582 2620 3638 Ideo
2668 3598 2784 3635 non
2817 3580 2996 3636 debes
3027 3595 3265 3653 parcere
3291 3575 3399 3644 illi,
3422 3576 3563 3649 quia
3603 3579 3839 3631 sanctos

2186 3671 2454 3742 peremit.
2484 3668 2841 3726 Condolebat
2861 3668 3019 3724 enim
3048 3667 3332 3740 propheta
3354 3665 3482 3722 neci
3503 3668 3840 3720 sanctorum

2188 3776 2314 3832 quze
2348 3760 2543 3814 futura
2573 3763 2716 3827 erat,
2752 3762 2808 3814 et
2838 3758 3007 3830 quasi
3040 3757 3395 3813 causabatur
3441 3770 3576 3810 cum
3622 3752 3742 3821 illo,
3779 3757 3842 3807 ut

2188 3850 2540 3905 interficeret
2569 3847 2826 3918 iniquos.
2852 3870 2878 3895 ‹‹
2912 3848 2983 3901 Et
3032 3863 3148 3902 non
3198 3843 3415 3900 videbit
3451 3841 3696 3915 gloriam
3729 3840 3838 3896 Do-

2187 3937 2355 3994 mini.
2387 3960 2414 3985 ››
2437 3936 2559 3991 Vox
2594 3935 2722 3991 Filii
2755 3935 2857 3990 Dei
2888 3936 2959 3991 ad
2994 3934 3362 4008 prophetam.
3387 3931 3581 3989 Gloria
3609 3930 3708 3985 Dei
3737 3930 3838 3985 Pa-

2188 4028 2297 4083 tris
2321 4031 2409 4082 est
2432 4025 2633 4094 Filius,
2650 4024 2743 4079 cui
2776 4024 2947 4080 Pater
2971 4041 3144 4080 omne
3166 4022 3460 4094 judicium
3482 4019 3642 4075 dedit
3659 4020 3835 4089 (Joan.

2186 4121 2265 4187 v).
2291 4117 2399 4172 Per
2427 4114 2950 4188 interrogationem
2983 4112 3295 4186 legendum
3327 4115 3434 4167 est.
3456 4111 3527 4166 Et
3571 4114 3661 4164 est
3709 4125 3837 4162 sen-

2187 4223 2327 4264 sus:
2357 4205 2567 4261 Melius
2599 4209 2688 4260 est
2719 4208 2782 4258 ut
2801 4203 2995 4259 videat
3013 4201 3262 4275 gloriam
3285 4201 3386 4256 Dei
3411 4196 3615 4266 Patris,
3638 4195 3695 4251 id
3729 4200 3835 4262 est,

2186 4314 2280 4352 me
2311 4297 2370 4351 in
2403 4295 2497 4351 die
2534 4293 2770 4366 judicii,
2802 4296 2859 4347 et
2889 4292 3197 4348 erubescat
3248 4307 3426 4363 super
3472 4286 3642 4343 malis
3692 4286 3834 4341 suis.

2186 4386 2298 4441 Sed
2331 4384 2473 4457 quid
2496 4383 2557 4455 ,ei
2592 4381 2896 4455 respondit
2926 4379 3247 4453 propheta?

2259 4498 2287 4526 «
2314 4472 2576 4541 Domine,
2600 4471 2887 4528 exaltetur
2929 4486 3143 4525 manus
3174 4472 3332 4538 tua,»
3356 4467 3411 4523 id
3445 4470 3535 4523 est
3579 4464 3836 4538 potentia

2187 4569 2291 4620 tua
2321 4564 2380 4618 in
2412 4562 2505 4618 die
2526 4561 2739 4635 judicii
2761 4577 2939 4633 super
2967 4558 3181 4631 impios
3207 4576 3220 4613 :
3246 4582 3274 4609 «
3300 4561 3356 4614 et
3386 4573 3501 4613 non
3530 4554 3784 4621 videant,
3810 4576 3835 4601 ››

416 4647 708 4704 ΕΟΟῘΘΒῘὶὈ.
732 4648 793 4702 In
818 4646 1175 4718 quibusdam
1204 4647 1510 4702 codicibus
1539 4648 1908 4703 continetur:
1938 4664 2073 4703 con-

2228 4653 2473 4708 ubaudis
2494 4650 2739 4723 gloriam
2758 4649 2860 4706 Dei
2889 4648 3221 4705 Patris.Hoc
3242 4645 3599 4704 obsecrative
3618 4643 3767 4699 dixit
3785 4646 3839 4697 et

418 4737 673 4793 culcabit
692 4753 819 4791 eam
844 4752 946 4807 pes
968 4735 1134 4806 pedis
1156 4736 1464 4807 pauperis:
1490 4737 1645 4808 quod
1670 4737 2079 4793 manifestissi-

418 4842 512 4881 me
530 4826 762 4880 videtur
783 4824 928 4879 falso
951 4824 1236 4894 scriptum
1262 4842 1410 4881 esse.
1436 4826 1530 4880 Sic
1552 4826 1709 4880 enim
1730 4828 1965 4890 vtdetur
1989 4844 2079 4882 so-

419 4931 577 4982 nare,
604 4913 772 4985 quasi
805 4928 907 4985 pes
949 4912 1162 4968 habeat
1205 4914 1454 4969 alterum
1500 4915 1730 4986 pedem.
1756 4916 2072 4988 Pauperem

415 5008 583 5058 vocat
612 5002 916 5057 Christum
949 5001 1049 5072 qui
1101 5019 1205 5072 pro
1255 5001 1425 5057 nobis
1474 5021 1698 5075 pauper
1750 5005 1941 5061 factus
1989 5009 2079 5060 est

417 5093 489 5159 (II
519 5092 642 5147 Cor.
666 5090 812 5161 vm).
837 5091 1063 5161 Egenos
1095 5107 1228 5146 vero
1263 5091 1557 5162 apostolos
1582 5093 1679 5165 qui
1710 5093 1942 5148 Domini
1975 5094 2079 5149 hu-

416 5181 729 5236 militatem
762 5179 972 5234 imitati
1007 5184 1165 5234 sunt.
1198 5181 1265 5234 Et
1296 5185 1385 5236 est
1415 5198 1663 5237 sensus:
1698 5182 2078 5240 Conculcabit

416 5266 783 5323 Hierusalem
806 5267 1042 5339 pes,boc
1057 5274 1144 5323 est
1158 5270 1651 5343 transitus.Cujus
1669 5289 1770 5344 pes
1790 5272 1909 5328 sive
1926 5277 2078 5329 tran-

416 5355 611 5411 situs?
635 5355 739 5408 Pes
769 5356 1148 5427 pauperibus,
1174 5359 1461 5414 subaudis
1492 5360 1726 5429 Christi,
1748 5366 1805 5415 et
1834 5379 2076 5435 gressus

416 5445 597 5498 etiam
629 5458 945 5513 egenorum
978 5445 1396 5516 apostolorum.
1434 5449 1740 5520 Propterea
1771 5468 1906 5523 ergo
1938 5453 2077 5523 quia

415 5528 735 5585 Dominum
769 5537 825 5585 et
855 5534 1040 5588 Deum
1090 5550 1265 5589 suum
1299 5538 1836 5595 eondemnaverunt
1878 5542 2072 5608 morti,

412 5620 471 5670 et
501 5613 979 5687 praedicationem
1011 5621 1141 5690 ejus
1176 5625 1695 5700 apostolorumque
1725 5628 1886 5685 illius
1916 5647 2074 5685 com-

410 5702 805 5773 tempsel'unt,
829 5725 864 5765 a
889 5706 1172 5767 Romanis
1202 5713 1526 5772 conculcati
1555 5722 1613 5776 et
1637 5717 1881 5775 desolati
1913 5724 2073 5777 sunt.

2187 4742 2557 4798 affirmative.
2586 4740 2711 4795 Non
2751 4739 2877 4794 vult
2914 4737 3216 4811 propheta,
3251 4740 3317 4792 ut
3344 4735 3563 4808 impius
3593 4731 3837 4806 gloriam

2187 4830 2419 4887 Domini
2450 4830 2510 4884 in
2541 4830 2632 4885 die
2664 4827 2875 4901 judicii
2909 4831 3127 4883 cernat.
3159 4850 3179 4877 α
3205 4826 3455 4881 Videant
3496 4828 3552 4880 et
3594 4823 3837 4877 confun-

2186 4922 2402 4976 dantur
2449 4918 2726 4983 zelantes,
2753 4940 2780 4968 ι)
2812 4918 2869 4973 id
2921 4921 3030 4985 est,
3074 4916 3399 4971 invidentes
3436 4935 3456 4963 α
3492 4909 3689 4985 populi
3727 4933 3756 4959 ››
3785 4913 3837 4965 et

2187 5010 2387 5065 hostes
2418 5012 2551 5063 tuos
2582 5005 2668 5063 vel
2702 5010 3040 5063 sanctorum
3087 5020 3350 5059 meorum
3392 5003 3624 5057 devoret
3662 4999 3832 5071 ignis.

2188 5098 2308 5153 Vox
2324 5097 2424 5153 Dei
2442 5098 2513 5153 ad
2533 5095 2900 5169 prophetam.
2916 5096 2985 5151 Et
2999 5098 3089 5150 est
3108 5109 3318 5149 sensus
3338 5090 3507 5147 :Volo
3527 5093 3591 5144 ut
3604 5087 3833 5144 videant

2189 5205 2281 5243 me
2302 5185 2646 5252 exaltatum,
2662 5189 2719 5240 et
2738 5182 3207 5257 magnitudinem
3232 5181 3548 5238 electorum
3571 5191 3830 5233 meorum

2186 5277 2245 5331 in
2272 5274 2587 5347 diejudieii
2608 5291 2812 5330 omnes
2833 5272 3033 5345 populi
3050 5272 3150 5344 qui
3174 5271 3437 5327 invident
3450 5266 3648 5324 electis
3668 5266 3829 5328 meis,

2186 5370 2243 5421 et
2274 5365 2428 5437 ignis
2459 5363 2578 5419 sive
2627 5363 2982 5435 pmnitentiaz
3013 5362 3131 5417 sive
3172 5360 3448 5433 gehennae
3476 5357 3564 5413 vel
3611 5354 3829 5411 ardoris

2186 5456 2422 5510 devoret
2452 5458 2655 5526 postea
2686 5452 2884 5509 hostes
2915 5456 3066 5520 tuos,
3091 5456 3148 5506 et
3177 5455 3515 5506 sanctorum
3546 5459 3824 5501 meorum.

2185 5546 2256 5600 Et
2284 5543 2643 5600 exhilaratus
2674 5542 2871 5598 animo
2904 5540 3207 5614 propheta,
3239 5539 3387 5595 dixit
3420 5554 3433 5593 :

2258 5659 2283 5684 ‹‹
2321 5632 2584 5701 Domine,
2635 5631 2802 5686 dabis
2859 5647 3064 5704 pacem
3113 5630 3304 5686 nobis.
3334 5630 3459 5683 »Αο
3488 5625 3537 5683 si
3566 5624 3821 5680 diceret:

2184 5723 2330 5783 Cum
2361 5723 2471 5781 hoc
2513 5721 2719 5780 feceris
2762 5721 3000 5779 tradens
3043 5719 3255 5797 impios
3285 5718 3478 5792 morti,
3500 5719 3641 5774 tunc
3667 5712 3821 5771 dabis
