3960 6370
179 440 295 499 841

1245 440 1649 501 COMMENT.
1698 442 1773 500 IN
1818 440 2116 503 lSAlAM.
2165 474 2242 482 —
2286 440 2434 499 LIB.
2482 439 2551 499 ll.

3478 442 3595 502 842

179 586 390 644 pacem
413 570 605 625 nobis.
630 569 844 625 Omnia
863 570 1021 625 enim
1046 570 1199 624 bona
1228 586 1355 642 quae
1380 587 1712 642 operemur,
1736 576 1839 627 tua
1866 572 1920 639 Α
1949 586 2147 625 amore
2176 569 2364 635 Dei,et
2394 573 2512 624 toto
2544 569 2759 625 mentis
2789 570 2994 626 ardore
3016 570 3076 624 in
3108 586 3243 625 eum
3275 571 3600 629 crederent.

180 659 590 716 misericordia
618 658 855 732 largiris
886 658 1077 714 nobis.

254 772 285 799 ‹‹
313 748 552 805 Domine
580 754 733 805 Deus
763 752 980 816 noster,
1016 750 1406 820 possederunt
1467 767 1572 803 nos
1618 749 1841 805 domini

179 838 408 910 absque
437 842 515 909 te,
546 841 781 894 tantum
806 836 868 893 in
898 842 955 893 te
986 839 1362 893 recordemur
1393 839 1647 893 nominis
1679 839 1784 894 tui.
1813 861 1841 888 ››

176 926 305 982 Vox
336 925 632 1001 propheta:
664 944 734 983 ex
763 944 1014 1007 persopa
1043 928 1271 983 Judaici
1304 927 1528 1000 populi,
1563 928 1663 1000 qui
1710 932 1843 1000 post

177 1017 522 1089 passionem
548 1016 773 1072 Domini
798 1016 870 1070 ad
896 1017 1069 1071 ﬁdem
1093 1022 1394 1071 venerunt.
1423 1018 1681 1085 Domine,
1706 1036 1839 1089 pos-

175 1106 461 1160 sederunt
507 1122 615 1160 nos
674 1104 921 1172 domini,
954 1106 1249 1160 daemones
1295 1106 1562 1160 videlicet
1600 1124 1748 1178 quos
1782 1106 1840 1160 in

176 1194 357 1250 idolis
400 1194 800 1261 adoravimus,
831 1193 1308 1265 derelinquentes
1340 1199 1394 1248 te
1423 1196 1752 1249 Creatorem
1784 1199 1843 1250 et

177 1282 498 1339 Dominum
521 1284 1075 1338 nostrum.Tantum
1104 1284 1161 1337 in
1182 1288 1235 1337 te
1268 1285 1643 1338 recordemur
1660 1284 1840 1339 nomi-

174 1371 272 1427 nis
302 1371 497 1427 tui.Ac
528 1371 577 1425 si
610 1370 829 1426 diceret
856 1369 987 1425 aliis
1017 1372 1209 1426 verbis
1235 1389 1246 1426 ;
1283 1373 1502 1426 Tamen
1537 1372 1672 1427 licet
1703 1389 1839 1444 pec-

174 1459 511 1515 caverimus
535 1476 733 1515 coram
757 1464 813 1516 te
832 1460 1146 1515 adorantes
1172 1460 1345 1525 idola,
1371 1466 1435 1515 tu
1450 1462 1537 1515 fac
1552 1466 1616 1516 ut
1638 1462 1837 1517 creda-

174 1566 318 1605 mus
342 1549 404 1604 in
433 1553 512 1615 te,
543 1553 601 1605 et
630 1548 794 1621 digni
845 1549 1035 1604 simus
1078 1549 1374 1605 recordari
1422 1550 1682 1605 nominis
1728 1550 1838 1620 tui,

174 1641 477 1711 quatenus
520 1654 557 1694 a
597 1642 656 1695 te
710 1637 810 1710 qui
859 1638 1130 1695 Christus
1189 1656 1251 1694 es
1309 1637 1615 1694 christiani
1667 1656 1839 1695 voce-

176 1742 341 1782 mur.

249 1840 280 1867 ‹‹
299 1814 618 1873 Morientes
637 1833 754 1873 non
773 1816 989 1886 vivant,
1010 1817 1282 1890 gigantes
1306 1834 1419 1872 non
1443 1822 1772 1890 resurgant.
1808 1840 1838 1868 ››

173 1904 305 1961 Non
336 1903 599 1978 loquitur
619 1904 907 1977 Propheta
926 1907 1182 1978 optando
1202 1906 1320 1963 illis
1350 1906 1525 1973 mala,
1559 1908 1660 1961 sed
1694 1924 1837 1979 prze-

172 1994 385 2049 videns
405 2012 534 2067 quas
551 1998 799 2050 ventura
830 1998 997 2052 erant
1018 2012 1195 2067 super
1217 1994 1369 2061 illos,
1390 1994 1534 2050 talia
1561 1995 1835 2067 loqueba-

174 2088 297 2139 tur.
318 2083 636 2140 Morientes
666 2083 955 2140 subaudis
986 2084 1238 2156 peccatis
1270 2088 1327 2139 et
1356 2084 1684 2155 iniquitate,
1718 2102 1835 2140 non

171 2172 374 2228 vivant
402 2172 463 2228 in
489 2171 678 2246 gloria
707 2172 971 2244 quandiu
1003 2172 1061 2226 in
1096 2173 1351 2245 peccatis
1382 2173 1832 2244 permanserint.

172 2262 478 2334 Gigantes,
502 2259 611 2316 hoc
632 2263 741 2331 est,
766 2259 1001 2332 superbi
1028 2264 1086 2314 et
1108 2259 1208 2331 qui
1240 2261 1419 2315 fortes
1454 2264 1593 2315 sunt
1610 2261 1680 2315 ad
1705 2278 1833 2332 per-

173 2349 464 2423 petranda
492 2347 672 2419 mala,
686 2365 802 2404 non
827 2352 1139 2420 resurgant
1161 2349 1232 2403 ad
1256 2348 1503 2420 gloriam
1526 2349 1586 2404 in
1618 2348 1712 2404 die
1734 2350 1833 2420 ju-

175 2438 485 2495 dicii.Dua3
507 2442 728 2494 mortes
749 2441 890 2493 sunt
910 2437 1171 2509 corporis
1192 2441 1248 2492 et
1274 2437 1504 2494 animm.
1530 2438 1688 2493 Mors
1717 2456 1837 2493 cor-

170 2527 334 2601 poris
352 2530 445 2584 est
462 2526 753 2583 exhalatio
774 2530 832 2582 et
860 2525 1128 2582 transitio
1160 2525 1391 2583 anima}.
1427 2527 1583 2583 Mors
1614 2526 1826 2583 anima:

173 2620 267 2672 est
287 2619 618 2689 peccatum,
651 2620 708 2671 et
737 2614 1086 2688 perpetratio
1119 2614 1355 2670 sceleris
1387 2633 1400 2670 :
1436 2615 1590 2671 sicut
1618 2617 1835 2671 dicitur

173 2706 235 2760 in
267 2704 397 2777 lege
427 2720 497 2762 ζα
527 2704 743 2760 Anima
796 2721 925 2777 quea
983 2704 1324 2776 peccaverit,
1371 2705 1500 2777 ipsa
1548 2706 1834 2761 morietur

173 2793 391 2866 (Bacch.
415 2796 599 2862 xvm).
627 2815 657 2843 »
690 2793 854 2849 Sicut
883 2792 1043 2849 enim
1066 2793 1365 2863 justorum
1396 2793 1516 2848 vita
1545 2798 1637 2849 cst
1662 2794 1829 2859 fides,

172 2883 436 2956 operatio
468 2881 881 2950 bona,dilectio
910 2898 1051 2954 erga
1080 2881 1264 2937 Deum
1299 2887 1357 2937 et
1372 2881 1833 2954 proximumzita

171 2989 336 3028 mors
366 2970 688 3043 impiorum
718 2971 1018 3045 superbia,
1051 2970 1252 3027 odium
1286 2975 1345 3026 et
1374 2972 1637 3041 avaritia,
1670 2976 1832 3026 caete-

173 3077 358 3133 raque
386 3059 547 3115 vitia.
581 3083 610 3110 «
645 3060 957 3132 Propterea
996 3060 1265 3117 visitabis
1297 3076 1417 3115 eos.
1454 3082 1484 3109 »
1515 3060 1610 3115 Sic
1639 3060 1828 3131 loqui-

173 3154 273 3206 tur
300 3147 591 3221 Propheta
615 3149 688 3205 de
718 3148 936 3218 futuro,
967 3149 1138 3222 quasi
1188 3150 1259 3204 de
1304 3149 1614 3221 praeterito.
1651 3148 1826 3221 Prop-

171 3243 351 3306 terea,
371 3236 659 3295 subaudis
683 3237 824 3310 quia
853 3238 1071 3293 mortui
1100 3242 1243 3293 sunt
1272 3242 1531 3309 peccato,
1562 3242 1622 3293 et
1651 3238 1828 3293 fortes

1955 658 2245 723 «Salutes,
2270 680 2298 708 ››
2324 658 2432 713 hoc
2454 662 2562 725 est,
2588 658 2741 713 bona
2780 675 2956 730 opera
2975 681 3002 708 ‹‹
3028 675 3143 712 non
3166 659 3437 728 fecimus,
3471 659 3600 716 ideo

1952 764 2066 801 non
2100 747 2435 801 ceciderunt
2463 746 2816 814 habitantes,
2844 771 2864 799 ι
2893 747 2949 802 id
2972 750 3062 803 est
3091 751 3382 804 amatores
3410 750 3598 818 terras,

1951 836 2051 906 qui
2087 853 2192 890 nos
2222 835 2563 907 opprimunt
2591 841 2648 892 et
2678 835 3245 909 persequuntur.Qui
3278 841 3418 893 sunt
3447 853 3605 893 ama-

1951 928 2105 978 tores
2131 929 2293 979 terra)
2314 925 2342 979 ?
2362 925 2467 990 Qui
2492 930 2674 980 totam
2697 941 2861 997 spem
2884 941 3053 980 suam
3075 924 3136 980 in
3156 924 3404 980 terrenis
3426 925 3603 981 rebus

1952 1018 2197 1085 ponunt,
2232 1014 2547 1069 servientes
2580 1013 2964 1086 plus_mundo
2995 1030 3172 1087 quam
3206 1016 3340 1070 Deo.

2024 1102 2293 1157 «Vivent
2350 1102 2569 1158 mortui
2627 1102 2795 1171 tui,»
2839 1102 2948 1157 hoc
2994 1107 3103 1172 est,
3155 1106 3438 1176 martyres
3488 1101 3597 1157 tui.

1954 1214 1981 1239 ‹‹
2007 1191 2297 1246 Interfecti
2333 1191 2506 1259 mei,»
2540 1191 2597 1245 id
2629 1196 2717 1247 est
2738 1190 2877 1246 socii
2905 1191 3018 1246 mei
3053 1214 3080 1241 «
3116 1195 3443 1264 resurgent,
3464 1214 3494 1241 ››
3523 1191 3597 1248 ad

1951 1279 2267 1335 Dominum
2295 1279 2557 1352 loquitur
2584 1279 2888 1352 PrOpheta.
2910 1279 3193 1352 Martyres
3218 1278 3431 1336 Christi
3462 1282 3604 1334 sunt

1950 1367 2050 1441 qui
2074 1386 2177 1440 pro
2199 1369 2327 1440 ejus
2350 1369 2584 1424 nomine
2607 1369 2679 1423 ab
2701 1368 2901 1440 impiis
2922 1367 3207 1440 perempti
3227 1362 3600 1424 sunt.Sdcios

1950 1461 2147 1512 autem
2179 1474 2320 1512 suos
2364 1461 2531 1511 vocat
2578 1473 2678 1513 eos
2728 1456 3016 1529 propheta
3063 1456 3264 1525 Isaias,
3297 1456 3437 1529 quia
3476 1457 3604 1528 ipse

1950 1563 2055 1616 pro
2081 1545 2183 1601 Dei
2207 1545 2444 1601 nomine
2466 1563 2627 1601 serra
2648 1545 2841 1618 lignea
2861 1549 3058 1602 sectus
3078 1547 3186 1601 est.
3205 1566 3234 1596 «
3261 1545 3606 1619 Exspergis-

1949 1634 2152 1689 cimini
2207 1639 2263 1690 et
2292 1634 2529 1691 laudate
2560 1634 2900 1703 Dominum,
2934 1634 3037 1707 qui
3068 1634 3353 1690 habitatis
3383 1633 3444 1689 in
3472 1633 3605 1708 pul-

1946 1740 2097 1779 vere.
2130 1746 2155 1772 ››
2171 1723 2452 1779 Hortatur
2467 1728 2524 1779 et
2541 1723 2829 1796 Propheta
2843 1727 3080 1779 sanctos
3100 1722 3174 1778 :0
3194 1740 3296 1780 vos
3315 1726 3603 1796 martyres

1948 1811 2158 1878 sancti,
2191 1811 2680 1884 expergiscimini,
2705 1811 2816 1867 hoc
2845 1811 3185 1884 est,surgite
3213 1811 3285 1867 de
3314 1810 3601 1883 sepulcris

1946 1900 2179 1967 vestris,
2212 1904 2270 1955 et
2300 1900 2535 1956 laudate
2566 1899 2882 1958 Dominum
2918 1917 2933 1955 :
2965 1899 3105 1973 quia
3133 1922 3163 1950 «
3196 1917 3293 1956 ros
3322 1899 3472 1955 lucis
3502 1916 3600 1957 ros

1947 1992 2107 2043 tuus.
2144 2011 2172 2037 ››
2207 1988 2638 2060 Apostropham
2669 1988 2810 2044 facit
2840 1988 3127 2061 Propheta
3153 1989 3225 2044 ad
3257 1987 3593 2045 Dominum.

1946 2076 2155 2131 [torem
2188 2076 2353 2148 ponit
2384 2093 2487 2148 pro
2517 2076 2940 2133 misericordia.
2974 2077 3092 2134 Ros
3126 2076 3277 2133 lucis
3307 2094 3404 2134 ros
3432 2080 3595 2146 tuus,

1944 2163 2051 2219 hoc
2080 2168 2187 2233 est,
2218 2164 2621 2221 misericordia
2661 2170 2763 2221 tua
2810 2165 3157 2223 illuminans
3192 2170 3302 2235 est,
3334 2165 3436 2238 qui
3468 2164 3598 2221 illu-

1943 2253 2130 2307 minat
2149 2254 2326 2309 corda
2354 2252 2590 2309 illorum
2614 2271 2790 2327 super
2810 2272 2958 2327 quos
2979 2253 3597 2327 requiescit.Magnam

1942 2341 2218 2397 virtutem
2233 2343 2452 2415 profert
2464 2360 2567 2415 pro
2591 2343 2678 2398 iru
2686 2343 2859 2415 gibus
2880 2343 3597 2415 terra.Projicitursemen

1943 2429 2002 2483 in
2035 2434 2212 2497 terra,
2242 2436 2300 2486 et
2328 2431 2576 2487 humore
2629 2432 2778 2487 roris
2827 2432 3113 2489 excrescit
3140 2432 3200 2487 in
3230 2431 3499 2500 herbam,
3532 2447 3599 2488 ac

1941 2518 2153 2574 deinde
2201 2520 2341 2575 facit
2388 2538 2719 2577 excrescere
2750 2521 2809 2577 in
2841 2521 3121 2578 fructum.
3153 2521 3250 2578 Sic
3278 2524 3338 2578 et
3365 2519 3599 2577 miseri-

1942 2608 2141 2664 cordia
2170 2609 2271 2665 Dei
2311 2616 2553 2683 generat
2580 2611 2780 2677 ﬁdem,
2804 2617 2861 2666 et
2887 2612 3078 2684 ipsam
3110 2612 3285 2667 fidem
3317 2608 3599 2668 convertit

1940 2697 2012 2751 ad
2045 2699 2463 2769 operationem.
2503 2723 2530 2749 ‹‹
2554 2701 2625 2755 Et
2655 2704 2870 2756 terram
2901 2700 3211 2772 gigantum
3243 2698 3515 2756 detrahes
3534 2696 3595 2754 in

1940 2785 2193 2840 ruinam.
2222 2810 2250 2836 »
2279 2789 2517 2843 Terram
2549 2788 2861 2860 gigantum
2891 2789 3034 2844 dicit
3063 2805 3306 2860 corpora
3333 2776 3592 2843 terreno;

1939 2891 2070 2929 rum
2103 2874 2434 2941 hominum,
2457 2881 2515 2931 et
2544 2876 2953 2948 superborum.
2986 2875 3240 2948 Corpora
3262 2891 3401 2948 ergo
3428 2891 3594 2932 sanc-

1939 2968 2132 3019 torum
2165 2981 2300 3020 cum
2332 2965 2645 3022 animabus
2674 2964 2910 3021 illorum
2953 2964 3382 3021 transferentur
3405 2963 3466 3018 in
3495 2963 3593 3019 die

1926 3052 2138 3123 judicii
2151 3054 2221 3108 ad
2237 3058 2581 3125 perpetuam
2595 3054 2942 3126 requiem,et
2953 3069 3197 3125 corpora
3207 3052 3590 3125 reproborum

1936 3158 2071 3196 cum
2093 3142 2403 3197 animabus
2426 3141 2661 3198 illorum
2678 3143 2736 3198 in
2755 3147 3099 3216 perpetuam
3118 3140 3583 3198 damnationem.

2005 3253 2034 3280 «
2066 3230 2244 3297 Vade,
2276 3230 2531 3304 populus
2578 3248 2769 3301 meus,
2799 3230 2957 3287 intra
3001 3226 3062 3286 in
3112 3229 3385 3289 cubicula
3420 3233 3525 3289 tua
3555 3251 3585 3281 ››

172 3328 245 3383 ad
263 3326 627 3398 operandam
649 3325 902 3382 malum:
933 3326 1201 3383 visitabis
1222 3344 1321 3382 eos
1340 3326 1401 3382 in
1423 3326 1515 3382 die
1528 3327 1738 3398 judicii
1765 3327 1824 3381 in
1856 3312 1899 3378 C
1937 3336 2123 3390 usque
2159 3342 2187 3370 ‹‹
2217 3321 2403 3376 donec
2433 3324 2799 3392 pertranseat
2843 3319 3170 3393 indignatio
3216 3336 3368 3377 mea.
3407 3342 3436 3370 »
3463 3318 3590 3377 Vox

173 3415 398 3473 malum
445 3432 563 3471 non
612 3416 673 3472 in
722 3415 965 3484 bonum,
997 3419 1056 3471 et
1082 3420 1349 3471 conteres
1378 3434 1498 3482 eos,
1532 3420 1591 3471 et
1620 3416 1830 3489 perdes

170 3521 377 3561 eorum
434 3505 781 3562 memoriam
839 3506 911 3561 de
949 3521 1130 3577 regno
1160 3510 1217 3561 et
1245 3505 1609 3561 beatitudine
1633 3506 1828 3577 justo-

172 3610 328 3650 rum.

243 3704 272 3732 α
297 3680 631 3749 Indulsisti,
654 3682 921 3754 Domine,
946 3683 1128 3756 genti,
1150 3707 1177 3733 »
1199 3700 1267 3739 ac
1288 3683 1338 3741 si
1364 3684 1583 3740 diceret
1615 3701 1629 3740 :
1666 3684 1829 3756 Saepe

170 3769 475 3826 indulsisti
504 3771 612 3837 eis,
632 3773 690 3826 et
720 3771 999 3827 misertus
1029 3788 1092 3828 es
1124 3772 1230 3841 eis,
1257 3772 1503 3828 Domine
1528 3790 1542 3827 :
1567 3773 1669 3828 sed
1701 3773 1830 3828 ideo

170 3876 288 3915 non
315 3861 459 3916 sunt
486 3860 748 3916 conversi
778 3860 851 3916 ad
868 3863 944 3916 te.
970 3884 997 3910 ‹‹
1023 3860 1301 3932 Nunquid
1323 3860 1685 3934 glorificatus
1707 3879 1828 3928 es,»

168 3948 528 4005 subauditur
549 3948 619 4004 ab
640 3949 726 4004 eis
748 3948 777 4004 7
803 3949 884 4004 Ac
914 3948 963 4004 si
996 3949 1251 4005 diceret:
1277 3953 1626 4022 Quanquam
1658 3954 1723 4005 tu
1746 3950 1831 4006 eis

166 4037 456 4094 misertus
482 4036 943 4109 esses,nunquid
973 4036 1453 4110 glorificaverunt
1480 4039 1580 4093 te?
1609 4038 1734 4093 Non
1767 4055 1831 4094 es

165 4124 535 4199 gloriﬁcatus
562 4126 635 4183 ab
666 4126 771 4184 eis.
801 4148 830 4177 «
850 4126 1149 4199 Elongasti
1181 4144 1388 4183 omnes
1420 4126 1700 4182 terminos
1723 4131 1832 4182 ter-

164 4232 270 4284 ra,
306 4237 335 4264 »
365 4214 427 4271 id
456 4218 566 4283 est,
595 4215 859 4290 elongari
904 4215 1229 4288 permisisti
1261 4233 1468 4271 omnes
1497 4215 1766 4271 nationes
1796 4232 1832 4271 a

166 4308 249 4370 te,
284 4307 350 4358 ut
382 4308 798 4375 permanerent
826 4303 888 4359 in
920 4320 1114 4361 errore
1145 4322 1275 4360 suo.

240 4414 273 4443 α
307 4391 572 4462 Domine,
601 4392 662 4448 in
710 4393 988 4467 angustia
1036 4393 1435 4466 requisierunt
1477 4397 1535 4449 te
1563 4414 1592 4443 ››
1628 4409 1733 4465 pro
1762 4410 1829 4449 eo

168 4480 329 4555 quod
351 4484 443 4537 est
461 4482 784 4554 requirent.
817 4483 889 4538 Et
906 4486 997 4539 est
1020 4498 1267 4539 sensus:
1293 4481 1561 4550 Domine,
1593 4486 1832 4554 percute

166 4570 327 4638 illos,
346 4574 415 4626 ut
442 4569 532 4626 vel
563 4571 623 4626 in
656 4570 936 4645 angustia
963 4571 1143 4643 positi
1174 4572 1478 4643 requirant
1508 4576 1599 4627 te:
1626 4576 1829 4643 quate-

166 4676 285 4716 nus
299 4659 403 4731 qui
417 4659 800 4717 nolueruntte
815 4660 1114 4732 requirere
1127 4664 1390 4733 tempore
1402 4660 1829 4733 prosperitatis,
1862 4682 1910 4746 Ι)

166 4748 479 4820 requirant
508 4752 772 4821 tempore
817 4749 1102 4822 angustiae
1136 4754 1194 4805 et
1226 4750 1673 4822 persecutionis.
1707 4773 1735 4800 ‹‹
1769 4749 1835 4804 In

166 4836 553 4894 tribulatione
571 4839 899 4894 murmuris
919 4839 1191 4895 doctrina
1209 4843 1314 4894 tua
1325 4839 1466 4909 eis,»
1483 4838 1838 4896 subauditur

165 4927 269 4983 sit.
302 4926 383 4981 Ac
413 4926 464 4981 si
496 4926 714 4983 diceret
747 4944 760 4983 :
794 4928 903 4994 Qui
949 4927 1246 4984 noluerint
1292 4928 1621 4983 doctrinam
1670 4932 1833 4983 tuam

167 5016 402 5072 discere
426 5019 689 5093 tempore
709 5017 1009 5090 pacis,per
1028 5016 1466 5073 tribulationem
1497 5015 1662 5072 erudi
1694 5034 1792 5072 eos
1822 5032 1834 5071 :

1937 3407 2038 3463 Dei
2061 3410 2481 3483 omnipotentis
2511 3411 2583 3465 ad
2605 3414 2892 3484 martyres
2918 3427 2931 3467 :
2957 3410 3001 3466 Ο
3022 3413 3309 3483 martyres
3330 3409 3446 3467 mei
3470 3408 3588 3466 cla-

1937 3496 2402 3565 rissimi,intrate
2423 3498 2697 3555 cubicula
2714 3499 2993 3571 vestra,id
3018 3503 3128 3570 est,
3152 3498 3501 3573 requiescite
3529 3498 3591 3555 in

1937 3586 2225 3659 sepulcris
2255 3589 2487 3655 vestris,
2518 3592 2578 3645 et
2606 3589 2862 3646 claudite
2892 3606 2996 3647 ora
3036 3588 3468 3662 sepulcrorum,
3498 3589 3596 3646 do-

1936 3692 2043 3731 nec
2072 3676 2267 3733 veniat
2291 3678 2416 3735 dies
2431 3678 2665 3749 judicii,
2698 3682 2756 3735 et
2784 3682 3046 3735 transeat
3071 3678 3335 3736 vindicta
3352 3696 3484 3736 mea
3500 3695 3597 3735 su-

1937 3782 2042 3836 per
2070 3765 2549 3839 impios,quando
2576 3768 2818 3823 reddam
2851 3767 3171 3839 unicuique
3190 3770 3364 3839 prout
3382 3766 3589 3837 gessit.

2010 3877 2039 3905 ‹‹
2073 3855 2217 3910 Ecce
2245 3856 2403 3910 enim
2434 3855 2723 3910 Dominus
2755 3855 3089 3927 egredietur
3118 3855 3189 3909 de
3219 3854 3344 3911 loco
3374 3870 3504 3921 suo,
3526 3856 3593 3909 ut

1936 3943 2154 4012 visitet,
2181 3966 2210 3992 »
2232 3943 2289 3997 id
2322 3947 2411 3999 est
2436 3944 2710 4012 vindicet,
2746 3966 2773 3993 «
2809 3942 3178 4014 iniquitatem
3208 3939 3590 3999 habitationis

1937 4035 2104 4088 terrae
2128 4036 2330 4088 contra
2348 4048 2543 4087 eum.»
2565 4032 2645 4087 De
2668 4031 2762 4086 die
2772 4030 3258 4103 judiciiloquitur
3278 4028 3587 4103 Propheta.

1939 4121 2087 4187 Quid
2100 4121 2363 4176 estlocus
2377 4119 2995 4192 Domini7Nonneipse
3006 4119 3149 4175 dicit
3159 4118 3589 4192 perJeremiam

1939 4206 2316 4279 prophetam:
2353 4229 2380 4256 ‹‹
2407 4204 2630 4263 Caelum
2661 4211 2719 4262 et
2748 4208 3102 4279 terram‘ego
3131 4206 3349 4283 impleo
3368 4208 3589 4276 (larem.

1936 4295 2178 4363 xxxm)?
2203 4317 2230 4344 »
2264 4296 2453 4352 Locus
2479 4294 2713 4351 Domini
2744 4299 2833 4351 est
2862 4295 3267 4352 misericordia
3294 4299 3352 4351 et
3379 4295 3589 4373 pietas.

1939 4386 2185 4453 Quando
2210 4402 2347 4457 ergo
2378 4386 2504 4457 ipse
2529 4385 2746 4441 dicitur
2775 4384 2979 4442 ulcisci
3000 4401 3064 4442 se
3086 4385 3159 4443 de
3173 4384 3430 4443 inimicis
3442 4383 3589 4455 suis,

1938 4474 1996 4529 id
2029 4479 2120 4531 est
2146 4474 2381 4531 illorum
2413 4473 2586 4531 malis
2615 4474 2726 4531 hoc
2755 4475 3254 4547 promerentibus:
3286 4477 3427 4531 tunc
3455 4472 3595 4533 dici-

1948 4568 2045 4619 tur
2065 4563 2219 4620 exire
2241 4564 2311 4619 de
2330 4562 2457 4620 loco
2488 4580 2615 4619 suo.
2648 4563 2773 4619 Non
2805 4564 2962 4635 quod
2991 4562 3088 4619 ille
3117 4562 3243 4621 loco
3272 4567 3594 4637 moveatur,

1942 4652 2083 4726 quia
2108 4652 2327 4725 ubique
2346 4657 2455 4708 est.
2477 4652 2874 4709 Habitatorem
2905 4656 3072 4709 terra;
3100 4656 3268 4710 vocat
3288 4653 3596 4726 superbos,

1945 4747 2003 4798 et
2024 4746 2254 4798 terrena
2284 4742 2668 4813 sapientes.ln
2699 4742 2794 4798 die
2816 4741 3027 4814 judicii
3060 4742 3347 4798 Dominus
3376 4742 3448 4798 de
3469 4740 3605 4798 loco-

1946 4849 2053 4887 suo
2085 4831 2437 4903 egredietur,
2461 4831 2519 4886 id
2542 4836 2633 4888 est
2661 4831 3125 4887 misericordiam
3156 4849 3273 4887 non
3298 4831 3600 4904 impendet

1949 4921 2305 4994 reprobis,ut
2333 4920 2585 4977 vindicet
2614 4920 2987 4993 iniquitatem
3016 4937 3220 4978 eorum
3252 4925 3456 4977 contra
3474 4936 3595 4978 eos.

1949 5034 1976 5061 «
2011 5012 2080 5065 Et
2110 5009 2383 5065 revelabit
2411 5014 2567 5065 terra
2594 5009 2943 5083 sanguinem
3001 5027 3201 5079 suum,
3231 5014 3288 5066 et
3315 5027 3432 5067 non
3461 5025 3597 5082 ope-

168 5107 230 5161 et
272 5104 352 5160 sit
392 5104 663 5160 doctrina
689 5110 794 5161 tua
820 5104 906 5162 eis
938 5104 998 5162 in
1033 5105 1453 5162 recordatione.
1478 5107 1559 5160 Ac
1590 5104 1673 5161 sic
1704 5123 1840 5177 per—
1950 5100 2061 5155 riet
2094 5098 2247 5155 ultra
2278 5099 2613 5155 interfectos
2648 5116 2845 5155 suos.»
2863 5099 3104 5156 Duobus
3134 5098 3325 5155 modis
3348 5096 3629 5172 intelligi‘

170 5197 313 5248 cute
356 5192 512 5264 illos,
548 5198 614 5249 ut
638 5212 757 5267 prae
786 5193 998 5250 timore
1031 5212 1148 5251 non
1181 5195 1425 5250 audiant
1453 5194 1525 5250 ad
1559 5198 1614 5250 te
1644 5194 1838 5267 palam

168 5281 429 5337 clamare
461 5298 474 5338 :
508 5283 612 5339 sed
643 5283 812 5356 quasi
843 5284 954 5340 sub
987 5301 1310 5339 murmure.

245 5394 273 5421 «
300 5371 688 5444 Concepimus
711 5376 768 5427 et
803 5372 1139 5445 peperimus
1179 5378 1470 5440 sanctum,
1509 5394 1534 5420 ››
1556 5371 1680 5426 Vox
1709 5388 1836 5444 pro-

168 5459 487 5532 phetarum
510 5460 571 5514 in
584 5477 837 5532 persona
855 5466 1193 5518 sanctorum
1219 5460 1696 5532 martyrum.Non
1729 5477 1831 5531 pe-

170 5550 455 5618 pererunt
477 5546 561 5601 illi
584 5547 760 5619 positi
784 5548 842 5603 in
876 5565 1062 5623 agone
1094 5548 1244 5604 ﬁlios
1273 5548 1488 5613 carnis,
1514 5548 1615 5603 sed
1649 5547 1829 5618 Spiri-

168 5639 302 5690 tum
328 5633 541 5692 salutis
563 5640 629 5691 ut
648 5635 944 5693 iluminati
966 5642 1022 5692 et
1045 5635 1395 5693 inﬂammati
1411 5654 1445 5692 a
1466 5640 1666 5692 sancto
1698 5636 1827 5708 Spi-

166 5724 439 5797 ritu,quo
468 5723 725 5797 amplius
757 5726 1177 5795 cruciarentur,
1194 5730 1252 5784 et
1281 5724 1535 5800 amplius
1561 5724 1832 5781 arderent

500 5852 775 5915 PATROL.
820 5852 1024 5916 CXVI.

1952 5188 2233 5260 potest.In
2267 5186 2359 5242 die
2382 5186 2595 5258 judicii
2625 5190 2783 5243 terra
2811 5187 3159 5262 sanguinem
3189 5187 3465 5257 suum,id
3486 5191 3596 5255 est,

1949 5278 2300 5350 sanguinem
2360 5281 2697 5332 sanctorum
2756 5281 3082 5349 martyrum
3120 5277 3398 5334 revelabit
3422 5292 3600 5349 quem

1947 5366 2209 5437 suscepit
2227 5384 2240 5420 :
2257 5372 2313 5422 et
2339 5383 2453 5421 non
2476 5365 2698 5420 tenebit
2719 5365 2974 5438 amplius
3003 5382 3247 5439 corpora
3276 5365 3604 5422 interfecto-

1944 5473 2075 5510 rum
2097 5456 2427 5522 suorum,id
2442 5459 2531 5510 est
2544 5458 2883 5509 sanctorum
2897 5459 3242 5528 martyrum.
3262 5456 3443 5511 Terra
3466 5472 3602 5512 san-

1940 5544 2178 5617 guinem
2203 5543 2642 5615 suscepit,sicut
2655 5543 3097 5600 dicitDominus
3108 5545 3179 5601 ad
3194 5544 3336 5601 Cain
3353 5562 3366 5601 :
3383 5568 3410 5596 ‹‹
3431 5545 3607 5603 Male.

1940 5634 2096 5690 dicta
2118 5638 2276 5689 terra
2294 5634 2355 5688 in
2379 5649 2550 5704 opere
2570 5636 2828 5704 tuo,qua:
2850 5634 3112 5706 suscepit
3132 5634 3483 5708 sanguinem
3497 5635 3607 5694 fra-

1940 5725 2048 5780 tris
2073 5723 2156 5780 tui
2182 5724 2253 5780 de
2274 5740 2454 5779 manu
2486 5726 2589 5777 tua
2612 5720 2908 5797 (Gen.1v).»
2929 5722 3032 5779 Vel
3065 5722 3276 5781 aliter:
3311 5726 3512 5800 Terra,
3543 5726 3604 5784 id

3204 5853 3283 5915 27
