3960 6402
345 471 468 537 843
723 472 1135 534 HAYMONIS
1181 473 1722 534 HALBERSTAT.
1770 468 2012 531 EPISC.
2059 469 2233 531 OPP.
2278 472 2480 535 PARS
2525 474 2574 534 Ι.
2620 506 2698 519 -
2741 475 3152 538 COMMENT.
3198 476 3397 539 BIBL.
3652 478 3769 540 844

349 603 676 673 est,anima3
704 602 1022 675 impiorum
1051 603 1751 677 revelabuntsanguinem
1771 606 2007 659 sancto-
2035 602 2092 669 Α
2121 603 2347 675 gnabor
2370 610 2573 661 contra
2603 610 2659 663 te
2690 611 2927 680 propter
2955 606 3103 664 hoc?
3122 609 3308 675 «Quis
3337 608 3500 665 dabit
3529 626 3623 665 me
3651 610 3769 683 spi-

349 709 484 750 rum
507 696 831 765 martyrum
857 691 914 747 in
940 693 1262 765 diejudicii
1285 712 1410 766 quze
1436 695 1716 749 fuderunt
1736 692 1927 758 illum,
1950 696 2009 747 et

346 782 502 840 ultra
522 799 637 838 non
662 780 868 838 latebit
894 783 1088 838 scelus
1110 783 1629 839 eorum.0mnibus
1650 784 1803 838 enim
1823 782 2009 837 homi—

345 871 522 927 nibus
546 870 775 942 parebit
798 875 855 926 et
874 872 1175 945 cognitum
1202 873 1310 927 erit
1333 873 1388 927 in
1411 874 1504 927 die
1526 872 1645 942 illa,
1672 889 1844 945 quem
1871 872 2005 944 quis

343 958 641 1017 occiderit.

929 1050 1163 1107 CAPUT
1202 1051 1417 1107 XXVII.

416 1161 439 1189 ι
476 1138 539 1196 In
572 1138 667 1195 die
698 1138 821 1208 illa,
856 1161 886 1191 »
918 1140 1031 1196 hoc
1078 1146 1169 1197 est
1208 1142 1266 1197 in
1297 1142 1391 1197 die
1417 1140 1650 1215 judicii,
1683 1166 1710 1192 «
1742 1141 2005 1198 visitabit

338 1228 650 1298 Dominus,
677 1251 707 1281 »
741 1228 898 1285 Deus
931 1230 1102 1286 Pater
1133 1255 1159 1281 ‹‹
1195 1231 1253 1286 in
1285 1231 1480 1304 gladio
1512 1249 1618 1288 suo
1650 1232 1797 1287 duro
1828 1249 2006 1303 super

337 1316 659 1377 Leviathan
690 1340 719 1369 »
755 1335 943 1390 usque
971 1342 999 1369 «
1034 1323 1091 1374 et
1122 1320 1347 1376 occidet
1377 1337 1595 1376 caecum
1630 1320 1728 1393 qui
1760 1321 1819 1375 in
1852 1321 2002 1376 mari

334 1410 447 1464 est.
484 1429 514 1458 »
547 1406 692 1474 Quis
722 1410 813 1464 est
843 1406 1078 1480 gladius
1111 1409 1240 1478 istc,
1276 1408 1333 1463 in
1368 1427 1484 1481 quo
1524 1410 1819 1480 judicabit
1851 1410 2002 1466 Deus

332 1497 502 1570 pater
520 1494 583 1551 in
604 1495 700 1552 die
713 1496 926 1568 judicii
961 1498 1303 1554 universum
1334 1500 1575 1554 orbem?
1594 1498 1850 1553 Verbum
1874 1499 1999 1566 Dei,

330 1584 392 1640 id
416 1588 508 1641 est
529 1583 827 1658 sapientia
855 1585 954 1641 Dei
987 1586 1308 1659 Patris,per
1333 1588 1485 1660 quod
1520 1587 1644 1659 ipse
1675 1588 1845 1643 Pater
1874 1604 1998 1643 om-

331 1673 433 1730 nia
455 1673 826 1745 fecit.Deisto
837 1673 1034 1747 gladio
1054 1676 1369 1749 Apostolus
1391 1676 1535 1731 dicit
1558 1695 1571 1732 :
1598 1702 1623 1725 ‹‹
1650 1677 1997 1749 Etgladium

328 1762 601 1836 spiritus,
634 1764 791 1836 quod
852 1768 943 1820 est
997 1764 1257 1820 Verbum
1302 1766 1403 1820 Dei
1438 1766 1651 1838 (Ephes.
1684 1769 1785 1833 γι).
1825 1789 1846 1815 ι
1882 1767 1998 1822 Iste

326 1850 564 1925 gladius
577 1852 763 1925 justis
785 1856 845 1908 et
875 1853 1097 1909 sanctis
1129 1853 1421 1910 innocuus
1453 1854 1767 1926 est,impiis
1798 1860 1997 1912 autem

2118 709 2226 748 nas
2257 696 2314 748 et
2342 711 2575 766 veprem
2610 696 2667 750 in
2702 695 2984 768 praelio?»
3005 696 3129 752 Vox
3150 697 3381 754 Domini
3414 699 3486 754 ad
3515 699 3766 756 Judmos.

2117 779 2258 843 Quis
2289 780 2452 836 dabit
2481 799 2593 849 me,
2620 783 2729 838 hoc
2760 788 2866 851 est,
2895 784 3028 855 quis
3060 802 3153 840 me
3186 786 3357 841 faciet
3386 788 3771 855 durum,cru-

2116 868 2302 923 delem
2327 874 2383 925 et
2411 888 2683 943 asperum
2707 873 2735 927 ‘I
2760 873 2861 927 Vel
2893 874 3026 946 quis
3053 874 3285 930 docebit
3313 893 3406 931 me
3437 893 3565 932 esse
3586 881 3774 950 tyran-

2115 963 2348 1025 num,et
2377 958 2681 1033 insurgam
2714 960 2774 1016 in
2808 961 3075 1034 praalium
3098 965 3585 1037 contravos?Ego
3608 965 3769 1023 mitis

2114 1049 2171 1101 et
2212 1047 2803 1107 misericordissimus
2853 1051 3132 1123 existens,
3165 1056 3357 1109 vestra
3408 1053 3634 1110 malitia
3679 1071 3772 1112 me

2113 1136 2399 1192 excitante
2430 1138 2653 1194 efficiar
2681 1140 2847 1196 vobis
2878 1141 3085 1196 durus.
3112 1162 3134 1192 ι
3152 1141 3395 1197 Gradiar
3423 1159 3600 1215 super
3617 1161 3770 1214 eam,

2113 1227 2465 1281 succcndam
2497 1243 2625 1282 eam
2659 1228 2936 1300 pariter,»
2968 1245 3078 1285 vox
3106 1230 3208 1285 Dei
3240 1231 3311 1285 ad
3342 1230 3571 1287 vineam
3603 1231 3764 1288 dicit:

2112 1313 2301 1384 Super
2324 1314 2554 1371 vineam
2587 1316 2761 1372 istam
2795 1334 3034 1390 pravam
3065 1318 3385 1391 gradiar,et
3416 1321 3768 1377 succendam

2110 1419 2264 1469 eam,
2297 1419 2365 1459 ac
2396 1404 2718 1460 destruam.

2183 1510 2213 1541 «
2240 1492 2325 1545 An
2360 1492 2558 1564 potius
2606 1494 2816 1550 tenebo
2868 1494 3273 1552 fortitudinem
3314 1513 3505 1554 meam
3526 1497 3555 1555 ?
3588 1521 3615 1548 ››
3644 1498 3767 1555 Vox

2109 1578 2208 1633 Dei
2241 1580 2453 1635 Patris.
2488 1582 2550 1636 In
2585 1582 2944 1654 quibusdam
2991 1584 3293 1642 codicibus
3335 1586 3648 1655 invenitur,
3679 1590 3765 1644 te-

2108 1669 2272 1724 nebit
2304 1670 2709 1726 fortitudinem
2742 1689 2936 1728 meam
2974 1691 2986 1729 :
3018 1674 3119 1729 sed
3155 1675 3532 1732 mendacium
3560 1676 3640 1732 ibi
3668 1677 3767 1733 ha-

2107 1757 2295 1814 betur.
2330 1758 2663 1815 Dubitative
2710 1761 2943 1818 videtur
2987 1760 3149 1834 loqui
3179 1763 3334 1820 Deus
3367 1765 3534 1821 Pater
3561 1766 3671 1821 isto
3702 1765 3761 1822 in

2105 1846 2253 1903 loco.
2289 1848 2401 1903 Sed
2460 1850 2755 1921 quomodo
2806 1854 3000 1922 potest
3055 1852 3343 1922 dubitare,
3377 1854 3533 1928 apud
3589 1870 3764 1928 quem

324 1944 385 1999 et
404 1942 822 2016 peccatoribus
854 1947 910 1999 et
940 1943 1094 2016 patri
1127 1944 1362 2000 illorum
1398 1944 1651 2012 diabolo,
1673 1945 1857 2001 durus
1888 1946 1999 2002 erit
2023 1977 2072 2043 Β
2104 1936 2307 2043 immiti
2329 1938 2457 2043 jam
2501 1937 2682 2043 facta.
2708 1942 2870 2043 sunt,
3022 1940 3159 2043 qui“
3180 1940 3392 2043 omnia.
3424 1940 3768 2043 cogposcit‘?

325 2031 389 2088 in
409 2031 505 2089 die
514 2031 995 2105 judicii,quando
1017 2034 1171 2089 dicet
1186 2050 1234 2089 :«
1252 2033 1765 2104 Ite,maledicti,in
1794 2035 1992 2107 ignem

326 2123 612 2178 mternum
625 2121 834 2192 (Matth.
848 2122 1001 2195 xxv).
1018 2145 1044 2172 »
1057 2124 1129 2178 Et
1141 2126 1338 2196 aperte
1360 2122 1472 2179 istc
1492 2122 1725 2196 gladius
1748 2123 1988 2193 secabit,

327 2209 388 2265 id
411 2212 504 2267 est
532 2209 753 2267 dividet
771 2210 833 2266 in
857 2211 950 2266 die
972 2210 1074 2267 illa
1087 2212 1283 2283 justos
1306 2212 1379 2268 ab
1403 2212 1988 2284 injustis.Leviatban

326 2297 747 2372 interpretatur
776 2299 1209 2357 addita-mentum
1238 2318 1427 2357 eorum
1457 2301 1577 2357 sive
1615 2301 1987 2369 adversarius,

327 2385 628 2460 significat
655 2386 979 2455 diabolum,
1014 2387 1113 2459 qui
1167 2405 1399 2459 semper
1446 2387 1654 2443 nititur
1695 2388 1988 2444 adversari

323 2474 589 2531 humano
608 2475 1024 2548 generi.Quare
1056 2475 1389 2548 appellatur
1411 2477 1723 2531 chiathan
1747 2494 1989 2549 serpens

322 2563 509 2620 vectis
530 2567 589 2619 et
608 2565 1105 2631 tortuosus?Quia
1138 2566 1195 2620 in
1230 2566 1578 2621 rectitudine
1609 2570 1726 2621 stat
1757 2584 1990 2639 semper

324 2652 763 2724 anfractuosus,
794 2654 1092 2726 decipiens
1127 2672 1235 2709 sua
1262 2653 1583 2709 calliditate
1608 2655 1986 2727 multos.lpse

323 2740 659 2814 appellatur
687 2759 875 2797 caecus
908 2743 1007 2815 qui
1043 2747 1100 2799 et
1128 2761 1369 2816 serpens
1397 2748 1452 2799 et
1478 2744 1876 2813 Leviathan,id
1896 2750 1986 2801 est

322 2828 614 2888 diabolus.
652 2831 872 2887 Ferunt
902 2831 1080 2902 enim,
1116 2833 1259 2905 quia
1298 2834 1472 2889 draco
1505 2834 1563 2888 in
1596 2833 1766 2906 aquis
1796 2840 1980 2905 natat,

318 2922 386 2975 ut
412 2918 617 2993 piscis,
652 2919 714 2975 in
744 2924 898 2977 terra
928 2921 1096 2994 repit,
1130 2920 1189 2976 in
1223 2940 1354 2977 aere
1384 2922 1560 2978 volat.

390 3029 419 3059 α
453 3008 518 3065 In
549 3007 643 3065 die
676 3007 797 3079 illa,
830 3032 859 3059 »
891 3009 1002 3065 hoc
1061 3015 1152 3066 est
1199 3011 1259 3065 in
1313 3010 1406 3066 die
1441 3012 1652 3083 judicii
1687 3028 1700 3067 :
1751 3035 1778 3061 ‹‹
1814 3012 1984 3071 vinea

285 3096 467 3180 ‘meri
498 3098 760 3155 cantabit
787 3098 857 3155 ei.
898 3122 927 3149 »
959 3099 1063 3155 Cui
1097 3100 1409 3155 cantabit?
1442 3100 1711 3157 Domino.
1736 3102 1860 3157 Non
1893 3107 1981 3158 ta-

321 3201 458 3244 men
489 3188 787 3245 canticum
828 3188 1066 3257 lzetitize,
1101 3189 1203 3244 sed
1236 3189 1455 3245 doloris
1485 3194 1542 3245 et
1572 3190 1845 3248 tristitiae.
1881 3192 1983 3248 Est

318 3276 615 3334 canticum
646 3276 879 3347 lzstitizs,
914 3281 972 3333 et
1002 3282 1092 3334 est
1130 3277 1427 3333 canticum
1461 3278 1730 3333 tristitiae.
1765 3280 1979 3351 Moses,

2102 2025 2262 2081 More
2284 2029 2483 2082 nostro
2502 2025 3093 2099 loquitur.Fortitudo
3116 2029 3218 2086 Dei
3241 2029 3429 2087 Patris
3451 2030 3632 2088 Filius
3651 2034 3762 2100 est,

2101 2112 2240 2185 quia
2270 2131 2374 2186 per
2404 2116 2601 2187 ipsum
2636 2116 2775 2171 fecit
2806 2116 3004 2172 omnia
3033 2119 3214 2186 (Joan.
3249 2117 3315 2191 ι),
3344 2123 3403 2174 et
3434 2134 3539 2192 per
3565 2118 3765 2192 ipsum

2101 2202 2352 2258 redemit
2382 2220 2569 2277 genus
2600 2203 3065 2278 humanum,per
3084 2205 3282 2279 ipsum
3305 2206 3482 2264 etiam
3513 2207 3768 2265 decrevit

2099 2290 2445 2365 omnigenas
2476 2297 2685 2365 gentes
2708 2292 2998 2365 judicare.
3033 2294 3185 2351 Dicit
3213 2312 3383 2369 ergo:
3419 2297 3763 2354 Permittam

2097 2379 2392 2436 incarnari
2429 2382 2832 2438 fortitudinem
2864 2383 3199 2453 meam,hoc
3217 2389 3308 2442 est
3338 2385 3531 2443 ﬁlium
3561 2403 3763 2444 meum

2098 2485 2202 2541 pro
2221 2470 2621 2540 redemptione
2644 2470 2826 2525 totius
2855 2470 3086 2543 generis
3117 2471 3542 2529 hominum.An
3561 2475 3763 2547 potius

2095 2558 2303 2612 tenebo
2325 2556 2493 2611 lllum
2518 2558 2589 2612 ad
2615 2558 2747 2613 me?
2768 2558 2997 2614 Mittam
3016 2558 3185 2615 illum
3198 2577 3501 2618 assumere
3516 2579 3762 2619 carnem

2095 2664 2164 2702 ex
2178 2646 2423 2719 virgine,
2445 2646 2543 2718 qui
2567 2664 2675 2701 sua
2705 2648 3108 2704 incarnatione
3139 2649 3315 2705 faciat
3343 2667 3552 2723 pacem
3583 2651 3756 2707 mihi.

2095 2736 2301 2790 Pacem
2337 2735 2514 2791 faciat
2547 2735 2715 2808 mihi,
2749 2736 2807 2791 id
2839 2741 2930 2793 est
2956 2736 3259 2793 hominem
3291 2754 3469 2810 quem
3517 2740 3755 2796 condidi

2093 2841 2196 2896 per
2226 2823 2446 2896 ipsum,
2481 2824 2581 2897 qui
2612 2841 2647 2880 a
2674 2841 2815 2897 pace
2847 2842 2978 2882 mea
3008 2827 3251 2884 recessit
3270 2829 3755 2901 transgrediendo

2092 2912 2281 2985 legem
2313 2930 2645 2981 meam,sua
2673 2913 3076 2971 incarnatione
3105 2919 3165 2971 et
3194 2917 3469 2989 passione
3497 2919 3755 2975 reconci-

2092 3001 2263 3058 liabit
2292 3002 2460 3057 mihi.
2496 3003 2625 3075 Ipse
2656 3020 2933 3076 namque,
2967 3004 3122 3061 sicut
3150 3004 3293 3061 dicit
3320 3005 3751 3079 Apostolus,re-

2093 3090 2428 3148 conciliavit
2458 3109 2567 3148 nos
2597 3093 2715 3148 Deo
2747 3093 2903 3149 Patri
2937 3093 3012 3166 (II
3041 3094 3164 3150 Cor.
3190 3094 3269 3167 v).

2164 3204 2194 3232 «
2227 3181 2338 3247 Qui
2382 3181 2795 3255 ingrediuntur
2842 3182 3068 3255 impetu
3100 3184 3171 3240 ad
3201 3184 3405 3253 Jacob,
3437 3185 3665 3242 ﬂorebit
3692 3190 3751 3242 et

2090 3271 2449 3343 germinabit
2503 3270 2704 3340 Israel,
2738 3275 2796 3328 et
2821 3271 3155 3345 implebunt
3211 3273 3419 3330 faciem
3466 3274 3624 3331 orbis
3653 3291 3750 3332 se-

318 3365 607 3434 Debbora,
638 3366 823 3424 David
854 3369 912 3422 et
960 3365 1236 3422 Salomon
1295 3371 1678 3423 cantaverunt
1731 3349 1980 3425 Domino

2168 3360 2272 3415 ine.
2310 3382 2339 3410 »
2368 3359 2489 3416 Vox
2520 3360 2839 3434 prophetae.
2888 3362 2969 3417 De
3028 3361 3309 3435 apostolis
3370 3363 3604 3420 Christi.
3637 3363 3746 3431 Qui

317 3453 616 3510 canticum
646 3452 880 3509 lmtitiaz.
914 3453 1202 3510 Jeremias
1235 3458 1431 3510 autem
1466 3455 1982 3526 canticumjtristi-

316 3542 660 3599 tim.Eodem
693 3543 867 3598 modo
899 3544 1162 3599 cantabit
1184 3543 1244 3598 in
1268 3544 1361 3600 die
1373 3545 1585 3615 judicii
1609 3546 1779 3601 vinea
1809 3547 1978 3615 meri,

318 3630 379 3686 id
411 3634 504 3688 est
532 3629 701 3704 plebs
735 3630 1074 3699 israelitica,
1111 3650 1236 3705 quae
1268 3633 1586 3689 Dominum
1618 3638 1676 3689 et
1706 3639 1980 3691 sanctum

317 3718 1009 3790 ejusinterfecit.Merum
1034 3721 1238 3777 dicunt
1258 3722 1429 3795 graeci
1450 3740 1688 3795 purum.
1704 3723 1775 3779 Et
1799 3740 1981 3796 quare

314 3811 558 3865 vocatur
579 3808 695 3865 ista
723 3807 893 3865 vinea
936 3811 1134 3866 mera?
1157 3812 1303 3879 Quia
1332 3829 1485 3883 saepe
1515 3812 1665 3866 bibit
1693 3812 1981 3869 Dominus

315 3913 386 3954 ex
406 3912 476 3954 ea
503 3913 735 3955 merum
766 3898 1055 3968 vinum,et
1086 3917 1237 3973 saepe
1267 3900 1515 3972 protulit
1544 3902 1743 3958 botros
1775 3906 1831 3957 et
1861 3901 1981 3974 pal-

315 3985 491 4043 mites
501 3987 1103 4060 jucundos,videlicet
1126 3988 1184 4043 in
1207 3989 1509 4061 prophetis
1532 3994 1590 4045 et
1612 3992 1849 4063 regibus
1854 3992 1981 4062 jus-

314 4075 414 4132 tis.
447 4077 692 4146 Quando
743 4081 942 4134 autem
996 4077 1107 4132 hoc
1147 4078 1330 4134 Isaias
1363 4078 1527 4154 dixit,
1557 4096 1671 4135 non
1703 4085 1827 4135 erat
1851 4082 1975 4154 jam

314 4166 605 4235 mera,sed
628 4182 733 4238 pro
760 4165 889 4223 uvis
915 4165 1220 4253 labruscas
1252 4153 1787 4239 proferebat.Vinea
1807 4153 1974 4241 meri,

312 4252 423 4310 hoc
456 4257 547 4312 est
574 4254 745 4311 vinea
772 4252 977 4328 plebis
1014 4255 1347 4311 Israeliticae
1407 4258 1670 4313 cantabit
1728 4258 1975 4315 Domino

311 4340 372 4397 in
404 4342 497 4401 die
519 4343 733 4417 judicii
767 4344 1063 4399 canticum
1097 4344 1373 4413 tristitize,
1406 4347 1547 4417 quia
1577 4347 1974 4416 damnabitur,

310 4446 378 4487 eo
406 4432 564 4505 quod
596 4432 879 4488 factorem
913 4436 970 4488 et
1000 4434 1430 4505 redemptorem
1466 4439 1734 4491 nostrum
1782 4439 1975 4495 crucis

311 4519 580 4593 patibulo
611 4521 945 4595 suspendit.
984 4523 1059 4577 De
1109 4521 1227 4576 illis
1275 4522 1427 4577 dico.
1461 4522 1561 4595 qui
1612 4530 1818 4596 postea
1857 4544 1971 4583 non

310 4612 451 4666 sunt
479 4610 741 4667 conversi
775 4610 848 4666 ad
879 4611 1076 4666 fidem.

379 4699 553 4773 «Ego
585 4698 872 4755 Dominus
898 4699 997 4770 qui
1024 4716 1189 4754 servo
1222 4706 1616 4773 eam,repentc
1648 4704 1972 4777 propinabo
2004 4721 2047 4789 ρ

308 4786 382 4845 ei.
419 4809 449 4838 »
475 4786 601 4844 Vox
648 4786 905 4843 Domini.
952 4789 1030 4842 Ac
1082 4787 1130 4842 si
1173 4788 1389 4845 diceret
1417 4790 1549 4846 aliis
1579 4792 1772 4848 verbis
1805 4811 1817 4848 :
1852 4795 1970 4867 Ego

306 4876 407 4946 qui
438 4877 615 4933 modo
646 4876 720 4932 ab
749 4875 1093 4931 hominibus
1154 4879 1415 4935 adversis
1472 4898 1635 4937 servo
1694 4899 1845 4951 eam,
1880 4902 1968 4955 re-

305 4969 499 5036 pente,
531 4965 642 5022 hoc
690 4968 781 5021 est
822 4965 881 5019 in
930 4966 1023 5021 die
1058 4966 1291 5036 judicii,
1328 4970 1652 5042 prepinabo
1680 4970 1730 5025 ei
1764 4977 1969 5043 potum

306 5058 531 5112 cateruae
585 5055 1005 5126 damnationis,
1056 5080 1081 5106 ‹‹
1114 5074 1185 5112 ne
1240 5058 1385 5114 forte
1441 5059 1713 5115 visitetur
1768 5068 1971 5119 contra

302 5156 494 5214 eam,»
516 5143 719 5217 aliqua
750 5143 1078 5201 calamitas.
1106 5169 1132 5193 ‹‹
1160 5146 1335 5202 Nocte
1368 5151 1424 5203 et
1458 5148 1551 5203 dic
1583 5165 1747 5205 servo
1778 5168 1967 5222 eam,»

305 5229 363 5286 id
387 5236 480 5290 est
517 5233 576 5288 in
619 5233 919 5304 prosperis
951 5239 1008 5289 et
1039 5235 1097 5288 in
1132 5235 1391 5290 adversis
1426 5253 1439 5291 :
1472 5237 1572 5291 sed
1608 5237 1707 5293 illa
1738 5256 1971 5313 semper

300 5324 539 5377 econtra
569 5336 761 5393 prona
793 5325 881 5375 est
912 5322 981 5377 ad
1016 5322 1357 5378 labendum.

370 5406 760 5483 «Indignatio
788 5425 901 5465 non
936 5415 1025 5467 est
1059 5410 1247 5465 mihi?
1269 5435 1294 5461 ››
1316 5412 1436 5468 Vox
1471 5413 1570 5468 Dei
1599 5417 1965 5490 omnipoten-

295 5492 458 5566 tis,et
476 5494 800 5569 legendum
824 5502 912 5552 est
934 5501 1043 5554 sub
1076 5498 1634 5573 interrogationc.Ac
1670 5506 1717 5561 si
1750 5507 1967 5565 diceret

290 5578 423 5667 {iliis
442 5583 643 5641 verbis
660 5578 972 5667 :_Nunquid
996 5585 1196 5641 nescio
1217 5585 1590 5663 indignari,si
1617 5603 1963 5667 provocatus

284 5659 581 5752 fuci-cate
601 5666 635 5719 ‘2
667 5663 759 5716 Tu
776 5683 1024 5752 semper
1054 5672 1256 5741 inique
1288 5659 1414 5749 agis
1446 5659 1649 5738 contra
1680 5701 1793 5752 me,
1828 5705 1959 5743 cum

276 5746 512 5820 900nm:
541 5753 717 5805 bona
744 5747 853 5805 tibi
904 5774 1143 5830 semper
1188 5746 1552 5842 impendam,
1574 5775 1630 5826 et
1661 5746 1962 5833 non'indi-

2091 3449 2362 3522 suntﬁisti
2413 3449 2514 3521 qui
2557 3449 2975 3522 ingrediuntur
2994 3451 3023 3506 ‘I
3047 3451 3335 3524 Apostoli,
3367 3452 3530 3509 dicit.
3560 3451 3748 3510 Verba

2091 3555 2221 3609 quae
2244 3538 2539 3611 prophetae
2561 3537 2888 3611 loquuntur
2899 3556 2933 3595 a
2945 3540 3169 3613 Spiritu
3181 3545 3385 3599 sancto
3406 3540 3743 3614 illuminati,

2091 3643 2207 3682 non
2239 3644 2557 3699 possumus
2604 3644 2709 3699 per
2757 3629 2957 3686 omnia
2986 3630 3060 3686 ad
3086 3635 3424 3687 contextum
3463 3630 3745 3688 orationis

2090 3720 2443 3784 convertere,
2476 3720 2675 3772 tamen
2706 3733 2918 3775 sensus
2959 3717 3071 3775 ibit
3116 3718 3505 3776 subtilissime
3549 3719 3744 3792 inqui-

2090 3805 2373 3860 rentibus.
2399 3805 2622 3862 Sensus
2652 3806 2828 3862 istius
2859 3806 3131 3864 versiculi
3155 3807 3293 3865 talis
3319 3812 3409 3865 est
3441 3825 3455 3865 :
3485 3807 3740 3881 Apostoli

2088 3893 2307 3949 Christi
2331 3910 2468 3948 cum
2500 3893 2935 3966 ingrediuntur,
2962 3896 3019 3951 id
3052 3901 3142 3953 est
3171 3913 3307 3953 cum
3338 3897 3589 3970 regressi
3620 3897 3741 3953 fue-

2089 3984 2208 4038 rint
2228 3983 2452 4055 impetu
2473 3983 2547 4039 ad
2586 3984 2789 4053 Jacob,
2814 3984 2873 4040 id
2903 3989 2993 4042 est
3021 3986 3283 4043 colenter
3310 3987 3398 4044 vel
3425 3988 3559 4043 cum
3588 3986 3743 4043 velo-

2087 4072 2282 4143 citate,
2314 4076 2457 4128 tunc
2502 4073 2731 4129 ﬂorebit
2761 4074 2940 4131 Israel
2972 4074 3108 4149 fide,
3139 4081 3198 4133 et
3225 4077 3579 4150 germinabit
3602 4093 3741 4150 ope-

2088 4162 2464 4229 rationem,in
2482 4161 2600 4219 illis
2624 4162 2752 4219 dico
2777 4164 2880 4236 qui
2902 4165 3315 4237 praadicatione
3345 4164 3740 4239 apostolorum

2087 4252 2158 4307 ad
2185 4251 2500 4307 Dominum
2524 4253 2789 4308 conversi
2817 4258 2976 4309 sunt.
3007 4254 3126 4327 Ipsi
3153 4254 3329 4311 etiam
3361 4254 3608 4328 apostoli
3635 4254 3742 4311 imo

2086 4340 2393 4413 pleverunt
2421 4340 2631 4398 faciem
2662 4342 2820 4398 orbis
2852 4343 3080 4400 semine
3111 4344 3561 4417 praedicationis,
3588 4343 3742 4401 sicut

2085 4429 2373 4502 scriptum
2405 4434 2513 4485 est.
2566 4452 2593 4481 ‹‹
2614 4432 2677 4486 In
2711 4448 2948 4488 omnem
2978 4437 3195 4489 terram
3227 4434 3403 4490 exivit
3432 4449 3613 4491 sonus
3641 4450 3737 4490 eo-

2085 4536 2217 4574 rum
2250 4520 2419 4592 (Psal.
2463 4524 2647 4589 xvm).
2684 4543 2711 4570 »
2742 4522 2987 4588 Quando
3045 4522 3435 4595 impleverunt
3491 4522 3737 4596 apostoli

2084 4608 2423 4664 universum
2473 4608 2673 4664 orbem
2727 4627 2836 4667 sua
2876 4611 3335 4684 praedicatione?
3363 4613 3603 4680 Quando
3634 4628 3738 4669 au-

2085 4700 2313 4755 dientes
2344 4716 2377 4754 a
2406 4700 2654 4756 Domino
2689 4718 2702 4757 :
2741 4723 2769 4751 «
2800 4702 3019 4758 Euntes
3077 4701 3136 4757 in
3171 4702 3459 4759 mundum
3507 4702 3739 4757 univer-

2083 4806 2214 4846 sum
2239 4788 2546 4860 prmdicate
2562 4789 2940 4863 Evangelium
2962 4791 3147 4863 (Marc.
3163 4796 3300 4861 va),
3324 4791 3564 4864 profecti
3597 4795 3740 4847 sunt

2080 4878 2465 4951 praedicantes
2496 4878 2715 4950 ubique
2747 4879 2995 4936 Domino
3023 4884 3389 4952 cooperante.
3425 4902 3451 4929 ››

2157 4990 2183 5018 ‹‹
2202 4968 2478 5040 Nunquid
2493 4969 2665 5039 juxta
2693 4968 2926 5041 plagam
2959 4971 3343 5042 percutientis
3365 4987 3427 5026 se
3446 4972 3735 5045 percussit

2080 5073 2269 5123 cum,-
2297 5056 2355 5112 id
2387 5061 2475 5113 est
2506 5057 2791 5130 populum
2822 5058 3205 5116 Judaaorum?
3228 5063 3385 5116 «Aut
3402 5060 3552 5117 sicut
3583 5060 3731 5117 occi-

2080 5148 2167 5203 dit
2191 5147 2529 5202 interfectos
2552 5148 2702 5218 ejus,
2723 5148 2807 5203 sic
2837 5150 3066 5206 occisus
3086 5154 3194 5217 est,
3220 5173 3241 5200 ι
3278 5151 3632 5207 subauditur
3659 5151 3731 5206 ab

2079 5236 2333 5293 eo?Vox
2363 5236 2660 5309 prophetae
2692 5236 2939 5310 loquens
2972 5240 3042 5296 de
3075 5239 3220 5297 Filio
3252 5241 3451 5298 Dei.Et
3481 5246 3570 5298 est
3599 5257 3729 5297 sen-

2076 5344 2218 5383 sus:
2252 5326 2530 5399 Nunquid
2564 5326 2648 5382 sic
2679 5330 2970 5399 percussit
2992 5330 3173 5387 Filius
3203 5330 3299 5387 Dei
3330 5330 3611 5405 populum
3634 5330 3731 5387 Ju-

2076 5418 2359 5485 dazorum,
2390 5417 2683 5487 quomodo
2722 5417 2846 5490 ipse
2876 5436 3195 5491 percussus
3237 5425 3328 5477 est
3358 5423 3430 5478 ab
3461 5419 3590 5477 eis?
3617 5422 3731 5476 Aut

2075 5507 2159 5562 sic
2208 5505 2501 5562 interfecit
2560 5524 2716 5576 eum,
2751 5510 3044 5580 quomodo
3102 5510 3391 5567 interfecit
3447 5514 3728 5583 martyres

2074 5598 2202 5670 ejus
2223 5597 2251 5652 ‘I
2282 5595 2545 5652 Minime.
2566 5596 2652 5651 Illi
2686 5597 3183 5657 immisericordes
3214 5600 3564 5657 exstiterunt
3593 5614 3729 5671 erga

2071 5686 2241 5742 illum
2270 5684 2585 5741 illudentes
2616 5686 2689 5755 ei,
2724 5690 2781 5741 et
2810 5686 3174 5761 ﬂagellantes
3205 5694 3262 5746 et
3294 5688 3724 5763 crucifigentes.

2072 5776 2201 5850 Ipse
2232 5779 2429 5833 autem
2460 5792 2577 5831 non
2609 5776 2811 5832 eodem
2859 5783 3154 5836 momento
3180 5779 3472 5853 percussit
3501 5777 3635 5836 illos
3664 5779 3732 5836 ut

3950 620 3960 699 t
