3960 6368
223 480 343 538 845

1291 481 1693 543 COMMENT.
1744 484 1819 544 IN
1865 482 2155 567 ISAIAM.
2190 520 2266 529 —
2300 487 2447 549 LIB.
2493 489 2568 549 ιι.

3522 496 3641 558 846

220 611 723 675 merebantur,sed
750 628 854 684 per
881 613 1273 683 quadraginta
1304 614 1553 669 duorum
1586 632 1875 671 annorum
1905 615 1963 683 Α
1992 621 2121 673 cata
2141 622 2230 674 est
2258 620 2331 675 ab
2364 620 2793 679 habitatoribus
2823 623 3055 679 suis.Et
3084 624 3225 697 quia
3256 627 3530 699 superius
3558 630 3648 684 di-

216 699 534 765 curricula,
564 700 907 755 dilationem
941 702 1295 773 pmnitcntim
1326 705 1615 758 concessit
1640 705 1878 777 eis,qui-

214 788 328 841 bus
364 788 712 859 pmniterent
746 790 899 845 mala
942 810 1070 862 qum
1124 798 1523 863 Intraverunt,
1558 795 1875 848 occidendo

213 876 381 931 illum
406 882 461 931 et
482 877 806 949 discipulos
833 881 1102 949 ejus.Sed
1137 882 1276 951 quid
1314 882 1455 936 dicit
1486 883 1557 937 de
1590 883 1705 937 illis
1741 884 1874 937 Pro-

210 965 389 1036 pheta
418 966 1022 1033 Domini,nolentibus
1054 971 1309 1023 converti
1333 972 1401 1025 ad
1440 972 1876 1043 pn'nitentiam?

282 1079 311 1104 ‹‹
348 1055 410 1109 In
473 1073 756 1111 mensura
814 1062 1018 1112 contra
1073 1075 1433 1115 mensuram.
1469 1064 1611 1115 Cum
1646 1061 1876 1132 abjeeta

208 1144 387 1197 fuerit
415 1159 447 1198 a
482 1145 859 1212 te,iudicabis
890 1162 1018 1200 eam
1054 1146 1341 1217 plebem,»
1380 1148 1485 1203 hoc
1516 1154 1604 1203 est
1632 1150 1823 1203 dicere
1856 1167 1869 1204 :

206 1231 415 1297 Qualia
444 1233 858 1303 egerunt,tnlia
884 1235 1165 1306 recipient
1198 1253 1229 1289 a
1266 1237 1567 1292 Romanis.
1604 1240 1671 1293 Et
1703 1243 1874 1292 mter»

206 1338 351 1375 num
394 1321 753 1394 supplicium
805 1323 864 1377 in
896 1323 1125 1377 inferno
1156 1326 1331 1380 modo
1363 1326 1689 1396 patiuntur,
1726 1333 1782 1382 et
1810 1328 1871 1385 in

204 1408 527 1480 diejudicii
562 1410 1007 1481 augebiturillis
1031 1430 1201 1484 pmna
1227 1414 1869 1483 gehennm.Notandum

201 1498 362 1569 quod
410 1498 574 1563 dicit,
609 1516 745 1554 cum
779 1500 1005 1571 abjecta
1036 1503 1212 1556 fuerit
1241 1519 1275 1557 a
1306 1507 1380 1569 te,
1416 1506 1651 1576 quando
1686 1506 1871 1577 pumi-

199 1586 450 1641 tcntiam
486 1587 672 1641 noluit
713 1605 882 1659 agere
910 1590 979 1643 de
1012 1590 1136 1644 suis
1169 1591 1607 1661 iniquitatibus,
1640 1599 1695 1648 et
1727 1613 1870 1665 apo-

199 1674 385 1729 stolos
407 1677 537 1747 ejus
560 1676 784 1748 fugavit
818 1695 852 1731 a
879 1695 959 1743 se,
983 1678 1187 1733 nolens
1222 1680 1475 1752 recipere
1509 1683 1869 1753 przedicatio-

198 1780 339 1818 nem
376 1762 633 1820 illorum.
670 1788 697 1816 ιι
734 1765 1052 1821 Meditatus
1112 1772 1200 1821 est
1248 1769 1550 1842 in_spiritu
1585 1789 1691 1825 suo
1723 1773 1869 1828 duro

196 1870 305 1925 per
332 1852 494 1909 diem
529 1858 766 1921 aestus,»
791 1872 899 1910 vox
930 1856 1361 1927 propheteoui
1398 1864 1483 1912 est
1516 1860 1871 1916 meditatus?

196 1942 353 1996 Deus
384 1943 757 2015 omnipotens
786 1942 910 2015 ipse
944 1950 1033 1999 est
1069 1946 1483 2035 meditatus,id
1513 1953 1601 2003 est
1634 1950 1755 2021 ipse
1779 1967 1866 2005 co-
1898 1981 1951 2050 B

197 2030 411 2103 gitavit
440 2034 496 2086 et
527 2030 762 2087 locutus
791 2037 881 2087 est
908 2050 1009 2103 per
1030 2034 1183 2089 diem
1210 2030 1387 2089 {estus
1416 2052 1428 2090 :
1460 2035 1568 2091 hoc
1599 2044 1689 2091 est
1719 2043 1866 2094 tem-

196 2136 339 2192 pore
366 2120 766 2176 tribulationis
798 2121 884 2177 vel
920 2140 1040 2178 sua:
1071 2124 1157 2178 vel
1189 2125 1611 2197 apostolorum,
1631 2130 1866 2199 quando

202 2208 544 2280 patiebatur
564 2209 636 2265 ab
658 2210 762 2265 eis.
795 2210 942 2276 Quid
968 2212 1305 2268 redditurus
1332 2220 1484 2269 esset
1501 2216 1584 2270 eis
1604 2217 1631 2270 ?
1654 2216 1868 2272 Videli-

199 2302 293 2353 cet
323 2302 682 2353 vastatorem
729 2298 1127 2355 Romanorum
1181 2302 1475 2357 missurus
1518 2320 1694 2375 super
1722 2307 1868 2361 eos?

274 2408 303 2436 ‹‹
340 2385 561 2442 Idcirco
593 2403 771 2458 super
800 2386 909 2442 hoc
963 2388 1292 2445 dimittetur
1334 2390 1617 2463 iniquitas
1666 2395 1867 2450 domui

203 2475 511 2530 Jacobi:et
533 2476 855 2531 omnisiste
875 2477 1103 2533 fructus
1138 2483 1201 2533 ut
1232 2481 1531 2535 auferatur
1560 2489 1865 2553 peccatum

197 2566 492 2635 ejus,cum
526 2564 790 2637 posuerit
816 2582 1021 2621 omnes
1056 2566 1281 2638 lapides
1314 2569 1520 2624 altaris
1543 2570 1696 2627 sicut
1727 2572 1867 2644 lapi-

200 2655 307 2708 des
340 2653 555 2709 cineris
586 2652 845 2709 allisos.»
879 2654 1001 2709 Vox
1032 2657 1349 2727 prophetze.
1388 2659 1617 2714 Poterat
1647 2661 1865 2733 aliquis

201 2742 589 2807 dicerezQuid
621 2744 971 2799 commeruit
1001 2744 1109 2800 iste
1142 2746 1509 2817 pepulus,vel
1532 2750 1671 2820 quid
1695 2750 1865 2823 longe

202 2836 340 2903 post
369 2832 859 2887 resurrectionem
890 2833 1150 2902 Domini,
1173 2839 1238 2888 ut
1270 2834 1486 2907 aliquis
1518 2836 1752 2892 illorum
1788 2840 1866 2895 sit

205 2921 300 2976 cui
326 2922 480 2977 Deus
502 2920 793 2976 dimiserit
824 2927 1126 2992 peccatum
1160 2924 1465 2993 ejus,dans
1497 2925 1546 2980 ei
1579 2943 1679 2981 cor
1708 2931 1773 2982 ut
1804 2928 1863 2983 in

204 3026 340 3066 eum
364 3009 758 3065 crederetiAd
783 3009 903 3065 haec
926 3013 1239 3083 respondet
1261 3013 1565 3085 Propheta.
1591 3038 1617 3064 ‹‹
1646 3016 1863 3073 Idcirco

206 3117 387 3174 super
415 3101 583 3169 hoc,»
617 3100 673 3155 id
705 3106 795 3158 est
822 3108 1059 3175 prepter
1086 3103 1216 3169 hoc,
1252 3128 1279 3152 «
1305 3104 1633 3160 dimittetur
1661 3107 1862 3163 domui

203 3190 387 3245 Jacob
409 3188 693 3261 iniquitas
723 3191 937 3262 ejus,et
967 3192 1160 3247 omnis
1194 3193 1461 3247 fructus»
1484 3195 1612 3265 ejus
1646 3195 1858 3251 malus:

206 3279 347 3352 quia
378 3278 624 3351 apostoli
655 3295 723 3334 ex
753 3279 986 3336 illorum
1042 3282 1317 3354 prosapia
1363 3282 1649 3354 originem
1681 3285 1860 3339 duxe-

205 3348 364 3423 runt.
388 3348 519 3423 Ilaec
550 3384 584 3423 a
611 3362 858 3424 Domino
890 3348 1362 3441 promeruerunt,
1383 3348 1697 3443 utvaliquis
1733 3373 1859 3429 illo-
1890 3348 1935 3417 (ἶ

203 3470 338 3512 rum
377 3456 702 3513 salvaretur
730 3474 819 3521 eo,
853 3459 1006 3529 quod
1062 3459 1174 3530 ipsi
1234 3460 1434 3515 omnia
1489 3459 1695 3517 altaria
1753 3479 1862 3518 sua

203 3545 617 3617 praedicatione
649 3563 753 3618 per
780 3546 1119 3603 universum
1140 3564 1288 3619 pene
1322 3548 1523 3604 orbem
1554 3550 1859 3608 destruxe-

202 3637 425 3703 runt,et
444 3633 671 3708 lapides
702 3634 937 3690 illorum
970 3634 1245 3692 altarium
1280 3637 1338 3692 in
1371 3637 1596 3694 cineres
1619 3640 1859 3713 redege-

201 3727 362 3780 runt.
380 3723 631 3795 Ideoque
652 3723 1125 3796 dicitPropheta:
1151 3726 1339 3780 «Cum
1364 3728 1630 3798 posueris
1652 3729 1860 3785 choros

200 3810 599 3885 apostolorum
621 3828 826 3867 omnes
848 3810 1074 3884 lapides
1086 3812 1288 3869 altaris
1310 3814 1540 3871 diabolo
1563 3816 1861 3874 dedicatos

200 3902 356 3958 sicut
387 3900 634 3969 cineres,
668 3901 968 3957 auferetur
1006 3906 1312 3973 peccatum
1357 3904 1557 3959 domui
1590 3905 1792 3962 Jacoh.
1830 3930 1858 3957 ››

200 3990 281 4046 De
314 3988 432 4044 illis
458 3989 588 4045 dico
643 3988 745 4061 qui
796 3989 1072 4061 baptizati
1122 3995 1281 4059 sunt,
1308 3996 1364 4046 et
1411 3992 1585 4047 fidem
1644 4000 1858 4051 sanctas

199 4077 507 4135 Trinitatis
527 4081 936 4151 susceperunt,
962 4079 1033 4134 de
1046 4079 1264 4150 quibus
1276 4080 1418 4135 dicit
1433 4081 1620 4137 Lucas
1637 4099 1649 4136 :
1669 4106 1693 4132 α
1712 4085 1860 4149 Quia

199 4167 577 4224 crediderunt
613 4183 732 4223 una
761 4166 854 4222 die
880 4168 993 4222 tria
1023 4167 1230 4235 millia,
1266 4167 1448 4224 altera
1476 4169 1568 4225 die
1601 4170 1859 4244 quinque

199 4255 473 4327 millia,et
498 4256 775 4327 deinceps
808 4253 997 4311 multa
1025 4255 1216 4312 millia
1245 4258 1378 4326 (Act.
1398 4275 1438 4312 ιι
1468 4266 1520 4314 et
1550 4259 1647 4331 ιν).
1684 4283 1709 4309 ‹‹
1731 4261 1856 4317 Non

198 4345 463 4412 stabunt,
500 4366 528 4392 ››
559 4343 617 4400 id
649 4348 740 4400 est
788 4361 904 4399 non
953 4346 1398 4416 permanebunt,
1435 4370 1461 4395 «
1500 4347 1637 4402 Luci
1672 4354 1728 4405 et
1759 4350 1857 4405 de-

197 4433 398 4489 lubra:
420 4455 446 4482 »
461 4432 796 4504 ubicunque
820 4432 1067 4505 apostoli
1091 4433 1570 4506 praedicaverunt.
1604 4435 1860 4494 Delubra

196 4525 340 4579 sunt
356 4520 1053 4594 templaidolorum.Luci
1078 4526 1274 4577 autem
1300 4539 1543 4579 nemora
1571 4525 1671 4581 ubi
1691 4531 1860 4582 erant

196 4610 497 4667 aediﬁcatae
525 4626 637 4665 ara
667 4610 1023 4665 daemonum.

1988 708 2071 761 xit
2103 708 2407 779 Propheta,
2450 709 2528 765 ibi
2563 715 2836 782 pascetur
2880 712 3121 780 vitulus,
3157 714 3213 767 id
3244 719 3335 770 est
3364 715 3424 770 in
3452 716 3646 785 vinea,

1990 797 2238 852 servavit
2261 799 2664 871 metaphoram
2688 818 2821 855 cum
2850 800 3021 856 dixit:
3046 803 3113 858 Et
3135 803 3470 858 devorabitu
3489 823 3648 863 sum-

1986 883 2220 939 mitates
2252 886 2400 957 ejus.
2437 909 2459 939 ι

2062 995 2083 1020 ι
2118 973 2177 1027 In
2212 974 2472 1030 siccitate
2502 976 2714 1032 messis
2746 976 2907 1033 illius
2936 981 3309 1034 conterentur
3342 979 3637 1048 mulieres,

1984 1060 2282 1117 venientes
2314 1067 2370 1118 et
2398 1063 2673 1120 docentes
2708 1082 2859 1121 eam.
2891 1088 2919 1117 »
2955 1066 3347 1141 Metaphorice
3377 1068 3642 1144 loquitur

1987 1148 2293 1220 Propheta,
2314 1168 2418 1223 per
2444 1170 2697 1209 messem
2725 1154 2813 1210 vel
2843 1156 3074 1212 vineam
3104 1155 3305 1214 volens
3334 1159 3640 1214 ostendere

1985 1237 2213 1309 plebem
2248 1239 2648 1297 lsraeliticam.
2682 1243 2953 1300 Mulieres
2984 1244 3238 1317 appellat
3264 1246 3360 1302 hic
3389 1262 3637 1320 synago-

1984 1342 2091 1397 gas
2122 1328 2485 1385 diversarum
2535 1332 2799 1403 gentium
2848 1333 3268 1406 Egyptiorum,
3302 1335 3638 1393 Pbilistino—

1986 1432 2116 1470 rum
2148 1421 2629 1491 cmterarumque.
2663 1422 2909 1488 Quando
2952 1427 3149 1478 autem
3180 1423 3507 1480 Jerusalem
3539 1426 3640 1481 de-

1984 1509 2210 1560 structa
2238 1510 2326 1560 est
2348 1524 2382 1562 a
2402 1507 2769 1577 Romanis,et
2789 1510 2983 1566 omnis
3004 1511 3258 1585 populus
3288 1513 3417 1583 ejus
3446 1512 3642 1584 praeda

1985 1592 2095 1647 fuit
2116 1596 2395 1663 gentibus
2424 1614 2733 1669 synagogze
2756 1598 3117 1655 diversarum
3141 1600 3407 1672 gentium
3430 1617 3558 1673 quin
3582 1600 3640 1657 in

1981 1682 2229 1737 circuitu
2252 1685 2379 1754 ejus
2402 1690 2994 1751 erant,convenerunt
3009 1689 3079 1743 ad
3105 1689 3353 1758 illam,et
3372 1690 3637 1745 contrita

1980 1775 2120 1824 sunt
2151 1771 2348 1826 dolore
2376 1778 2433 1827 et
2463 1773 2647 1843 luctu,
2682 1793 2796 1831 non
2832 1776 2901 1831 de
2934 1777 3158 1832 Domini
3206 1777 3499 1850 passione,
3534 1779 3638 1834 sed

1980 1858 2050 1912 de
2074 1860 2448 1916 subversione
2481 1866 2655 1917 tantaa
2687 1862 3065 1921 civitatis.Vel
3087 1865 3263 1921 etiam
3295 1865 3635 1923 Judmorum

1981 1946 2295 2003 mulierum
2315 1951 2608 2023 sapientes
2627 1968 2754 2024 quae
2778 1953 3055 2025 dispersa:
3076 1959 3359 2027 erantper
3370 1955 3635 2012 diversas

1980 2036 2265 2107 regiones,
2283 2054 2526 2111 qumque
2556 2040 2741 2095 solitae
2773 2045 2940 2097 erant
2965 2042 3162 2099 venire
3190 2047 3327 2100 ante
3356 2042 3521 2100 illam
3546 2060 3639 2101 ca-

1978 2124 2327 2195 ptivitatem,
2361 2132 2417 2182 et
2448 2129 2653 2185 docere
2701 2147 2800 2186 cos
2849 2130 3103 2203 qualiter
3147 2149 3211 2188 se
3240 2137 3637 2206 praepararent

1979 2217 2183 2269 contra
2212 2214 2411 2272 hostes
2445 2233 2458 2271 :
2499 2234 2634 2273 cum
2674 2219 2979 2275 audissent
3010 2237 3139 2276 eam
3170 2221 3428 2277 dirutam
3461 2226 3520 2278 et
3547 2239 3638 2279 ve-

1978 2302 2208 2357 nissent
2238 2302 2432 2360 videre
2462 2306 2847 2378 ignominiam
2880 2325 3123 2364 suorum
3145 2309 3635 2383 propinquorum,

1978 2391 2239 2446 contrita:
2267 2399 2406 2448 sunt
2436 2399 2494 2449 et
2523 2395 2737 2451 attrita:
2787 2397 2986 2453 dolore
3036 2398 3241 2454 nimio.
3276 2398 3442 2454 Sicut
3476 2399 3636 2457 enim

1976 2481 2373 2536 verecundum
2399 2482 2511 2537 fuit
2541 2483 2685 2539 illud
2708 2486 2865 2557 quod
2890 2487 3154 2543 Debbora
3178 2486 3281 2542 ivit
3300 2486 3359 2543 in
3392 2486 3634 2558 bellum,

1976 2568 2173 2624 ethoc
2206 2571 2360 2642 quod
2420 2571 2576 2628 Orda
2633 2574 2846 2629 mulier
2902 2574 3249 2632 imminente
3306 2575 3639 2649 captivitate

1976 2657 2381 2737 Chaldaeorum
2414 2662 2747 2718 tacentibus
2778 2662 2919 2718 viris
2952 2663 3341 2736 prophetavit,
3373 2663 3459 2720 sic
3490 2681 3637 2737 quo-

1977 2728 2090 2815 q'ue
2123 2751 2292 2818 turpe
2324 2749 2642 2804 admodum
2676 2751 2804 2821 fuit,
2830 2728 2986 2823 quod
3020 2728 3296 2807 mulieres
3326 2728 3398 2808 ad
3432 2728 3639 2809 docen-

1976 2832 2115 2887 dum
2140 2834 2272 2889 illos
2292 2837 2604 2892 veniebant
2626 2837 2971 2896 imminente
2992 2839 3326 2911 captivitate
3347 2839 3637 2896 Romano-

1975 2922 2199 2976 rum.In
2231 2921 2492 2979 siccitate
2524 2941 2659 2998 ergo
2688 2926 3034 2981 vastationis
3063 2924 3389 2983 Jerusalem
3420 2927 3638 2984 mulie-

1975 3026 2067 3064 res
2097 3026 2224 3082 quaa
2257 3010 2437 3066 solitae
2469 3017 2635 3068 erant
2663 3014 2859 3070 venire
2888 3019 2945 3070 et
2975 3015 3180 3071 docere
3212 3030 3333 3088 eos,
3368 3017 3633 3074 contrita)

1974 3103 2136 3164 sunt,
2166 3099 2429 3156 videntes
2461 3100 2847 3173 ignominiam
2878 3119 3144 3159 suorum.
3165 3103 3329 3159 «Non
3359 3108 3451 3160 est
3469 3104 3629 3163 enim

1973 3186 2227 3260 populus
2250 3188 2822 3263 sapiens,propterea
2850 3208 2968 3247 non
2998 3190 3376 3249 miserebitur
3394 3192 3448 3249 ei
3470 3192 3629 3252 Deus

1973 3277 2073 3350 qui
2107 3278 2243 3333 fecit
2294 3295 2452 3334 eum.
2482 3302 2511 3332 υ
2545 3282 2692 3337 Ecce
2748 3281 2843 3337 hic
2898 3282 3264 3339 demonstrat
3320 3282 3626 3357 propheta,

1974 3384 2153 3439 quare
2184 3367 2460 3425 mulieres
2490 3371 2916 3427 conveniebant
2945 3370 3338 3439 eos,videlicet
3366 3377 3434 3429 ut
3463 3373 3630 3430 doce-

1970 3459 2101 3510 rent
2129 3455 2262 3513 illos
2292 3456 2430 3529 quia
2459 3458 2628 3515 inscii
2660 3463 2847 3532 erant,
2888 3460 3135 3533 ideoque
3163 3461 3539 3519 incurrerunt
3564 3461 3627 3521 in

1970 3545 2411 3602 damnationem
2443 3548 2557 3605 sui.

2045 3656 2073 3684 ‹‹
2104 3634 2175 3689 Et
2204 3634 2314 3690 erit
2342 3635 2403 3691 in
2437 3636 2529 3693 die
2559 3636 2719 3705 illa,»
2750 3638 2860 3695 hoc
2891 3643 2982 3696 est
3008 3638 3071 3695 in
3103 3644 3367 3714 tempore
3394 3639 3631 3715 captivi-

1970 3721 2109 3777 tatis
2139 3723 2490 3794 Jerusalem,
2513 3749 2540 3776 ‹‹
2566 3727 2852 3799 percutiet
2880 3727 3169 3784 Dominus
3202 3750 3230 3777 »
3260 3745 3495 3785 omnem
3520 3732 3632 3785 ter-

1968 3826 2095 3865 ram
2124 3811 2485 3880 Judaeorum,
2527 3836 2555 3863 ‹‹
2581 3815 2655 3871 ab
2685 3814 2846 3870 alveo
2892 3815 3179 3882 ﬂuminis,
3214 3838 3242 3865 ››
3275 3815 3385 3871 hoc
3409 3820 3519 3885 est,
3552 3817 3627 3872 ab

1968 3899 2263 3970 Euphrate
2286 3900 2529 3956 ﬂumine
2560 3925 2587 3952 «
2623 3919 2812 3973 usque
2842 3903 2914 3958 ad
2947 3906 3268 3959 torrentem
3309 3902 3558 3975 Egypti,
3591 3924 3624 3955 π

1967 3986 2026 4042 id
2049 3991 2138 4043 est
2159 4004 2344 4059 usque
2358 3989 2429 4043 ad
2443 3988 2880 4046 Nilum.Melius
2902 3989 3226 4046 habeturin
3248 3991 3627 4064 septuaginta

1967 4078 2519 4149 interpretibus,qui
2552 4078 2759 4134 dicunt
2788 4079 2860 4134 ab
2886 4078 3186 4151 Euphrate
3217 4094 3405 4151 usque
3434 4080 3507 4135 ad
3532 4080 3625 4136 Ri-

1968 4182 2337 4221 nocoruram.
2372 4167 2474 4222 Est
2503 4166 2661 4222 enim
2692 4166 2853 4222 rivus
2892 4183 3007 4223 non
3039 4168 3184 4224 adeo
3215 4182 3490 4240 magnus,
3520 4167 3625 4241 qui

1967 4254 2175 4309 dividit
2218 4259 2433 4310 terram
2487 4253 2961 4327 repromissionis
2989 4259 3047 4312 et
3082 4256 3395 4329 [Egyptum
3445 4271 3627 4329 super

1967 4360 2142 4415 quem
2167 4344 2528 4400 Rinocorura
2548 4344 2755 4401 civitas
2784 4344 2901 4400 sita
2928 4344 3161 4411 est.Qui
3189 4361 3394 4401 versus
3425 4343 3507 4400 ita
3534 4348 3626 4402 est

1966 4431 2381 4505 intelligendus
2404 4433 2559 4504 quod
2581 4450 2616 4490 a
2632 4432 2759 4491 loco
2780 4434 2841 4488 in
2863 4450 2978 4506 quo
3002 4432 3317 4491 inchoatur
3337 4449 3526 4506 usque
3547 4433 3622 4490 ad

1966 4538 2103 4577 eum
2125 4520 2319 4577 locum
2341 4522 2443 4578 ubi
2473 4519 2884 4591 terminatur,a
2904 4520 3187 4579 Romanis
3202 4522 3279 4579 sit
3293 4521 3625 4595 depraedata

1967 4609 2160 4667 omnis
2194 4611 2349 4683 regio
2378 4611 2740 4668 Judzeorum.
2764 4612 2878 4667 «Et
2904 4628 3006 4668 vos
3036 4610 3536 4684 congregabimini
3565 4613 3625 4668 et

270 4722 300 4750 ‹‹
325 4697 541 4754 Civitas
562 4697 793 4755 munita
811 4698 1074 4754 desolata
1094 4700 1271 4755 erit.»
1304 4700 1541 4757 Transit
1575 4702 1863 4775 Propheta
1892 4718 1941 4784 D
1967 4716 2173 4756 omnes
2205 4700 2309 4755 ﬁlii
2341 4700 2578 4757 Israel.»
2608 4700 2732 4758 Vox
2762 4700 3057 4774 propheta:
3089 4700 3161 4755 ad
3194 4698 3328 4756 illos
3357 4699 3460 4771 qui
3490 4703 3625 4772 post

194 4788 271 4845 ad
293 4787 738 4843 subversionem
758 4786 1089 4842 Jerusalem
1113 4806 1240 4859 quae
1274 4789 1383 4844 fuit
1415 4795 1648 4862 peracta
1680 4810 1715 4848 a
1745 4794 1855 4849 Ro-

194 4875 722 4933 manis.Civitatem
750 4876 1043 4931 munitam
1076 4877 1331 4948 appellat
1356 4878 1708 4952 Jerusalem,
1730 4900 1859 4954 qua:

193 4965 498 5038 quondam
523 4964 633 5020 fuit
664 4964 894 5020 munita
915 4966 1182 5020 custodia
1205 4967 1549 5039 angelorum
1572 4974 1629 5024 et
1650 4971 1855 5025 muris.

193 5079 222 5104 ‹‹
260 5054 540 5126 Speciosa
576 5075 597 5103 ι)
635 5053 861 5120 civitas,
896 5071 1023 5126 qua:
1059 5055 1168 5109 fuit
1201 5057 1568 5127 temporibus
1600 5060 1773 5113 David
1805 5063 1863 5114 et

193 5143 550 5213 Salomonis,
609 5142 783 5215 plena
837 5143 997 5197 omni
1058 5143 1363 5216 dignitate,
1427 5168 1454 5196 ‹‹
1500 5146 1862 5219 relinquetur

190 5230 367 5304 quasi
401 5232 724 5300 desertum,
761 5236 820 5287 et
848 5232 1179 5288 dimittetur
1215 5256 1239 5282 ι)
1274 5251 1306 5288 a
1342 5236 1474 5290 Deo.

265 5320 397 5376 «lbi
421 5325 699 5393 pascetur
716 5320 959 5391 vitulus,
988 5327 1045 5377 et
1076 5322 1156 5376 ibi
1188 5323 1518 5391 accubabit,
1553 5329 1610 5380 et
1640 5342 1852 5381 consu-

190 5413 315 5465 met
344 5409 720 5465 summitates
749 5410 897 5481 ejus.
920 5432 948 5460 »
980 5410 1245 5466 Vitulum
1280 5411 1535 5483 appellat
1565 5413 1761 5469 Titum
1795 5419 1853 5469 et

190 5501 595 5555 Romanorum
620 5500 965 5571 exercitum,
988 5517 1163 5571 quem
1198 5501 1254 5555 in
1290 5501 1516 5572 psalmo
1549 5501 1728 5557 David
1754 5520 1851 5557 vo-

187 5589 345 5644 cavit
375 5603 586 5660 aprum
618 5587 820 5643 dicens
855 5606 868 5644 :
904 5612 932 5637 ‹‹
966 5589 1229 5645 Vastavit
1276 5606 1404 5643 eam
1436 5606 1574 5661 aper
1604 5591 1675 5645 de
1706 5590 1852 5647 silva

188 5677 365 5746 (Psal.
401 5677 610 5743 LXXIX).
648 5697 677 5724 n
708 5676 894 5732 Sicuti
923 5677 1091 5733 vinea
1118 5678 1464 5746 exsiccetur,
1498 5678 1544 5731 si
1579 5678 1853 5749 palmites

185 5772 249 5826 et
277 5763 633 5841 propagines
662 5764 865 5821 excisae
899 5766 1116 5821 fuerint
1148 5784 1160 5821 :
1195 5767 1279 5823 sic
1310 5766 1409 5821 illa
1439 5765 1643 5822 civitas
1675 5770 1851 5824 exsic-

1967 4789 2371 4846 ascensionem
2390 4790 2624 4846 Domini
2648 4790 3103 4863 praedicantibus
3125 4787 3408 4862 apostolis
3426 4789 3500 4845 ad
3517 4789 3624 4845 Do-

1968 4880 2199 4935 minum
2231 4881 2491 4936 conversi
2524 4881 2771 4947 sunt,de
2802 4880 3019 4952 quibus
3049 4878 3263 4936 dicitur
3289 4879 3350 4935 in
3378 4879 3623 4935 Actibus

1969 4966 2367 5039 apostolorum
2401 4969 2536 5037 (Act.
2572 4985 2610 5024 ιι
2640 4972 2697 5024 et
2735 4973 2833 5037 Iv),
2867 4968 3022 5040 quod
3076 4985 3195 5024 una
3241 4966 3335 5023 die
3360 4967 3623 5023 credide-

1970 5061 2106 5110 runt
2128 5055 2237 5111 tria
2260 5056 2528 5128 millia,et
2547 5056 2886 5113 czetera.Pro
2918 5056 3207 5130 paucitate
3231 5060 3428 5112 autem
3457 5055 3619 5126 dicit,

1969 5162 2124 5200 unus
2155 5150 2211 5200 et
2240 5163 2418 5201 unus.
2452 5146 2904 5217 Comparatione
2950 5145 3108 5201 enim
3155 5145 3391 5202 illorum
3432 5144 3532 5217 qui
3556 5144 3619 5201 in

1968 5235 2213 5306 perfidia
2243 5241 2299 5291 et
2328 5235 2670 5290 infidelitate
2717 5239 3147 5307 remanserunt,
3182 5235 3352 5308 pauci
3384 5234 3621 5292 fuerunt

1960 5322 2046 5377 illi
2076 5341 2340 5380 numero.

2033 5436 2060 5460 ‹‹
2096 5413 2164 5466 Et
2194 5413 2303 5466 erit
2334 5413 2390 5467 in
2419 5412 2511 5467 die
2543 5410 2704 5479 illa,»
2718 5411 2774 5466 id
2798 5415 2889 5467 est
2911 5416 3044 5484 post
3073 5413 3478 5469 ascensionem
3510 5412 3618 5471 Do-

1964 5499 2221 5570 mini,vel
2255 5505 2388 5571 post
2416 5499 2856 5555 subversionem
2888 5500 3073 5573 urbis,
3100 5523 3127 5553 ‹‹
3150 5502 3453 5575 elangetur
3482 5523 3512 5552 »
3544 5501 3618 5559 ab

1962 5587 2239 5661 apostolis
2273 5613 2300 5637 ‹‹
2330 5589 2388 5642 in
2413 5589 2554 5643 tuba
2583 5604 2855 5659 magna,»
2880 5589 2937 5643 id
2960 5594 3048 5645 est
3068 5589 3128 5646 in
3160 5590 3427 5647 doctrina
3440 5605 3616 5649 evan-

1962 5678 2166 5753 gelica,
2197 5700 2223 5726 ‹‹
2246 5682 2303 5733 et
2323 5676 2666 5733 convenient
2682 5699 2710 5727 ››
2739 5677 2988 5749 gentiles
3010 5680 3082 5735 ad
3106 5680 3302 5751 ﬁdem,
3325 5702 3353 5729 ‹‹
3369 5679 3470 5753 qui
3490 5668 3619 5756 per;

1961 5767 2068 5823 diti
2088 5767 2361 5823 fuerant»
2383 5783 2486 5841 per
2504 5764 2896 5823 idololatriam
2909 5789 2937 5819 «
2952 5767 3025 5823 de
3046 5771 3201 5827 terra
3217 5767 3614 5851 Assyriorum,
