3960 6368
167 445 294 507 8ι9

1250 444 1665 506 COMMENT.
1712 445 1789 504 IN
1836 443 2125 505 lSA-IAM.
2162 478 2237 488 —
2267 445 2415 506 LIB.
2465 446 2538 506 Ιῐ.

3482 449 3605 511 850

169 578 456 638 ebrietate
485 582 846 634 erraverunt.
874 600 899 628 ιι
927 577 1239 650 Propterea
1267 578 1407 649 quia
1435 577 1590 634 Juda
1612 580 1670 633 et
1689 576 1836 632 Ben-
1862 575 1918 643 Α
1948 592 2089 631 rena
2115 579 2174 632 et
2204 581 2545 649 appetentes
2586 577 2861 633 cmlestia.
2895 578 3073 635 Juxta
3118 580 3274 651 quod
3328 581 3603 654 praecepit

161 668 359 742 jamin
389 667 506 723 cito
538 666 900 740 praevaricati
933 671 1073 723 sunt
1098 666 1285 737 legem
1320 666 1549 722 Domini
1602 667 1755 721 sicut
1782 670 1839 720 et

170 756 302 815 alim
333 758 534 813 decem
567 755 779 823 tribus,
813 771 941 828 qum
973 756 1175 827 procul
1208 758 1393 827 ducta)
1426 759 1566 809 sunt
1599 756 1657 810 in
1702 772 1836 827 cap-

166 846 483 911 tivitatem,
511 862 619 901 nec
650 844 937 900 recordati
971 850 1111 900 sunt
1143 846 1429 899 bonorum
1470 844 1700 900 Domini
1735 844 1834 916 qui

167 937 334 1009 ipsos
349 934 621 992 liberavit
634 934 706 991 de
727 934 1004 990 manibus
1024 933 1397 988 inimicorum
1410 933 1692 1005 ,loquitur
1707 952 1839 988 con-

166 1030 265 1082 tra
295 1041 395 1080 eos
426 1024 714 1097 propheta
738 1028 795 1079 et
824 1022 966 1078 dicit
998 1039 1011 1078 :
1037 1022 1254 1077 Verum
1285 1023 1343 1077 hi
1375 1040 1630 1094 quoque,
1665 1022 1720 1077 id
1748 1027 1837 1076 est

165 1115 327 1171 Juda
352 1120 410 1169 et
440 1110 747 1185 Benjamin
780 1128 895 1184 pra:
924 1110 1062 1165 vino
1095 1111 1451 1177 nescierunt,
1480 1111 1587 1165 hoc
1610 1116 1697 1166 est
1718 1129 1833 1182 pra:

165 1219 365 1259 errore
382 1219 498 1274 quo
517 1200 741 1273 decepti
774 1204 916 1257 sunt
948 1200 1281 1254 nescierunt
1306 1204 1631 1255 Creatorem
1657 1217 1832 1255 suum

167 1308 238 1349 ac
267 1291 666 1356 liberatorem,
699 1293 759 1345 et
788 1305 904 1360 pra:
936 1288 1235 1353 ebrietate,
1272 1289 1377 1342 hoc
1409 1293 1495 1343 est
1528 1306 1629 1359 pro
1651 1288 1831 1341 idolo-

166 1378 365 1447 latria,
416 1381 759 1434 erraverunt
815 1377 1153 1431 recedentes
1191 1394 1225 1431 a
1255 1377 1391 1431 Deo.
1428 1402 1453 1425 ‹‹
1488 1378 1771 1431 Sacerdos
1807 1400 1832 1425 ››

165 1468 417 1541 iniquus
445 1490 475 1517 α
508 1471 567 1523 et
589 1465 873 1539 propheta
896 1487 923 1513 »ι
943 1464 1173 1521 falsusu
1197 1466 1533 1520 nescierunt
1558 1488 1583 1513 ››
1608 1465 1834 1520 Creato-

167 1574 294 1615 rem
325 1571 504 1613 suum
537 1578 565 1605 κ
598 1570 714 1627 praa
743 1552 1043 1619 ebrietate,
1072 1576 1099 1601 ››
1128 1552 1235 1607 hoc
1267 1557 1355 1608 est
1386 1571 1490 1625 pro
1523 1553 1684 1608 cultu
1716 1555 1831 1608 da:-

167 1661 440 1713 monum,
480 1644 701 1717 quibus
757 1643 1108 1698 serviebant.
1141 1666 1169 1691 «
1206 1643 1275 1697 Et
1322 1642 1582 1715 absorpti
1632 1646 1772 1699 sunt
1798 1659 1833 1697 a

166 1734 363 1803 vino,»
395 1734 454 1789 id
487 1737 578 1789 est
605 1733 677 1789 ab
707 1748 904 1788 errore
938 1730 1105 1787 falso.
1141 1754 1169 1780 ‹‹
1202 1732 1554 1786 Erraverunt
1588 1754 1613 1780 ››
1646 1749 1833 1787 sacer-

168 1825 278 1882 dos
306 1827 370 1880 et
396 1821 683 1896 propheta
713 1843 742 1869 ‹‹
775 1820 835 1876 in
866 1818 1202 1885 ebrietate,»
1233 1818 1343 1873 hoc
1372 1824 1462 1874 est
1492 1820 1551 1874 in
1586 1820 1831 1875 idolola-

164 1912 301 1970 tria.
327 1935 358 1963 «
382 1911 732 1968 Nescierunt
760 1908 1113 1975 videntem,»
1138 1908 1194 1962 id
1230 1911 1320 1962 est
1348 1924 1462 1962 non
1496 1909 1829 1964 considera-
1860 1937 1911 2003 Β

165 2004 382 2057 verunt
409 1999 570 2072 quod
620 1998 797 2065 Deus,
832 1997 932 2069 qui
984 1996 1185 2051 omnia
1232 1997 1522 2051 absconsa
1568 2000 1835 2069 penetrat

166 2107 276 2148 suo
323 2088 566 2157 intuitu,
600 2090 862 2143 cerneret
909 2101 1113 2140 eorum
1159 2084 1542 2157 cogitationes
1571 2090 1630 2140 et
1654 2086 1827 2143 facta.

166 2202 196 2231 κ
228 2180 656 2253 Ignoraverunt
675 2174 992 2246 judicium,
1030 2196 1058 2222 ››
1090 2173 1420 2229 nescientes
1450 2173 1664 2229 habere
1704 2176 1832 2229 dis-

164 2269 491 2327 cretionem
516 2266 671 2321 inter
690 2264 923 2336 justum
950 2268 1008 2319 et
1034 2262 1468 2335 impium,inter
1482 2268 1751 2320 sanctum
1771 2269 1834 2321 et

168 2358 513 2432 profanum.

241 2469 272 2500 «ι
300 2447 523 2503 Omnes
544 2458 760 2500 mensae
791 2463 820 2492 »δ
852 2441 1090 2497 illorum
1122 2463 1150 2492 α
1182 2441 1413 2514 repletae
1440 2446 1580 2498 sunt
1608 2443 1831 2499 vomitu

168 2535 579 2607 sordiumque,
603 2532 686 2589 ita
708 2536 773 2587 ut
802 2547 918 2586 non
948 2535 1104 2585 esset
1126 2530 1279 2586 ultra
1302 2530 1464 2587 locus
1489 2554 1516 2581 »
1539 2532 1598 2587 in
1619 2532 1705 2588 eis
1728 2534 1834 2588 Do.

168 2626 355 2683 mino.
386 2622 688 2679 Vomitum
719 2623 777 2677 et
801 2619 1006 2675 sordes
1052 2619 1250 2691 posuit
1296 2620 1455 2674 omni
1504 2620 1829 2676 immundi-

167 2715 251 2772 tia
278 2717 340 2770 et
368 2710 651 2784 spurcitia
670 2714 726 2765 et
746 2707 1040 2764 sordibus.
1065 2708 1145 2763 De
1167 2708 1276 2763 hoc
1297 2709 1474 2764 dicit:
1502 2709 1648 2775 Quia
1671 2715 1829 2781 post-

168 2817 352 2876 quam
381 2798 616 2856 liborati
645 2801 786 2853 sunt
814 2814 850 2852 a
879 2795 1126 2852 Domino
1152 2797 1223 2852 de
1257 2798 1531 2853 manibus
1562 2798 1829 2854 inimico-

171 2907 328 2959 rum,
365 2887 566 2945 statim
595 2884 859 2942 conversi
890 2889 1029 2940 sunt
1057 2885 1129 2940 ad
1177 2902 1431 2940 errorem
1486 2887 1827 2959 pristinum,

168 2980 486 3037 adorantes
518 2973 674 3031 idola
704 2974 764 3028 in
788 2972 937 3029 lucis
964 2978 1021 3028 et
1040 2974 1380 3029 nemoribus
1402 2974 1643 3048 insuper
1662 2981 1719 3031 et
1740 2994 1833 3031 su-

172 3084 276 3142 per
301 3070 482 3133 tecta,
513 3067 572 3118 et
599 3078 804 3118 omnes
834 3062 997 3117 cibos
1030 3061 1246 3133 quibus
1276 3064 1681 3130 vescebantur,
1714 3065 1828 3119 da:-

175 3156 456 3213 monibus
487 3151 1261 3215 consecrabant,statuentes
1284 3168 1519 3207 mensas
1544 3157 1677 3207 ante
1698 3169 1830 3208 aras

170 3245 432 3302 illorum.
467 3243 657 3299 Locus
685 3255 823 3312 ergo
854 3256 969 3295 non
1000 3244 1092 3295 est
1124 3241 1394 3296 inventus
1422 3240 1482 3295 in
1513 3242 1597 3296 eis
1628 3241 1829 3297 Domi-

1947 664 2233 720 Dominus
2265 683 2278 721 :
2316 690 2342 715 ‹‹
2375 666 2555 735 Vade,
2584 667 2768 722 vende
2798 667 2998 722 omnia
3045 685 3172 739 quae
3221 669 3513 740 possides,
3542 674 3601 728 et

1947 770 2189 825 sequere
2221 771 2313 810 me
2345 755 2547 824 (Matth.
2580 758 2655 823 x).
2696 780 2721 803 ››
2753 757 2822 811 Et
2864 755 2947 810 illi
2998 756 3143 811 tales
3193 756 3500 814 ambulant
3528 758 3601 815 de

1942 841 2157 896 virtute
2189 843 2245 897 in
2284 844 2765 911 virtutem,donec
2787 845 3056 899 videatur
3086 845 3239 901 Deus
3271 847 3514 903 deorum
3537 848 3598 904 in

1945 930 2082 986 Sion
2116 934 2287 998 (Psal.
2312 938 2433 999 vm)
2468 950 2481 988 :
2516 938 2573 989 et
2604 938 2907 988 manentes
2938 934 3131 987 adhuc
3160 934 3219 989 in
3253 951 3425 990 carne
3456 953 3597 1009 pos-

1945 1025 2084 1075 sunt
2110 1021 2300 1076 dicere
2329 1038 2463 1076 cum
2494 1022 2769 1092 Apostolo
2803 1039 2815 1076 :
2852 1044 2879 1071 ‹‹
2914 1023 3124 1077 Nostra
3154 1025 3514 1092 conversatio
3536 1026 3596 1081 in

1944 1109 2103 1164 cwlis
2133 1114 2221 1163 est
2252 1112 2483 1182 (Philip.
2519 1090 2628 1175 In).
2662 1131 2689 1159 ››
2726 1112 2837 1165 Lac
2869 1112 3027 1181 sugit
3058 1090 3269 1184 aliq'uis
3300 1117 3591 1183 nostrum,

1943 1200 2078 1252 enm
2112 1199 2253 1252 dicit
2288 1216 2300 1253 :
2337 1224 2363 1247 ‹‹
2402 1201 2569 1253 Pater
2602 1205 2798 1253 noster
2830 1201 2926 1271 qui
2959 1219 3019 1253 es
3070 1201 3129 1256 in
3179 1201 3338 1257 rmlis
3386 1202 3591 1269 (Matth.

1942 1292 2042 1353 γι).
2072 1310 2098 1335 ››
2121 1287 2318 1342 Solido
2340 1287 2467 1343 cibo
2490 1289 2745 1342 vescitur
2768 1288 2987 1360 il|e,qui
3018 1289 3173 1343 novit
3204 1290 3395 1347 dicere
3421 1292 3593 1348 sicuti

1942 1376 2258 1430 dicendum
2292 1380 2381 1430 est
2415 1393 2426 1431 :
2464 1400 2489 1425 α
2527 1378 2589 1431 In
2642 1376 2927 1450 principio
2977 1383 3102 1433 erat
3130 1378 3386 1435 Verbum
3416 1381 3593 1449 (Joan.

1941 1466 2005 1533 ι),
2042 1487 2069 1512 n
2100 1469 2158 1519 et
2187 1465 2430 1536 reliqua.

2017 1574 2045 1602 ‹‹
2076 1553 2223 1619 Quia
2247 1555 2464 1608 manda
2494 1556 3075 1627 remanda,exspecta
3108 1561 3598 1630 reexspecta,mo-

1940 1642 2138 1697 dicum
2172 1642 2273 1711 ibi,
2305 1642 2603 1698 modicum
2636 1643 2737 1698 ibi.
2766 1666 2793 1692 ››
2824 1643 3207 1715 Omnipotens
3239 1645 3393 1702 Deus
3424 1649 3595 1719 cujus

1941 1731 2343 1786 misericordia
2371 1731 2572 1786 omnia
2600 1732 2953 1800 subsistunt,
2981 1756 3007 1781 ‹‹
3032 1733 3129 1805 qui
3156 1751 3271 1788 non
3304 1736 3598 1792 desiderat

1940 1825 2187 1875 mortem
2221 1821 2670 1892 peccatoris,sed
2700 1820 2826 1875 vult
2857 1825 2920 1875 ut
2950 1826 3323 1878 convertatur
3341 1838 3446 1895 per
3472 1840 3594 1897 p03-

1939 1908 2244 1964 nitentiam
2281 1913 2340 1964 et
2367 1908 2524 1964 vivat
2572 1908 2782 1975 (Ezech.
2816 1913 2997 1975 xvm),
3033 1930 3062 1958 »
3096 1909 3447 1981 praedicebat
3492 1929 3597 1986 per

1940 1997 2253 2070 pr0phetas
2285 2014 2424 2053 suos
2453 1996 2841 2070 captivitates,
2873 2000 2931 2052 et
2960 1996 3114 2053 mala
3144 2014 3273 2069 quae
3304 2015 3592 2071 passurus

1938 2090 2065 2141 erat
2090 2085 2186 2140 ille
2216 2085 2470 2157 populus
2501 2102 2536 2140 a
2556 2085 3094 2141 Nabuchodonosor
3110 2086 3197 2141 vel
3218 2087 3595 2145 aSennache-

1939 2174 2050 2239 rib,
2083 2179 2147 2229 ut
2180 2174 2578 2247 praetermittet
2625 2190 2880 2230 errorem
2929 2191 3105 2229 suum
3155 2180 3499 2234 convertens
3529 2194 3592 2234 se

1939 2264 2010 2319 ad
2047 2262 2352 2317 illum.Scd
2384 2260 2482 2317 ille
2514 2261 2613 2333 qui
2645 2279 2878 2334 semper
2906 2263 3064 2317 dura:
3088 2263 3328 2319 cervicis
3348 2265 3591 2335 exstitit,

1938 2351 2180 2407 irritans
2211 2351 2393 2406 Deum
2428 2352 2553 2406 suis
2575 2349 2850 2423 operibus
2874 2355 3182 2423 propterea
3203 2352 3341 2425 quia
3360 2353 3596 2426 captivi-

1940 2445 2032 2497 tas
2064 2441 2263 2495 statim
2296 2444 2362 2495 ut
2391 2440 2475 2497 eis
2506 2438 2973 2495 annuntiabatur
2992 2457 3107 2495 non
3130 2441 3399 2497 veniebat
3419 2458 3597 2514 super

1938 2530 2070 2585 illos
2103 2547 2116 2584 :
2151 2530 2424 2585 dicebant
2462 2530 2533 2584 ad
2585 2528 2928 2601 prophetam
2980 2528 3298 2586 deridenda
3332 2545 3347 2586 :
3380 2530 3596 2587 Munda

1940 2619 2242 2686 remanda,
2272 2618 2330 2671 id
2361 2620 2447 2673 est
2480 2618 2727 2689 praecipe
2758 2634 2889 2690 qua:
2931 2619 3118 2673 facere
3164 2619 3506 2687 debeamus,
3536 2622 3596 2675 et

1940 2708 2166 2762 minare
2198 2706 2367 2761 nobis
2394 2705 2549 2761 mala
2574 2724 2587 2760 :
2614 2723 2729 2759 non
2757 2705 2951 2760 veniet
2981 2706 3138 2762 enim
3170 2723 3347 2778 super
3365 2722 3473 2763 nos
3494 2705 3596 2764 illo

1937 2796 1999 2851 in
2031 2800 2290 2866 tempore
2323 2793 2569 2848 malum.
2602 2796 2673 2847 At
2704 2798 2908 2848 contra
2939 2794 3262 2864 Propheta:
3286 2794 3592 2867 Exspecta,

1938 2889 1996 2940 et
2027 2885 2245 2957 iterum
2268 2884 2622 2952 reexspecta,
2656 2885 2713 2935 et
2742 2880 3039 2934 modicum
3064 2881 3165 2948 ibi,
3189 2882 3511 2938 saubaudis
3532 2880 3594 2939 i’n

1939 2972 2039 3027 illa
2065 2971 2493 3042 exspectatione
2525 2985 2835 3040 permane:
2863 2969 3003 3040 quia
3030 2969 3268 3025 veniens
3287 2969 3481 3025 veniet
3500 2986 3597 3027 su-

1939 3079 2042 3134 per
2071 3065 2125 3115 te
2156 3058 2482 3114 calamitas.
2516 3058 2584 3111 Et
2613 3056 2754 3128 quid
2785 3057 2832 3111 si
2867 3058 3037 3111 modo
3069 3074 3185 3112 non
3208 3052 3598 3115 venerit?Ve¥

1939 3151 2059 3205 niet
2092 3146 2289 3220 procul
2321 3146 2501 3200 dubio
2542 3145 2912 3217 quandoque.
2948 3144 3034 3199 Illi
3081 3161 3216 3201 vero
3265 3146 3595 3203 econtrario

1939 3254 2054 3292 non
2080 3253 2140 3291 se
2160 3235 2529 3306 corrigebant
2551 3235 2622 3288 de
2643 3233 2766 3287 suis
2790 3233 3145 3287 facinoribus
3169 3237 3227 3288 et
3246 3231 3592 3304 sceleribus,

172 3353 267 3405 no,
300 3332 448 3408 quia
474 3330 694 3404 repleta
722 3302 888 3385 erant
912 3329 1088 3384 corda
1137 3328 1370 3384 illorum
1418 3330 1551 3385 odio
1582 3335 1639 3385 et
1667 3332 1827 3385 omni
1857 3302 1902 3368 (ἶ
1940 3328 2039 3382 sed
2090 3326 2215 3396 ipsa
2261 3302 2437 3379 verba
2485 3322 2775 3394 propheta:
2820 3322 3135 3376 sumebant
3180 3322 3232 3378 ei
3282 3302 3587 3380 dicentes:

171 3423 504 3497 iniquitate.
538 3420 704 3475 Sicut
731 3418 857 3490 ipse
890 3418 947 3472 in
979 3417 1292 3489 Evangelio
1314 3418 1456 3473 dicit
1476 3418 1622 3490 legis
1641 3420 1833 3475 docto-
1874 3416 1884 3426 ’

171 3513 219 3569 ri
254 3529 270 3568 :
303 3535 337 3562 ‹‹
365 3508 585 3583 Vulpes
615 3508 807 3563 foveas
835 3507 1054 3561 habent
1074 3506 1132 3560 in
1156 3507 1328 3561 corde
1349 3510 1545 3574 suo,et
1568 3507 1830 3563 volucres

170 3600 299 3658 cceli
332 3598 526 3655 nidos.
562 3596 742 3653 Filius
774 3601 972 3651 autem
1022 3594 1281 3650 hominis
1332 3613 1447 3651 non
1496 3595 1695 3664 habet,
1730 3596 1828 3652 ubi

171 3693 350 3764 caput
380 3686 626 3743 reclinet
653 3684 857 3753 (lauit.
889 3687 1033 3751 VIII).
1073 3706 1100 3733 ››

241 3800 273 3829 ‹‹
305 3779 493 3845 Quem
523 3774 756 3831 docebit
774 3771 1103 3839 scientia,et
1119 3788 1293 3844 quem
1318 3772 1642 3845 intelligere
1664 3774 1836 3829 faciet

173 3864 490 3924 auditum?
507 3862 850 3920 Ablactatus
882 3877 917 3916 θ,
942 3859 1359 3928 lacte,avulsus
1390 3861 1464 3916 ab
1496 3863 1834 3917 uberibus.»

171 3954 295 4012 Vox
322 3951 643 4028 prophetis.
666 3949 1008 4005 Ablactatus
1037 3948 1447 4021 dicitur.quasi
1470 3968 1504 4005 a
1524 3949 1672 4006 lacte
1701 3952 1834 4006 abs-

170 4046 424 4112 tractus,
449 4040 551 4113 qui
583 4038 773 4094 solido
804 4038 934 4093 cibo
958 4036 1234 4093 vescitur.
1248 4037 1501 4093 Avulsus
1532 4039 1604 4093 ab
1637 4040 1838 4093 uberi-

171 4131 313 4201 bus,
345 4127 640 4201 repulsus,
673 4125 761 4182 vel
794 4129 1121 4199 separatus.
1156 4126 1308 4181 Dicit
1338 4142 1474 4198 ergo
1525 4126 1833 4199 Propheta,

172 4219 428 4293 loquens
443 4219 514 4274 ad
531 4217 765 4273 Judaeos
789 4231 803 4269 :
830 4216 1012 4281 Quem
1030 4231 1100 4270 ex
1114 4213 1279 4270 vobis
1301 4214 1531 4270 docebit
1551 4214 1839 4271 Dominus

158 4306 574 4373 'scientiam,et
601 4320 778 4376 quem
811 4303 984 4358 faciet
1005 4302 1329 4375 intelligere
1350 4302 1705 4371 auditum,id
1727 4307 1835 4371 est,

176 4401 244 4453 ut
268 4412 402 4469 qua
435 4394 688 4451 audierit
716 4392 1010 4465 intelligat
1036 4408 1171 4465 vera
1200 4407 1348 4459 esse,
1382 4395 1439 4446 et
1469 4396 1663 4447 mente
1694 4392 1837 4447 reti-

177 4501 329 4542 nens
361 4499 536 4556 opere
585 4481 924 4553 adimpleat.
956 4483 1036 4536 Ac
1068 4480 1116 4535 si
1141 4479 1360 4535 diceret
1390 4497 1403 4534 :
1434 4480 1561 4535 Non
1609 4480 1843 4536 docebit

174 4590 281 4631 vos
313 4570 419 4645 qui
448 4570 539 4626 lac
569 4571 805 4644 sugitis,
837 4569 895 4625 id
924 4574 1031 4637 est,
1065 4568 1369 4641 pueriliter
1402 4568 1597 4624 vivitis
1628 4574 1684 4624 et
1714 4569 1843 4624 sine

1941 3438 1970 3465 ‹‹
1994 3415 2208 3469 Manda
2223 3412 2797 3482 remanda,exspecta
2817 3409 3471 3481 reexspecta,modicum
3486 3412 3591 3480 ibi,

1940 3503 2235 3559 modicum
2272 3501 2373 3555 ibi.
2410 3523 2438 3549 ››
2469 3502 2548 3555 Ac
2580 3500 2627 3554 si
2661 3498 2920 3554 dicerent
2950 3498 3082 3554 aliis
3109 3497 3340 3555 verbis:
3374 3501 3593 3556 lterum

1941 3593 2188 3665 preecipe
2217 3591 2359 3662 quid
2393 3589 2698 3654 faciamus,
2730 3592 2789 3642 et
2820 3592 2885 3642 ut
2913 3592 3323 3658 exspectemus
3357 3588 3597 3661 captivi-

1941 3686 2121 3736 tatem
2154 3697 2220 3735 ac
2252 3678 2658 3750 praestolemur
2688 3676 2985 3731 modicum
3012 3677 3068 3730 in
3094 3676 3195 3731 illa
3223 3676 3599 3749 exspectatio-

1943 3787 2016 3825 ne
2044 3768 2408 3840 frequentius
2432 3767 2576 3837 jube
2620 3769 2702 3819 tu.
2732 3766 2879 3818 Ante
2926 3763 3083 3819 enim
3133 3780 3338 3818 omnes
3385 3764 3599 3819 morie-

1943 3874 2097 3924 mur,
2130 3861 2189 3911 et
2220 3854 2605 3909 transibimus
2650 3853 2720 3906 de
2768 3851 2877 3905 hac
2928 3850 3045 3905 vita
3084 3851 3155 3905 ad
3188 3848 3387 3920 aliam,
3418 3865 3597 3922 quam

1943 3946 2053 4001 hoc
2083 3944 2278 3999 veniat
2307 3942 2462 4012 quod
2497 3939 2783 4011 praedicis.

2016 4056 2045 4083 ‹‹
2084 4034 2145 4087 In
2177 4028 2410 4100 loquela
2439 4027 2595 4083 enim
2627 4026 2765 4081 labii
2798 4029 2855 4080 et
2883 4025 3085 4096 lingua
3115 4023 3296 4080 altera
3328 4022 3601 4096 loquetur

1945 4120 2231 4178 Dominus
2260 4117 2333 4171 ad
2366 4115 2647 4188 populum
2680 4114 2884 4180 istum,
2917 4112 3009 4166 cui
3051 4111 3216 4166 dixit.
3252 4135 3279 4161 υ
3308 4112 3432 4168 Vox
3460 4129 3598 4191 pro-

1946 4210 2152 4283 pbetae.
2189 4208 2467 4272 Quaenam
2499 4206 2589 4257 est
2619 4201 2720 4256 illa
2750 4199 2980 4271 loquela
3010 4199 3194 4254 altera
3230 4216 3345 4272 quo
3393 4199 3601 4272 loque-

1947 4296 2088 4354 tur?
2112 4298 2238 4350 Ilazc
2267 4297 2357 4348 est
2386 4290 2682 4346 ut'statim
2713 4293 2777 4344 ut
2805 4287 3199 4343 comminatus
3228 4286 3403 4343 fuerit
3426 4287 3605 4360 capti-

1945 4384 2467 4450 vitatem,adducat
2495 4378 2659 4433 illam
2682 4394 2858 4449 super
2881 4376 3014 4432 illos
3038 4392 3052 4431 :
3078 4393 3194 4432 non
3217 4377 3365 4432 dans
3377 4375 3505 4447 jam
3523 4375 3605 4432 lo-

1949 4491 2085 4532 cum
2118 4469 2568 4546 pmnitentizeEt
2598 4471 2688 4522 est
2718 4482 2929 4521 sensus
2953 4482 2966 4520 :
2995 4465 3307 4537 Propterea
3321 4463 3461 4535 quia
3479 4464 3607 4521 des-

1951 4562 2194 4637 pexistis
2221 4560 2398 4614 verba
2426 4554 3158 4629 prophetarum,ducentes
3176 4550 3376 4607 omnia
3394 4568 3497 4623 pro
3522 4548 3608 4606 ni-

178 4637 365 4719 sensu
386 4637 740 4731 estis,opera
760 4637 1085 4714 infantium
1099 4658 1401 4713 imitantes
1425 4674 1437 4712 ε
1464 4659 1565 4713 sed
1592 4657 1725 4713 illos
1746 4656 1843 4730 qui
1873 4664 1921 4729 D
1952 4652 2071 4709 hilo
2103 4666 2231 4722 quis
2264 4649 2336 4703 ab
2367 4646 2486 4700 illis
2518 4644 2883 4709 dicebantur,
2915 4645 2973 4731 et
3004 4639 3234 4695 dixistis
3266 4655 3281 4694 :
3315 4637 3447 4696 Haec
3477 4654 3605 4731 quae

170 4750 303 4822 jam
320 4747 783 4805 solidamentum
807 4747 941 4802 fidei
965 4746 1267 4813 habent,et
1279 4746 1379 4818 qui
1399 4763 1511 4801 non
1526 4746 1653 4817 jam
1670 4746 1840 4816 lacte,

178 4837 283 4893 sed
316 4834 508 4892 solido
537 4834 669 4890 cibo
700 4838 1021 4907 pascantur
1050 4833 1230 4903 (Hebr.
1264 4837 1339 4901 v).
1374 4834 1525 4888 Sunt
1550 4833 1609 4887 in
1641 4837 1848 4889 sancta

179 4922 448 4982 Ecclesia
477 4923 578 4995 qui
610 4922 701 4978 lac
732 4922 925 4978 adhuc
956 4926 1199 4995 sugunt,
1232 4921 1342 4975 hoc
1373 4926 1481 4988 est,
1515 4922 1663 4977 levia
1701 4939 1844 4994 pra:-

186 5015 362 5085 cepta
381 5009 726 5082 adimplent,
741 5027 858 5067 non
876 5009 1137 5066 valentes
1160 5010 1415 5064 solidum
1438 5010 1636 5064 cibum
1657 5026 1849 5064 sume-

185 5117 269 5170 re,
301 5099 362 5155 id
394 5103 504 5168 est,
538 5100 711 5156 fortia
740 5103 1028 5172 praecepta
1058 5098 1441 5171 perﬁcere.De
1462 5098 1679 5168 quibus
1709 5097 1852 5153 dicit

187 5189 405 5245 beatus
425 5186 632 5265 Petrus
653 5187 987 5261 apostolus:
1013 5209 1041 5238 ‹‹
1060 5187 1234 5251 Quasi
1261 5186 1432 5241 modo
1453 5187 1635 5257 geniti
1660 5187 1850 5242 infan-

186 5274 398 5342 tes,lao
418 5275 814 5347 concupiscite
833 5277 883 5346 (Ι
897 5278 1167 5343 Petr.u).»
1189 5276 1261 5329 Et
1280 5275 1552 5346 egregius
1578 5276 1853 5347 praedica-

189 5366 323 5421 tor:
346 5385 378 5413 α
401 5363 706 5435 Tanquam
727 5363 987 5436 parvulis
1015 5363 1076 5418 in
1100 5362 1330 5418 Christo
1360 5362 1447 5416 lac
1466 5363 1631 5417 vobis
1652 5368 1854 5434 potum

194 5452 331 5508 dedi
363 5467 483 5506 non
512 5466 733 5519 escam,
761 5475 790 5502 ι)
820 5457 880 5508 et
912 5457 1120 5508 caetera
1150 5469 1337 5522 usque
1364 5452 1435 5505 ad
1472 5450 1526 5503 id
1552 5467 1566 5505 :
1591 5474 1620 5499 «
1652 5452 1857 5508 Adhuc

193 5540 356 5596 enim
387 5539 654 5595 carnales
676 5540 821 5596 estis
842 5541 891 5610 (1
911 5540 1187 5608 Cor.m).»
1209 5541 1360 5595 Sunt
1379 5539 1557 5593 etiam
1591 5541 1858 5595 nonnulli

194 5628 298 5700 qui
331 5626 556 5683 solidos
586 5628 748 5684 cibos
781 5633 1046 5696 sumunt,
1071 5628 1129 5683 id
1153 5626 1379 5699 est,qui
1401 5627 1625 5697 majora
1652 5644 1860 5698 [πίεσθε

196 5720 300 5788 pta
328 5714 477 5788 legis
507 5719 566 5771 et
593 5716 888 5789 Evangelii
916 5716 1261 5789 adimplent,
1276 5718 1714 5771 contemnentes
1748 5720 1858 5773 ter-

1951 4740 2051 4796 isti
2081 4734 2518 4812 prophetant,in
2544 4733 2807 4787 futurum
2838 4729 3071 4785 venient
3091 4732 3148 4784 et
3164 4745 3279 4784 non
3299 4726 3610 4800 occupabit

1954 4847 2061 4886 nos
2088 4827 2311 4882 malum
2336 4842 2348 4880 :
2373 4840 2504 4879 ecce
2534 4839 2640 4893 ego
2677 4821 2886 4891 loquor
2933 4819 2994 4873 in
3043 4817 3225 4873 altera
3272 4814 3506 4888 loquela
3535 4814 3607 4871 ad

1954 4919 2153 4975 vos.Et
2182 4915 2382 4970 statim
2414 4916 2481 4967 ut
2510 4911 2729 4975 dixero,
2750 4909 2941 4963 veniet
2972 4923 3148 4978 super
3174 4921 3277 4961 vos
3307 4903 3608 4960 tribulatio

1956 5011 2014 5063 et
2043 5003 2368 5077 captivitas.
2402 5001 2526 5055 Non
2572 4996 2974 5069 praznuntiabo
3020 4993 3185 5049 vobis
3224 4991 3479 5064 amplius
3508 5007 3614 5064 per

1958 5095 2274 5169 prophetas
2305 5105 2486 5156 meos,
2511 5086 2652 5157 quid
2675 5084 2839 5139 vobis
2869 5082 3009 5138 mali
3042 5086 3354 5137 venturum
3376 5079 3456 5135 sit
3480 5094 3495 5169 ξ
3518 5096 3614 5135 us-

1958 5167 2070 5257 que
2102 5183 2286 5236 irruat
2316 5194 2492 5249 super
2519 5191 2621 5229 vos
2651 5177 2708 5228 et
2736 5169 3206 5243 capiamini.Dixi
3232 5169 3389 5225 enim
3409 5167 3607 5224 vobis:

2035 5296 2063 5323 ‹‹
2085 5272 2214 5326 Haec
2240 5270 2330 5323 est
2358 5263 2589 5335 requies
2619 5258 2994 5327 mea,reﬁcite
3024 5259 3307 5313 lassum.»
3335 5254 3459 5311 Vox
3487 5268 3615 5327 pro-

1964 5355 2568 5435 phetm.Semetipsum
2592 5348 2732 5404 dicit
2752 5347 3161 5435 iniquitatibus
3184 5341 3613 5435 illorumAlassa-

1964 5430 2364 5512 tum.Quando
2394 5456 2601 5497 sumus
2632 5436 2813 5491 dediti
2846 5430 3507 5505 oratiouibus,jejuniis,
3528 5430 3612 5486 vi-

1966 5538 2143 5613 giliis,
2164 5524 2914 5601 eleemosynis,cmterisque
2935 5522 3105 5577 bonis
3135 5520 3409 5594 operibus
3438 5517 3616 5575 insis-

1966 5606 2149 5684 timus
2173 5640 2186 5679 :
2211 5626 2351 5677 tunc
2383 5616 2679 5672 reficimus
2707 5612 3112 5680 Dominum,et
3143 5608 3505 5683 requiescere
3525 5606 3616 5662 fa-

1969 5717 2158 5773 cimus
2189 5726 2325 5767 eum
2357 5708 2415 5762 in
2449 5699 3168 5773 nobismetipsis.Quando
3197 5714 3333 5755 vero
3363 5694 3616 5753 avaritiae
