3960 6374
315 414 433 481 851

751 419 1167 481 HAYMONIS
1204 418 1743 479 HALBERSTAT.
1772 416 2007 476 EPISC.

2199 424 2227 475 ’.
2259 416 2462 475 PARS
2494 416 2543 475 Ι.
2580 447 2657 458 --
2684 412 3095 475 ΟΟΜΜΕΨΓ.
3132 414 3333 473 BIBL.

3641 412 3764 470 852

321 549 581 624 aliisque
611 550 784 608 malis
823 550 1101 622 operibus
1150 550 1528 617 insudamus,
1560 547 1810 605 facimus
1859 565 1994 603 eum
2024 548 2081 615 Α
2109 548 2557 621 signiﬁcat,qua:
2589 564 2821 618 semper
2850 545 3155 617 speculum
3196 544 3388 601 cordis
3418 548 3476 600 et
3503 548 3760 601 contem-

319 642 612 699 laborare.
646 640 811 698 Sicut
841 640 965 711 ipse
989 638 1130 695 dicit
1158 654 1263 712 per
1292 640 1565 695 eumdem
1594 638 1942 710 prophetam
1978 653 1993 691 :

324 753 356 783 «ι
391 730 682 787 Laborare
704 744 799 784 me
829 727 1049 784 fecistis
1080 728 1140 783 in
1170 728 1382 783 vestris
1416 727 1828 799 iniquitatibus
1861 727 1996 799 (Isa-

326 820 514 887 va).»
536 817 605 874 Et
629 816 777 873 illud
802 834 815 872 :
839 838 869 867 «
903 817 1186 874 Laboravi
1218 816 1542 873 sustinens.
1572 838 1599 865 »
1626 838 1654 866 α
1677 818 1746 872 Et
1774 817 1885 872 hoc
1908 819 1999 872 est

329 922 531 964 meum
572 904 955 973 desiderium,
993 928 1020 955 »
1053 905 1432 973 subaudttur,
1466 908 1533 960 ut
1579 904 1855 960 reﬁcietis
1906 922 1999 961 me

327 994 539 1052 vestris
569 994 740 1051 bonis
772 994 1072 1067 operibus.
1103 995 1359 1067 Requies
1402 994 1560 1050 enim
1612 1011 1745 1050 mea
1795 999 1904 1061 est,
1938 995 1997 1049 in

328 1084 610 1141 cordibus
626 1082 948 1141 electbrum
966 1084 1167 1140 sedere
1185 1088 1243 1140 et
1258 1084 1581 1163 habitare.«
1606 1085 1819 1140 Anima
1841 1085 1998 1140 enim

322 1172 476 1246 justi
508 1174 680 1230 sedes
709 1176 801 1230 est
830 1174 1130 1246 sapientia:
1159 1173 1312 1246 (Sap.
1343 1176 1468 1243 vn).
1506 1196 1534 1223 ››

402 1285 432 1313 ‹‹
466 1263 539 1319 Et
565 1261 681 1320 erit
709 1262 795 1319 eis
826 1263 1071 1319 verbum
1101 1262 1358 1332 Domini,
1394 1264 1612 1318 manda
1655 1265 1938 1319 remanda
1970 1287 1997 1313 »

329 1368 520 1424 usque
550 1352 625 1408 ad
655 1351 712 1407 id
746 1352 900 1425 quod
934 1352 1153 1408 dicitur
1175 1374 1202 1402 «
1227 1351 1527 1408 modicum
1550 1352 1689 1407 ibi.»
1714 1353 2001 1425 Loquitur

330 1440 619 1515 propheta
645 1444 849 1498 contra
879 1439 1013 1496 illos
1034 1440 1133 1513 qui
1160 1440 1218 1496 in
1240 1440 1591 1497 derisionem
1615 1448 2001 1514 sumpserunt

329 1529 577 1588 verbum
607 1528 927 1595 Domini,et
956 1528 1134 1585 dicit:
1162 1528 1382 1586 Idcirco
1413 1530 1554 1602 quia
1580 1531 1879 1602 despectui
1901 1532 2003 1586 ha-

330 1617 548 1675 buistis
568 1619 745 1675 verba
765 1616 1000 1674 Domini
1014 1634 1080 1673 ac
1098 1617 1517 1691 prophetarum
1540 1620 1589 1690 ej
1601 1624 1999 1686 us,sumcntes

330 1707 443 1765 hoc
474 1708 631 1780 quod
664 1706 750 1762 illi
772 1706 934 1763 vobis
958 1706 1419 1779 pronuntiabant
1438 1724 1541 1779 pro
1573 1708 2001 1776 mendacio,in-

331 1811 515 1869 super
541 1798 600 1851 et
626 1794 688 1850 in
719 1793 1139 1851 scurrilitatem
1170 1793 1316 1850 illud
1356 1794 1615 1852 vertistis
1649 1812 1662 1852 :
1697 1796 1806 1852 erit
1834 1797 2001 1854 vobis

327 1884 579 1942 verbum
635 1880 870 1939 Domini
926 1880 989 1938 in
1045 1882 1280 1938 ruinam
1338 1887 1396 1939 et
1443 1883 1862 1941 calamitatem.
1894 1885 1999 1941 Vel
2030 1922 2080 1987 Β

330 1971 513 2031 etiam
545 1972 619 2029 ad
651 1988 801 2045 quos
830 1970 983 2043 ierit,
1015 1970 1126 2027 erit
1170 1972 1257 2028 eis
1302 1971 1559 2028 Verbum
1608 1973 1842 2030 Domini
1875 1998 1902 2025 ‹‹
1938 1981 2005 2031 ut

327 2062 554 2120 vadunt
581 2060 643 2117 in
671 2060 979 2117 interitum
1010 2059 1125 2128 sui,
1157 2064 1217 2116 et
1244 2062 1459 2117 cadant
1496 2065 1818 2120 retrorsum
1854 2087 1875 2113 ι
1913 2064 2003 2119 in-

332 2148 565 2208 terfecti
594 2149 668 2207 ab
699 2148 973 2206 hostibus
1003 2148 1152 2205 suis.

412 2262 444 2293 ‹‹
477 2239 721 2312 Propter
746 2236 858 2294 hoc
882 2237 1082 2294 audite
1109 2236 1354 2294 verbum
1386 2240 1640 2308 Domini,
1674 2240 1781 2296 viri
1807 2241 2007 2298 illuso-

335 2345 458 2396 res,
488 2325 590 2400 qui
622 2324 1009 2384 dominamini
1040 2343 1219 2399 super
1246 2326 1531 2400 populum
1568 2345 1788 2384 meum.
1825 2352 1852 2379 »
1882 2330 2006 2386 Vox

338 2414 643 2492 prophetas
673 2431 744 2470 ex
771 2430 1024 2487 persona
1043 2414 1298 2484 Domini,
1317 2421 1522 2472 contra
1541 2418 1849 2490 pontiﬁces
1871 2419 2010 2475 scri-

338 2507 569 2577 basque
597 2506 658 2559 et
685 2501 1028 2573 Pharisaaos,
1062 2505 1121 2558 et
1149 2502 1446 2576 principes
1474 2505 1833 2564 Judaaorum.
1871 2508 2007 2564 Illu-

341 2609 510 2653 sores
540 2588 931 2665 appellantur,
966 2606 1033 2647 eo
1063 2591 1222 2664 quod
1259 2593 1440 2649 verba
1487 2594 1783 2666 Prophetas
1817 2596 1876 2651 in
1908 2598 2008 2653 de-

341 2681 566 2741 risione
595 2685 999 2754 sumpserunt,
1035 2681 1272 2754 quando
1302 2681 1577 2740 dicebant
1606 2707 1633 2733 ‹‹
1670 2686 1887 2741 manda
1916 2704 2010 2743 re—

342 2771 587 2843 manda,
618 2772 730 2827 etc.
766 2792 795 2821 »

417 2884 450 2913 «
483 2858 724 2918 Dixistis
744 2859 903 2918 enim
927 2875 940 2915 :
968 2860 1373 2918 Percussimus
1395 2862 1584 2920 fcedus
1604 2880 1739 2919 cum
1764 2870 2007 2933 morte,»

343 2952 459 3011 hoc
489 2954 582 3007 est
611 2966 749 3007 cum
793 2948 1026 3007 diabolo
1057 2972 1086 3001 ‹‹
1120 2954 1179 3006 et
1209 2967 1344 3006 cum
1392 2950 1643 3021 inferno,
1676 2974 1706 3004 »
1741 2953 1852 3009 hoc
1900 2960 2010 3022 est,

345 3057 487 3100 cum
531 3038 721 3114 pinnis
766 3038 983 3095 inferni
1012 3062 1043 3090 «
1075 3039 1325 3097 fecimus
1374 3045 1636 3113 pactum.
1671 3064 1700 3091 »
1733 3044 1882 3109 Quid
1925 3047 2016 3100 est

348 3127 830 3202 fcedus,idipsum
861 3131 953 3185 est
980 3131 1039 3185 et
1068 3132 1327 3201 pactum.
1362 3130 1605 3186 Pactum
1637 3135 1832 3188 autem
1864 3131 2014 3188 dici-

347 3223 468 3288 tur,
502 3216 673 3290 quasi
702 3216 865 3290 pacis
895 3221 1156 3273 auctum.
1190 3218 1534 3291 Impiissimi
1564 3219 1750 3275 Judaei
1783 3238 1898 3276 non
1932 3238 2016 3277 re-

2107 636 2423 709 plationem
2456 636 2672 691 mentis
2705 636 2777 691 ad
2811 636 2995 691 Deum
3026 635 3216 707 erigit.
3233 634 3408 707 Lapis
3437 639 3630 690 autem
3662 652 3761 706 ap-

2108 725 2359 798 pellatur
2380 725 2661 781 Dominus
2680 726 2712 780 J
2718 743 2874 793 esus,
2883 729 3119 797 propter
3140 724 3475 780 ﬁrmitatem
3498 728 3555 779 et
3574 722 3763 778 solidi-

2107 814 2521 870 tatem.0mnis
2551 815 2707 870 enim
2740 814 2841 885 qui
2874 813 2933 868 in
2965 813 3063 869 illo
3096 812 3270 869 fuerit
3299 812 3765 879 fundatus,nulla

2106 902 2492 957 inundatione
2522 906 2626 957 aut
2657 902 2910 974 procella
2936 901 3395 957 movetur.Sicut
3423 901 3568 957 dicit
3597 918 3761 973 apos-

2105 990 2265 1047 tolus
2296 991 2499 1045 Petrus
2521 1007 2533 1045 :
2555 1014 2581 1040 ‹‹
2600 992 2684 1045 Ad
2704 1008 2879 1062 quem
2904 991 3247 1045 accedentes
3268 989 3523 1062 lapidem
3545 990 3761 1060 vivum,

2107 1079 2179 1134 ab
2198 1078 2540 1135 hominibus
2562 1079 2800 1151 quidem
2824 1079 3392 1151 reprobatum,aDeo
3405 1082 3602 1135 autem
3624 1078 3766 1133 elec-

2106 1171 2234 1224 tum
2261 1170 2309 1236 (I
2337 1170 2481 1224 Petr.
2518 1171 2602 1237 ιι).
2640 1191 2666 1217 ››
2698 1168 2801 1223 Hic
2832 1173 2921 1223 est
2946 1167 3097 1240 lapis
3145 1184 3323 1240 quem
3371 1167 3516 1223 vidit
3563 1167 3763 1223 Daniel

2107 1280 2136 1307 «
2172 1258 2481 1329 praecisum
2513 1258 2584 1313 de
2610 1261 2807 1312 monte
2837 1256 2964 1312 sine
2986 1256 3319 1325 manibus,»
3343 1255 3401 1310 id
3422 1260 3565 1324 est,«
3590 1257 3662 1312 de
3682 1274 3765 1311 sc-

2108 1344 2267 1401 mine
2293 1347 2631 1402 Judmorum
2664 1347 2887 1418 absque
2916 1345 3067 1401 virili
3099 1345 3254 1401 coitu
3288 1350 3513 1413 natum,
3536 1346 3633 1417 qui
3662 1345 3767 1400 im-

2107 1435 2284 1508 plevit
2316 1436 2650 1491 universam
2682 1441 2899 1491 terram
2932 1436 3168 1508 (Daniel.
3192 1438 3274 1504 ιι).
3311 1458 3339 1484 ››
3373 1435 3473 1490 llic
3500 1439 3590 1491 est
3614 1434 3766 1507 lapis

2107 1525 2207 1597 qui
2240 1525 2586 1597 reprobatus
2617 1529 2707 1580 est
2722 1526 2794 1580 ab
2817 1524 3244 1580 azdiﬁcantibus
3266 1525 3769 1596 (Psal.cxvn),pro-

2107 1615 2282 1670 batus
2308 1619 2504 1670 autem
2537 1614 2754 1669 dicitur
2773 1632 2808 1670 a
2832 1619 2941 1669 Deo
2974 1612 3477 1687 Patre.Augularis
3502 1618 3767 1680 vocatur,

2107 1703 2250 1775 quia
2279 1703 2433 1758 sicut
2462 1701 2611 1775 lapls
2641 1703 2943 1775 angularis
2973 1704 3122 1759 duos
3157 1703 3409 1775 parietes
3457 1702 3717 1758 continet
3750 1720 3764 1758 :

2108 1791 2191 1847 ita
2219 1796 2277 1847 et
2305 1791 2403 1848 ille
2434 1793 2583 1849 duos
2605 1793 2853 1865 populos
2872 1792 2932 1848 in
2957 1793 3271 1865 semetipso
3293 1791 3681 1863 conjunxit,et
3700 1809 3771 1847 ex

2108 1881 2342 1937 duobus
2365 1899 2545 1937 unam
2568 1881 2887 1938 Ecclesiam
2910 1881 3347 1953 constituit,qui
3368 1879 3503 1937 fecit
3524 1884 3769 1954 utraque

2110 1987 2296 2026 unum
2329 1970 2484 2026 sicut
2517 1970 2660 2025 dicit
2699 1970 3014 2042 Apostolus
3048 1987 3061 2026 :
3098 1993 3125 2021 ‹‹
3162 1971 3456 2028 Pretiosus
3486 1974 3596 2038 est,
3631 1971 3775 2042 quia

2112 2064 2421 2133 peccatum
2454 2077 2571 2115 non
2602 2060 2955 2132 fecit,neque
2985 2059 3155 2116 dolus
3188 2059 3459 2116 inventus
3478 2064 3569 2116 est
3589 2059 3650 2114 in
3671 2075 3772 2115 ore

2112 2150 2242 2221 ejus
2275 2149 2559 2221 (Ephemi)
2585 2166 2597 2205 :
2624 2172 2653 2199 »
2686 2150 2933 2221 ideoque
2954 2153 3043 2205 est
3062 2148 3122 2204 in
3150 2148 3550 2205 fundamentis
3575 2147 3769 2204 Eccle-

2114 2237 2214 2294 sia:
2245 2238 2549 2293 fundatus.
2583 2262 2611 2289 ‹‹
2647 2237 2755 2304 Qui
2786 2237 3096 2294 crediderit
3128 2260 3155 2287 »
3187 2237 3471 2293 subaudis
3513 2237 3573 2292 in
3601 2236 3768 2293 illum

2114 2324 2371 2397 lapidem
2395 2349 2421 2375 ‹‹
2449 2343 2565 2381 non
2598 2326 2888 2393 festinet,»
2913 2326 3021 2381 hoc
3044 2330 3155 2393 est,
3170 2342 3305 2380 cum
3326 2324 3534 2381 viderit
3556 2325 3769 2382 Filium

2116 2413 2632 2483 incarnatum,non
2650 2419 2818 2487 putet
2835 2414 3033 2470 statim
3053 2414 3769 2485 subsecuturumjudicim

2118 2502 2278 2558 illius
2310 2504 2659 2575 secundum,
2694 2505 2795 2559 sed
2828 2503 3194 2576 praestoletur
3234 2502 3403 2559 illud.
3438 2502 3600 2561 Sicut
3628 2503 3772 2559 dicit

2119 2589 2443 2662 Propheta:
2479 2613 2507 2640 ‹‹
2540 2590 2601 2647 Si
2632 2608 2859 2647 moram
2892 2590 3109 2660 fecerit,
3143 2594 3415 2665 exspecta
3441 2608 3597 2659 eum,
3631 2591 3773 2663 quia

2117 2678 2356 2734 veniens
2385 2680 2577 2735 veniet
2603 2684 2661 2736 et
2692 2698 2806 2735 non
2839 2680 3094 2737 tardabit
3122 2680 3434 2750 (Habac.u).
3470 2704 3497 2730 »

2192 2793 2219 2818 ‹‹
2255 2769 2324 2825 Et
2354 2786 2570 2842 ponam
2592 2770 2887 2842 judicium
2936 2770 2997 2825 in
3044 2772 3318 2842 pondere,
3353 2794 3381 2820 »
3411 2771 3522 2827 hoc
3569 2775 3680 2842 est,
3709 2770 3769 2826 in

2120 2858 2585 2915 censideratione
2606 2882 2634 2909 ‹‹
2660 2863 2716 2915 et
2726 2859 3025 2931 justitiam
3047 2858 3107 2916 in
3132 2876 3464 2926 mensura,»
3486 2865 3551 2916 ut
3570 2860 3776 2916 reddat

2122 2948 2445 3020 unicuique
2474 2950 2802 3005 secundum
2833 2966 3010 3021 opera
3039 2967 3167 3006 sua.
3200 2950 3323 3006 Vox
3359 2950 3459 3007 Dei
3491 2950 3676 3006 Patris
3701 2951 3772 3005 de

2122 3035 2287 3093 Filio.
2318 3038 2388 3092 Et
2417 3042 2507 3093 est
2545 3055 2757 3094 sensus
2792 3055 2805 3093 :
2839 3038 2985 3094 Cum
3035 3039 3250 3095 misero
3300 3038 3508 3095 Filium
3554 3055 3771 3106 meum,

2122 3126 2225 3198 qui
2257 3130 2347 3181 est
2374 3126 2525 3199 lapis
2554 3128 2858 3200 probatus,
2891 3128 2965 3182 ad
2998 3128 3405 3184 redimendum
3438 3127 3582 3183 mihi
3615 3144 3776 3184 meos

2126 3214 2368 3271 electos:
2386 3219 2525 3270 tunc
2542 3233 2755 3287 ponam
2778 3233 2883 3289 ego
2907 3216 3105 3272 omnia
3125 3216 3185 3272 in
3209 3215 3776 3289 mensurajudicans

351 3307 664 3367 cordantes
684 3304 1049 3379 judiciorum
1080 3309 1139 3361 et
1165 3306 1455 3363 bonorum
1502 3307 1757 3376 Domini,
1791 3309 2010 3381 quibus
2040 3293 2083 3360 C
2121 3319 2225 3375 per
2252 3302 2420 3359 illum
2452 3305 2797 3378 omnigenas
2827 3310 3030 3377 gentes
3061 3305 3328 3362 examine
3346 3305 3530 3376 justo.
3563 3306 3639 3362 De
3668 3304 3778 3360 hoc

353 3395 492 3454 illos
510 3393 789 3451 omnibus
809 3393 1087 3465 gentibus
1106 3393 1442 3465 praetulerat
1463 3398 1761 3467 quondam
1788 3402 1845 3454 et
1866 3399 2015 3454 exal-

354 3484 604 3551 taverat,
624 3482 774 3537 dans
793 3480 879 3541 eis
908 3484 1126 3538 terram
1157 3482 1434 3539 omnibus
1456 3485 1629 3541 terris
1650 3485 2013 3559 fertiliorem,

356 3568 634 3628 dicebant
665 3583 679 3623 :
712 3567 1119 3640 Nequicquam
1168 3566 1506 3627 laboramus
1546 3570 1605 3626 in
1636 3572 1782 3645 lege,
1815 3574 2015 3630 obser-

355 3662 562 3717 vantes
578 3660 866 3730 praecepta
880 3673 1007 3729 quas
1025 3656 1105 3711 ibi
1121 3656 1660 3732 continentur,quia
1674 3662 2016 3719 descensuri

358 3763 572 3805 sumus
601 3746 674 3803 ad
702 3744 913 3802 inferni
942 3744 1217 3815 claustra,
1247 3746 1402 3803 sicut
1438 3753 1497 3803 et
1542 3766 1747 3807 omnes
1791 3757 2014 3824 gentes.

359 3834 570 3895 Levius
599 3833 777 3891 etiam
807 3836 865 3890 et
892 3832 1259 3891 tolerabilius
1291 3835 1402 3891 erit
1427 3836 1547 3894 illis
1594 3856 1772 3911 quam
1825 3840 2015 3908 nobis,

357 3923 501 4000 quia
527 3923 615 3979 illi
636 3922 899 3996 quotidie
917 3922 1157 3996 placant
1177 3922 1386 3981 hostiis
1407 3930 1467 3981 et
1486 3929 1834 3986 muneribus
1855 3930 2017 4003 prin-

357 4014 520 4087 cipes
547 4010 782 4069 inferni.
817 4011 1028 4068 Melius
1058 4029 1195 4086 ergo
1218 4013 1388 4070 nobis
1414 4019 1503 4072 est
1527 4021 1591 4073 ut
1610 4022 2020 4075 convertamur

359 4103 434 4161 ad
463 4102 644 4159 ritum
669 4100 959 4174 gentium,
992 4106 1050 4157 et
1080 4106 1415 4161 statuamus
1448 4110 1685 4177 pactum
1726 4124 1862 4163 cum
1894 4107 2018 4163 dia-

356 4188 493 4247 bolo
522 4192 582 4246 et
610 4187 799 4262 panis
820 4188 1056 4256 inferni,
1069 4191 1379 4248 offerentes
1400 4192 1485 4250 eis
1503 4193 1677 4251 thura
1696 4200 1753 4251 et
1772 4196 2017 4265 hostias,

360 4301 390 4330 α
413 4276 715 4351 ﬂagellum
738 4297 768 4327 »
791 4275 1148 4349 captivitatis
1168 4283 1226 4335 et
1245 4280 1645 4339 tribulationis
1667 4308 1694 4335 «
1722 4284 2022 4342 inundans

360 4383 497 4425 cum
528 4364 848 4434 transierit,
863 4382 980 4421 non
1000 4365 1192 4423 veniet
1214 4385 1393 4441 super
1412 4388 1540 4440 nos,
1555 4372 1695 4444 quia
1713 4373 2022 4445 posuimus

361 4455 738 4514 mendacium
768 4469 933 4526 spem
965 4458 1289 4525 nostram,»
1319 4458 1379 4513 id
1410 4463 1520 4528 est,
1553 4460 1613 4516 in
1647 4461 1880 4518 diabolo
1910 4464 2021 4519 ha-

360 4544 572 4602 bemus
628 4558 796 4615 spem
828 4565 857 4593 ‹‹
889 4547 948 4599 et
994 4543 1319 4615 mendacio,
1354 4568 1383 4597 »
1425 4546 1536 4605 hoc
1584 4554 1694 4618 est,
1727 4567 1763 4606 a
1790 4550 2022 4608 diabolo

361 4653 391 4683 ‹‹
424 4631 669 4706 protecti
700 4648 910 4688 sumus
943 4654 972 4681 »
1003 4649 1107 4705 pro
1138 4649 1205 4689 eo
1225 4636 1383 4706 quod
1413 4638 1772 4709 est,protecti
1800 4640 2024 4697 erimus

360 4720 450 4777 vel
471 4720 1246 4793 protegemur.Mendacium
1266 4724 2023 4801 appellatdiabolumjuxta

362 4811 519 4883 quod
550 4809 837 4866 Dominus
867 4810 1010 4867 dicit
1039 4811 1215 4883 (Joan.
1247 4816 1374 4883 νιιι)
1408 4830 1421 4869 :
1454 4815 1601 4881 Quia
1630 4818 1883 4873 mendax
1911 4823 2019 4889 est,

360 4901 421 4954 et
476 4901 644 4971 pater
698 4897 849 4969 ejus,
883 4897 942 4953 id
1001 4902 1112 4963 est,
1146 4903 1311 4971 pater
1365 4902 1678 4974 mendacii,
1717 4905 2021 4961 veritatem

360 5001 598 5058 semper
624 4985 942 5059 refugiens.
1422 5052 1423 5055 η

433 5097 462 5126 ‹‹
497 5072 720 5130 Idcirco
741 5073 865 5131 haec
889 5074 1034 5130 dicit
1053 5073 1340 5133 Dominus
1364 5095 1377 5134 :
1402 5078 1548 5135 Ecce
1575 5096 1682 5153 ego
1706 5081 1937 5138 mittam
1962 5083 2020 5138 in

362 5159 768 5219 fundamentis
799 5162 939 5219 Sion
970 5162 1287 5235 lapidem.»
1318 5165 1441 5222 Vox
1468 5168 1859 5240 prophetze,ex
1890 5188 2020 5243 per-

362 5265 509 5308 sona
539 5248 644 5306 Dei
674 5248 861 5307 Patris
891 5250 962 5307 de
980 5250 1124 5308 Filio
1146 5251 1497 5311 Dei.Idcirco
1519 5252 1659 5327 quia
1679 5257 1801 5314 hinc
1821 5259 2023 5315 omnia

362 5336 586 5394 fecistis
615 5353 745 5408 quae
767 5338 895 5409 jam
926 5339 1085 5395 dicta
1126 5344 1285 5409 sunt,
1319 5348 1601 5415 ponentes
1645 5347 2021 5403 mendacium

363 5439 531 5497 spem
576 5427 852 5493 vestram,
885 5426 1152 5499 loquitur
1199 5429 1484 5487 Dominus
1533 5433 1735 5490 dicens
1769 5452 1781 5489 :
1815 5459 1841 5485 ‹‹
1877 5438 2022 5493 Ecce

361 5524 467 5583 ego
500 5511 738 5567 mittam
759 5511 820 5567 in
851 5514 1250 5572 fundamentis
1272 5519 1468 5590 Sion,»
1490 5520 1599 5577 hoc
1622 5523 1797 5590 est,in
1818 5525 2025 5581 funda-

362 5597 583 5685 mentis
604 5594 872 5685 Ecclesia:
890 5626 915 5653 ‹‹
936 5601 1216 5673 lapidem.
1239 5627 1266 5653 »
1291 5608 1429 5663 Sion
1451 5626 1578 5680 quae
1607 5611 2024 5685 interpretatur

359 5681 677 5751 speculum
735 5682 852 5740 sive
908 5688 1323 5758 contemplatio
1380 5702 1647 5755 sanctam
1701 5681 2019 5757 Ecclesium

2115 3390 2341 3464 judicio
2368 3392 2480 3448 sibi
2511 3394 2648 3449 dato
2681 3393 2822 3449 dicit
2852 3393 3033 3450 Filius
3069 3412 3081 3450 :
3115 3417 3144 3444 «
3178 3394 3347 3450 Pater
3392 3411 3507 3449 non
3546 3393 3777 3466 judicat

2124 3483 2614 3552 quemquam,scd
2638 3499 2810 3537 omne
2823 3482 3119 3554 judicium
3140 3482 3301 3539 dedit
3322 3481 3462 3538 Filio
3479 3481 3775 3553 (Joan.v).»

2125 3570 2232 3624 Per
2261 3569 2429 3625 illum
2459 3571 2617 3626 enim
2666 3572 2866 3627 omnia
2914 3572 3048 3627 fecit
3075 3576 3134 3627 et
3160 3571 3424 3639 redemit,
3458 3588 3561 3643 per
3603 3570 3772 3626 illum

2124 3657 2302 3713 etiam
2354 3660 2650 3729 judicium
2710 3672 2899 3715 suum‘
2946 3659 3234 3733 implebit.
3282 3683 3310 3710 «
3357 3661 3425 3716 Et
3478 3660 3778 3717 subvertet

2125 3747 2370 3818 grando,
2408 3770 2435 3795 »
2465 3748 2576 3803 hoc
2600 3754 2709 3821 est,
2745 3748 3063 3806 multitudo
3092 3753 3511 3806 tormentorum
3543 3771 3571 3797 ‹‹
3603 3764 3771 3820 spem

2127 3836 2416 3891 mendacii
2452 3859 2479 3885 »
2512 3839 2611 3893 ubi
2643 3856 2807 3911 spem
2841 3856 3012 3895 suam
3058 3838 3437 3906 collocabant,
3465 3860 3492 3887 ‹‹
3524 3841 3581 3893 et
3608 3854 3774 3909 aqum

2127 3924 2504 3981 inundabunt
2532 3928 2973 3999 protectionem,
3002 3950 3031 3977 »
3063 3928 3172 3984 hoc
3203 3932 3292 3983 est
3321 3926 3631 3983 multitudo
3656 3943 3778 3998 pce-

2128 4030 2338 4069 narum
2369 4019 2426 4069 et
2455 4015 2903 4073 tribulationum
2935 4016 3229 4090 Opprimet
3257 4015 3637 4083 diabolum,_a
3661 4031 3780 4087 quo

2128 4100 2210 4156 illi
2244 4120 2306 4158 se
2336 4105 2623 4175 putabant
2654 4106 2902 4178 protegi,
2937 4110 2994 4161 et
3040 4104 3200 4178 ipsos
3249 4105 3423 4160 etiam
3471 4102 3572 4176 qui
3614 4104 3780 4159 dixe-

2116 4182 2269 4246 runt
2299 4208 2312 4246 :
2349 4192 2651 4249 Mendacio
2677 4194 2808 4263 (hoc
2841 4199 2930 4249 est
2959 4192 3212 4266 diabolo)
3244 4192 3484 4266 protecti
3535 4193 3777 4248 erimus.

2201 4303 2230 4329 «
2263 4281 2333 4336 Et
2382 4281 2675 4338 delebitur
2730 4284 2921 4339 luedus
2974 4288 3252 4348 vestrum,
3296 4282 3450 4354 quod
3510 4281 3779 4353 pepigisti

2131 4386 2266 4424 cum
2298 4375 2507 4439 morte,
2546 4393 2574 4420 »
2606 4371 2716 4427 hoc
2746 4377 2835 4427 est
2863 4389 2997 4427 cum
3030 4370 3262 4428 diabolo
3283 4394 3310 4419 ‹‹
3333 4374 3391 4427 et
3418 4375 3655 4442 pactum
3687 4386 3779 4425 ve-

2131 4462 2344 4525 strum,
2380 4481 2408 4508 »
2440 4461 2597 4531 quod
2628 4460 2922 4516 statuistis
2952 4484 2979 4510 ‹‹
3012 4477 3147 4516 cum
3187 4458 3375 4531 pomis
3423 4458 3633 4515 inferni
3666 4475 3780 4514 non

2131 4547 2243 4602 erit
2271 4547 2481 4604 stabile
2516 4571 2545 4598 »
2574 4548 2835 4604 dicentes
2864 4549 3049 4605 levius
3093 4547 3254 4604 vobis
3294 4549 3414 4603 fore
3442 4548 3502 4602 in
3532 4547 3782 4616 inferno,

2052 4660 2099 4725 D
2133 4635 2183 4691 si
2215 4636 2541 4691 secundum
2571 4637 2750 4692 ritum
2782 4637 3046 4715 gentium
3071 4636 3359 4692 daemonia
3377 4635 3786 4691 adoretis.l"la-

2131 4723 2498 4797 gellum,sive
2529 4725 2885 4797 captivitatis
2916 4726 3037 4781 sive
3066 4725 3435 4793 mortis,cum
3456 4723 3678 4780 venerit
3696 4724 3778 4779 vel

2132 4830 2167 4868 a
2196 4813 2614 4885 Sennacherib,
2645 4814 2733 4869 vel
2765 4831 2799 4869 a
2828 4814 3395 4871 Nabuchodonosor:
3423 4812 3783 4869 conculcabit

2130 4920 2233 4957 vos
2264 4907 2321 4959 et
2350 4904 2630 4959 destruet.

2206 5014 2234 5043 (ι
2266 4992 2551 5058 Quoniam
2575 5010 2746 5049 mane
2768 4992 3025 5049 diluculo
3052 4991 3431 5065 pertransibit
3452 4992 3512 5046 in
3534 4992 3625 5047 die
3646 4996 3703 5047 et
3724 4992 3777 5045 in

2133 5086 2320 5136 nocte.
2354 5104 2382 5131 »
2426 5081 2760 5137 Diluculum
2810 5082 3025 5137 dicitur
3071 5081 3241 5153 quasi
3284 5081 3465 5136 dubia
3512 5080 3629 5137 lux.
3680 5080 3782 5136 Per

2131 5186 2304 5225 mane
2333 5174 2388 5224 ct
2419 5169 2770 5240 diluculum,
2800 5170 3145 5226 continuum
3187 5175 3420 5242 tempus
3465 5169 3782 5241 intelligere

2129 5258 2434 5314 debemus.
2468 5258 2574 5313 Per
2619 5260 2775 5314 diem
2806 5264 2863 5315 et
2891 5263 3142 5328 noctem,
3175 5259 3454 5315 continua
3501 5276 3669 5330 poma
3704 5259 3779 5313 si-

2129 5351 2362 5419 gnatur.
2397 5372 2423 5397 ‹‹
2458 5348 2527 5403 Et
2556 5349 2966 5405 tantummodo
2992 5349 3117 5405 sola
3140 5349 3364 5404 vexatio
3390 5348 3782 5403 tribulationis

2130 5437 2294 5492 dabit
2327 5438 2550 5492 auditui
2584 5442 2771 5493 vestro
2804 5438 3190 5503 intellectum,
3226 5462 3254 5487 »
3286 5438 3395 5493 hoc
3425 5441 3514 5493 est
3562 5437 3780 5508 suppli-

2130 5525 2387 5581 cium.Et
2417 5543 2588 5597 pmna
2616 5527 2709 5582 cui
2733 5528 3324 5599 subjaCubitis,faciet
3345 5543 3443 5581 vos
3465 5524 3783 5597 intelligere

2130 5631 2263 5670 vera
2294 5632 2577 5685 esse,qua3
2609 5616 2903 5687 propheta:
2928 5634 2994 5671 ex
3020 5616 3253 5672 nomine
3276 5634 3404 5671 meo
3428 5614 3603 5669 locuti
3625 5619 3779 5670 sunt.

2132 5724 2159 5752 ‹‹
2190 5704 2652 5773 Coangustatum
2691 5704 2847 5758 enim
2880 5709 2967 5760 est
2997 5710 3269 5773 stratum,
3306 5705 3384 5760 ita
3414 5707 3479 5760 ut
3510 5702 3655 5759 alter
3693 5704 3785 5759 de-
