  <div class='ocr_page' id='page_1' title='image "/cluster/home/n/w/nwhite01/storage/ocr_20150623/115-116/uc1.31175006916467/1168.png"; bbox 0 0 3960 6370; ppageno 0'>
   <div class='ocr_carea' id='block_1_1' title="bbox 171 441 301 505">
    <p class='ocr_par' dir='ltr' id='par_1_1' title="bbox 171 441 301 505">
     <span class='ocr_line' id='line_1_1' title="bbox 171 441 301 505; baseline 0 0"><span class='ocrx_word' id='word_1_1' title='bbox 171 441 301 505; x_wconf 81' lang='lat'><strong>853</strong></span> 
     </span>
    </p>
   </div>
   <div class='ocr_carea' id='block_1_2' title="bbox 1234 435 2544 501">
    <p class='ocr_par' dir='ltr' id='par_1_2' title="bbox 1234 435 2544 501">
     <span class='ocr_line' id='line_1_2' title="bbox 1234 435 2544 501; baseline 0 -3"><span class='ocrx_word' id='word_1_2' title='bbox 1234 438 1639 499; x_wconf 72' lang='lat' dir='ltr'><strong>COMMENT.</strong></span> <span class='ocrx_word' id='word_1_3' title='bbox 1688 438 1765 498; x_wconf 87' lang='lat' dir='ltr'><strong>IN</strong></span> <span class='ocrx_word' id='word_1_4' title='bbox 1812 435 2107 501; x_wconf 79' lang='lat' dir='ltr'><strong>ISAIAM.</strong></span> <span class='ocrx_word' id='word_1_5' title='bbox 2156 471 2233 481; x_wconf 85' lang='grc'><strong><em>--</em></strong></span> <span class='ocrx_word' id='word_1_6' title='bbox 2280 440 2423 498; x_wconf 84' lang='lat' dir='ltr'><strong>LIB.</strong></span> <span class='ocrx_word' id='word_1_7' title='bbox 2474 438 2544 499; x_wconf 94' lang='lat' dir='ltr'><strong>lI.</strong></span> 
     </span>
    </p>
   </div>
   <div class='ocr_carea' id='block_1_3' title="bbox 3481 433 3599 497">
    <p class='ocr_par' dir='ltr' id='par_1_3' title="bbox 3481 433 3599 497">
     <span class='ocr_line' id='line_1_3' title="bbox 3481 433 3599 497; baseline 0.008 -1"><span class='ocrx_word' id='word_1_8' title='bbox 3481 433 3599 497; x_wconf 69' lang='grc'><strong>854</strong></span> 
     </span>
    </p>
   </div>
   <div class='ocr_carea' id='block_1_4' title="bbox 169 570 3604 644">
    <p class='ocr_par' dir='ltr' id='par_1_4' title="bbox 169 570 3604 644">
     <span class='ocr_line' id='line_1_4' title="bbox 169 570 3604 644; baseline 0 -14"><span class='ocrx_word' id='word_1_9' title='bbox 169 575 335 631; x_wconf 90' lang='lat' dir='ltr'><strong>cidat</strong></span> <span class='ocrx_word' id='word_1_10' title='bbox 366 589 379 628; x_wconf 88' lang='lat'>:</span> <span class='ocrx_word' id='word_1_11' title='bbox 414 574 472 628; x_wconf 91' lang='lat' dir='ltr'><strong>et</strong></span> <span class='ocrx_word' id='word_1_12' title='bbox 500 570 744 644; x_wconf 82' lang='lat' dir='ltr'><strong>pallium</strong></span> <span class='ocrx_word' id='word_1_13' title='bbox 774 571 944 627; x_wconf 92' lang='lat' dir='ltr'><strong>breve</strong></span> <span class='ocrx_word' id='word_1_14' title='bbox 975 573 1289 643; x_wconf 89' lang='lat' dir='ltr'><strong>utrumque</strong></span> <span class='ocrx_word' id='word_1_15' title='bbox 1321 571 1542 641; x_wconf 80' lang='lat' dir='ltr'><strong>operire</strong></span> <span class='ocrx_word' id='word_1_16' title='bbox 1586 590 1697 625; x_wconf 88' lang='lat' dir='ltr'><strong>nou</strong></span> <span class='ocrx_word' id='word_1_17' title='bbox 1732 588 1830 641; x_wconf 84' lang='lat' dir='ltr'><strong>po-</strong></span> <span class='ocrx_word' id='word_1_18' title='bbox 1861 570 1918 637; x_wconf 76' lang='grc' dir='ltr'><strong>Α</strong></span> <span class='ocrx_word' id='word_1_19' title='bbox 1948 571 2104 637; x_wconf 80' lang='lat' dir='ltr'><strong>tatis,</strong></span> <span class='ocrx_word' id='word_1_20' title='bbox 2130 576 2193 625; x_wconf 92' lang='lat' dir='ltr'><strong>ut</strong></span> <span class='ocrx_word' id='word_1_21' title='bbox 2214 571 2461 627; x_wconf 82' lang='lat' dir='ltr'><strong>celerius</strong></span> <span class='ocrx_word' id='word_1_22' title='bbox 2483 573 2775 626; x_wconf 84' lang='lat' dir='ltr'><strong>ducantur</strong></span> <span class='ocrx_word' id='word_1_23' title='bbox 2797 573 2851 625; x_wconf 88' lang='lat' dir='ltr'><strong>in</strong></span> <span class='ocrx_word' id='word_1_24' title='bbox 2879 571 3428 643; x_wconf 63' lang='lat' dir='ltr'><strong>depraedationemac</strong></span> <span class='ocrx_word' id='word_1_25' title='bbox 3453 572 3604 630; x_wconf 84' lang='lat' dir='ltr'><strong>Con-</strong></span> 
     </span>
    </p>
   </div>
   <div class='ocr_carea' id='block_1_5' title="bbox 168 659 1838 731">
    <p class='ocr_par' dir='ltr' id='par_1_5' title="bbox 168 659 1838 731">
     <span class='ocr_line' id='line_1_5' title="bbox 168 659 1838 731; baseline -0.005 -10"><span class='ocrx_word' id='word_1_26' title='bbox 168 667 312 721; x_wconf 89' lang='lat' dir='ltr'><strong>test.</strong></span> <span class='ocrx_word' id='word_1_27' title='bbox 348 685 375 713; x_wconf 82' lang='grc'><strong>››</strong></span> <span class='ocrx_word' id='word_1_28' title='bbox 404 662 529 718; x_wconf 81' lang='lat' dir='ltr'><strong>Vox</strong></span> <span class='ocrx_word' id='word_1_29' title='bbox 560 661 794 717; x_wconf 87' lang='lat' dir='ltr'><strong>Domini</strong></span> <span class='ocrx_word' id='word_1_30' title='bbox 827 662 899 716; x_wconf 92' lang='lat' dir='ltr'><strong>ad</strong></span> <span class='ocrx_word' id='word_1_31' title='bbox 934 660 1313 715; x_wconf 85' lang='lat' dir='ltr'><strong>Hierusalem.</strong></span> <span class='ocrx_word' id='word_1_32' title='bbox 1343 662 1409 715; x_wconf 78' lang='lat' dir='ltr'><strong>Et</strong></span> <span class='ocrx_word' id='word_1_33' title='bbox 1429 665 1517 714; x_wconf 88' lang='lat' dir='ltr'><strong>est</strong></span> <span class='ocrx_word' id='word_1_34' title='bbox 1540 659 1838 731; x_wconf 67' lang='lat' dir='ltr'><strong>metapho«</strong></span> 
     </span>
    </p>
   </div>
   <div class='ocr_carea' id='block_1_6' title="bbox 144 749 1833 820">
    <p class='ocr_par' dir='ltr' id='par_1_6' title="bbox 144 749 1833 820">
     <span class='ocr_line' id='line_1_6' title="bbox 144 749 1833 820; baseline -0.004 -10"><span class='ocrx_word' id='word_1_35' title='bbox 144 755 293 811; x_wconf 67' lang='lat' dir='ltr'><strong>’rice</strong></span> <span class='ocrx_word' id='word_1_36' title='bbox 335 754 581 808; x_wconf 91' lang='lat' dir='ltr'><strong>ductum</strong></span> <span class='ocrx_word' id='word_1_37' title='bbox 612 767 647 805; x_wconf 95' lang='lat' dir='ltr'><strong>a</strong></span> <span class='ocrx_word' id='word_1_38' title='bbox 678 750 889 805; x_wconf 91' lang='lat' dir='ltr'><strong>marito</strong></span> <span class='ocrx_word' id='word_1_39' title='bbox 938 755 997 805; x_wconf 91' lang='lat' dir='ltr'><strong>et</strong></span> <span class='ocrx_word' id='word_1_40' title='bbox 1045 751 1313 820; x_wconf 81' lang='lat' dir='ltr'><strong>conjuge,</strong></span> <span class='ocrx_word' id='word_1_41' title='bbox 1346 750 1417 804; x_wconf 86' lang='lat' dir='ltr'><strong>ad</strong></span> <span class='ocrx_word' id='word_1_42' title='bbox 1470 750 1651 803; x_wconf 89' lang='lat' dir='ltr'><strong>Deum</strong></span> <span class='ocrx_word' id='word_1_43' title='bbox 1684 754 1741 804; x_wconf 93' lang='lat' dir='ltr'><strong>et</strong></span> <span class='ocrx_word' id='word_1_44' title='bbox 1762 749 1833 803; x_wconf 90' lang='lat' dir='ltr'><strong>ad</strong></span> 
     </span>
    </p>
   </div>
   <div class='ocr_carea' id='block_1_7' title="bbox 164 837 1834 911">
    <p class='ocr_par' dir='ltr' id='par_1_7' title="bbox 164 837 1834 911">
     <span class='ocr_line' id='line_1_7' title="bbox 164 837 1834 911; baseline -0.005 -12"><span class='ocrx_word' id='word_1_45' title='bbox 164 840 560 899; x_wconf 80' lang='lat' dir='ltr'><strong>Hierusalem.</strong></span> <span class='ocrx_word' id='word_1_46' title='bbox 594 840 766 895; x_wconf 82' lang='lat' dir='ltr'><strong>Verbi</strong></span> <span class='ocrx_word' id='word_1_47' title='bbox 817 839 1025 911; x_wconf 88' lang='lat' dir='ltr'><strong>gratia.</strong></span> <span class='ocrx_word' id='word_1_48' title='bbox 1060 839 1119 894; x_wconf 90' lang='lat' dir='ltr'><strong>Si</strong></span> <span class='ocrx_word' id='word_1_49' title='bbox 1151 838 1364 910; x_wconf 87' lang='lat' dir='ltr'><strong>aliquis</strong></span> <span class='ocrx_word' id='word_1_50' title='bbox 1414 838 1625 892; x_wconf 76' lang='lat' dir='ltr'><strong>dixerit</strong></span> <span class='ocrx_word' id='word_1_51' title='bbox 1672 837 1834 891; x_wconf 76' lang='lat' dir='ltr'><strong>uxori</strong></span> 
     </span>
    </p>
   </div>
   <div class='ocr_carea' id='block_1_8' title="bbox 164 928 1833 999">
    <p class='ocr_par' dir='ltr' id='par_1_8' title="bbox 164 928 1833 999">
     <span class='ocr_line' id='line_1_8' title="bbox 164 928 1833 999; baseline -0.005 -10"><span class='ocrx_word' id='word_1_52' title='bbox 164 950 291 990; x_wconf 60' lang='lat' dir='ltr'><strong>suae</strong></span> <span class='ocrx_word' id='word_1_53' title='bbox 326 948 339 987; x_wconf 88' lang='lat'><strong>:</strong></span> <span class='ocrx_word' id='word_1_54' title='bbox 374 932 418 987; x_wconf 94' lang='grc' dir='ltr'>Ο</span> <span class='ocrx_word' id='word_1_55' title='bbox 446 930 662 999; x_wconf 79' lang='lat' dir='ltr'><strong>conjux</strong></span> <span class='ocrx_word' id='word_1_56' title='bbox 693 928 980 995; x_wconf 89' lang='lat' dir='ltr'><strong>adultera,</strong></span> <span class='ocrx_word' id='word_1_57' title='bbox 1017 928 1173 983; x_wconf 81' lang='lat' dir='ltr'>istud</span> <span class='ocrx_word' id='word_1_58' title='bbox 1211 933 1463 982; x_wconf 85' lang='lat' dir='ltr'><strong>stratum</strong></span> <span class='ocrx_word' id='word_1_59' title='bbox 1514 931 1833 995; x_wconf 83' lang='lat' dir='ltr'><strong>angustum</strong></span> 
     </span>
    </p>
   </div>
   <div class='ocr_carea' id='block_1_9' title="bbox 164 1017 1835 1090">
    <p class='ocr_par' dir='ltr' id='par_1_9' title="bbox 164 1017 1835 1090">
     <span class='ocr_line' id='line_1_9' title="bbox 164 1017 1835 1090; baseline -0.004 -13"><span class='ocrx_word' id='word_1_60' title='bbox 164 1027 261 1078; x_wconf 90' lang='lat' dir='ltr'><strong>est</strong></span> <span class='ocrx_word' id='word_1_61' title='bbox 296 1038 310 1075; x_wconf 76' lang='grc' dir='ltr'>ε</span> <span class='ocrx_word' id='word_1_62' title='bbox 345 1036 459 1075; x_wconf 90' lang='lat' dir='ltr'><strong>non</strong></span> <span class='ocrx_word' id='word_1_63' title='bbox 493 1022 684 1090; x_wconf 90' lang='lat' dir='ltr'><strong>potest</strong></span> <span class='ocrx_word' id='word_1_64' title='bbox 713 1034 918 1088; x_wconf 83' lang='lat' dir='ltr'><strong>capere</strong></span> <span class='ocrx_word' id='word_1_65' title='bbox 952 1034 1044 1072; x_wconf 92' lang='lat' dir='ltr'><strong>me</strong></span> <span class='ocrx_word' id='word_1_66' title='bbox 1074 1022 1131 1071; x_wconf 93' lang='lat' dir='ltr'><strong>et</strong></span> <span class='ocrx_word' id='word_1_67' title='bbox 1164 1017 1329 1070; x_wconf 91' lang='lat' dir='ltr'><strong>illum</strong></span> <span class='ocrx_word' id='word_1_68' title='bbox 1353 1035 1486 1071; x_wconf 82' lang='lat' dir='ltr'><strong>eum</strong></span> <span class='ocrx_word' id='word_1_69' title='bbox 1515 1034 1630 1087; x_wconf 90' lang='lat' dir='ltr'><strong>quo</strong></span> <span class='ocrx_word' id='word_1_70' title='bbox 1653 1017 1835 1070; x_wconf 78' lang='lat' dir='ltr'><strong>violas</strong></span> 
     </span>
    </p>
   </div>
   <div class='ocr_carea' id='block_1_10' title="bbox 162 1105 1835 1177">
    <p class='ocr_par' dir='ltr' id='par_1_10' title="bbox 162 1105 1835 1177">
     <span class='ocr_line' id='line_1_10' title="bbox 162 1105 1835 1177; baseline -0.004 -11"><span class='ocrx_word' id='word_1_71' title='bbox 162 1110 337 1166; x_wconf 89' lang='lat' dir='ltr'><strong>illud.</strong></span> <span class='ocrx_word' id='word_1_72' title='bbox 372 1110 442 1165; x_wconf 85' lang='lat' dir='ltr'><strong>Et</strong></span> <span class='ocrx_word' id='word_1_73' title='bbox 470 1108 628 1164; x_wconf 81' lang='lat' dir='ltr'>istud</span> <span class='ocrx_word' id='word_1_74' title='bbox 663 1105 907 1177; x_wconf 89' lang='lat' dir='ltr'><strong>pallium</strong></span> <span class='ocrx_word' id='word_1_75' title='bbox 957 1107 1126 1161; x_wconf 87' lang='lat' dir='ltr'><strong>breve</strong></span> <span class='ocrx_word' id='word_1_76' title='bbox 1156 1110 1243 1160; x_wconf 92' lang='lat' dir='ltr'><strong>est</strong></span> <span class='ocrx_word' id='word_1_77' title='bbox 1269 1110 1323 1159; x_wconf 90' lang='lat' dir='ltr'><strong>et</strong></span> <span class='ocrx_word' id='word_1_78' title='bbox 1356 1112 1695 1175; x_wconf 82' lang='lat' dir='ltr'><strong>angustum,</strong></span> <span class='ocrx_word' id='word_1_79' title='bbox 1731 1122 1835 1159; x_wconf 90' lang='lat' dir='ltr'><strong>nec</strong></span> 
     </span>
    </p>
   </div>
   <div class='ocr_carea' id='block_1_11' title="bbox 164 1194 1834 1269">
    <p class='ocr_par' dir='ltr' id='par_1_11' title="bbox 164 1194 1834 1269">
     <span class='ocr_line' id='line_1_11' title="bbox 164 1194 1834 1269; baseline -0.004 -14"><span class='ocrx_word' id='word_1_80' title='bbox 164 1199 326 1255; x_wconf 91' lang='lat' dir='ltr'><strong>valet</strong></span> <span class='ocrx_word' id='word_1_81' title='bbox 366 1197 596 1269; x_wconf 85' lang='lat' dir='ltr'><strong>Operire</strong></span> <span class='ocrx_word' id='word_1_82' title='bbox 637 1212 730 1251; x_wconf 89' lang='lat' dir='ltr'><strong>me</strong></span> <span class='ocrx_word' id='word_1_83' title='bbox 760 1200 819 1250; x_wconf 91' lang='lat' dir='ltr'><strong>et</strong></span> <span class='ocrx_word' id='word_1_84' title='bbox 848 1194 1205 1250; x_wconf 88' lang='lat' dir='ltr'><strong>adulterum.</strong></span> <span class='ocrx_word' id='word_1_85' title='bbox 1241 1196 1309 1250; x_wconf 83' lang='lat' dir='ltr'><strong>Et</strong></span> <span class='ocrx_word' id='word_1_86' title='bbox 1356 1200 1445 1249; x_wconf 85' lang='lat' dir='ltr'><strong>est</strong></span> <span class='ocrx_word' id='word_1_87' title='bbox 1494 1212 1705 1249; x_wconf 84' lang='lat' dir='ltr'><strong>sensus</strong></span> <span class='ocrx_word' id='word_1_88' title='bbox 1741 1211 1753 1248; x_wconf 89' lang='lat'>:</span> <span class='ocrx_word' id='word_1_89' title='bbox 1789 1195 1834 1249; x_wconf 88' lang='grc' dir='ltr'>Ο</span> 
     </span>
    </p>
   </div>
   <div class='ocr_carea' id='block_1_12' title="bbox 167 1282 1833 1353">
    <p class='ocr_par' dir='ltr' id='par_1_12' title="bbox 167 1282 1833 1353">
     <span class='ocr_line' id='line_1_12' title="bbox 167 1282 1833 1353; baseline -0.004 -11"><span class='ocrx_word' id='word_1_90' title='bbox 167 1283 558 1350; x_wconf 76' lang='lat' dir='ltr'><strong>Hierusalem,</strong></span> <span class='ocrx_word' id='word_1_91' title='bbox 582 1284 631 1339; x_wconf 87' lang='lat' dir='ltr'><strong>si</strong></span> <span class='ocrx_word' id='word_1_92' title='bbox 655 1284 741 1338; x_wconf 91' lang='lat' dir='ltr'><strong>vis</strong></span> <span class='ocrx_word' id='word_1_93' title='bbox 772 1283 987 1338; x_wconf 88' lang='lat' dir='ltr'><strong>habere</strong></span> <span class='ocrx_word' id='word_1_94' title='bbox 1018 1300 1109 1337; x_wconf 91' lang='lat' dir='ltr'><strong>me</strong></span> <span class='ocrx_word' id='word_1_95' title='bbox 1139 1282 1447 1353; x_wconf 87' lang='lat' dir='ltr'><strong>coujugem</strong></span> <span class='ocrx_word' id='word_1_96' title='bbox 1471 1288 1529 1337; x_wconf 90' lang='lat' dir='ltr'><strong>et</strong></span> <span class='ocrx_word' id='word_1_97' title='bbox 1550 1288 1833 1353; x_wconf 65' lang='lat' dir='ltr'><strong>protecto-</strong></span> 
     </span>
    </p>
   </div>
   <div class='ocr_carea' id='block_1_13' title="bbox 165 1372 1832 1444">
    <p class='ocr_par' dir='ltr' id='par_1_13' title="bbox 165 1372 1832 1444">
     <span class='ocr_line' id='line_1_13' title="bbox 165 1372 1832 1444; baseline -0.004 -13"><span class='ocrx_word' id='word_1_98' title='bbox 165 1392 318 1443; x_wconf 60' lang='grc' dir='ltr'><strong>νοω,</strong></span> <span class='ocrx_word' id='word_1_99' title='bbox 351 1390 592 1430; x_wconf 86' lang='lat' dir='ltr'><strong>necesse</strong></span> <span class='ocrx_word' id='word_1_100' title='bbox 620 1377 711 1428; x_wconf 88' lang='lat' dir='ltr'><strong>est</strong></span> <span class='ocrx_word' id='word_1_101' title='bbox 742 1377 807 1428; x_wconf 89' lang='lat' dir='ltr'><strong>ut</strong></span> <span class='ocrx_word' id='word_1_102' title='bbox 837 1372 1247 1444; x_wconf 68' lang='lat' dir='ltr'><strong>prmtermittas</strong></span> <span class='ocrx_word' id='word_1_103' title='bbox 1277 1373 1415 1426; x_wconf 89' lang='lat' dir='ltr'><strong>deos</strong></span> <span class='ocrx_word' id='word_1_104' title='bbox 1449 1372 1706 1426; x_wconf 90' lang='lat' dir='ltr'><strong>alienos:</strong></span> <span class='ocrx_word' id='word_1_105' title='bbox 1732 1372 1832 1441; x_wconf 85' lang='lat' dir='ltr'><strong>qui</strong></span> 
     </span>
    </p>
   </div>
   <div class='ocr_carea' id='block_1_14' title="bbox 165 1460 1835 1534">
    <p class='ocr_par' dir='ltr' id='par_1_14' title="bbox 165 1460 1835 1534">
     <span class='ocr_line' id='line_1_14' title="bbox 165 1460 1835 1534; baseline -0.004 -13"><span class='ocrx_word' id='word_1_106' title='bbox 165 1464 277 1521; x_wconf 85' lang='lat' dir='ltr'><strong>tibi</strong></span> <span class='ocrx_word' id='word_1_107' title='bbox 309 1479 546 1534; x_wconf 81' lang='lat' dir='ltr'><strong>semper</strong></span> <span class='ocrx_word' id='word_1_108' title='bbox 575 1462 633 1517; x_wconf 92' lang='lat' dir='ltr'><strong>in</strong></span> <span class='ocrx_word' id='word_1_109' title='bbox 667 1460 897 1517; x_wconf 89' lang='lat' dir='ltr'><strong>ruinam</strong></span> <span class='ocrx_word' id='word_1_110' title='bbox 931 1466 988 1516; x_wconf 91' lang='lat' dir='ltr'><strong>et</strong></span> <span class='ocrx_word' id='word_1_111' title='bbox 1008 1461 1401 1515; x_wconf 78' lang='lat' dir='ltr'><strong>calamitatem</strong></span> <span class='ocrx_word' id='word_1_112' title='bbox 1425 1461 1711 1514; x_wconf 90' lang='lat' dir='ltr'><strong>sunt.Non</strong></span> <span class='ocrx_word' id='word_1_113' title='bbox 1744 1478 1835 1530; x_wconf 79' lang='lat' dir='ltr'><strong>po-</strong></span> 
     </span>
    </p>
   </div>
   <div class='ocr_carea' id='block_1_15' title="bbox 167 1548 1833 1622">
    <p class='ocr_par' dir='ltr' id='par_1_15' title="bbox 167 1548 1833 1622">
     <span class='ocr_line' id='line_1_15' title="bbox 167 1548 1833 1622; baseline -0.004 -13"><span class='ocrx_word' id='word_1_114' title='bbox 167 1552 315 1609; x_wconf 90' lang='lat' dir='ltr'><strong>teris</strong></span> <span class='ocrx_word' id='word_1_115' title='bbox 343 1551 502 1608; x_wconf 87' lang='lat' dir='ltr'><strong>enim</strong></span> <span class='ocrx_word' id='word_1_116' title='bbox 537 1555 856 1622; x_wconf 88' lang='lat' dir='ltr'><strong>utrumque</strong></span> <span class='ocrx_word' id='word_1_117' title='bbox 887 1549 1226 1620; x_wconf 86' lang='lat' dir='ltr'><strong>adimplere,</strong></span> <span class='ocrx_word' id='word_1_118' title='bbox 1246 1548 1513 1604; x_wconf 83' lang='lat' dir='ltr'><strong>videlicet</strong></span> <span class='ocrx_word' id='word_1_119' title='bbox 1534 1550 1673 1603; x_wconf 90' lang='lat' dir='ltr'><strong>deos</strong></span> <span class='ocrx_word' id='word_1_120' title='bbox 1696 1548 1833 1603; x_wconf 90' lang='lat' dir='ltr'><strong>alie-</strong></span> 
     </span>
    </p>
   </div>
   <div class='ocr_carea' id='block_1_16' title="bbox 167 1638 1832 1710">
    <p class='ocr_par' dir='ltr' id='par_1_16' title="bbox 167 1638 1832 1710">
     <span class='ocr_line' id='line_1_16' title="bbox 167 1638 1832 1710; baseline -0.004 -12"><span class='ocrx_word' id='word_1_121' title='bbox 167 1659 279 1698; x_wconf 92' lang='lat' dir='ltr'><strong>nos</strong></span> <span class='ocrx_word' id='word_1_122' title='bbox 309 1641 577 1706; x_wconf 89' lang='lat' dir='ltr'><strong>adorare,</strong></span> <span class='ocrx_word' id='word_1_123' title='bbox 602 1643 660 1695; x_wconf 90' lang='lat' dir='ltr'><strong>et</strong></span> <span class='ocrx_word' id='word_1_124' title='bbox 688 1655 782 1694; x_wconf 91' lang='lat' dir='ltr'><strong>me</strong></span> <span class='ocrx_word' id='word_1_125' title='bbox 816 1642 1201 1710; x_wconf 88' lang='lat' dir='ltr'><strong>protectorem</strong></span> <span class='ocrx_word' id='word_1_126' title='bbox 1236 1638 1451 1692; x_wconf 86' lang='lat' dir='ltr'><strong>habere</strong></span> <span class='ocrx_word' id='word_1_127' title='bbox 1476 1654 1489 1691; x_wconf 89' lang='lat'><strong>:</strong></span> <span class='ocrx_word' id='word_1_128' title='bbox 1513 1654 1647 1691; x_wconf 90' lang='lat' dir='ltr'><strong>cum</strong></span> <span class='ocrx_word' id='word_1_129' title='bbox 1672 1654 1832 1691; x_wconf 89' lang='lat' dir='ltr'><strong>ama-</strong></span> 
     </span>
    </p>
   </div>
   <div class='ocr_carea' id='block_1_17' title="bbox 165 1726 1835 1797">
    <p class='ocr_par' dir='ltr' id='par_1_17' title="bbox 165 1726 1835 1797">
     <span class='ocr_line' id='line_1_17' title="bbox 165 1726 1835 1797; baseline -0.004 -10"><span class='ocrx_word' id='word_1_130' title='bbox 165 1729 400 1787; x_wconf 78' lang='lat' dir='ltr'><strong>toribus</strong></span> <span class='ocrx_word' id='word_1_131' title='bbox 446 1727 779 1784; x_wconf 83' lang='lat' dir='ltr'><strong>adulterare</strong></span> <span class='ocrx_word' id='word_1_132' title='bbox 808 1731 865 1782; x_wconf 91' lang='lat' dir='ltr'><strong>et</strong></span> <span class='ocrx_word' id='word_1_133' title='bbox 894 1726 1041 1781; x_wconf 85' lang='lat' dir='ltr'><strong>mihi</strong></span> <span class='ocrx_word' id='word_1_134' title='bbox 1073 1726 1319 1797; x_wconf 85' lang='lat' dir='ltr'><strong>placere.</strong></span> <span class='ocrx_word' id='word_1_135' title='bbox 1356 1750 1384 1777; x_wconf 75' lang='grc' dir='ltr'>α</span> <span class='ocrx_word' id='word_1_136' title='bbox 1416 1726 1597 1781; x_wconf 89' lang='lat' dir='ltr'><strong>Nemo</strong></span> <span class='ocrx_word' id='word_1_137' title='bbox 1644 1730 1835 1797; x_wconf 86' lang='lat' dir='ltr'><strong>potest</strong></span> 
     </span>
    </p>
   </div>
   <div class='ocr_carea' id='block_1_18' title="bbox 165 1814 1342 1886">
    <p class='ocr_par' dir='ltr' id='par_1_18' title="bbox 165 1814 1342 1886">
     <span class='ocr_line' id='line_1_18' title="bbox 165 1814 1342 1886; baseline -0.01 -11"><span class='ocrx_word' id='word_1_138' title='bbox 165 1819 404 1879; x_wconf 90' lang='lat' dir='ltr'><strong>duobus</strong></span> <span class='ocrx_word' id='word_1_139' title='bbox 434 1815 694 1873; x_wconf 89' lang='lat' dir='ltr'><strong>dominis</strong></span> <span class='ocrx_word' id='word_1_140' title='bbox 724 1814 937 1871; x_wconf 87' lang='lat' dir='ltr'><strong>servire</strong></span> <span class='ocrx_word' id='word_1_141' title='bbox 965 1815 1275 1886; x_wconf 52' lang='lat' dir='ltr'><strong>(Matthxi).</strong></span> <span class='ocrx_word' id='word_1_142' title='bbox 1314 1838 1342 1863; x_wconf 89' lang='grc'><strong>››</strong></span> 
     </span>
    </p>
   </div>
   <div class='ocr_carea' id='block_1_19' title="bbox 237 1902 1829 1967">
    <p class='ocr_par' dir='ltr' id='par_1_19' title="bbox 237 1902 1829 1967">
     <span class='ocr_line' id='line_1_19' title="bbox 237 1902 1829 1967; baseline -0.001 -8"><span class='ocrx_word' id='word_1_143' title='bbox 237 1930 268 1959; x_wconf 76' lang='grc' dir='ltr'>κ</span> <span class='ocrx_word' id='word_1_144' title='bbox 294 1905 635 1964; x_wconf 89' lang='lat' dir='ltr'><strong>Sicutenim</strong></span> <span class='ocrx_word' id='word_1_145' title='bbox 652 1904 712 1959; x_wconf 92' lang='lat' dir='ltr'><strong>in</strong></span> <span class='ocrx_word' id='word_1_146' title='bbox 731 1908 927 1960; x_wconf 91' lang='lat' dir='ltr'><strong>monte</strong></span> <span class='ocrx_word' id='word_1_147' title='bbox 949 1904 1303 1959; x_wconf 85' lang='lat' dir='ltr'><strong>divisionum</strong></span> <span class='ocrx_word' id='word_1_148' title='bbox 1327 1902 1507 1958; x_wconf 88' lang='lat' dir='ltr'><strong>stabit</strong></span> <span class='ocrx_word' id='word_1_149' title='bbox 1524 1902 1829 1967; x_wconf 86' lang='lat' dir='ltr'><strong>Dominus,</strong></span> 
     </span>
    </p>
   </div>
   <div class='ocr_carea' id='block_1_20' title="bbox 164 1992 1833 2064">
    <p class='ocr_par' dir='ltr' id='par_1_20' title="bbox 164 1992 1833 2064">
     <span class='ocr_line' id='line_1_20' title="bbox 164 1992 1833 2064; baseline -0.004 -11"><span class='ocrx_word' id='word_1_150' title='bbox 164 1997 323 2053; x_wconf 80' lang='lat' dir='ltr'><strong>sicut</strong></span> <span class='ocrx_word' id='word_1_151' title='bbox 351 1996 414 2053; x_wconf 89' lang='lat' dir='ltr'><strong>in</strong></span> <span class='ocrx_word' id='word_1_152' title='bbox 454 1992 606 2050; x_wconf 88' lang='lat' dir='ltr'><strong>valle</strong></span> <span class='ocrx_word' id='word_1_153' title='bbox 653 2009 783 2064; x_wconf 65' lang='lat' dir='ltr'><strong>quis</strong></span> <span class='ocrx_word' id='word_1_154' title='bbox 828 1997 919 2048; x_wconf 90' lang='lat' dir='ltr'><strong>est</strong></span> <span class='ocrx_word' id='word_1_155' title='bbox 966 1993 1027 2046; x_wconf 94' lang='lat' dir='ltr'><strong>in</strong></span> <span class='ocrx_word' id='word_1_156' title='bbox 1076 1993 1266 2047; x_wconf 89' lang='lat' dir='ltr'><strong>Sabaa</strong></span> <span class='ocrx_word' id='word_1_157' title='bbox 1316 1992 1617 2046; x_wconf 84' lang='lat' dir='ltr'><strong>irascetur.</strong></span> <span class='ocrx_word' id='word_1_158' title='bbox 1655 2014 1683 2039; x_wconf 85' lang='grc'><strong>››</strong></span> <span class='ocrx_word' id='word_1_159' title='bbox 1712 1992 1833 2047; x_wconf 78' lang='lat' dir='ltr'><strong>Vox</strong></span> 
     </span>
    </p>
   </div>
   <div class='ocr_carea' id='block_1_21' title="bbox 162 2079 1830 2160">
    <p class='ocr_par' dir='ltr' id='par_1_21' title="bbox 162 2079 1830 2160">
     <span class='ocr_line' id='line_1_21' title="bbox 162 2079 1830 2160; baseline -0.006 -17"><span class='ocrx_word' id='word_1_160' title='bbox 162 2084 464 2160; x_wconf 72' lang='lat' dir='ltr'><strong>prophetas</strong></span> <span class='ocrx_word' id='word_1_161' title='bbox 496 2085 705 2138; x_wconf 86' lang='lat' dir='ltr'><strong>contra</strong></span> <span class='ocrx_word' id='word_1_162' title='bbox 735 2079 1119 2136; x_wconf 85' lang='lat' dir='ltr'><strong>Hierusalem.</strong></span> <span class='ocrx_word' id='word_1_163' title='bbox 1145 2080 1601 2136; x_wconf 88' lang='lat' dir='ltr'><strong>Subauditiones</strong></span> <span class='ocrx_word' id='word_1_164' title='bbox 1632 2081 1742 2135; x_wconf 90' lang='lat' dir='ltr'><strong>isto</strong></span> <span class='ocrx_word' id='word_1_165' title='bbox 1773 2080 1830 2133; x_wconf 92' lang='lat' dir='ltr'><strong>in</strong></span> 
     </span>
    </p>
   </div>
   <div class='ocr_carea' id='block_1_22' title="bbox 165 2169 1829 2230">
    <p class='ocr_par' dir='ltr' id='par_1_22' title="bbox 165 2169 1829 2230">
     <span class='ocr_line' id='line_1_22' title="bbox 165 2169 1829 2230; baseline -0.005 1"><span class='ocrx_word' id='word_1_166' title='bbox 165 2174 293 2230; x_wconf 88' lang='lat' dir='ltr'><strong>loco</strong></span> <span class='ocrx_word' id='word_1_167' title='bbox 323 2171 673 2229; x_wconf 66' lang='lat' dir='ltr'><strong>necessariis</strong></span> <span class='ocrx_word' id='word_1_168' title='bbox 704 2174 863 2226; x_wconf 89' lang='lat' dir='ltr'><strong>sunt.</strong></span> <span class='ocrx_word' id='word_1_169' title='bbox 899 2192 928 2219; x_wconf 86' lang='grc'><strong>‹‹</strong></span> <span class='ocrx_word' id='word_1_170' title='bbox 964 2169 1127 2225; x_wconf 90' lang='lat' dir='ltr'><strong>Sicut</strong></span> <span class='ocrx_word' id='word_1_171' title='bbox 1154 2170 1213 2224; x_wconf 90' lang='lat' dir='ltr'><strong>in</strong></span> <span class='ocrx_word' id='word_1_172' title='bbox 1247 2174 1444 2223; x_wconf 89' lang='lat' dir='ltr'><strong>monte</strong></span> <span class='ocrx_word' id='word_1_173' title='bbox 1474 2169 1829 2224; x_wconf 86' lang='lat' dir='ltr'><strong>divisionum</strong></span> 
     </span>
    </p>
   </div>
   <div class='ocr_carea' id='block_1_23' title="bbox 164 2256 1828 2329">
    <p class='ocr_par' dir='ltr' id='par_1_23' title="bbox 164 2256 1828 2329">
     <span class='ocr_line' id='line_1_23' title="bbox 164 2256 1828 2329; baseline -0.006 -8"><span class='ocrx_word' id='word_1_174' title='bbox 164 2263 330 2321; x_wconf 79' lang='lat' dir='ltr'><strong>stetit</strong></span> <span class='ocrx_word' id='word_1_175' title='bbox 349 2257 967 2326; x_wconf 82' lang='lat' dir='ltr'><strong>Dominus,»dividens</strong></span> <span class='ocrx_word' id='word_1_176' title='bbox 990 2256 1311 2313; x_wconf 69' lang='lat' dir='ltr'><strong>Philistaios</strong></span> <span class='ocrx_word' id='word_1_177' title='bbox 1334 2263 1631 2329; x_wconf 83' lang='lat' dir='ltr'><strong>pugnante</strong></span> <span class='ocrx_word' id='word_1_178' title='bbox 1651 2257 1828 2312; x_wconf 87' lang='lat' dir='ltr'><strong>David</strong></span> 
     </span>
    </p>
   </div>
   <div class='ocr_carea' id='block_1_24' title="bbox 166 2346 1829 2423">
    <p class='ocr_par' dir='ltr' id='par_1_24' title="bbox 166 2346 1829 2423">
     <span class='ocr_line' id='line_1_24' title="bbox 166 2346 1829 2423; baseline -0.005 -16"><span class='ocrx_word' id='word_1_179' title='bbox 166 2353 213 2423; x_wconf 85' lang='grc'><strong>(1</strong></span> <span class='ocrx_word' id='word_1_180' title='bbox 237 2351 432 2409; x_wconf 82' lang='lat' dir='ltr'><strong>Paral.</strong></span> <span class='ocrx_word' id='word_1_181' title='bbox 481 2348 597 2420; x_wconf 77' lang='lat' dir='ltr'><strong>xxv)</strong></span> <span class='ocrx_word' id='word_1_182' title='bbox 631 2364 644 2403; x_wconf 86' lang='lat'><strong>:</strong></span> <span class='ocrx_word' id='word_1_183' title='bbox 680 2348 764 2403; x_wconf 87' lang='lat' dir='ltr'><strong>sic</strong></span> <span class='ocrx_word' id='word_1_184' title='bbox 813 2346 995 2402; x_wconf 86' lang='lat' dir='ltr'><strong>stabit</strong></span> <span class='ocrx_word' id='word_1_185' title='bbox 1053 2346 1340 2402; x_wconf 86' lang='lat' dir='ltr'><strong>Dominus</strong></span> <span class='ocrx_word' id='word_1_186' title='bbox 1391 2351 1595 2401; x_wconf 87' lang='lat' dir='ltr'><strong>contra</strong></span> <span class='ocrx_word' id='word_1_187' title='bbox 1642 2363 1764 2411; x_wconf 92' lang='lat' dir='ltr'><strong>vos,</strong></span> <span class='ocrx_word' id='word_1_188' title='bbox 1797 2364 1829 2400; x_wconf 96' lang='lat' dir='ltr'><strong>o</strong></span> 
     </span>
    </p>
   </div>
   <div class='ocr_carea' id='block_1_25' title="bbox 167 2435 1829 2508">
    <p class='ocr_par' dir='ltr' id='par_1_25' title="bbox 167 2435 1829 2508">
     <span class='ocr_line' id='line_1_25' title="bbox 167 2435 1829 2508; baseline -0.005 -10"><span class='ocrx_word' id='word_1_189' title='bbox 167 2441 325 2498; x_wconf 84' lang='lat' dir='ltr'><strong>Juda</strong></span> <span class='ocrx_word' id='word_1_190' title='bbox 364 2443 425 2496; x_wconf 88' lang='lat' dir='ltr'><strong>et</strong></span> <span class='ocrx_word' id='word_1_191' title='bbox 473 2435 801 2508; x_wconf 88' lang='lat' dir='ltr'><strong>Benjamiu.</strong></span> <span class='ocrx_word' id='word_1_192' title='bbox 855 2436 1079 2508; x_wconf 81' lang='lat' dir='ltr'><strong>Regum</strong></span> <span class='ocrx_word' id='word_1_193' title='bbox 1129 2435 1376 2490; x_wconf 90' lang='lat' dir='ltr'><strong>historia</strong></span> <span class='ocrx_word' id='word_1_194' title='bbox 1422 2439 1640 2503; x_wconf 87' lang='lat' dir='ltr'><strong>narrat,</strong></span> <span class='ocrx_word' id='word_1_195' title='bbox 1673 2435 1829 2505; x_wconf 89' lang='lat' dir='ltr'><strong>quod</strong></span> 
     </span>
    </p>
   </div>
   <div class='ocr_carea' id='block_1_26' title="bbox 169 2522 1831 2597">
    <p class='ocr_par' dir='ltr' id='par_1_26' title="bbox 169 2522 1831 2597">
     <span class='ocr_line' id='line_1_26' title="bbox 169 2522 1831 2597; baseline -0.005 -11"><span class='ocrx_word' id='word_1_196' title='bbox 169 2526 483 2586; x_wconf 66' lang='lat' dir='ltr'><strong>Philistaais</strong></span> <span class='ocrx_word' id='word_1_197' title='bbox 508 2524 877 2597; x_wconf 77' lang='lat' dir='ltr'><strong>congregatis</strong></span> <span class='ocrx_word' id='word_1_198' title='bbox 908 2525 966 2578; x_wconf 91' lang='lat' dir='ltr'><strong>in</strong></span> <span class='ocrx_word' id='word_1_199' title='bbox 1000 2541 1116 2578; x_wconf 90' lang='lat' dir='ltr'><strong>uno</strong></span> <span class='ocrx_word' id='word_1_200' title='bbox 1138 2522 1332 2595; x_wconf 88' lang='lat' dir='ltr'><strong>globo,</strong></span> <span class='ocrx_word' id='word_1_201' title='bbox 1357 2524 1693 2594; x_wconf 90' lang='lat' dir='ltr'><strong>supervenit</strong></span> <span class='ocrx_word' id='word_1_202' title='bbox 1714 2522 1831 2577; x_wconf 91' lang='lat' dir='ltr'><strong>illis</strong></span> 
     </span>
    </p>
   </div>
   <div class='ocr_carea' id='block_1_27' title="bbox 167 2611 1832 2685">
    <p class='ocr_par' dir='ltr' id='par_1_27' title="bbox 167 2611 1832 2685">
     <span class='ocr_line' id='line_1_27' title="bbox 167 2611 1832 2685; baseline -0.005 -10"><span class='ocrx_word' id='word_1_203' title='bbox 167 2618 376 2685; x_wconf 86' lang='lat' dir='ltr'><strong>David,</strong></span> <span class='ocrx_word' id='word_1_204' title='bbox 409 2619 468 2672; x_wconf 89' lang='lat' dir='ltr'><strong>et</strong></span> <span class='ocrx_word' id='word_1_205' title='bbox 496 2614 743 2671; x_wconf 91' lang='lat' dir='ltr'><strong>Domino</strong></span> <span class='ocrx_word' id='word_1_206' title='bbox 776 2612 888 2670; x_wconf 92' lang='lat' dir='ltr'><strong>sibi</strong></span> <span class='ocrx_word' id='word_1_207' title='bbox 919 2612 1262 2684; x_wconf 89' lang='lat' dir='ltr'><strong>opitulante,</strong></span> <span class='ocrx_word' id='word_1_208' title='bbox 1286 2612 1485 2667; x_wconf 88' lang='lat' dir='ltr'><strong>divisit</strong></span> <span class='ocrx_word' id='word_1_209' title='bbox 1509 2611 1640 2667; x_wconf 92' lang='lat' dir='ltr'><strong>illos</strong></span> <span class='ocrx_word' id='word_1_210' title='bbox 1660 2613 1733 2666; x_wconf 91' lang='lat' dir='ltr'><strong>ab</strong></span> <span class='ocrx_word' id='word_1_211' title='bbox 1756 2612 1832 2666; x_wconf 87' lang='lat' dir='ltr'><strong>al-</strong></span> 
     </span>
    </p>
   </div>
   <div class='ocr_carea' id='block_1_28' title="bbox 165 2700 1827 2773">
    <p class='ocr_par' dir='ltr' id='par_1_28' title="bbox 165 2700 1827 2773">
     <span class='ocr_line' id='line_1_28' title="bbox 165 2700 1827 2773; baseline -0.005 -9"><span class='ocrx_word' id='word_1_212' title='bbox 165 2710 483 2764; x_wconf 88' lang='lat' dir='ltr'><strong>terutrum.</strong></span> <span class='ocrx_word' id='word_1_213' title='bbox 518 2701 607 2760; x_wconf 88' lang='lat' dir='ltr'><strong>Illi</strong></span> <span class='ocrx_word' id='word_1_214' title='bbox 641 2717 897 2773; x_wconf 87' lang='lat' dir='ltr'><strong>namque</strong></span> <span class='ocrx_word' id='word_1_215' title='bbox 929 2700 1031 2773; x_wconf 89' lang='lat' dir='ltr'><strong>qui</strong></span> <span class='ocrx_word' id='word_1_216' title='bbox 1062 2700 1273 2757; x_wconf 90' lang='lat' dir='ltr'><strong>mortui</strong></span> <span class='ocrx_word' id='word_1_217' title='bbox 1310 2706 1827 2756; x_wconf 87' lang='lat' dir='ltr'><strong>rcmanseruntsc-</strong></span> 
     </span>
    </p>
   </div>
   <div class='ocr_carea' id='block_1_29' title="bbox 157 2788 1829 2868">
    <p class='ocr_par' dir='ltr' id='par_1_29' title="bbox 157 2788 1829 2868">
     <span class='ocr_line' id='line_1_29' title="bbox 157 2788 1829 2868; baseline -0.005 -16"><span class='ocrx_word' id='word_1_218' title='bbox 157 2794 353 2868; x_wconf 84' lang='lat' dir='ltr'><strong>juncti</strong></span> <span class='ocrx_word' id='word_1_219' title='bbox 371 2796 514 2850; x_wconf 90' lang='lat' dir='ltr'><strong>sunt</strong></span> <span class='ocrx_word' id='word_1_220' title='bbox 528 2792 600 2847; x_wconf 93' lang='lat' dir='ltr'><strong>ab</strong></span> <span class='ocrx_word' id='word_1_221' title='bbox 624 2790 741 2845; x_wconf 88' lang='lat' dir='ltr'><strong>illis</strong></span> <span class='ocrx_word' id='word_1_222' title='bbox 764 2790 863 2861; x_wconf 88' lang='lat' dir='ltr'><strong>qui</strong></span> <span class='ocrx_word' id='word_1_223' title='bbox 882 2807 985 2861; x_wconf 90' lang='lat' dir='ltr'><strong>per</strong></span> <span class='ocrx_word' id='word_1_224' title='bbox 1005 2790 1264 2845; x_wconf 89' lang='lat' dir='ltr'><strong>diversas</strong></span> <span class='ocrx_word' id='word_1_225' title='bbox 1288 2789 1636 2844; x_wconf 85' lang='lat' dir='ltr'><strong>solitudines</strong></span> <span class='ocrx_word' id='word_1_226' title='bbox 1661 2788 1829 2860; x_wconf 89' lang='lat' dir='ltr'><strong>longe</strong></span> 
     </span>
    </p>
   </div>
   <div class='ocr_carea' id='block_1_30' title="bbox 163 2877 1829 2956">
    <p class='ocr_par' dir='ltr' id='par_1_30' title="bbox 163 2877 1829 2956">
     <span class='ocr_line' id='line_1_30' title="bbox 163 2877 1829 2956; baseline -0.004 -17"><span class='ocrx_word' id='word_1_227' title='bbox 163 2884 399 2956; x_wconf 83' lang='lat' dir='ltr'><strong>lateque</strong></span> <span class='ocrx_word' id='word_1_228' title='bbox 430 2878 683 2953; x_wconf 85' lang='lat' dir='ltr'><strong>dispersi</strong></span> <span class='ocrx_word' id='word_1_229' title='bbox 714 2883 1263 2949; x_wconf 87' lang='lat' dir='ltr'><strong>sunt,persequente</strong></span> <span class='ocrx_word' id='word_1_230' title='bbox 1296 2878 1428 2931; x_wconf 92' lang='lat' dir='ltr'><strong>illos</strong></span> <span class='ocrx_word' id='word_1_231' title='bbox 1459 2877 1829 2933; x_wconf 86' lang='lat' dir='ltr'><strong>David.Undc</strong></span> 
     </span>
    </p>
   </div>
   <div class='ocr_carea' id='block_1_31' title="bbox 160 2966 1828 3036">
    <p class='ocr_par' dir='ltr' id='par_1_31' title="bbox 160 2966 1828 3036">
     <span class='ocr_line' id='line_1_31' title="bbox 160 2966 1828 3036; baseline -0.005 -9"><span class='ocrx_word' id='word_1_232' title='bbox 160 2976 405 3028; x_wconf 83' lang='lat' dir='ltr'><strong>vocatus</strong></span> <span class='ocrx_word' id='word_1_233' title='bbox 435 2973 528 3026; x_wconf 89' lang='lat' dir='ltr'><strong>est</strong></span> <span class='ocrx_word' id='word_1_234' title='bbox 558 2968 722 3025; x_wconf 89' lang='lat' dir='ltr'><strong>locus</strong></span> <span class='ocrx_word' id='word_1_235' title='bbox 752 2967 849 3022; x_wconf 90' lang='lat' dir='ltr'><strong>ille</strong></span> <span class='ocrx_word' id='word_1_236' title='bbox 883 2966 1017 3022; x_wconf 90' lang='lat' dir='ltr'><strong>Baal</strong></span> <span class='ocrx_word' id='word_1_237' title='bbox 1065 2967 1368 3022; x_wconf 88' lang='lat' dir='ltr'><strong>Pbarasim</strong></span> <span class='ocrx_word' id='word_1_238' title='bbox 1419 2969 1549 3036; x_wconf 81' lang='lat' dir='ltr'><strong>(Jos.</strong></span> <span class='ocrx_word' id='word_1_239' title='bbox 1582 2968 1659 3036; x_wconf 70' lang='grc' dir='ltr'><strong>χ).</strong></span> <span class='ocrx_word' id='word_1_240' title='bbox 1695 2989 1722 3015; x_wconf 89' lang='grc'><strong>‹‹</strong></span> <span class='ocrx_word' id='word_1_241' title='bbox 1758 2967 1828 3020; x_wconf 84' lang='lat' dir='ltr'><strong>Et</strong></span> 
     </span>
    </p>
   </div>
   <div class='ocr_carea' id='block_1_32' title="bbox 163 3053 1829 3127">
    <p class='ocr_par' dir='ltr' id='par_1_32' title="bbox 163 3053 1829 3127">
     <span class='ocr_line' id='line_1_32' title="bbox 163 3053 1829 3127; baseline -0.004 -12"><span class='ocrx_word' id='word_1_242' title='bbox 163 3059 317 3115; x_wconf 85' lang='lat' dir='ltr'><strong>sicut</strong></span> <span class='ocrx_word' id='word_1_243' title='bbox 346 3058 409 3113; x_wconf 90' lang='lat' dir='ltr'><strong>in</strong></span> <span class='ocrx_word' id='word_1_244' title='bbox 440 3054 589 3112; x_wconf 84' lang='lat' dir='ltr'><strong>valle</strong></span> <span class='ocrx_word' id='word_1_245' title='bbox 616 3072 746 3127; x_wconf 72' lang='lat' dir='ltr'><strong>quas</strong></span> <span class='ocrx_word' id='word_1_246' title='bbox 774 3053 947 3110; x_wconf 88' lang='lat' dir='ltr'><strong>estin</strong></span> <span class='ocrx_word' id='word_1_247' title='bbox 980 3055 1171 3110; x_wconf 89' lang='lat' dir='ltr'><strong>Sabaa</strong></span> <span class='ocrx_word' id='word_1_248' title='bbox 1204 3078 1230 3103; x_wconf 86' lang='grc'><strong>››</strong></span> <span class='ocrx_word' id='word_1_249' title='bbox 1262 3053 1449 3109; x_wconf 88' lang='lat' dir='ltr'><strong>iratus</strong></span> <span class='ocrx_word' id='word_1_250' title='bbox 1485 3059 1577 3109; x_wconf 91' lang='lat' dir='ltr'><strong>est</strong></span> <span class='ocrx_word' id='word_1_251' title='bbox 1625 3059 1829 3108; x_wconf 90' lang='lat' dir='ltr'><strong>contra</strong></span> 
     </span>
    </p>
   </div>
   <div class='ocr_carea' id='block_1_33' title="bbox 164 3142 1825 3217">
    <p class='ocr_par' dir='ltr' id='par_1_33' title="bbox 164 3142 1825 3217">
     <span class='ocr_line' id='line_1_33' title="bbox 164 3142 1825 3217; baseline -0.004 -13"><span class='ocrx_word' id='word_1_252' title='bbox 164 3147 527 3204; x_wconf 68' lang='lat' dir='ltr'><strong>Chananaos</strong></span> <span class='ocrx_word' id='word_1_253' title='bbox 558 3147 856 3217; x_wconf 84' lang='lat' dir='ltr'><strong>pugnante</strong></span> <span class='ocrx_word' id='word_1_254' title='bbox 886 3143 1064 3198; x_wconf 88' lang='lat' dir='ltr'><strong>Josue</strong></span> <span class='ocrx_word' id='word_1_255' title='bbox 1093 3142 1404 3197; x_wconf 89' lang='lat' dir='ltr'><strong>adversum</strong></span> <span class='ocrx_word' id='word_1_256' title='bbox 1436 3158 1556 3208; x_wconf 90' lang='lat' dir='ltr'><strong>eos,</strong></span> <span class='ocrx_word' id='word_1_257' title='bbox 1591 3142 1825 3213; x_wconf 84' lang='lat' dir='ltr'><strong>quando</strong></span> 
     </span>
    </p>
   </div>
   <div class='ocr_carea' id='block_1_34' title="bbox 164 3230 1824 3308">
    <p class='ocr_par' dir='ltr' id='par_1_34' title="bbox 164 3230 1824 3308">
     <span class='ocr_line' id='line_1_34' title="bbox 164 3230 1824 3308; baseline -0.005 -15"><span class='ocrx_word' id='word_1_258' title='bbox 164 3236 236 3293; x_wconf 88' lang='lat' dir='ltr'><strong>ad</strong></span> <span class='ocrx_word' id='word_1_259' title='bbox 259 3236 508 3308; x_wconf 86' lang='lat' dir='ltr'><strong>jussum</strong></span> <span class='ocrx_word' id='word_1_260' title='bbox 542 3232 701 3287; x_wconf 90' lang='lat' dir='ltr'><strong>illius</strong></span> <span class='ocrx_word' id='word_1_261' title='bbox 730 3230 929 3288; x_wconf 88' lang='lat' dir='ltr'><strong>omnia</strong></span> <span class='ocrx_word' id='word_1_262' title='bbox 958 3230 1151 3286; x_wconf 88' lang='lat' dir='ltr'><strong>sidera</strong></span> <span class='ocrx_word' id='word_1_263' title='bbox 1180 3230 1240 3284; x_wconf 89' lang='lat' dir='ltr'><strong>in</strong></span> <span class='ocrx_word' id='word_1_264' title='bbox 1292 3231 1598 3285; x_wconf 89' lang='lat' dir='ltr'><strong>cacumine</strong></span> <span class='ocrx_word' id='word_1_265' title='bbox 1649 3231 1824 3285; x_wconf 88' lang='lat' dir='ltr'><strong>modii</strong></span> 
     </span>
    </p>
   </div>
   <div class='ocr_carea' id='block_1_35' title="bbox 167 3319 1825 3395">
    <p class='ocr_par' dir='ltr' id='par_1_35' title="bbox 167 3319 1825 3395">
     <span class='ocr_line' id='line_1_35' title="bbox 167 3319 1825 3395; baseline -0.005 -14"><span class='ocrx_word' id='word_1_266' title='bbox 167 3324 294 3381; x_wconf 67' lang='lat' dir='ltr'><strong>casti</strong></span> <span class='ocrx_word' id='word_1_267' title='bbox 325 3322 520 3395; x_wconf 89' lang='lat' dir='ltr'><strong>spatio</strong></span> <span class='ocrx_word' id='word_1_268' title='bbox 550 3321 727 3377; x_wconf 90' lang='lat' dir='ltr'><strong>unius</strong></span> <span class='ocrx_word' id='word_1_269' title='bbox 767 3320 883 3375; x_wconf 91' lang='lat' dir='ltr'><strong>diei</strong></span> <span class='ocrx_word' id='word_1_270' title='bbox 934 3323 1266 3375; x_wconf 89' lang='lat' dir='ltr'><strong>steterunt:</strong></span> <span class='ocrx_word' id='word_1_271' title='bbox 1303 3319 1387 3374; x_wconf 89' lang='lat' dir='ltr'><strong>sic</strong></span> <span class='ocrx_word' id='word_1_272' title='bbox 1417 3342 1443 3367; x_wconf 92' lang='grc'><strong>‹‹</strong></span> <span class='ocrx_word' id='word_1_273' title='bbox 1482 3319 1764 3374; x_wconf 87' lang='lat' dir='ltr'><strong>irascetur</strong></span> <span class='ocrx_word' id='word_1_274' title='bbox 1800 3344 1825 3367; x_wconf 88' lang='grc'><strong>››</strong></span> 
     </span>
    </p>
   </div>
   <div class='ocr_carea' id='block_1_36' title="bbox 166 3408 1831 3482">
    <p class='ocr_par' dir='ltr' id='par_1_36' title="bbox 166 3408 1831 3482">
     <span class='ocr_line' id='line_1_36' title="bbox 166 3408 1831 3482; baseline -0.008 -12"><span class='ocrx_word' id='word_1_275' title='bbox 166 3412 457 3469; x_wconf 87' lang='lat' dir='ltr'><strong>Dominus</strong></span> <span class='ocrx_word' id='word_1_276' title='bbox 482 3427 659 3482; x_wconf 90' lang='lat' dir='ltr'><strong>super</strong></span> <span class='ocrx_word' id='word_1_277' title='bbox 689 3408 1056 3465; x_wconf 89' lang='lat' dir='ltr'><strong>Hierusalem</strong></span> <span class='ocrx_word' id='word_1_278' title='bbox 1078 3432 1105 3457; x_wconf 85' lang='grc'><strong>‹‹</strong></span> <span class='ocrx_word' id='word_1_279' title='bbox 1133 3412 1197 3462; x_wconf 90' lang='lat' dir='ltr'><strong>ut</strong></span> <span class='ocrx_word' id='word_1_280' title='bbox 1219 3408 1391 3462; x_wconf 82' lang='lat' dir='ltr'><strong>faciat</strong></span> <span class='ocrx_word' id='word_1_281' title='bbox 1412 3426 1559 3479; x_wconf 90' lang='lat' dir='ltr'><strong>opus</strong></span> <span class='ocrx_word' id='word_1_282' title='bbox 1584 3409 1831 3463; x_wconf 78' lang='lat' dir='ltr'><strong>suum?»</strong></span> 
     </span>
    </p>
   </div>
   <div class='ocr_carea' id='block_1_37' title="bbox 170 3496 1829 3570">
    <p class='ocr_par' dir='ltr' id='par_1_37' title="bbox 170 3496 1829 3570">
     <span class='ocr_line' id='line_1_37' title="bbox 170 3496 1829 3570; baseline -0.004 -13"><span class='ocrx_word' id='word_1_283' title='bbox 170 3501 372 3558; x_wconf 86' lang='lat' dir='ltr'><strong>Potius</strong></span> <span class='ocrx_word' id='word_1_284' title='bbox 388 3504 483 3556; x_wconf 88' lang='lat' dir='ltr'><strong>est</strong></span> <span class='ocrx_word' id='word_1_285' title='bbox 498 3497 911 3570; x_wconf 86' lang='lat' dir='ltr'><strong>interrogative</strong></span> <span class='ocrx_word' id='word_1_286' title='bbox 925 3496 1444 3569; x_wconf 89' lang='lat' dir='ltr'><strong>legendum,quam</strong></span> <span class='ocrx_word' id='word_1_287' title='bbox 1461 3497 1829 3552; x_wconf 86' lang='lat' dir='ltr'><strong>aftirmative.</strong></span> 
     </span>
    </p>
   </div>
   <div class='ocr_carea' id='block_1_38' title="bbox 173 3586 1831 3660">
    <p class='ocr_par' dir='ltr' id='par_1_38' title="bbox 173 3586 1831 3660">
     <span class='ocr_line' id='line_1_38' title="bbox 173 3586 1831 3660; baseline -0.002 -15"><span class='ocrx_word' id='word_1_288' title='bbox 173 3589 325 3646; x_wconf 84' lang='lat' dir='ltr'><strong>Dicit</strong></span> <span class='ocrx_word' id='word_1_289' title='bbox 355 3587 683 3660; x_wconf 87' lang='lat' dir='ltr'><strong>Propheta:</strong></span> <span class='ocrx_word' id='word_1_290' title='bbox 711 3610 739 3638; x_wconf 86' lang='grc'><em>‹‹</em></span> <span class='ocrx_word' id='word_1_291' title='bbox 767 3586 1044 3657; x_wconf 87' lang='lat' dir='ltr'><strong>Nunquid</strong></span> <span class='ocrx_word' id='word_1_292' title='bbox 1068 3586 1197 3641; x_wconf 89' lang='lat' dir='ltr'><strong>ideo</strong></span> <span class='ocrx_word' id='word_1_293' title='bbox 1219 3586 1505 3642; x_wconf 89' lang='lat' dir='ltr'><strong>irascetur</strong></span> <span class='ocrx_word' id='word_1_294' title='bbox 1524 3586 1831 3652; x_wconf 89' lang='lat' dir='ltr'><strong>Dominus,</strong></span> 
     </span>
    </p>
   </div>
   <div class='ocr_carea' id='block_1_39' title="bbox 176 3673 1832 3748">
    <p class='ocr_par' dir='ltr' id='par_1_39' title="bbox 176 3673 1832 3748">
     <span class='ocr_line' id='line_1_39' title="bbox 176 3673 1832 3748; baseline -0.002 -14"><span class='ocrx_word' id='word_1_295' title='bbox 176 3682 242 3734; x_wconf 90' lang='lat' dir='ltr'><strong>ut</strong></span> <span class='ocrx_word' id='word_1_296' title='bbox 262 3677 444 3734; x_wconf 80' lang='lat' dir='ltr'><strong>faciat</strong></span> <span class='ocrx_word' id='word_1_297' title='bbox 462 3692 613 3748; x_wconf 90' lang='lat' dir='ltr'><strong>opus</strong></span> <span class='ocrx_word' id='word_1_298' title='bbox 636 3692 812 3731; x_wconf 91' lang='lat' dir='ltr'><strong>suum</strong></span> <span class='ocrx_word' id='word_1_299' title='bbox 828 3675 857 3729; x_wconf 85' lang='lat'><strong>?</strong></span> <span class='ocrx_word' id='word_1_300' title='bbox 882 3697 910 3724; x_wconf 83' lang='lat'>»</span> <span class='ocrx_word' id='word_1_301' title='bbox 933 3674 1080 3729; x_wconf 91' lang='lat' dir='ltr'><strong>Non.</strong></span> <span class='ocrx_word' id='word_1_302' title='bbox 1099 3697 1125 3723; x_wconf 84' lang='grc'><em>‹‹</em></span> <span class='ocrx_word' id='word_1_303' title='bbox 1150 3673 1419 3729; x_wconf 85' lang='lat' dir='ltr'><strong>Alienum</strong></span> <span class='ocrx_word' id='word_1_304' title='bbox 1442 3691 1591 3746; x_wconf 91' lang='lat' dir='ltr'><strong>opus</strong></span> <span class='ocrx_word' id='word_1_305' title='bbox 1610 3675 1739 3745; x_wconf 87' lang='lat' dir='ltr'><strong>ejus</strong></span> <span class='ocrx_word' id='word_1_306' title='bbox 1760 3676 1832 3730; x_wconf 89' lang='lat' dir='ltr'><strong>ab</strong></span> 
     </span>
    </p>
   </div>
   <div class='ocr_carea' id='block_1_40' title="bbox 172 3761 1832 3833">
    <p class='ocr_par' dir='ltr' id='par_1_40' title="bbox 172 3761 1832 3833">
     <span class='ocr_line' id='line_1_40' title="bbox 172 3761 1832 3833; baseline -0.003 -11"><span class='ocrx_word' id='word_1_307' title='bbox 172 3781 259 3822; x_wconf 86' lang='lat' dir='ltr'><strong>eo.</strong></span> <span class='ocrx_word' id='word_1_308' title='bbox 286 3788 315 3816; x_wconf 83' lang='lat'><strong>»</strong></span> <span class='ocrx_word' id='word_1_309' title='bbox 336 3768 530 3833; x_wconf 81' lang='lat' dir='ltr'><strong>Quare</strong></span> <span class='ocrx_word' id='word_1_310' title='bbox 558 3768 650 3820; x_wconf 91' lang='lat' dir='ltr'><strong>est</strong></span> <span class='ocrx_word' id='word_1_311' title='bbox 677 3762 934 3819; x_wconf 88' lang='lat' dir='ltr'><strong>alienum</strong></span> <span class='ocrx_word' id='word_1_312' title='bbox 950 3763 979 3817; x_wconf 83' lang='lat'><strong>?</strong></span> <span class='ocrx_word' id='word_1_313' title='bbox 1001 3761 1148 3828; x_wconf 89' lang='lat' dir='ltr'><strong>Quia</strong></span> <span class='ocrx_word' id='word_1_314' title='bbox 1166 3778 1315 3833; x_wconf 86' lang='lat' dir='ltr'><strong>Opus</strong></span> <span class='ocrx_word' id='word_1_315' title='bbox 1338 3762 1436 3816; x_wconf 89' lang='lat' dir='ltr'><strong>Dei</strong></span> <span class='ocrx_word' id='word_1_316' title='bbox 1458 3767 1547 3817; x_wconf 91' lang='lat' dir='ltr'><strong>est</strong></span> <span class='ocrx_word' id='word_1_317' title='bbox 1570 3764 1832 3818; x_wconf 90' lang='lat' dir='ltr'><strong>misereri</strong></span> 
     </span>
    </p>
   </div>
   <div class='ocr_carea' id='block_1_41' title="bbox 169 3850 1832 3927">
    <p class='ocr_par' dir='ltr' id='par_1_41' title="bbox 169 3850 1832 3927">
     <span class='ocr_line' id='line_1_41' title="bbox 169 3850 1832 3927; baseline -0.003 -17"><span class='ocrx_word' id='word_1_318' title='bbox 169 3858 226 3910; x_wconf 88' lang='lat' dir='ltr'><strong>et</strong></span> <span class='ocrx_word' id='word_1_319' title='bbox 253 3870 518 3927; x_wconf 79' lang='lat' dir='ltr'><strong>parcere,</strong></span> <span class='ocrx_word' id='word_1_320' title='bbox 539 3858 598 3909; x_wconf 85' lang='lat' dir='ltr'><strong>et</strong></span> <span class='ocrx_word' id='word_1_321' title='bbox 617 3852 895 3909; x_wconf 89' lang='lat' dir='ltr'><strong>omnibus</strong></span> <span class='ocrx_word' id='word_1_322' title='bbox 917 3850 1249 3907; x_wconf 90' lang='lat' dir='ltr'><strong>subsidium</strong></span> <span class='ocrx_word' id='word_1_323' title='bbox 1272 3868 1392 3905; x_wconf 71' lang='lat' dir='ltr'><strong>sua:</strong></span> <span class='ocrx_word' id='word_1_324' title='bbox 1417 3851 1832 3907; x_wconf 74' lang='lat' dir='ltr'><strong>misericordia:</strong></span> 
     </span>
    </p>
   </div>
   <div class='ocr_carea' id='block_1_42' title="bbox 168 3938 1833 4015">
    <p class='ocr_par' dir='ltr' id='par_1_42' title="bbox 168 3938 1833 4015">
     <span class='ocr_line' id='line_1_42' title="bbox 168 3938 1833 4015; baseline -0.002 -17"><span class='ocrx_word' id='word_1_325' title='bbox 168 3941 533 4015; x_wconf 87' lang='lat' dir='ltr'><strong>impendere.</strong></span> <span class='ocrx_word' id='word_1_326' title='bbox 567 3942 810 4009; x_wconf 89' lang='lat' dir='ltr'><strong>Quando</strong></span> <span class='ocrx_word' id='word_1_327' title='bbox 840 3956 974 3996; x_wconf 91' lang='lat' dir='ltr'><strong>vero</strong></span> <span class='ocrx_word' id='word_1_328' title='bbox 1008 3940 1271 3995; x_wconf 87' lang='lat' dir='ltr'><strong>irritatus</strong></span> <span class='ocrx_word' id='word_1_329' title='bbox 1302 3938 1475 3994; x_wconf 89' lang='lat' dir='ltr'><strong>malis</strong></span> <span class='ocrx_word' id='word_1_330' title='bbox 1526 3939 1833 3995; x_wconf 91' lang='lat' dir='ltr'><strong>hominum</strong></span> 
     </span>
    </p>
   </div>
   <div class='ocr_carea' id='block_1_43' title="bbox 172 4027 1833 4103">
    <p class='ocr_par' dir='ltr' id='par_1_43' title="bbox 172 4027 1833 4103">
     <span class='ocr_line' id='line_1_43' title="bbox 172 4027 1833 4103; baseline -0.004 -15"><span class='ocrx_word' id='word_1_331' title='bbox 172 4032 429 4103; x_wconf 88' lang='lat' dir='ltr'><strong>percutit</strong></span> <span class='ocrx_word' id='word_1_332' title='bbox 459 4030 593 4088; x_wconf 91' lang='lat' dir='ltr'><strong>illos</strong></span> <span class='ocrx_word' id='word_1_333' title='bbox 623 4036 683 4086; x_wconf 89' lang='lat' dir='ltr'><strong>et</strong></span> <span class='ocrx_word' id='word_1_334' title='bbox 710 4028 1020 4085; x_wconf 89' lang='lat' dir='ltr'><strong>ulciscitur</strong></span> <span class='ocrx_word' id='word_1_335' title='bbox 1050 4044 1112 4083; x_wconf 89' lang='lat' dir='ltr'><strong>se</strong></span> <span class='ocrx_word' id='word_1_336' title='bbox 1140 4028 1210 4083; x_wconf 91' lang='lat' dir='ltr'><strong>de</strong></span> <span class='ocrx_word' id='word_1_337' title='bbox 1240 4027 1345 4094; x_wconf 91' lang='lat' dir='ltr'><strong>eis,</strong></span> <span class='ocrx_word' id='word_1_338' title='bbox 1378 4045 1528 4099; x_wconf 90' lang='lat' dir='ltr'><strong>opus</strong></span> <span class='ocrx_word' id='word_1_339' title='bbox 1579 4028 1833 4083; x_wconf 89' lang='lat' dir='ltr'><strong>crudelis</strong></span> 
     </span>
    </p>
   </div>
   <div class='ocr_carea' id='block_1_44' title="bbox 171 4115 1834 4191">
    <p class='ocr_par' dir='ltr' id='par_1_44' title="bbox 171 4115 1834 4191">
     <span class='ocr_line' id='line_1_44' title="bbox 171 4115 1834 4191; baseline -0.002 -15"><span class='ocrx_word' id='word_1_340' title='bbox 171 4118 431 4176; x_wconf 87' lang='lat' dir='ltr'><strong>hominis</strong></span> <span class='ocrx_word' id='word_1_341' title='bbox 463 4124 523 4175; x_wconf 89' lang='lat' dir='ltr'><strong>et</strong></span> <span class='ocrx_word' id='word_1_342' title='bbox 553 4118 787 4191; x_wconf 82' lang='lat' dir='ltr'><strong>tyranni</strong></span> <span class='ocrx_word' id='word_1_343' title='bbox 819 4121 911 4172; x_wconf 91' lang='lat' dir='ltr'><strong>est</strong></span> <span class='ocrx_word' id='word_1_344' title='bbox 940 4116 1087 4172; x_wconf 92' lang='lat' dir='ltr'><strong>illud</strong></span> <span class='ocrx_word' id='word_1_345' title='bbox 1110 4118 1265 4188; x_wconf 90' lang='lat' dir='ltr'><strong>quod</strong></span> <span class='ocrx_word' id='word_1_346' title='bbox 1290 4116 1447 4187; x_wconf 88' lang='lat' dir='ltr'><strong>agit:</strong></span> <span class='ocrx_word' id='word_1_347' title='bbox 1473 4122 1531 4171; x_wconf 91' lang='lat' dir='ltr'><strong>et</strong></span> <span class='ocrx_word' id='word_1_348' title='bbox 1549 4115 1677 4171; x_wconf 86' lang='lat' dir='ltr'><strong>ideo</strong></span> <span class='ocrx_word' id='word_1_349' title='bbox 1700 4116 1834 4172; x_wconf 88' lang='lat' dir='ltr'><strong>alie-</strong></span> 
     </span>
    </p>
   </div>
   <div class='ocr_carea' id='block_1_45' title="bbox 173 4206 1834 4279">
    <p class='ocr_par' dir='ltr' id='par_1_45' title="bbox 173 4206 1834 4279">
     <span class='ocr_line' id='line_1_45' title="bbox 173 4206 1834 4279; baseline -0.002 -14"><span class='ocrx_word' id='word_1_350' title='bbox 173 4225 316 4265; x_wconf 90' lang='lat' dir='ltr'><strong>num</strong></span> <span class='ocrx_word' id='word_1_351' title='bbox 348 4214 442 4265; x_wconf 90' lang='lat' dir='ltr'><strong>est</strong></span> <span class='ocrx_word' id='word_1_352' title='bbox 480 4210 553 4264; x_wconf 88' lang='lat' dir='ltr'><strong>ab</strong></span> <span class='ocrx_word' id='word_1_353' title='bbox 602 4224 668 4263; x_wconf 87' lang='lat' dir='ltr'><strong>eo</strong></span> <span class='ocrx_word' id='word_1_354' title='bbox 719 4206 874 4279; x_wconf 90' lang='lat' dir='ltr'><strong>quod</strong></span> <span class='ocrx_word' id='word_1_355' title='bbox 924 4209 1219 4277; x_wconf 89' lang='lat' dir='ltr'><strong>operatur,</strong></span> <span class='ocrx_word' id='word_1_356' title='bbox 1254 4210 1318 4260; x_wconf 92' lang='lat' dir='ltr'><strong>ut</strong></span> <span class='ocrx_word' id='word_1_357' title='bbox 1364 4210 1638 4275; x_wconf 89' lang='lat' dir='ltr'><strong>operetur</strong></span> <span class='ocrx_word' id='word_1_358' title='bbox 1685 4223 1834 4277; x_wconf 91' lang='lat' dir='ltr'><strong>opus</strong></span> 
     </span>
    </p>
   </div>
   <div class='ocr_carea' id='block_1_46' title="bbox 174 4293 1830 4369">
    <p class='ocr_par' dir='ltr' id='par_1_46' title="bbox 174 4293 1830 4369">
     <span class='ocr_line' id='line_1_46' title="bbox 174 4293 1830 4369; baseline -0.004 -13"><span class='ocrx_word' id='word_1_359' title='bbox 174 4298 395 4355; x_wconf 79' lang='lat' dir='ltr'><strong>suum?</strong></span> <span class='ocrx_word' id='word_1_360' title='bbox 416 4296 477 4353; x_wconf 92' lang='lat' dir='ltr'><strong>Si</strong></span> <span class='ocrx_word' id='word_1_361' title='bbox 508 4296 692 4369; x_wconf 90' lang='lat' dir='ltr'><strong>igitur</strong></span> <span class='ocrx_word' id='word_1_362' title='bbox 721 4293 1136 4365; x_wconf 88' lang='lat' dir='ltr'><strong>interrogative</strong></span> <span class='ocrx_word' id='word_1_363' title='bbox 1165 4294 1674 4363; x_wconf 90' lang='lat' dir='ltr'><strong>pronuntiandum</strong></span> <span class='ocrx_word' id='word_1_364' title='bbox 1704 4299 1830 4350; x_wconf 86' lang='lat' dir='ltr'><strong>est:</strong></span> 
     </span>
    </p>
   </div>
   <div class='ocr_carea' id='block_1_47' title="bbox 174 4381 1836 4458">
    <p class='ocr_par' dir='ltr' id='par_1_47' title="bbox 174 4381 1836 4458">
     <span class='ocr_line' id='line_1_47' title="bbox 174 4381 1836 4458; baseline -0.001 -20"><span class='ocrx_word' id='word_1_365' title='bbox 174 4410 203 4438; x_wconf 75' lang='grc' dir='ltr'><strong>α</strong></span> <span class='ocrx_word' id='word_1_366' title='bbox 235 4384 517 4458; x_wconf 84' lang='lat' dir='ltr'><strong>Nunquid</strong></span> <span class='ocrx_word' id='word_1_367' title='bbox 550 4385 679 4440; x_wconf 91' lang='lat' dir='ltr'><strong>ideo</strong></span> <span class='ocrx_word' id='word_1_368' title='bbox 708 4383 995 4440; x_wconf 89' lang='lat' dir='ltr'><strong>irascetur</strong></span> <span class='ocrx_word' id='word_1_369' title='bbox 1014 4386 1217 4438; x_wconf 90' lang='lat' dir='ltr'><strong>contra</strong></span> <span class='ocrx_word' id='word_1_370' title='bbox 1236 4381 1543 4454; x_wconf 89' lang='lat' dir='ltr'><strong>impios,ut</strong></span> <span class='ocrx_word' id='word_1_371' title='bbox 1562 4387 1836 4454; x_wconf 89' lang='lat' dir='ltr'><strong>operetur</strong></span> 
     </span>
    </p>
   </div>
   <div class='ocr_carea' id='block_1_48' title="bbox 175 4470 1834 4555">
    <p class='ocr_par' dir='ltr' id='par_1_48' title="bbox 175 4470 1834 4555">
     <span class='ocr_line' id='line_1_48' title="bbox 175 4470 1834 4555; baseline -0.005 -23"><span class='ocrx_word' id='word_1_372' title='bbox 175 4491 324 4548; x_wconf 90' lang='lat' dir='ltr'><strong>opus</strong></span> <span class='ocrx_word' id='word_1_373' title='bbox 355 4473 578 4531; x_wconf 78' lang='lat' dir='ltr'><strong>suum?</strong></span> <span class='ocrx_word' id='word_1_374' title='bbox 602 4494 630 4522; x_wconf 68' lang='grc' dir='ltr'><strong>»ι</strong></span> <span class='ocrx_word' id='word_1_375' title='bbox 655 4471 915 4528; x_wconf 88' lang='lat' dir='ltr'><strong>Minime.</strong></span> <span class='ocrx_word' id='word_1_376' title='bbox 940 4492 968 4519; x_wconf 88' lang='grc'><strong>‹‹</strong></span> <span class='ocrx_word' id='word_1_377' title='bbox 995 4470 1373 4555; x_wconf 69' lang='lat' dir='ltr'><strong>Peregrinum</strong></span> <span class='ocrx_word' id='word_1_378' title='bbox 1395 4475 1487 4526; x_wconf 90' lang='lat' dir='ltr'><strong>est</strong></span> <span class='ocrx_word' id='word_1_379' title='bbox 1507 4470 1665 4525; x_wconf 90' lang='lat' dir='ltr'><strong>enim</strong></span> <span class='ocrx_word' id='word_1_380' title='bbox 1686 4487 1834 4542; x_wconf 89' lang='lat' dir='ltr'><strong>opus</strong></span> 
     </span>
    </p>
   </div>
   <div class='ocr_carea' id='block_1_49' title="bbox 176 4554 1835 4636">
    <p class='ocr_par' dir='ltr' id='par_1_49' title="bbox 176 4554 1835 4636">
     <span class='ocr_line' id='line_1_49' title="bbox 176 4554 1835 4636; baseline -0.004 -16"><span class='ocrx_word' id='word_1_381' title='bbox 176 4564 332 4636; x_wconf 89' lang='lat' dir='ltr'><strong>quod</strong></span> <span class='ocrx_word' id='word_1_382' title='bbox 349 4564 628 4635; x_wconf 88' lang='lat' dir='ltr'><strong>operatur</strong></span> <span class='ocrx_word' id='word_1_383' title='bbox 643 4561 715 4617; x_wconf 88' lang='lat' dir='ltr'><strong>ab</strong></span> <span class='ocrx_word' id='word_1_384' title='bbox 733 4577 822 4615; x_wconf 89' lang='lat' dir='ltr'><strong>eo.</strong></span> <span class='ocrx_word' id='word_1_385' title='bbox 843 4582 872 4608; x_wconf 84' lang='grc'><strong>››</strong></span> <span class='ocrx_word' id='word_1_386' title='bbox 890 4559 1110 4629; x_wconf 89' lang='lat' dir='ltr'><strong>Nempe</strong></span> <span class='ocrx_word' id='word_1_387' title='bbox 1125 4554 1835 4630; x_wconf 76' lang='lat' dir='ltr'><strong>sicutidiximus,quando</strong></span> 
     </span>
    </p>
   </div>
   <div class='ocr_carea' id='block_1_50' title="bbox 1946 660 3601 720">
    <p class='ocr_par' dir='ltr' id='par_1_50' title="bbox 1946 660 3601 720">
     <span class='ocr_line' id='line_1_50' title="bbox 1946 660 3601 720; baseline 0.002 -4"><span class='ocrx_word' id='word_1_388' title='bbox 1946 660 2402 716; x_wconf 87' lang='lat' dir='ltr'><strong>summationem</strong></span> <span class='ocrx_word' id='word_1_389' title='bbox 2436 667 2492 715; x_wconf 90' lang='lat' dir='ltr'><strong>et</strong></span> <span class='ocrx_word' id='word_1_390' title='bbox 2522 661 3018 716; x_wconf 86' lang='lat' dir='ltr'><strong>abbreviationem</strong></span> <span class='ocrx_word' id='word_1_391' title='bbox 3064 660 3258 716; x_wconf 89' lang='lat' dir='ltr'><strong>audivi</strong></span> <span class='ocrx_word' id='word_1_392' title='bbox 3289 678 3325 718; x_wconf 87' lang='lat' dir='ltr'><strong>a</strong></span> <span class='ocrx_word' id='word_1_393' title='bbox 3353 661 3601 720; x_wconf 90' lang='lat' dir='ltr'><strong>Domino</strong></span> 
     </span>
    </p>
   </div>
   <div class='ocr_carea' id='block_1_51' title="bbox 1945 750 3600 819">
    <p class='ocr_par' dir='ltr' id='par_1_51' title="bbox 1945 750 3600 819">
     <span class='ocr_line' id='line_1_51' title="bbox 1945 750 3600 819; baseline 0.004 -18"><span class='ocrx_word' id='word_1_394' title='bbox 1945 765 2048 819; x_wconf 91' lang='lat' dir='ltr'><strong>per</strong></span> <span class='ocrx_word' id='word_1_395' title='bbox 2078 750 2410 803; x_wconf 89' lang='lat' dir='ltr'><strong>universam</strong></span> <span class='ocrx_word' id='word_1_396' title='bbox 2444 756 2678 804; x_wconf 88' lang='lat' dir='ltr'><strong>terram.</strong></span> <span class='ocrx_word' id='word_1_397' title='bbox 2713 772 2741 800; x_wconf 86' lang='lat'>»</span> <span class='ocrx_word' id='word_1_398' title='bbox 2780 751 2910 805; x_wconf 91' lang='lat' dir='ltr'><strong>Ideo</strong></span> <span class='ocrx_word' id='word_1_399' title='bbox 2940 750 3104 806; x_wconf 89' lang='lat' dir='ltr'><strong>vobis</strong></span> <span class='ocrx_word' id='word_1_400' title='bbox 3136 750 3248 805; x_wconf 89' lang='lat' dir='ltr'><strong>ista</strong></span> <span class='ocrx_word' id='word_1_401' title='bbox 3291 752 3600 819; x_wconf 87' lang='lat' dir='ltr'><strong>annuntio,</strong></span> 
     </span>
    </p>
   </div>
   <div class='ocr_carea' id='block_1_52' title="bbox 1945 838 3600 909">
    <p class='ocr_par' dir='ltr' id='par_1_52' title="bbox 1945 838 3600 909">
     <span class='ocr_line' id='line_1_52' title="bbox 1945 838 3600 909; baseline 0.003 -18"><span class='ocrx_word' id='word_1_402' title='bbox 1945 839 2221 909; x_wconf 89' lang='lat' dir='ltr'><strong>quoniam</strong></span> <span class='ocrx_word' id='word_1_403' title='bbox 2257 858 2290 893; x_wconf 89' lang='lat' dir='ltr'><strong>a</strong></span> <span class='ocrx_word' id='word_1_404' title='bbox 2322 839 2568 893; x_wconf 88' lang='lat' dir='ltr'><strong>Domino</strong></span> <span class='ocrx_word' id='word_1_405' title='bbox 2609 839 2801 894; x_wconf 88' lang='lat' dir='ltr'><strong>audivi</strong></span> <span class='ocrx_word' id='word_1_406' title='bbox 2853 838 3347 895; x_wconf 88' lang='lat' dir='ltr'><strong>abbreviationem</strong></span> <span class='ocrx_word' id='word_1_407' title='bbox 3391 842 3600 896; x_wconf 67' lang='lat' dir='ltr'><strong>vestra)</strong></span> 
     </span>
    </p>
   </div>
   <div class='ocr_carea' id='block_1_53' title="bbox 1945 926 3602 1001">
    <p class='ocr_par' dir='ltr' id='par_1_53' title="bbox 1945 926 3602 1001">
     <span class='ocr_line' id='line_1_53' title="bbox 1945 926 3602 1001; baseline 0.003 -21"><span class='ocrx_word' id='word_1_408' title='bbox 1945 926 2299 997; x_wconf 82' lang='lat' dir='ltr'><strong>captivitatis</strong></span> <span class='ocrx_word' id='word_1_409' title='bbox 2330 934 2386 981; x_wconf 88' lang='lat' dir='ltr'><strong>et</strong></span> <span class='ocrx_word' id='word_1_410' title='bbox 2417 926 2787 981; x_wconf 83' lang='lat' dir='ltr'><strong>calamitatis.</strong></span> <span class='ocrx_word' id='word_1_411' title='bbox 2824 929 2947 982; x_wconf 91' lang='lat' dir='ltr'><strong>Non</strong></span> <span class='ocrx_word' id='word_1_412' title='bbox 2998 928 3155 982; x_wconf 89' lang='lat' dir='ltr'><strong>enim</strong></span> <span class='ocrx_word' id='word_1_413' title='bbox 3204 926 3507 1001; x_wconf 89' lang='lat' dir='ltr'><strong>elongabit</strong></span> <span class='ocrx_word' id='word_1_414' title='bbox 3534 932 3602 985; x_wconf 85' lang='lat' dir='ltr'><strong>ut</strong></span> 
     </span>
    </p>
   </div>
   <div class='ocr_carea' id='block_1_54' title="bbox 1943 1015 3596 1089">
    <p class='ocr_par' dir='ltr' id='par_1_54' title="bbox 1943 1015 3596 1089">
     <span class='ocr_line' id='line_1_54' title="bbox 1943 1015 3596 1089; baseline 0.004 -22"><span class='ocrx_word' id='word_1_415' title='bbox 1943 1032 2044 1068; x_wconf 85' lang='lat' dir='ltr'><strong>vos</strong></span> <span class='ocrx_word' id='word_1_416' title='bbox 2069 1015 2579 1084; x_wconf 71' lang='lat' dir='ltr'><strong>putatis,ilieentes</strong></span> <span class='ocrx_word' id='word_1_417' title='bbox 2601 1017 3596 1089; x_wconf 71' lang='lat' dir='ltr'><strong>deri«lendo,exspccta,reexspecta,</strong></span> 
     </span>
    </p>
   </div>
   <div class='ocr_carea' id='block_1_55' title="bbox 1945 1104 3598 1175">
    <p class='ocr_par' dir='ltr' id='par_1_55' title="bbox 1945 1104 3598 1175">
     <span class='ocr_line' id='line_1_55' title="bbox 1945 1104 3598 1175; baseline 0.001 -18"><span class='ocrx_word' id='word_1_418' title='bbox 1945 1104 2172 1165; x_wconf 87' lang='lat' dir='ltr'><strong>seditio,</strong></span> <span class='ocrx_word' id='word_1_419' title='bbox 2207 1106 2305 1157; x_wconf 86' lang='lat' dir='ltr'><strong>sed</strong></span> <span class='ocrx_word' id='word_1_420' title='bbox 2342 1110 2574 1175; x_wconf 82' lang='lat' dir='ltr'><strong>repente</strong></span> <span class='ocrx_word' id='word_1_421' title='bbox 2608 1106 2812 1169; x_wconf 85' lang='lat' dir='ltr'><strong>veniet,</strong></span> <span class='ocrx_word' id='word_1_422' title='bbox 2847 1104 2893 1159; x_wconf 90' lang='lat' dir='ltr'><strong>si</strong></span> <span class='ocrx_word' id='word_1_423' title='bbox 2928 1123 3043 1160; x_wconf 91' lang='lat' dir='ltr'><strong>non</strong></span> <span class='ocrx_word' id='word_1_424' title='bbox 3074 1106 3303 1160; x_wconf 84' lang='lat' dir='ltr'><strong>fueritis</strong></span> <span class='ocrx_word' id='word_1_425' title='bbox 3333 1105 3598 1162; x_wconf 88' lang='lat' dir='ltr'><strong>conversi</strong></span> 
     </span>
    </p>
   </div>
   <div class='ocr_carea' id='block_1_56' title="bbox 1944 1193 3598 1266">
    <p class='ocr_par' dir='ltr' id='par_1_56' title="bbox 1944 1193 3598 1266">
     <span class='ocr_line' id='line_1_56' title="bbox 1944 1193 3598 1266; baseline 0.002 -19"><span class='ocrx_word' id='word_1_426' title='bbox 1944 1193 2015 1247; x_wconf 77' lang='lat' dir='ltr'><strong>ad</strong></span> <span class='ocrx_word' id='word_1_427' title='bbox 2052 1193 2644 1263; x_wconf 67' lang='lat' dir='ltr'><strong>pm:1itentiaun.Quml</strong></span> <span class='ocrx_word' id='word_1_428' title='bbox 2668 1200 2865 1248; x_wconf 85' lang='lat' dir='ltr'><strong>autem</strong></span> <span class='ocrx_word' id='word_1_429' title='bbox 2890 1195 3030 1249; x_wconf 82' lang='lat' dir='ltr'><strong>dicit</strong></span> <span class='ocrx_word' id='word_1_430' title='bbox 3058 1211 3234 1266; x_wconf 81' lang='lat' dir='ltr'><strong>super</strong></span> <span class='ocrx_word' id='word_1_431' title='bbox 3262 1194 3598 1251; x_wconf 82' lang='lat' dir='ltr'><strong>universam</strong></span> 
     </span>
    </p>
   </div>
   <div class='ocr_carea' id='block_1_57' title="bbox 1946 1282 3596 1354">
    <p class='ocr_par' dir='ltr' id='par_1_57' title="bbox 1946 1282 3596 1354">
     <span class='ocr_line' id='line_1_57' title="bbox 1946 1282 3596 1354; baseline 0.002 -20"><span class='ocrx_word' id='word_1_432' title='bbox 1946 1285 2181 1348; x_wconf 89' lang='lat' dir='ltr'><strong>terram,</strong></span> <span class='ocrx_word' id='word_1_433' title='bbox 2216 1282 2301 1335; x_wconf 90' lang='lat' dir='ltr'><strong>vel</strong></span> <span class='ocrx_word' id='word_1_434' title='bbox 2336 1283 2665 1351; x_wconf 82' lang='lat' dir='ltr'><strong>specialiter</strong></span> <span class='ocrx_word' id='word_1_435' title='bbox 2696 1283 2809 1336; x_wconf 82' lang='lat' dir='ltr'><strong>diei</strong></span> <span class='ocrx_word' id='word_1_436' title='bbox 2841 1289 3031 1354; x_wconf 86' lang='lat' dir='ltr'><strong>potest</strong></span> <span class='ocrx_word' id='word_1_437' title='bbox 3059 1284 3129 1337; x_wconf 90' lang='lat' dir='ltr'><strong>de</strong></span> <span class='ocrx_word' id='word_1_438' title='bbox 3162 1287 3316 1339; x_wconf 89' lang='lat' dir='ltr'><strong>terra</strong></span> <span class='ocrx_word' id='word_1_439' title='bbox 3360 1283 3596 1340; x_wconf 62' lang='grc' dir='ltr'><strong>διιᾶωο-</strong></span> 
     </span>
    </p>
   </div>
   <div class='ocr_carea' id='block_1_58' title="bbox 1946 1370 3598 1445">
    <p class='ocr_par' dir='ltr' id='par_1_58' title="bbox 1946 1370 3598 1445">
     <span class='ocr_line' id='line_1_58' title="bbox 1946 1370 3598 1445; baseline 0.002 -22"><span class='ocrx_word' id='word_1_440' title='bbox 1946 1386 2099 1435; x_wconf 91' lang='lat' dir='ltr'><strong>rum,</strong></span> <span class='ocrx_word' id='word_1_441' title='bbox 2134 1370 2219 1424; x_wconf 89' lang='lat' dir='ltr'><strong>vel</strong></span> <span class='ocrx_word' id='word_1_442' title='bbox 2253 1371 2427 1424; x_wconf 88' lang='lat' dir='ltr'><strong>etiam</strong></span> <span class='ocrx_word' id='word_1_443' title='bbox 2461 1372 2810 1440; x_wconf 71' lang='lat' dir='ltr'><strong>generaliter</strong></span> <span class='ocrx_word' id='word_1_444' title='bbox 2840 1374 2910 1426; x_wconf 90' lang='lat' dir='ltr'><strong>ad</strong></span> <span class='ocrx_word' id='word_1_445' title='bbox 2944 1372 3099 1426; x_wconf 87' lang='lat' dir='ltr'><strong>diem</strong></span> <span class='ocrx_word' id='word_1_446' title='bbox 3124 1371 3598 1445; x_wconf 87' lang='lat' dir='ltr'><strong>judicii,quando</strong></span> 
     </span>
    </p>
   </div>
   <div class='ocr_carea' id='block_1_59' title="bbox 1945 1459 3171 1515">
    <p class='ocr_par' dir='ltr' id='par_1_59' title="bbox 1945 1459 3171 1515">
     <span class='ocr_line' id='line_1_59' title="bbox 1945 1459 3171 1515; baseline 0.002 -3"><span class='ocrx_word' id='word_1_447' title='bbox 1945 1459 2255 1513; x_wconf 86' lang='lat' dir='ltr'><strong>universus</strong></span> <span class='ocrx_word' id='word_1_448' title='bbox 2286 1460 2445 1513; x_wconf 87' lang='lat' dir='ltr'><strong>orbis</strong></span> <span class='ocrx_word' id='word_1_449' title='bbox 2478 1478 2511 1513; x_wconf 91' lang='lat' dir='ltr'><strong>a</strong></span> <span class='ocrx_word' id='word_1_450' title='bbox 2542 1460 2787 1514; x_wconf 88' lang='lat' dir='ltr'><strong>Domino</strong></span> <span class='ocrx_word' id='word_1_451' title='bbox 2816 1460 3171 1515; x_wconf 83' lang='lat' dir='ltr'><strong>visitabitur.</strong></span> 
     </span>
    </p>
   </div>
   <div class='ocr_carea' id='block_1_60' title="bbox 2016 1564 3603 1637">
    <p class='ocr_par' dir='ltr' id='par_1_60' title="bbox 2016 1564 3603 1637">
     <span class='ocr_line' id='line_1_60' title="bbox 2016 1564 3603 1637; baseline 0.003 -19"><span class='ocrx_word' id='word_1_452' title='bbox 2016 1588 2043 1613; x_wconf 76' lang='grc' dir='ltr'>α</span> <span class='ocrx_word' id='word_1_453' title='bbox 2078 1564 2333 1619; x_wconf 84' lang='lat' dir='ltr'><strong>Auribus</strong></span> <span class='ocrx_word' id='word_1_454' title='bbox 2363 1566 2639 1637; x_wconf 83' lang='lat' dir='ltr'><strong>percipite</strong></span> <span class='ocrx_word' id='word_1_455' title='bbox 2670 1571 2725 1620; x_wconf 91' lang='lat' dir='ltr'><strong>ct</strong></span> <span class='ocrx_word' id='word_1_456' title='bbox 2755 1568 2953 1623; x_wconf 86' lang='lat' dir='ltr'><strong>audite</strong></span> <span class='ocrx_word' id='word_1_457' title='bbox 2983 1583 3180 1622; x_wconf 89' lang='lat' dir='ltr'><strong>vocem</strong></span> <span class='ocrx_word' id='word_1_458' title='bbox 3214 1567 3603 1624; x_wconf 80' lang='lat' dir='ltr'><strong>meam.»Vox</strong></span> 
     </span>
    </p>
   </div>
   <div class='ocr_carea' id='block_1_61' title="bbox 1945 1654 3056 1727">
    <p class='ocr_par' dir='ltr' id='par_1_61' title="bbox 1945 1654 3056 1727">
     <span class='ocr_line' id='line_1_61' title="bbox 1945 1654 3056 1727; baseline 0.002 -19"><span class='ocrx_word' id='word_1_459' title='bbox 1945 1654 2240 1726; x_wconf 72' lang='lat' dir='ltr'><strong>propheta:</strong></span> <span class='ocrx_word' id='word_1_460' title='bbox 2270 1656 2343 1710; x_wconf 89' lang='lat' dir='ltr'><strong>ad</strong></span> <span class='ocrx_word' id='word_1_461' title='bbox 2374 1656 2599 1709; x_wconf 89' lang='lat' dir='ltr'><strong>scribas</strong></span> <span class='ocrx_word' id='word_1_462' title='bbox 2631 1660 2687 1709; x_wconf 88' lang='lat' dir='ltr'><strong>et</strong></span> <span class='ocrx_word' id='word_1_463' title='bbox 2718 1656 3056 1727; x_wconf 69' lang='lat' dir='ltr'><strong>pliariszeos.</strong></span> 
     </span>
    </p>
   </div>
   <div class='ocr_carea' id='block_1_62' title="bbox 2017 1759 3600 1835">
    <p class='ocr_par' dir='ltr' id='par_1_62' title="bbox 2017 1759 3600 1835">
     <span class='ocr_line' id='line_1_62' title="bbox 2017 1759 3600 1835; baseline 0.006 -26"><span class='ocrx_word' id='word_1_464' title='bbox 2017 1782 2043 1808; x_wconf 87' lang='grc'><strong>‹‹</strong></span> <span class='ocrx_word' id='word_1_465' title='bbox 2077 1759 2355 1831; x_wconf 83' lang='lat' dir='ltr'><strong>Nunquid</strong></span> <span class='ocrx_word' id='word_1_466' title='bbox 2417 1763 2536 1814; x_wconf 86' lang='lat' dir='ltr'><strong>tota</strong></span> <span class='ocrx_word' id='word_1_467' title='bbox 2592 1761 2705 1825; x_wconf 92' lang='lat' dir='ltr'><strong>die,</strong></span> <span class='ocrx_word' id='word_1_468' title='bbox 2745 1783 2771 1809; x_wconf 81' lang='grc'><strong>››</strong></span> <span class='ocrx_word' id='word_1_469' title='bbox 2814 1761 2922 1815; x_wconf 86' lang='lat' dir='ltr'><strong>hoc</strong></span> <span class='ocrx_word' id='word_1_470' title='bbox 2980 1764 3071 1816; x_wconf 88' lang='lat' dir='ltr'><strong>est</strong></span> <span class='ocrx_word' id='word_1_471' title='bbox 3125 1762 3286 1817; x_wconf 91' lang='lat' dir='ltr'><strong>omni</strong></span> <span class='ocrx_word' id='word_1_472' title='bbox 3336 1766 3600 1835; x_wconf 88' lang='lat' dir='ltr'><strong>tempore</strong></span> 
     </span>
    </p>
   </div>
   <div class='ocr_carea' id='block_1_63' title="bbox 1943 1848 3598 1919">
    <p class='ocr_par' dir='ltr' id='par_1_63' title="bbox 1943 1848 3598 1919">
     <span class='ocr_line' id='line_1_63' title="bbox 1943 1848 3598 1919; baseline 0.003 -17"><span class='ocrx_word' id='word_1_473' title='bbox 1943 1871 1971 1897; x_wconf 85' lang='grc'><em>‹‹</em></span> <span class='ocrx_word' id='word_1_474' title='bbox 2006 1849 2197 1902; x_wconf 90' lang='lat' dir='ltr'><strong>arabit</strong></span> <span class='ocrx_word' id='word_1_475' title='bbox 2227 1866 2420 1913; x_wconf 91' lang='lat' dir='ltr'><strong>arans,</strong></span> <span class='ocrx_word' id='word_1_476' title='bbox 2458 1872 2482 1894; x_wconf 74' lang='grc' dir='ltr'><strong>υ</strong></span> <span class='ocrx_word' id='word_1_477' title='bbox 2516 1848 2623 1903; x_wconf 87' lang='lat' dir='ltr'><strong>hoc</strong></span> <span class='ocrx_word' id='word_1_478' title='bbox 2654 1853 2741 1902; x_wconf 86' lang='lat' dir='ltr'><strong>est</strong></span> <span class='ocrx_word' id='word_1_479' title='bbox 2772 1849 3045 1919; x_wconf 77' lang='lat' dir='ltr'><strong>agricola,</strong></span> <span class='ocrx_word' id='word_1_480' title='bbox 3081 1873 3109 1900; x_wconf 84' lang='lat'><strong><em>«</em></strong></span> <span class='ocrx_word' id='word_1_481' title='bbox 3145 1854 3209 1905; x_wconf 90' lang='lat' dir='ltr'><strong>ut</strong></span> <span class='ocrx_word' id='word_1_482' title='bbox 3240 1851 3490 1906; x_wconf 81' lang='lat' dir='ltr'><strong>seminat</strong></span> <span class='ocrx_word' id='word_1_483' title='bbox 3514 1868 3598 1907; x_wconf 86' lang='lat' dir='ltr'><strong>se-</strong></span> 
     </span>
    </p>
   </div>
   <div class='ocr_carea' id='block_1_64' title="bbox 1864 1938 3597 2011">
    <p class='ocr_par' dir='ltr' id='par_1_64' title="bbox 1864 1938 3597 2011">
     <span class='ocr_line' id='line_1_64' title="bbox 1864 1938 3597 2011; baseline 0.003 -21"><span class='ocrx_word' id='word_1_484' title='bbox 1864 1938 1909 2001; x_wconf 87' lang='lat' dir='ltr'><strong>B</strong></span> <span class='ocrx_word' id='word_1_485' title='bbox 1940 1954 2071 1991; x_wconf 91' lang='lat' dir='ltr'><strong>men</strong></span> <span class='ocrx_word' id='word_1_486' title='bbox 2105 1954 2278 1991; x_wconf 89' lang='lat' dir='ltr'><strong>suum</strong></span> <span class='ocrx_word' id='word_1_487' title='bbox 2297 1938 2325 1992; x_wconf 83' lang='lat'><strong>‘?</strong></span> <span class='ocrx_word' id='word_1_488' title='bbox 2352 1960 2377 1985; x_wconf 69' lang='grc' dir='ltr'><strong>»ι</strong></span> <span class='ocrx_word' id='word_1_489' title='bbox 2399 1939 2547 1992; x_wconf 89' lang='lat' dir='ltr'><strong>Non.</strong></span> <span class='ocrx_word' id='word_1_490' title='bbox 2572 1938 2677 2003; x_wconf 88' lang='lat' dir='ltr'><strong>Qui</strong></span> <span class='ocrx_word' id='word_1_491' title='bbox 2700 1939 3037 2009; x_wconf 88' lang='lat' dir='ltr'><strong>operabitur</strong></span> <span class='ocrx_word' id='word_1_492' title='bbox 3066 1942 3208 1994; x_wconf 90' lang='lat' dir='ltr'><strong>tunc</strong></span> <span class='ocrx_word' id='word_1_493' title='bbox 3237 1939 3597 2011; x_wconf 81' lang='lat' dir='ltr'><strong>proscindat,</strong></span> 
     </span>
    </p>
   </div>
   <div class='ocr_carea' id='block_1_65' title="bbox 1941 2025 3595 2098">
    <p class='ocr_par' dir='ltr' id='par_1_65' title="bbox 1941 2025 3595 2098">
     <span class='ocr_line' id='line_1_65' title="bbox 1941 2025 3595 2098; baseline 0.002 -18"><span class='ocrx_word' id='word_1_494' title='bbox 1941 2025 2050 2080; x_wconf 90' lang='lat' dir='ltr'><strong>hoc</strong></span> <span class='ocrx_word' id='word_1_495' title='bbox 2080 2030 2169 2079; x_wconf 89' lang='lat' dir='ltr'><strong>est</strong></span> <span class='ocrx_word' id='word_1_496' title='bbox 2207 2030 2521 2098; x_wconf 78' lang='lat' dir='ltr'><strong>antequam</strong></span> <span class='ocrx_word' id='word_1_497' title='bbox 2574 2031 2807 2098; x_wconf 86' lang='lat' dir='ltr'><strong>tempus</strong></span> <span class='ocrx_word' id='word_1_498' title='bbox 2852 2027 3258 2083; x_wconf 87' lang='lat' dir='ltr'><strong>seminationis</strong></span> <span class='ocrx_word' id='word_1_499' title='bbox 3306 2028 3595 2094; x_wconf 86' lang='lat' dir='ltr'><strong>adveniat,</strong></span> 
     </span>
    </p>
   </div>
   <div class='ocr_carea' id='block_1_66' title="bbox 1941 2114 3595 2185">
    <p class='ocr_par' dir='ltr' id='par_1_66' title="bbox 1941 2114 3595 2185">
     <span class='ocr_line' id='line_1_66' title="bbox 1941 2114 3595 2185; baseline 0.002 -16"><span class='ocrx_word' id='word_1_500' title='bbox 1941 2114 2131 2169; x_wconf 77' lang='lat' dir='ltr'><strong>arabit</strong></span> <span class='ocrx_word' id='word_1_501' title='bbox 2165 2114 2321 2168; x_wconf 88' lang='lat' dir='ltr'><strong>illam</strong></span> <span class='ocrx_word' id='word_1_502' title='bbox 2358 2119 2571 2169; x_wconf 89' lang='lat' dir='ltr'><strong>terram</strong></span> <span class='ocrx_word' id='word_1_503' title='bbox 2607 2133 2723 2170; x_wconf 91' lang='lat' dir='ltr'><strong>una</strong></span> <span class='ocrx_word' id='word_1_504' title='bbox 2763 2116 2885 2170; x_wconf 89' lang='lat' dir='ltr'><strong>vice</strong></span> <span class='ocrx_word' id='word_1_505' title='bbox 2930 2117 3018 2171; x_wconf 91' lang='lat' dir='ltr'><strong>vel</strong></span> <span class='ocrx_word' id='word_1_506' title='bbox 3066 2116 3320 2185; x_wconf 85' lang='lat' dir='ltr'><strong>duabus,</strong></span> <span class='ocrx_word' id='word_1_507' title='bbox 3348 2120 3415 2173; x_wconf 89' lang='lat' dir='ltr'><strong>ut</strong></span> <span class='ocrx_word' id='word_1_508' title='bbox 3458 2133 3595 2173; x_wconf 89' lang='lat' dir='ltr'><strong>cum</strong></span> 
     </span>
    </p>
   </div>
   <div class='ocr_carea' id='block_1_67' title="bbox 1940 2203 3596 2276">
    <p class='ocr_par' dir='ltr' id='par_1_67' title="bbox 1940 2203 3596 2276">
     <span class='ocr_line' id='line_1_67' title="bbox 1940 2203 3596 2276; baseline 0.002 -20"><span class='ocrx_word' id='word_1_509' title='bbox 1940 2206 2175 2274; x_wconf 89' lang='lat' dir='ltr'><strong>tempus</strong></span> <span class='ocrx_word' id='word_1_510' title='bbox 2206 2203 2533 2257; x_wconf 84' lang='lat' dir='ltr'><strong>sominandi</strong></span> <span class='ocrx_word' id='word_1_511' title='bbox 2568 2205 2810 2269; x_wconf 87' lang='lat' dir='ltr'><strong>venerit,</strong></span> <span class='ocrx_word' id='word_1_512' title='bbox 2845 2209 3168 2276; x_wconf 67' lang='lat' dir='ltr'><strong>przeparata</strong></span> <span class='ocrx_word' id='word_1_513' title='bbox 3215 2206 3324 2273; x_wconf 88' lang='lat' dir='ltr'><strong>sit;</strong></span> <span class='ocrx_word' id='word_1_514' title='bbox 3359 2228 3387 2255; x_wconf 91' lang='grc'><strong>‹‹</strong></span> <span class='ocrx_word' id='word_1_515' title='bbox 3421 2208 3481 2262; x_wconf 86' lang='lat' dir='ltr'><strong>et</strong></span> <span class='ocrx_word' id='word_1_516' title='bbox 3509 2205 3596 2261; x_wconf 83' lang='lat' dir='ltr'><strong>fa-</strong></span> 
     </span>
    </p>
   </div>
   <div class='ocr_carea' id='block_1_68' title="bbox 1940 2290 3598 2355">
    <p class='ocr_par' dir='ltr' id='par_1_68' title="bbox 1940 2290 3598 2355">
     <span class='ocr_line' id='line_1_68' title="bbox 1940 2290 3598 2355; baseline 0.002 -10"><span class='ocrx_word' id='word_1_517' title='bbox 1940 2290 2072 2355; x_wconf 91' lang='lat' dir='ltr'><strong>ciet,</strong></span> <span class='ocrx_word' id='word_1_518' title='bbox 2098 2313 2124 2339; x_wconf 75' lang='lat'><strong>»</strong></span> <span class='ocrx_word' id='word_1_519' title='bbox 2157 2291 2212 2345; x_wconf 89' lang='lat' dir='ltr'><strong>id</strong></span> <span class='ocrx_word' id='word_1_520' title='bbox 2244 2296 2330 2345; x_wconf 88' lang='lat' dir='ltr'><strong>est</strong></span> <span class='ocrx_word' id='word_1_521' title='bbox 2362 2293 2768 2347; x_wconf 75' lang='lat' dir='ltr'><strong>circumfodiat</strong></span> <span class='ocrx_word' id='word_1_522' title='bbox 2798 2293 3047 2348; x_wconf 90' lang='lat' dir='ltr'><strong>humum</strong></span> <span class='ocrx_word' id='word_1_523' title='bbox 3071 2311 3240 2350; x_wconf 89' lang='lat' dir='ltr'><strong>suam</strong></span> <span class='ocrx_word' id='word_1_524' title='bbox 3264 2294 3598 2350; x_wconf 86' lang='lat' dir='ltr'><strong>rastro.Hoc</strong></span> 
     </span>
    </p>
   </div>
   <div class='ocr_carea' id='block_1_69' title="bbox 1940 2382 3600 2456">
    <p class='ocr_par' dir='ltr' id='par_1_69' title="bbox 1940 2382 3600 2456">
     <span class='ocr_line' id='line_1_69' title="bbox 1940 2382 3600 2456; baseline 0.004 -23"><span class='ocrx_word' id='word_1_525' title='bbox 1940 2382 2094 2452; x_wconf 86' lang='lat' dir='ltr'><strong>quod</strong></span> <span class='ocrx_word' id='word_1_526' title='bbox 2128 2397 2368 2436; x_wconf 87' lang='lat' dir='ltr'><strong>carruca</strong></span> <span class='ocrx_word' id='word_1_527' title='bbox 2398 2386 2455 2435; x_wconf 91' lang='lat' dir='ltr'><strong>et</strong></span> <span class='ocrx_word' id='word_1_528' title='bbox 2484 2399 2714 2437; x_wconf 88' lang='lat' dir='ltr'><strong>vomere</strong></span> <span class='ocrx_word' id='word_1_529' title='bbox 2749 2401 2860 2436; x_wconf 92' lang='lat' dir='ltr'><strong>non</strong></span> <span class='ocrx_word' id='word_1_530' title='bbox 2896 2387 3086 2454; x_wconf 87' lang='lat' dir='ltr'><strong>potest</strong></span> <span class='ocrx_word' id='word_1_531' title='bbox 3125 2382 3313 2438; x_wconf 89' lang='lat' dir='ltr'><strong>scindi</strong></span> <span class='ocrx_word' id='word_1_532' title='bbox 3363 2386 3600 2456; x_wconf 87' lang='lat' dir='ltr'><strong>propter</strong></span> 
     </span>
    </p>
   </div>
   <div class='ocr_carea' id='block_1_70' title="bbox 1940 2468 3596 2542">
    <p class='ocr_par' dir='ltr' id='par_1_70' title="bbox 1940 2468 3596 2542">
     <span class='ocr_line' id='line_1_70' title="bbox 1940 2468 3596 2542; baseline 0.002 -20"><span class='ocrx_word' id='word_1_533' title='bbox 1940 2468 2411 2538; x_wconf 88' lang='lat' dir='ltr'><strong>angustationem</strong></span> <span class='ocrx_word' id='word_1_534' title='bbox 2446 2468 2576 2537; x_wconf 80' lang='lat' dir='ltr'><strong>loci,</strong></span> <span class='ocrx_word' id='word_1_535' title='bbox 2614 2470 2713 2525; x_wconf 89' lang='lat' dir='ltr'><strong>ubi</strong></span> <span class='ocrx_word' id='word_1_536' title='bbox 2744 2488 2859 2525; x_wconf 90' lang='lat' dir='ltr'><strong>non</strong></span> <span class='ocrx_word' id='word_1_537' title='bbox 2903 2474 3095 2542; x_wconf 84' lang='lat' dir='ltr'><strong>potest</strong></span> <span class='ocrx_word' id='word_1_538' title='bbox 3144 2484 3388 2527; x_wconf 87' lang='lat' dir='ltr'><strong>carruca</strong></span> <span class='ocrx_word' id='word_1_539' title='bbox 3426 2471 3596 2539; x_wconf 84' lang='lat' dir='ltr'><strong>verti,</strong></span> 
     </span>
    </p>
   </div>
   <div class='ocr_carea' id='block_1_71' title="bbox 1939 2556 3598 2628">
    <p class='ocr_par' dir='ltr' id='par_1_71' title="bbox 1939 2556 3598 2628">
     <span class='ocr_line' id='line_1_71' title="bbox 1939 2556 3598 2628; baseline 0.003 -18"><span class='ocrx_word' id='word_1_540' title='bbox 1939 2556 2084 2611; x_wconf 89' lang='lat' dir='ltr'><strong>illud</strong></span> <span class='ocrx_word' id='word_1_541' title='bbox 2118 2556 2292 2612; x_wconf 88' lang='lat' dir='ltr'><strong>etiam</strong></span> <span class='ocrx_word' id='word_1_542' title='bbox 2324 2561 2585 2628; x_wconf 86' lang='lat' dir='ltr'><strong>tempore</strong></span> <span class='ocrx_word' id='word_1_543' title='bbox 2619 2559 2729 2613; x_wconf 88' lang='lat' dir='ltr'><strong>sibi</strong></span> <span class='ocrx_word' id='word_1_544' title='bbox 2770 2576 3027 2627; x_wconf 86' lang='lat' dir='ltr'><strong>congruo</strong></span> <span class='ocrx_word' id='word_1_545' title='bbox 3077 2559 3452 2615; x_wconf 82' lang='lat' dir='ltr'><strong>circumfodit</strong></span> <span class='ocrx_word' id='word_1_546' title='bbox 3481 2559 3598 2615; x_wconf 83' lang='lat' dir='ltr'><strong>fos-</strong></span> 
     </span>
    </p>
   </div>
   <div class='ocr_carea' id='block_1_72' title="bbox 1939 2646 3599 2719">
    <p class='ocr_par' dir='ltr' id='par_1_72' title="bbox 1939 2646 3599 2719">
     <span class='ocr_line' id='line_1_72' title="bbox 1939 2646 3599 2719; baseline 0.002 -19"><span class='ocrx_word' id='word_1_547' title='bbox 1939 2646 2115 2700; x_wconf 89' lang='lat' dir='ltr'><strong>sorio.</strong></span> <span class='ocrx_word' id='word_1_548' title='bbox 2149 2670 2175 2693; x_wconf 87' lang='grc'><strong>‹‹</strong></span> <span class='ocrx_word' id='word_1_549' title='bbox 2210 2646 2414 2700; x_wconf 90' lang='lat' dir='ltr'><strong>Nonne</strong></span> <span class='ocrx_word' id='word_1_550' title='bbox 2444 2663 2578 2700; x_wconf 91' lang='lat' dir='ltr'><strong>cum</strong></span> <span class='ocrx_word' id='word_1_551' title='bbox 2610 2648 3001 2718; x_wconf 70' lang='lat' dir='ltr'><strong>aquuaverit</strong></span> <span class='ocrx_word' id='word_1_552' title='bbox 3032 2648 3239 2703; x_wconf 82' lang='lat' dir='ltr'><strong>faciem</strong></span> <span class='ocrx_word' id='word_1_553' title='bbox 3270 2648 3458 2719; x_wconf 76' lang='lat' dir='ltr'><strong>ejus,»</strong></span> <span class='ocrx_word' id='word_1_554' title='bbox 3487 2647 3599 2704; x_wconf 90' lang='lat' dir='ltr'><strong>hoc</strong></span> 
     </span>
    </p>
   </div>
   <div class='ocr_carea' id='block_1_73' title="bbox 1938 2734 3595 2805">
    <p class='ocr_par' dir='ltr' id='par_1_73' title="bbox 1938 2734 3595 2805">
     <span class='ocr_line' id='line_1_73' title="bbox 1938 2734 3595 2805; baseline 0.002 -17"><span class='ocrx_word' id='word_1_555' title='bbox 1938 2739 2047 2801; x_wconf 89' lang='lat' dir='ltr'><strong>est,</strong></span> <span class='ocrx_word' id='word_1_556' title='bbox 2083 2750 2216 2789; x_wconf 92' lang='lat' dir='ltr'><strong>cum</strong></span> <span class='ocrx_word' id='word_1_557' title='bbox 2268 2734 2551 2805; x_wconf 64' lang='lat' dir='ltr'><strong>{aqualem</strong></span> <span class='ocrx_word' id='word_1_558' title='bbox 2612 2735 2929 2791; x_wconf 85' lang='lat' dir='ltr'><strong>reddiderit</strong></span> <span class='ocrx_word' id='word_1_559' title='bbox 2976 2739 3033 2789; x_wconf 92' lang='lat' dir='ltr'><strong>et</strong></span> <span class='ocrx_word' id='word_1_560' title='bbox 3073 2735 3385 2791; x_wconf 90' lang='lat' dir='ltr'><strong>emollierit</strong></span> <span class='ocrx_word' id='word_1_561' title='bbox 3431 2734 3595 2791; x_wconf 87' lang='lat' dir='ltr'><strong>illam</strong></span> 
     </span>
    </p>
   </div>
   <div class='ocr_carea' id='block_1_74' title="bbox 1938 2822 3597 2895">
    <p class='ocr_par' dir='ltr' id='par_1_74' title="bbox 1938 2822 3597 2895">
     <span class='ocr_line' id='line_1_74' title="bbox 1938 2822 3597 2895; baseline 0.005 -24"><span class='ocrx_word' id='word_1_562' title='bbox 1938 2844 1967 2871; x_wconf 86' lang='grc'><strong>‹‹</strong></span> <span class='ocrx_word' id='word_1_563' title='bbox 2000 2828 2172 2885; x_wconf 88' lang='lat' dir='ltr'><strong>seret,</strong></span> <span class='ocrx_word' id='word_1_564' title='bbox 2201 2844 2227 2869; x_wconf 87' lang='grc'><strong>››</strong></span> <span class='ocrx_word' id='word_1_565' title='bbox 2252 2822 2358 2877; x_wconf 86' lang='lat' dir='ltr'><strong>hoc</strong></span> <span class='ocrx_word' id='word_1_566' title='bbox 2383 2826 2472 2877; x_wconf 90' lang='lat' dir='ltr'><strong>est</strong></span> <span class='ocrx_word' id='word_1_567' title='bbox 2498 2823 2815 2877; x_wconf 89' lang='lat' dir='ltr'><strong>seminabit</strong></span> <span class='ocrx_word' id='word_1_568' title='bbox 2835 2848 2861 2871; x_wconf 88' lang='lat'><strong><em>«</em></strong></span> <span class='ocrx_word' id='word_1_569' title='bbox 2888 2823 3012 2893; x_wconf 89' lang='lat' dir='ltr'><strong>gith</strong></span> <span class='ocrx_word' id='word_1_570' title='bbox 3037 2829 3095 2877; x_wconf 89' lang='lat' dir='ltr'><strong>et</strong></span> <span class='ocrx_word' id='word_1_571' title='bbox 3114 2822 3413 2895; x_wconf 84' lang='lat' dir='ltr'><strong>cyminum</strong></span> <span class='ocrx_word' id='word_1_572' title='bbox 3435 2838 3597 2895; x_wconf 83' lang='lat' dir='ltr'><strong>spar-</strong></span> 
     </span>
    </p>
   </div>
   <div class='ocr_carea' id='block_1_75' title="bbox 1936 2909 3593 2983">
    <p class='ocr_par' dir='ltr' id='par_1_75' title="bbox 1936 2909 3593 2983">
     <span class='ocr_line' id='line_1_75' title="bbox 1936 2909 3593 2983; baseline 0.001 -18"><span class='ocrx_word' id='word_1_573' title='bbox 1936 2910 2075 2981; x_wconf 83' lang='lat' dir='ltr'><strong>get?</strong></span> <span class='ocrx_word' id='word_1_574' title='bbox 2100 2932 2125 2957; x_wconf 83' lang='grc'><strong>››</strong></span> <span class='ocrx_word' id='word_1_575' title='bbox 2149 2910 2283 2965; x_wconf 87' lang='lat' dir='ltr'><strong>Gith</strong></span> <span class='ocrx_word' id='word_1_576' title='bbox 2316 2926 2502 2981; x_wconf 87' lang='lat' dir='ltr'><strong>genus</strong></span> <span class='ocrx_word' id='word_1_577' title='bbox 2533 2915 2621 2963; x_wconf 87' lang='lat' dir='ltr'><strong>est</strong></span> <span class='ocrx_word' id='word_1_578' title='bbox 2651 2910 2986 2980; x_wconf 81' lang='lat' dir='ltr'><strong>leguminis,</strong></span> <span class='ocrx_word' id='word_1_579' title='bbox 3020 2914 3195 2965; x_wconf 66' lang='lat' dir='ltr'><strong>tantae</strong></span> <span class='ocrx_word' id='word_1_580' title='bbox 3227 2909 3593 2983; x_wconf 83' lang='lat' dir='ltr'><strong>magnitudi-</strong></span> 
     </span>
    </p>
   </div>
   <div class='ocr_carea' id='block_1_76' title="bbox 1937 2988 3596 3071">
    <p class='ocr_par' dir='ltr' id='par_1_76' title="bbox 1937 2988 3596 3071">
     <span class='ocr_line' id='line_1_76' title="bbox 1937 2988 3596 3071; baseline 0.002 -19"><span class='ocrx_word' id='word_1_581' title='bbox 1937 2998 2030 3053; x_wconf 91' lang='lat' dir='ltr'><strong>nis</strong></span> <span class='ocrx_word' id='word_1_582' title='bbox 2061 2998 2284 3053; x_wconf 89' lang='lat' dir='ltr'><strong>habens</strong></span> <span class='ocrx_word' id='word_1_583' title='bbox 2316 3015 2500 3069; x_wconf 88' lang='lat' dir='ltr'><strong>graua</strong></span> <span class='ocrx_word' id='word_1_584' title='bbox 2529 3002 2593 3052; x_wconf 92' lang='lat' dir='ltr'><strong>ut</strong></span> <span class='ocrx_word' id='word_1_585' title='bbox 2620 2999 2942 3069; x_wconf 86' lang='lat' dir='ltr'><strong>cyminum,</strong></span> <span class='ocrx_word' id='word_1_586' title='bbox 2976 2988 3078 3053; x_wconf 82' lang='lat' dir='ltr'><strong>sed</strong></span> <span class='ocrx_word' id='word_1_587' title='bbox 3128 2997 3313 3071; x_wconf 89' lang='lat' dir='ltr'><strong>nigra,</strong></span> <span class='ocrx_word' id='word_1_588' title='bbox 3346 3001 3407 3055; x_wconf 88' lang='lat' dir='ltr'><strong>et</strong></span> <span class='ocrx_word' id='word_1_589' title='bbox 3444 2998 3596 3056; x_wconf 87' lang='lat' dir='ltr'><strong>solet</strong></span> 
     </span>
    </p>
   </div>
   <div class='ocr_carea' id='block_1_77' title="bbox 1936 3085 3367 3159">
    <p class='ocr_par' dir='ltr' id='par_1_77' title="bbox 1936 3085 3367 3159">
     <span class='ocr_line' id='line_1_77' title="bbox 1936 3085 3367 3159; baseline 0.001 -18"><span class='ocrx_word' id='word_1_590' title='bbox 1936 3086 2072 3159; x_wconf 93' lang='lat' dir='ltr'><strong>poni</strong></span> <span class='ocrx_word' id='word_1_591' title='bbox 2101 3087 2159 3141; x_wconf 92' lang='lat' dir='ltr'><strong>in</strong></span> <span class='ocrx_word' id='word_1_592' title='bbox 2193 3103 2341 3157; x_wconf 88' lang='lat' dir='ltr'><strong>pane</strong></span> <span class='ocrx_word' id='word_1_593' title='bbox 2370 3090 2605 3158; x_wconf 87' lang='lat' dir='ltr'><strong>propter</strong></span> <span class='ocrx_word' id='word_1_594' title='bbox 2628 3085 3045 3142; x_wconf 88' lang='lat' dir='ltr'><strong>dulcorationis</strong></span> <span class='ocrx_word' id='word_1_595' title='bbox 3076 3102 3367 3158; x_wconf 91' lang='lat' dir='ltr'><strong>saporem.</strong></span> 
     </span>
    </p>
   </div>
   <div class='ocr_carea' id='block_1_78' title="bbox 2008 3191 3597 3264">
    <p class='ocr_par' dir='ltr' id='par_1_78' title="bbox 2008 3191 3597 3264">
     <span class='ocr_line' id='line_1_78' title="bbox 2008 3191 3597 3264; baseline 0.001 -17"><span class='ocrx_word' id='word_1_596' title='bbox 2008 3216 2034 3241; x_wconf 82' lang='grc'><strong>‹‹</strong></span> <span class='ocrx_word' id='word_1_597' title='bbox 2069 3193 2138 3247; x_wconf 90' lang='lat' dir='ltr'><strong>Et</strong></span> <span class='ocrx_word' id='word_1_598' title='bbox 2169 3196 2342 3264; x_wconf 90' lang='lat' dir='ltr'><strong>ponet</strong></span> <span class='ocrx_word' id='word_1_599' title='bbox 2374 3192 2633 3247; x_wconf 90' lang='lat' dir='ltr'><strong>triticum</strong></span> <span class='ocrx_word' id='word_1_600' title='bbox 2680 3210 2781 3263; x_wconf 90' lang='lat' dir='ltr'><strong>per</strong></span> <span class='ocrx_word' id='word_1_601' title='bbox 2826 3191 3111 3258; x_wconf 86' lang='lat' dir='ltr'><strong>ordinem,</strong></span> <span class='ocrx_word' id='word_1_602' title='bbox 3143 3213 3170 3241; x_wconf 84' lang='lat'>»</span> <span class='ocrx_word' id='word_1_603' title='bbox 3203 3191 3597 3250; x_wconf 86' lang='lat' dir='ltr'><strong>saubauditur</strong></span> 
     </span>
    </p>
   </div>
   <div class='ocr_carea' id='block_1_79' title="bbox 1858 3279 3593 3366">
    <p class='ocr_par' dir='ltr' id='par_1_79' title="bbox 1858 3279 3593 3366">
     <span class='ocr_line' id='line_1_79' title="bbox 1858 3279 3593 3366; baseline 0.001 -31"><span class='ocrx_word' id='word_1_604' title='bbox 1858 3299 1900 3366; x_wconf 72' lang='grc' dir='ltr'>ρ</span> <span class='ocrx_word' id='word_1_605' title='bbox 1938 3280 2199 3336; x_wconf 91' lang='lat' dir='ltr'><strong>locorum</strong></span> <span class='ocrx_word' id='word_1_606' title='bbox 2249 3297 2513 3335; x_wconf 91' lang='lat' dir='ltr'><strong>suorum.</strong></span> <span class='ocrx_word' id='word_1_607' title='bbox 2556 3281 2703 3347; x_wconf 89' lang='lat' dir='ltr'><strong>Quia</strong></span> <span class='ocrx_word' id='word_1_608' title='bbox 2756 3298 2872 3336; x_wconf 91' lang='lat' dir='ltr'><strong>non</strong></span> <span class='ocrx_word' id='word_1_609' title='bbox 2928 3281 3128 3336; x_wconf 92' lang='lat' dir='ltr'><strong>omnia</strong></span> <span class='ocrx_word' id='word_1_610' title='bbox 3180 3279 3373 3353; x_wconf 90' lang='lat' dir='ltr'><strong>spatia</strong></span> <span class='ocrx_word' id='word_1_611' title='bbox 3427 3284 3593 3337; x_wconf 72' lang='lat' dir='ltr'><strong>terrea</strong></span> 
     </span>
    </p>
   </div>
   <div class='ocr_carea' id='block_1_80' title="bbox 1941 3368 3594 3441">
    <p class='ocr_par' dir='ltr' id='par_1_80' title="bbox 1941 3368 3594 3441">
     <span class='ocr_line' id='line_1_80' title="bbox 1941 3368 3594 3441; baseline 0.002 -19"><span class='ocrx_word' id='word_1_612' title='bbox 1941 3368 2242 3441; x_wconf 67' lang='lat' dir='ltr'><strong>aaqualiter</strong></span> <span class='ocrx_word' id='word_1_613' title='bbox 2293 3370 2647 3424; x_wconf 82' lang='lat' dir='ltr'><strong>conveniunt</strong></span> <span class='ocrx_word' id='word_1_614' title='bbox 2699 3369 3044 3424; x_wconf 89' lang='lat' dir='ltr'><strong>seminibus.</strong></span> <span class='ocrx_word' id='word_1_615' title='bbox 3087 3392 3116 3419; x_wconf 82' lang='lat'><strong><em>«</em></strong></span> <span class='ocrx_word' id='word_1_616' title='bbox 3146 3370 3218 3424; x_wconf 86' lang='lat' dir='ltr'><strong>Et</strong></span> <span class='ocrx_word' id='word_1_617' title='bbox 3271 3368 3481 3426; x_wconf 86' lang='lat' dir='ltr'><strong>viciam</strong></span> <span class='ocrx_word' id='word_1_618' title='bbox 3532 3369 3594 3426; x_wconf 91' lang='lat' dir='ltr'><strong>in</strong></span> 
     </span>
    </p>
   </div>
   <div class='ocr_carea' id='block_1_81' title="bbox 1942 3458 3595 3532">
    <p class='ocr_par' dir='ltr' id='par_1_81' title="bbox 1942 3458 3595 3532">
     <span class='ocr_line' id='line_1_81' title="bbox 1942 3458 3595 3532; baseline 0.002 -20"><span class='ocrx_word' id='word_1_619' title='bbox 1942 3458 2159 3513; x_wconf 83' lang='lat' dir='ltr'><strong>finibus</strong></span> <span class='ocrx_word' id='word_1_620' title='bbox 2190 3458 2313 3513; x_wconf 91' lang='lat' dir='ltr'><strong>suis</strong></span> <span class='ocrx_word' id='word_1_621' title='bbox 2344 3464 2600 3531; x_wconf 77' lang='lat' dir='ltr'><strong>sparget,</strong></span> <span class='ocrx_word' id='word_1_622' title='bbox 2635 3481 2661 3505; x_wconf 85' lang='lat'>»</span> <span class='ocrx_word' id='word_1_623' title='bbox 2694 3458 2831 3530; x_wconf 88' lang='lat' dir='ltr'><strong>quia</strong></span> <span class='ocrx_word' id='word_1_624' title='bbox 2862 3458 2920 3512; x_wconf 90' lang='lat' dir='ltr'><strong>in</strong></span> <span class='ocrx_word' id='word_1_625' title='bbox 2954 3458 3321 3532; x_wconf 86' lang='lat' dir='ltr'><strong>marginibus</strong></span> <span class='ocrx_word' id='word_1_626' title='bbox 3360 3474 3595 3532; x_wconf 85' lang='lat' dir='ltr'><strong>campo-</strong></span> 
     </span>
    </p>
   </div>
   <div class='ocr_carea' id='block_1_82' title="bbox 1942 3533 3275 3615">
    <p class='ocr_par' dir='ltr' id='par_1_82' title="bbox 1942 3533 3275 3615">
     <span class='ocr_line' id='line_1_82' title="bbox 1942 3533 3275 3615; baseline 0.002 -14"><span class='ocrx_word' id='word_1_627' title='bbox 1942 3533 2190 3615; x_wconf 56' lang='lat' dir='ltr'><strong>rum,&#39;iu</strong></span> <span class='ocrx_word' id='word_1_628' title='bbox 2223 3547 2474 3602; x_wconf 85' lang='lat' dir='ltr'><strong>circuitu</strong></span> <span class='ocrx_word' id='word_1_629' title='bbox 2507 3548 2719 3601; x_wconf 85' lang='lat' dir='ltr'><strong>messis</strong></span> <span class='ocrx_word' id='word_1_630' title='bbox 2752 3548 3079 3602; x_wconf 88' lang='lat' dir='ltr'><strong>seminatur</strong></span> <span class='ocrx_word' id='word_1_631' title='bbox 3105 3547 3275 3604; x_wconf 90' lang='lat' dir='ltr'><strong>vicia.</strong></span> 
     </span>
    </p>
   </div>
   <div class='ocr_carea' id='block_1_83' title="bbox 2015 3653 3602 3726">
    <p class='ocr_par' dir='ltr' id='par_1_83' title="bbox 2015 3653 3602 3726">
     <span class='ocr_line' id='line_1_83' title="bbox 2015 3653 3602 3726; baseline 0.006 -24"><span class='ocrx_word' id='word_1_632' title='bbox 2015 3678 2041 3702; x_wconf 90' lang='grc'><strong>‹‹</strong></span> <span class='ocrx_word' id='word_1_633' title='bbox 2078 3654 2147 3708; x_wconf 85' lang='lat' dir='ltr'><strong>Et</strong></span> <span class='ocrx_word' id='word_1_634' title='bbox 2178 3654 2405 3710; x_wconf 88' lang='lat' dir='ltr'><strong>erudiet</strong></span> <span class='ocrx_word' id='word_1_635' title='bbox 2439 3653 2601 3708; x_wconf 89' lang='lat' dir='ltr'><strong>illum</strong></span> <span class='ocrx_word' id='word_1_636' title='bbox 2636 3654 2951 3724; x_wconf 78' lang='lat' dir='ltr'><strong>agricolam</strong></span> <span class='ocrx_word' id='word_1_637' title='bbox 2984 3653 3304 3726; x_wconf 88' lang='lat' dir='ltr'><strong>injudicio,</strong></span> <span class='ocrx_word' id='word_1_638' title='bbox 3332 3678 3362 3705; x_wconf 82' lang='grc'><strong>››</strong></span> <span class='ocrx_word' id='word_1_639' title='bbox 3381 3654 3492 3712; x_wconf 91' lang='lat' dir='ltr'><strong>hoc</strong></span> <span class='ocrx_word' id='word_1_640' title='bbox 3511 3659 3602 3713; x_wconf 87' lang='lat' dir='ltr'><strong>est</strong></span> 
     </span>
    </p>
   </div>
   <div class='ocr_carea' id='block_1_84' title="bbox 1942 3741 3599 3815">
    <p class='ocr_par' dir='ltr' id='par_1_84' title="bbox 1942 3741 3599 3815">
     <span class='ocr_line' id='line_1_84' title="bbox 1942 3741 3599 3815; baseline 0.004 -20"><span class='ocrx_word' id='word_1_641' title='bbox 1942 3741 2002 3795; x_wconf 90' lang='lat' dir='ltr'><strong>in</strong></span> <span class='ocrx_word' id='word_1_642' title='bbox 2034 3742 2402 3797; x_wconf 85' lang='lat' dir='ltr'><strong>discretione.</strong></span> <span class='ocrx_word' id='word_1_643' title='bbox 2438 3743 2668 3798; x_wconf 76' lang='lat' dir='ltr'><strong>Scilicet</strong></span> <span class='ocrx_word' id='word_1_644' title='bbox 2692 3744 2845 3798; x_wconf 87' lang='lat' dir='ltr'><strong>Deus</strong></span> <span class='ocrx_word' id='word_1_645' title='bbox 2868 3762 3011 3798; x_wconf 89' lang='lat' dir='ltr'><strong>suus</strong></span> <span class='ocrx_word' id='word_1_646' title='bbox 3035 3742 3267 3797; x_wconf 88' lang='lat' dir='ltr'><strong>docebit</strong></span> <span class='ocrx_word' id='word_1_647' title='bbox 3286 3742 3599 3815; x_wconf 79' lang='lat' dir='ltr'><strong>illum,quo</strong></span> 
     </span>
    </p>
   </div>
   <div class='ocr_carea' id='block_1_85' title="bbox 1942 3830 3595 3902">
    <p class='ocr_par' dir='ltr' id='par_1_85' title="bbox 1942 3830 3595 3902">
     <span class='ocr_line' id='line_1_85' title="bbox 1942 3830 3595 3902; baseline 0.002 -19"><span class='ocrx_word' id='word_1_648' title='bbox 1942 3833 2203 3901; x_wconf 88' lang='lat' dir='ltr'><strong>tempore</strong></span> <span class='ocrx_word' id='word_1_649' title='bbox 2236 3831 2445 3885; x_wconf 85' lang='lat' dir='ltr'><strong>debeat</strong></span> <span class='ocrx_word' id='word_1_650' title='bbox 2476 3849 2637 3885; x_wconf 85' lang='lat' dir='ltr'><strong>arare</strong></span> <span class='ocrx_word' id='word_1_651' title='bbox 2670 3836 2726 3885; x_wconf 91' lang='lat' dir='ltr'><strong>et</strong></span> <span class='ocrx_word' id='word_1_652' title='bbox 2750 3832 3145 3902; x_wconf 90' lang='lat' dir='ltr'><strong>proscindere,</strong></span> <span class='ocrx_word' id='word_1_653' title='bbox 3177 3833 3236 3884; x_wconf 90' lang='lat' dir='ltr'><strong>et</strong></span> <span class='ocrx_word' id='word_1_654' title='bbox 3270 3830 3369 3884; x_wconf 90' lang='lat' dir='ltr'><strong>ubi</strong></span> <span class='ocrx_word' id='word_1_655' title='bbox 3420 3831 3595 3887; x_wconf 89' lang='lat' dir='ltr'><strong>semi-</strong></span> 
     </span>
    </p>
   </div>
   <div class='ocr_carea' id='block_1_86' title="bbox 1943 3918 3596 3990">
    <p class='ocr_par' dir='ltr' id='par_1_86' title="bbox 1943 3918 3596 3990">
     <span class='ocr_line' id='line_1_86' title="bbox 1943 3918 3596 3990; baseline 0.001 -18"><span class='ocrx_word' id='word_1_656' title='bbox 1943 3936 2082 3973; x_wconf 88' lang='lat' dir='ltr'><strong>nare</strong></span> <span class='ocrx_word' id='word_1_657' title='bbox 2114 3919 2370 3973; x_wconf 86' lang='lat' dir='ltr'><strong>triticum</strong></span> <span class='ocrx_word' id='word_1_658' title='bbox 2405 3923 2463 3973; x_wconf 89' lang='lat' dir='ltr'><strong>et</strong></span> <span class='ocrx_word' id='word_1_659' title='bbox 2494 3919 2591 3973; x_wconf 91' lang='lat' dir='ltr'><strong>ubi</strong></span> <span class='ocrx_word' id='word_1_660' title='bbox 2626 3919 2879 3985; x_wconf 88' lang='lat' dir='ltr'><strong>milium,</strong></span> <span class='ocrx_word' id='word_1_661' title='bbox 2914 3923 2970 3974; x_wconf 91' lang='lat' dir='ltr'><strong>et</strong></span> <span class='ocrx_word' id='word_1_662' title='bbox 3000 3919 3255 3990; x_wconf 90' lang='lat' dir='ltr'><strong>quando.</strong></span> <span class='ocrx_word' id='word_1_663' title='bbox 3289 3918 3481 3974; x_wconf 83' lang='lat' dir='ltr'><strong>Media</strong></span> <span class='ocrx_word' id='word_1_664' title='bbox 3507 3919 3596 3974; x_wconf 89' lang='lat' dir='ltr'><strong>di-</strong></span> 
     </span>
    </p>
   </div>
   <div class='ocr_carea' id='block_1_87' title="bbox 1942 4005 3601 4075">
    <p class='ocr_par' dir='ltr' id='par_1_87' title="bbox 1942 4005 3601 4075">
     <span class='ocr_line' id='line_1_87' title="bbox 1942 4005 3601 4075; baseline 0.001 -14"><span class='ocrx_word' id='word_1_665' title='bbox 1942 4005 2178 4061; x_wconf 90' lang='lat' dir='ltr'><strong>stinctio</strong></span> <span class='ocrx_word' id='word_1_666' title='bbox 2230 4006 2499 4075; x_wconf 86' lang='lat' dir='ltr'><strong>ponenda</strong></span> <span class='ocrx_word' id='word_1_667' title='bbox 2544 4010 2632 4061; x_wconf 85' lang='lat' dir='ltr'><strong>est</strong></span> <span class='ocrx_word' id='word_1_668' title='bbox 2683 4005 2781 4061; x_wconf 91' lang='lat' dir='ltr'><strong>illo</strong></span> <span class='ocrx_word' id='word_1_669' title='bbox 2816 4005 2875 4060; x_wconf 91' lang='lat' dir='ltr'><strong>in</strong></span> <span class='ocrx_word' id='word_1_670' title='bbox 2908 4006 3053 4072; x_wconf 91' lang='lat' dir='ltr'><strong>loco,</strong></span> <span class='ocrx_word' id='word_1_671' title='bbox 3087 4005 3188 4060; x_wconf 92' lang='lat' dir='ltr'><strong>ubi</strong></span> <span class='ocrx_word' id='word_1_672' title='bbox 3237 4005 3456 4061; x_wconf 89' lang='lat' dir='ltr'><strong>dicitur</strong></span> <span class='ocrx_word' id='word_1_673' title='bbox 3487 4023 3501 4062; x_wconf 89' lang='lat'>:</span> <span class='ocrx_word' id='word_1_674' title='bbox 3528 4007 3601 4063; x_wconf 87' lang='lat' dir='ltr'><strong>Et</strong></span> 
     </span>
    </p>
   </div>
   <div class='ocr_carea' id='block_1_88' title="bbox 1943 4092 3600 4166">
    <p class='ocr_par' dir='ltr' id='par_1_88' title="bbox 1943 4092 3600 4166">
     <span class='ocr_line' id='line_1_88' title="bbox 1943 4092 3600 4166; baseline 0.001 -17"><span class='ocrx_word' id='word_1_675' title='bbox 1943 4093 2168 4149; x_wconf 90' lang='lat' dir='ltr'><strong>erudiet</strong></span> <span class='ocrx_word' id='word_1_676' title='bbox 2198 4092 2365 4147; x_wconf 88' lang='lat' dir='ltr'><strong>illum</strong></span> <span class='ocrx_word' id='word_1_677' title='bbox 2400 4093 2457 4147; x_wconf 93' lang='lat' dir='ltr'><strong>in</strong></span> <span class='ocrx_word' id='word_1_678' title='bbox 2480 4093 2726 4163; x_wconf 88' lang='lat' dir='ltr'><strong>judicio.</strong></span> <span class='ocrx_word' id='word_1_679' title='bbox 2761 4094 2829 4147; x_wconf 89' lang='lat' dir='ltr'><strong>Et</strong></span> <span class='ocrx_word' id='word_1_680' title='bbox 2860 4093 3363 4166; x_wconf 89' lang='lat' dir='ltr'><strong>suhjungendum,</strong></span> <span class='ocrx_word' id='word_1_681' title='bbox 3387 4116 3415 4144; x_wconf 89' lang='grc'><strong>‹‹</strong></span> <span class='ocrx_word' id='word_1_682' title='bbox 3442 4093 3600 4150; x_wconf 90' lang='lat' dir='ltr'><strong>Deus</strong></span> 
     </span>
    </p>
   </div>
   <div class='ocr_carea' id='block_1_89' title="bbox 1944 4180 3596 4247">
    <p class='ocr_par' dir='ltr' id='par_1_89' title="bbox 1944 4180 3596 4247">
     <span class='ocr_line' id='line_1_89' title="bbox 1944 4180 3596 4247; baseline 0 -9"><span class='ocrx_word' id='word_1_683' title='bbox 1944 4199 2089 4238; x_wconf 91' lang='lat' dir='ltr'><strong>suus</strong></span> <span class='ocrx_word' id='word_1_684' title='bbox 2110 4181 2340 4239; x_wconf 91' lang='lat' dir='ltr'><strong>docebit</strong></span> <span class='ocrx_word' id='word_1_685' title='bbox 2360 4181 2548 4236; x_wconf 88' lang='lat' dir='ltr'><strong>illum.</strong></span> <span class='ocrx_word' id='word_1_686' title='bbox 2568 4181 2748 4247; x_wconf 74' lang='lat' dir='ltr'><strong>nQuis</strong></span> <span class='ocrx_word' id='word_1_687' title='bbox 2770 4182 2999 4236; x_wconf 86' lang='lat' dir='ltr'><strong>erudiet</strong></span> <span class='ocrx_word' id='word_1_688' title='bbox 3021 4180 3187 4236; x_wconf 88' lang='lat' dir='ltr'><strong>illum</strong></span> <span class='ocrx_word' id='word_1_689' title='bbox 3204 4181 3231 4236; x_wconf 91' lang='lat'><strong>?</strong></span> <span class='ocrx_word' id='word_1_690' title='bbox 3252 4182 3409 4239; x_wconf 90' lang='lat' dir='ltr'><strong>Deus</strong></span> <span class='ocrx_word' id='word_1_691' title='bbox 3427 4199 3596 4240; x_wconf 88' lang='lat' dir='ltr'><strong>suus.</strong></span> 
     </span>
    </p>
   </div>
   <div class='ocr_carea' id='block_1_90' title="bbox 1944 4268 3603 4338">
    <p class='ocr_par' dir='ltr' id='par_1_90' title="bbox 1944 4268 3603 4338">
     <span class='ocr_line' id='line_1_90' title="bbox 1944 4268 3603 4338; baseline 0.001 -12"><span class='ocrx_word' id='word_1_692' title='bbox 1944 4270 2427 4326; x_wconf 90' lang='lat' dir='ltr'><strong>Subaudiendum</strong></span> <span class='ocrx_word' id='word_1_693' title='bbox 2461 4274 2549 4325; x_wconf 89' lang='lat' dir='ltr'><strong>est</strong></span> <span class='ocrx_word' id='word_1_694' title='bbox 2578 4270 2735 4325; x_wconf 90' lang='lat' dir='ltr'><strong>enim</strong></span> <span class='ocrx_word' id='word_1_695' title='bbox 2767 4268 2847 4325; x_wconf 92' lang='lat' dir='ltr'><strong>ibi</strong></span> <span class='ocrx_word' id='word_1_696' title='bbox 2876 4271 3051 4338; x_wconf 89' lang='lat' dir='ltr'><strong>Deus,</strong></span> <span class='ocrx_word' id='word_1_697' title='bbox 3085 4274 3149 4325; x_wconf 91' lang='lat' dir='ltr'><strong>ut</strong></span> <span class='ocrx_word' id='word_1_698' title='bbox 3181 4269 3259 4327; x_wconf 88' lang='lat' dir='ltr'><strong>sit</strong></span> <span class='ocrx_word' id='word_1_699' title='bbox 3286 4274 3344 4327; x_wconf 85' lang='lat' dir='ltr'><strong>et</strong></span> <span class='ocrx_word' id='word_1_700' title='bbox 3371 4270 3603 4328; x_wconf 88' lang='lat' dir='ltr'><strong>erudiet</strong></span> 
     </span>
    </p>
   </div>
   <div class='ocr_carea' id='block_1_91' title="bbox 1944 4357 3603 4432">
    <p class='ocr_par' dir='ltr' id='par_1_91' title="bbox 1944 4357 3603 4432">
     <span class='ocr_line' id='line_1_91' title="bbox 1944 4357 3603 4432; baseline 0.001 -18"><span class='ocrx_word' id='word_1_701' title='bbox 1944 4358 2113 4414; x_wconf 92' lang='lat' dir='ltr'><strong>illum</strong></span> <span class='ocrx_word' id='word_1_702' title='bbox 2142 4359 2295 4415; x_wconf 90' lang='lat' dir='ltr'><strong>Deus</strong></span> <span class='ocrx_word' id='word_1_703' title='bbox 2326 4377 2493 4414; x_wconf 91' lang='lat' dir='ltr'><strong>suus.</strong></span> <span class='ocrx_word' id='word_1_704' title='bbox 2519 4359 2663 4414; x_wconf 89' lang='lat' dir='ltr'><strong>Cum</strong></span> <span class='ocrx_word' id='word_1_705' title='bbox 2687 4363 2884 4415; x_wconf 88' lang='lat' dir='ltr'><strong>autem</strong></span> <span class='ocrx_word' id='word_1_706' title='bbox 2903 4357 3127 4415; x_wconf 90' lang='lat' dir='ltr'><strong>venerit</strong></span> <span class='ocrx_word' id='word_1_707' title='bbox 3147 4362 3382 4432; x_wconf 90' lang='lat' dir='ltr'><strong>tempus</strong></span> <span class='ocrx_word' id='word_1_708' title='bbox 3401 4358 3603 4416; x_wconf 84' lang='lat' dir='ltr'><strong>collec-</strong></span> 
     </span>
    </p>
   </div>
   <div class='ocr_carea' id='block_1_92' title="bbox 1943 4447 3602 4521">
    <p class='ocr_par' dir='ltr' id='par_1_92' title="bbox 1943 4447 3602 4521">
     <span class='ocr_line' id='line_1_92' title="bbox 1943 4447 3602 4521; baseline 0.001 -18"><span class='ocrx_word' id='word_1_709' title='bbox 1943 4447 2123 4503; x_wconf 91' lang='lat' dir='ltr'><strong>tionis</strong></span> <span class='ocrx_word' id='word_1_710' title='bbox 2154 4473 2180 4497; x_wconf 88' lang='grc'><em>‹‹</em></span> <span class='ocrx_word' id='word_1_711' title='bbox 2217 4465 2405 4519; x_wconf 89' lang='lat' dir='ltr'><strong>neque</strong></span> <span class='ocrx_word' id='word_1_712' title='bbox 2453 4448 2580 4521; x_wconf 91' lang='lat' dir='ltr'><strong>gith</strong></span> <span class='ocrx_word' id='word_1_713' title='bbox 2630 4448 3007 4504; x_wconf 87' lang='lat' dir='ltr'><strong>triturabitur</strong></span> <span class='ocrx_word' id='word_1_714' title='bbox 3056 4448 3259 4517; x_wconf 88' lang='lat' dir='ltr'><strong>serris,</strong></span> <span class='ocrx_word' id='word_1_715' title='bbox 3292 4471 3322 4498; x_wconf 87' lang='lat'>»</span> <span class='ocrx_word' id='word_1_716' title='bbox 3355 4448 3465 4505; x_wconf 88' lang='lat' dir='ltr'><strong>hoc</strong></span> <span class='ocrx_word' id='word_1_717' title='bbox 3509 4452 3602 4506; x_wconf 88' lang='lat' dir='ltr'><strong>est</strong></span> 
     </span>
    </p>
   </div>
   <div class='ocr_carea' id='block_1_93' title="bbox 1944 4535 3600 4610">
    <p class='ocr_par' dir='ltr' id='par_1_93' title="bbox 1944 4535 3600 4610">
     <span class='ocr_line' id='line_1_93' title="bbox 1944 4535 3600 4610; baseline 0 -18"><span class='ocrx_word' id='word_1_718' title='bbox 1944 4537 2289 4605; x_wconf 82' lang='lat' dir='ltr'><strong>excutietur,</strong></span> <span class='ocrx_word' id='word_1_719' title='bbox 2324 4561 2349 4587; x_wconf 88' lang='grc'><strong>‹‹</strong></span> <span class='ocrx_word' id='word_1_720' title='bbox 2386 4554 2573 4609; x_wconf 88' lang='lat' dir='ltr'><strong>neque</strong></span> <span class='ocrx_word' id='word_1_721' title='bbox 2604 4554 2782 4609; x_wconf 90' lang='lat' dir='ltr'><strong>super</strong></span> <span class='ocrx_word' id='word_1_722' title='bbox 2830 4537 3130 4608; x_wconf 87' lang='lat' dir='ltr'><strong>cyminum</strong></span> <span class='ocrx_word' id='word_1_723' title='bbox 3176 4539 3304 4592; x_wconf 88' lang='lat' dir='ltr'><strong>rota</strong></span> <span class='ocrx_word' id='word_1_724' title='bbox 3350 4535 3600 4610; x_wconf 88' lang='lat' dir='ltr'><strong>plaustri</strong></span> 
     </span>
    </p>
   </div>
   <div class='ocr_carea' id='block_1_94' title="bbox 175 4623 1785 4727">
    <p class='ocr_par' dir='ltr' id='par_1_94' title="bbox 175 4623 1785 4720">
     <span class='ocr_line' id='line_1_94' title="bbox 175 4623 1785 4720; baseline -0.006 -14"><span class='ocrx_word' id='word_1_725' title='bbox 175 4623 497 4707; x_wconf 59' lang='lat' dir='ltr'><strong>vindictam</strong></span> <span class='ocrx_word' id='word_1_726' title='bbox 528 4649 741 4720; x_wconf 88' lang='lat' dir='ltr'><strong>accipit</strong></span> <span class='ocrx_word' id='word_1_727' title='bbox 769 4664 839 4703; x_wconf 81' lang='lat' dir='ltr'><strong>ex</strong></span> <span class='ocrx_word' id='word_1_728' title='bbox 887 4648 1015 4703; x_wconf 90' lang='lat' dir='ltr'><strong>suis</strong></span> <span class='ocrx_word' id='word_1_729' title='bbox 1062 4647 1588 4719; x_wconf 90' lang='lat' dir='ltr'><strong>contemptoribus,</strong></span> <span class='ocrx_word' id='word_1_730' title='bbox 1619 4648 1753 4703; x_wconf 69' lang='lat' dir='ltr'><strong>saevi</strong></span> <span class='ocrx_word' id='word_1_731' title='bbox 1780 4670 1785 4697; x_wconf 78' lang='grc'>‹</span> 
     </span>
    </p>
   </div>
   <div class='ocr_carea' id='block_1_95' title="bbox 2015 4623 3601 4727">
    <p class='ocr_par' dir='ltr' id='par_1_95' title="bbox 2015 4623 3601 4698">
     <span class='ocr_line' id='line_1_95' title="bbox 2015 4623 3601 4698; baseline 0.002 -18"><span class='ocrx_word' id='word_1_732' title='bbox 2015 4624 2299 4693; x_wconf 70' lang='lat' dir='ltr'><strong>rcumibit,</strong></span> <span class='ocrx_word' id='word_1_733' title='bbox 2324 4626 2425 4680; x_wconf 91' lang='lat' dir='ltr'><strong>sed</strong></span> <span class='ocrx_word' id='word_1_734' title='bbox 2460 4626 2521 4680; x_wconf 91' lang='lat' dir='ltr'><strong>in</strong></span> <span class='ocrx_word' id='word_1_735' title='bbox 2551 4626 2732 4698; x_wconf 84' lang='lat' dir='ltr'><strong>virga,</strong></span> <span class='ocrx_word' id='word_1_736' title='bbox 2760 4649 2786 4673; x_wconf 85' lang='grc'><strong>››</strong></span> <span class='ocrx_word' id='word_1_737' title='bbox 2810 4625 2917 4681; x_wconf 90' lang='lat' dir='ltr'><strong>hoc</strong></span> <span class='ocrx_word' id='word_1_738' title='bbox 2940 4628 3049 4690; x_wconf 91' lang='lat' dir='ltr'><strong>est,</strong></span> <span class='ocrx_word' id='word_1_739' title='bbox 3070 4623 3131 4679; x_wconf 91' lang='lat' dir='ltr'><strong>in</strong></span> <span class='ocrx_word' id='word_1_740' title='bbox 3163 4623 3394 4697; x_wconf 87' lang='lat' dir='ltr'><strong>ﬂagello</strong></span> <span class='ocrx_word' id='word_1_741' title='bbox 3421 4629 3481 4683; x_wconf 91' lang='lat' dir='ltr'><strong>et</strong></span> <span class='ocrx_word' id='word_1_742' title='bbox 3504 4626 3601 4683; x_wconf 89' lang='lat' dir='ltr'><strong>ba-</strong></span> 
     </span>
    </p>
   </div>
   <div class='ocr_carea' id='block_1_96' title="bbox 176 4736 1839 4809">
    <p class='ocr_par' dir='ltr' id='par_1_96' title="bbox 176 4736 1839 4809">
     <span class='ocr_line' id='line_1_96' title="bbox 176 4736 1839 4809; baseline -0.002 -13"><span class='ocrx_word' id='word_1_743' title='bbox 176 4739 405 4796; x_wconf 90' lang='lat' dir='ltr'><strong>cruenti</strong></span> <span class='ocrx_word' id='word_1_744' title='bbox 430 4737 687 4793; x_wconf 90' lang='lat' dir='ltr'><strong>hominis</strong></span> <span class='ocrx_word' id='word_1_745' title='bbox 707 4736 968 4792; x_wconf 80' lang='lat' dir='ltr'><strong>ofﬁcium</strong></span> <span class='ocrx_word' id='word_1_746' title='bbox 990 4736 1506 4807; x_wconf 87' lang='lat' dir='ltr'><strong>operatur,Beatus</strong></span> <span class='ocrx_word' id='word_1_747' title='bbox 1526 4738 1839 4809; x_wconf 88' lang='lat' dir='ltr'><strong>Gregorius</strong></span> 
     </span>
    </p>
   </div>
   <div class='ocr_carea' id='block_1_97' title="bbox 176 4824 1838 4892">
    <p class='ocr_par' dir='ltr' id='par_1_97' title="bbox 176 4824 1838 4892">
     <span class='ocr_line' id='line_1_97' title="bbox 176 4824 1838 4892; baseline -0.002 -9"><span class='ocrx_word' id='word_1_748' title='bbox 176 4826 347 4884; x_wconf 86' lang='lat' dir='ltr'><strong>aliter</strong></span> <span class='ocrx_word' id='word_1_749' title='bbox 376 4827 522 4883; x_wconf 91' lang='lat' dir='ltr'><strong>dicit</strong></span> <span class='ocrx_word' id='word_1_750' title='bbox 553 4842 567 4880; x_wconf 90' lang='lat'><strong>:</strong></span> <span class='ocrx_word' id='word_1_751' title='bbox 603 4826 736 4882; x_wconf 90' lang='lat' dir='ltr'><strong>Ideo</strong></span> <span class='ocrx_word' id='word_1_752' title='bbox 766 4824 925 4880; x_wconf 90' lang='lat' dir='ltr'><strong>venit</strong></span> <span class='ocrx_word' id='word_1_753' title='bbox 957 4824 1239 4879; x_wconf 87' lang='lat' dir='ltr'><strong>Dominus</strong></span> <span class='ocrx_word' id='word_1_754' title='bbox 1270 4824 1329 4878; x_wconf 91' lang='lat' dir='ltr'><strong>in</strong></span> <span class='ocrx_word' id='word_1_755' title='bbox 1352 4826 1736 4892; x_wconf 90' lang='lat' dir='ltr'><strong>mundum,ut</strong></span> <span class='ocrx_word' id='word_1_756' title='bbox 1755 4826 1838 4880; x_wconf 62' lang='lat' dir='ltr'><strong>fac</strong></span> 
     </span>
    </p>
   </div>
   <div class='ocr_carea' id='block_1_98' title="bbox 178 4914 1842 4988">
    <p class='ocr_par' dir='ltr' id='par_1_98' title="bbox 178 4914 1842 4988">
     <span class='ocr_line' id='line_1_98' title="bbox 178 4914 1842 4988; baseline -0.001 -16"><span class='ocrx_word' id='word_1_757' title='bbox 178 4922 333 4973; x_wconf 89' lang='lat' dir='ltr'><strong>ceret</strong></span> <span class='ocrx_word' id='word_1_758' title='bbox 362 4933 513 4988; x_wconf 90' lang='lat' dir='ltr'><strong>opus</strong></span> <span class='ocrx_word' id='word_1_759' title='bbox 544 4932 744 4982; x_wconf 91' lang='lat' dir='ltr'><strong>suum,</strong></span> <span class='ocrx_word' id='word_1_760' title='bbox 770 4915 879 4970; x_wconf 90' lang='lat' dir='ltr'><strong>hoc</strong></span> <span class='ocrx_word' id='word_1_761' title='bbox 902 4919 992 4971; x_wconf 89' lang='lat' dir='ltr'><strong>est</strong></span> <span class='ocrx_word' id='word_1_762' title='bbox 1012 4918 1078 4969; x_wconf 93' lang='lat' dir='ltr'><strong>ut</strong></span> <span class='ocrx_word' id='word_1_763' title='bbox 1097 4915 1408 4969; x_wconf 89' lang='lat' dir='ltr'><strong>redimeret</strong></span> <span class='ocrx_word' id='word_1_764' title='bbox 1428 4928 1617 4986; x_wconf 87' lang='lat' dir='ltr'><strong>genus</strong></span> <span class='ocrx_word' id='word_1_765' title='bbox 1640 4914 1842 4970; x_wconf 90' lang='lat' dir='ltr'><strong>buma-</strong></span> 
     </span>
    </p>
   </div>
   <div class='ocr_carea' id='block_1_99' title="bbox 179 5001 1841 5076">
    <p class='ocr_par' dir='ltr' id='par_1_99' title="bbox 179 5001 1841 5076">
     <span class='ocr_line' id='line_1_99' title="bbox 179 5001 1841 5076; baseline -0.001 -17"><span class='ocrx_word' id='word_1_766' title='bbox 179 5021 322 5061; x_wconf 88' lang='lat' dir='ltr'><strong>num</strong></span> <span class='ocrx_word' id='word_1_767' title='bbox 335 5006 411 5063; x_wconf 89' lang='lat' dir='ltr'><strong>de</strong></span> <span class='ocrx_word' id='word_1_768' title='bbox 421 5007 709 5076; x_wconf 89' lang='lat' dir='ltr'><strong>potestate</strong></span> <span class='ocrx_word' id='word_1_769' title='bbox 720 5001 1022 5069; x_wconf 89' lang='lat' dir='ltr'><strong>diaboli,et</strong></span> <span class='ocrx_word' id='word_1_770' title='bbox 1033 5002 1408 5058; x_wconf 90' lang='lat' dir='ltr'><strong>misereretur</strong></span> <span class='ocrx_word' id='word_1_771' title='bbox 1427 5004 1683 5073; x_wconf 89' lang='lat' dir='ltr'><strong>ejus,sed</strong></span> <span class='ocrx_word' id='word_1_772' title='bbox 1708 5003 1841 5059; x_wconf 86' lang='lat' dir='ltr'><strong>alie-</strong></span> 
     </span>
    </p>
   </div>
   <div class='ocr_carea' id='block_1_100' title="bbox 181 5090 1839 5165">
    <p class='ocr_par' dir='ltr' id='par_1_100' title="bbox 181 5090 1839 5165">
     <span class='ocr_line' id='line_1_100' title="bbox 181 5090 1839 5165; baseline -0.001 -17"><span class='ocrx_word' id='word_1_773' title='bbox 181 5109 324 5149; x_wconf 91' lang='lat' dir='ltr'><strong>num</strong></span> <span class='ocrx_word' id='word_1_774' title='bbox 355 5093 470 5148; x_wconf 82' lang='lat' dir='ltr'><strong>fuit</strong></span> <span class='ocrx_word' id='word_1_775' title='bbox 498 5109 647 5165; x_wconf 89' lang='lat' dir='ltr'><strong>opus</strong></span> <span class='ocrx_word' id='word_1_776' title='bbox 678 5093 808 5163; x_wconf 90' lang='lat' dir='ltr'><strong>ejus</strong></span> <span class='ocrx_word' id='word_1_777' title='bbox 834 5092 907 5147; x_wconf 91' lang='lat' dir='ltr'><strong>ab</strong></span> <span class='ocrx_word' id='word_1_778' title='bbox 938 5090 1175 5162; x_wconf 90' lang='lat' dir='ltr'><strong>eo,quia</strong></span> <span class='ocrx_word' id='word_1_779' title='bbox 1203 5108 1318 5147; x_wconf 91' lang='lat' dir='ltr'><strong>non</strong></span> <span class='ocrx_word' id='word_1_780' title='bbox 1348 5092 1682 5148; x_wconf 90' lang='lat' dir='ltr'><strong>conveniret</strong></span> <span class='ocrx_word' id='word_1_781' title='bbox 1708 5094 1839 5148; x_wconf 91' lang='lat' dir='ltr'><strong>Dei-</strong></span> 
     </span>
    </p>
   </div>
   <div class='ocr_carea' id='block_1_101' title="bbox 183 5178 1683 5252">
    <p class='ocr_par' dir='ltr' id='par_1_101' title="bbox 183 5178 1683 5252">
     <span class='ocr_line' id='line_1_101' title="bbox 183 5178 1683 5252; baseline -0.001 -15"><span class='ocrx_word' id='word_1_782' title='bbox 183 5182 288 5237; x_wconf 89' lang='lat' dir='ltr'><strong>tati</strong></span> <span class='ocrx_word' id='word_1_783' title='bbox 320 5185 390 5237; x_wconf 88' lang='lat' dir='ltr'><strong>ut</strong></span> <span class='ocrx_word' id='word_1_784' title='bbox 418 5185 751 5252; x_wconf 89' lang='lat' dir='ltr'><strong>spueretur,</strong></span> <span class='ocrx_word' id='word_1_785' title='bbox 786 5178 1197 5251; x_wconf 85' lang='lat' dir='ltr'><strong>ﬂagellaretur,</strong></span> <span class='ocrx_word' id='word_1_786' title='bbox 1228 5179 1683 5251; x_wconf 82' lang='lat' dir='ltr'><strong>cruciﬁgeretur.</strong></span> 
     </span>
    </p>
   </div>
   <div class='ocr_carea' id='block_1_102' title="bbox 255 5267 1843 5340">
    <p class='ocr_par' dir='ltr' id='par_1_102' title="bbox 255 5267 1843 5340">
     <span class='ocr_line' id='line_1_102' title="bbox 255 5267 1843 5340; baseline -0.001 -19"><span class='ocrx_word' id='word_1_787' title='bbox 255 5292 283 5320; x_wconf 75' lang='grc' dir='ltr'><strong>ι(</strong></span> <span class='ocrx_word' id='word_1_788' title='bbox 302 5270 377 5325; x_wconf 86' lang='lat' dir='ltr'><strong>Et</strong></span> <span class='ocrx_word' id='word_1_789' title='bbox 395 5286 554 5325; x_wconf 88' lang='lat' dir='ltr'><strong>nunc</strong></span> <span class='ocrx_word' id='word_1_790' title='bbox 574 5267 753 5326; x_wconf 89' lang='lat' dir='ltr'><strong>nolite</strong></span> <span class='ocrx_word' id='word_1_791' title='bbox 774 5267 1043 5336; x_wconf 91' lang='lat' dir='ltr'><strong>illudere,</strong></span> <span class='ocrx_word' id='word_1_792' title='bbox 1056 5284 1128 5323; x_wconf 92' lang='lat' dir='ltr'><strong>ne</strong></span> <span class='ocrx_word' id='word_1_793' title='bbox 1145 5269 1292 5322; x_wconf 89' lang='lat' dir='ltr'><strong>forte</strong></span> <span class='ocrx_word' id='word_1_794' title='bbox 1308 5268 1843 5340; x_wconf 81' lang='lat' dir='ltr'><strong>constringantur.»</strong></span> 
     </span>
    </p>
   </div>
   <div class='ocr_carea' id='block_1_103' title="bbox 186 5355 1842 5429">
    <p class='ocr_par' dir='ltr' id='par_1_103' title="bbox 186 5355 1842 5429">
     <span class='ocr_line' id='line_1_103' title="bbox 186 5355 1842 5429; baseline -0.001 -16"><span class='ocrx_word' id='word_1_795' title='bbox 186 5356 466 5414; x_wconf 84' lang='lat' dir='ltr'><strong>Hortatur</strong></span> <span class='ocrx_word' id='word_1_796' title='bbox 497 5356 786 5429; x_wconf 89' lang='lat' dir='ltr'><strong>Propheta</strong></span> <span class='ocrx_word' id='word_1_797' title='bbox 815 5355 949 5412; x_wconf 92' lang='lat' dir='ltr'><strong>illos</strong></span> <span class='ocrx_word' id='word_1_798' title='bbox 977 5356 1080 5427; x_wconf 91' lang='lat' dir='ltr'><strong>qui</strong></span> <span class='ocrx_word' id='word_1_799' title='bbox 1110 5356 1287 5412; x_wconf 90' lang='lat' dir='ltr'><strong>verba</strong></span> <span class='ocrx_word' id='word_1_800' title='bbox 1314 5356 1474 5411; x_wconf 92' lang='lat' dir='ltr'><strong>illius</strong></span> <span class='ocrx_word' id='word_1_801' title='bbox 1506 5357 1565 5410; x_wconf 91' lang='lat' dir='ltr'><strong>in</strong></span> <span class='ocrx_word' id='word_1_802' title='bbox 1596 5358 1842 5413; x_wconf 88' lang='lat' dir='ltr'><strong>derisio-</strong></span> 
     </span>
    </p>
   </div>
   <div class='ocr_carea' id='block_1_104' title="bbox 188 5445 1841 5518">
    <p class='ocr_par' dir='ltr' id='par_1_104' title="bbox 188 5445 1841 5518">
     <span class='ocr_line' id='line_1_104' title="bbox 188 5445 1841 5518; baseline 0.001 -18"><span class='ocrx_word' id='word_1_803' title='bbox 188 5461 321 5502; x_wconf 87' lang='lat' dir='ltr'><strong>nem</strong></span> <span class='ocrx_word' id='word_1_804' title='bbox 351 5445 1027 5518; x_wconf 88' lang='lat' dir='ltr'><strong>sumpserunt,dicentes</strong></span> <span class='ocrx_word' id='word_1_805' title='bbox 1053 5461 1066 5500; x_wconf 89' lang='lat'>:</span> <span class='ocrx_word' id='word_1_806' title='bbox 1094 5445 1329 5512; x_wconf 88' lang='lat' dir='ltr'><strong>Manda,</strong></span> <span class='ocrx_word' id='word_1_807' title='bbox 1352 5446 1717 5511; x_wconf 88' lang='lat' dir='ltr'><strong>remanda,et</strong></span> <span class='ocrx_word' id='word_1_808' title='bbox 1735 5463 1841 5501; x_wconf 81' lang='lat' dir='ltr'><strong>cae-</strong></span> 
     </span>
    </p>
   </div>
   <div class='ocr_carea' id='block_1_105' title="bbox 186 5532 1845 5605">
    <p class='ocr_par' dir='ltr' id='par_1_105' title="bbox 186 5532 1845 5605">
     <span class='ocr_line' id='line_1_105' title="bbox 186 5532 1845 5605; baseline 0.001 -16"><span class='ocrx_word' id='word_1_809' title='bbox 186 5535 311 5589; x_wconf 83' lang='lat' dir='ltr'><strong>tera</strong></span> <span class='ocrx_word' id='word_1_810' title='bbox 339 5550 470 5605; x_wconf 66' lang='lat' dir='ltr'><strong>quis</strong></span> <span class='ocrx_word' id='word_1_811' title='bbox 500 5534 582 5589; x_wconf 90' lang='lat' dir='ltr'><strong>ibi</strong></span> <span class='ocrx_word' id='word_1_812' title='bbox 615 5534 913 5598; x_wconf 89' lang='lat' dir='ltr'><strong>dicuntur,</strong></span> <span class='ocrx_word' id='word_1_813' title='bbox 928 5537 1222 5604; x_wconf 89' lang='lat' dir='ltr'><strong>quatenus</strong></span> <span class='ocrx_word' id='word_1_814' title='bbox 1243 5532 1663 5603; x_wconf 89' lang='lat' dir='ltr'><strong>conquiescant</strong></span> <span class='ocrx_word' id='word_1_815' title='bbox 1680 5539 1736 5589; x_wconf 88' lang='lat' dir='ltr'><strong>et</strong></span> <span class='ocrx_word' id='word_1_816' title='bbox 1751 5535 1845 5590; x_wconf 89' lang='lat' dir='ltr'><strong>de-</strong></span> 
     </span>
    </p>
   </div>
   <div class='ocr_carea' id='block_1_106' title="bbox 186 5620 1840 5691">
    <p class='ocr_par' dir='ltr' id='par_1_106' title="bbox 186 5620 1840 5691">
     <span class='ocr_line' id='line_1_106' title="bbox 186 5620 1840 5691; baseline 0.002 -16"><span class='ocrx_word' id='word_1_817' title='bbox 186 5620 402 5677; x_wconf 91' lang='lat' dir='ltr'><strong>sistant</strong></span> <span class='ocrx_word' id='word_1_818' title='bbox 429 5621 697 5689; x_wconf 89' lang='lat' dir='ltr'><strong>illudere,</strong></span> <span class='ocrx_word' id='word_1_819' title='bbox 734 5638 807 5677; x_wconf 90' lang='lat' dir='ltr'><strong>ne</strong></span> <span class='ocrx_word' id='word_1_820' title='bbox 839 5622 985 5677; x_wconf 85' lang='lat' dir='ltr'><strong>forte</strong></span> <span class='ocrx_word' id='word_1_821' title='bbox 1013 5620 1265 5676; x_wconf 90' lang='lat' dir='ltr'><strong>vinculis</strong></span> <span class='ocrx_word' id='word_1_822' title='bbox 1306 5625 1673 5691; x_wconf 90' lang='lat' dir='ltr'><strong>peccatorum</strong></span> <span class='ocrx_word' id='word_1_823' title='bbox 1705 5640 1840 5678; x_wconf 89' lang='lat' dir='ltr'><strong>suo-</strong></span> 
     </span>
    </p>
   </div>
   <div class='ocr_carea' id='block_1_107' title="bbox 187 5707 1846 5783">
    <p class='ocr_par' dir='ltr' id='par_1_107' title="bbox 187 5707 1846 5783">
     <span class='ocr_line' id='line_1_107' title="bbox 187 5707 1846 5783; baseline 0.001 -18"><span class='ocrx_word' id='word_1_824' title='bbox 187 5723 317 5765; x_wconf 88' lang='lat' dir='ltr'><strong>rum</strong></span> <span class='ocrx_word' id='word_1_825' title='bbox 334 5710 1149 5781; x_wconf 86' lang='lat' dir='ltr'><strong>constricti,constriugantur</strong></span> <span class='ocrx_word' id='word_1_826' title='bbox 1160 5708 1335 5764; x_wconf 90' lang='lat' dir='ltr'><strong>etiam</strong></span> <span class='ocrx_word' id='word_1_827' title='bbox 1349 5707 1597 5764; x_wconf 90' lang='lat' dir='ltr'><strong>vinculis</strong></span> <span class='ocrx_word' id='word_1_828' title='bbox 1608 5711 1846 5783; x_wconf 88' lang='lat' dir='ltr'><strong>captivi-</strong></span> 
     </span>
    </p>
   </div>
   <div class='ocr_carea' id='block_1_108' title="bbox 1948 4713 3600 4787">
    <p class='ocr_par' dir='ltr' id='par_1_108' title="bbox 1948 4713 3600 4787">
     <span class='ocr_line' id='line_1_108' title="bbox 1948 4713 3600 4787; baseline 0.001 -17"><span class='ocrx_word' id='word_1_829' title='bbox 1948 4716 2079 4770; x_wconf 93' lang='lat' dir='ltr'><strong>culo</strong></span> <span class='ocrx_word' id='word_1_830' title='bbox 2112 4737 2139 4765; x_wconf 88' lang='grc'><em>‹‹</em></span> <span class='ocrx_word' id='word_1_831' title='bbox 2171 4715 2555 4770; x_wconf 81' lang='lat' dir='ltr'><strong>excutientur.</strong></span> <span class='ocrx_word' id='word_1_832' title='bbox 2592 4737 2620 4764; x_wconf 83' lang='lat'><em>»</em></span> <span class='ocrx_word' id='word_1_833' title='bbox 2670 4715 2821 4770; x_wconf 87' lang='lat' dir='ltr'><strong>Sunt</strong></span> <span class='ocrx_word' id='word_1_834' title='bbox 2878 4714 3145 4786; x_wconf 65' lang='lat' dir='ltr'><strong>quaedam</strong></span> <span class='ocrx_word' id='word_1_835' title='bbox 3204 4713 3491 4787; x_wconf 88' lang='lat' dir='ltr'><strong>regiones,</strong></span> <span class='ocrx_word' id='word_1_836' title='bbox 3537 4714 3600 4771; x_wconf 90' lang='lat' dir='ltr'><strong>in</strong></span> 
     </span>
    </p>
   </div>
   <div class='ocr_carea' id='block_1_109' title="bbox 1949 4802 3600 4876">
    <p class='ocr_par' dir='ltr' id='par_1_109' title="bbox 1949 4802 3600 4876">
     <span class='ocr_line' id='line_1_109' title="bbox 1949 4802 3600 4876; baseline 0.001 -18"><span class='ocrx_word' id='word_1_837' title='bbox 1949 4804 2165 4876; x_wconf 92' lang='lat' dir='ltr'><strong>quibus</strong></span> <span class='ocrx_word' id='word_1_838' title='bbox 2214 4822 2317 4876; x_wconf 88' lang='lat' dir='ltr'><strong>pro</strong></span> <span class='ocrx_word' id='word_1_839' title='bbox 2366 4803 2611 4875; x_wconf 89' lang='lat' dir='ltr'><strong>penuria</strong></span> <span class='ocrx_word' id='word_1_840' title='bbox 2659 4803 2772 4859; x_wconf 91' lang='lat' dir='ltr'><strong>feni</strong></span> <span class='ocrx_word' id='word_1_841' title='bbox 2829 4807 3189 4876; x_wconf 89' lang='lat' dir='ltr'><strong>congregant</strong></span> <span class='ocrx_word' id='word_1_842' title='bbox 3244 4802 3509 4859; x_wconf 89' lang='lat' dir='ltr'><strong>triticum</strong></span> <span class='ocrx_word' id='word_1_843' title='bbox 3538 4803 3600 4859; x_wconf 92' lang='lat' dir='ltr'><strong>in</strong></span> 
     </span>
    </p>
   </div>
   <div class='ocr_carea' id='block_1_110' title="bbox 1949 4890 3600 4964">
    <p class='ocr_par' dir='ltr' id='par_1_110' title="bbox 1949 4890 3600 4964">
     <span class='ocr_line' id='line_1_110' title="bbox 1949 4890 3600 4964; baseline 0 -16"><span class='ocrx_word' id='word_1_844' title='bbox 1949 4911 2134 4948; x_wconf 91' lang='lat' dir='ltr'><strong>unum</strong></span> <span class='ocrx_word' id='word_1_845' title='bbox 2167 4891 2381 4960; x_wconf 90' lang='lat' dir='ltr'><strong>locum,</strong></span> <span class='ocrx_word' id='word_1_846' title='bbox 2405 4898 2463 4948; x_wconf 90' lang='lat' dir='ltr'><strong>et</strong></span> <span class='ocrx_word' id='word_1_847' title='bbox 2483 4893 2774 4948; x_wconf 88' lang='lat' dir='ltr'><strong>inducunt</strong></span> <span class='ocrx_word' id='word_1_848' title='bbox 2803 4910 2980 4964; x_wconf 90' lang='lat' dir='ltr'><strong>super</strong></span> <span class='ocrx_word' id='word_1_849' title='bbox 3009 4890 3275 4964; x_wconf 86' lang='lat' dir='ltr'><strong>plaustra</strong></span> <span class='ocrx_word' id='word_1_850' title='bbox 3294 4908 3431 4948; x_wconf 90' lang='lat' dir='ltr'><strong>cum</strong></span> <span class='ocrx_word' id='word_1_851' title='bbox 3454 4892 3600 4949; x_wconf 86' lang='lat' dir='ltr'><strong>rotis</strong></span> 
     </span>
    </p>
   </div>
   <div class='ocr_carea' id='block_1_111' title="bbox 1949 4979 3600 5049">
    <p class='ocr_par' dir='ltr' id='par_1_111' title="bbox 1949 4979 3600 5049">
     <span class='ocr_line' id='line_1_111' title="bbox 1949 4979 3600 5049; baseline 0.001 -13"><span class='ocrx_word' id='word_1_852' title='bbox 1949 4982 2176 5038; x_wconf 86' lang='lat' dir='ltr'><strong>ferratis</strong></span> <span class='ocrx_word' id='word_1_853' title='bbox 2206 4985 2263 5037; x_wconf 91' lang='lat' dir='ltr'><strong>et</strong></span> <span class='ocrx_word' id='word_1_854' title='bbox 2291 4981 2583 5036; x_wconf 76' lang='lat' dir='ltr'><strong>excutitur</strong></span> <span class='ocrx_word' id='word_1_855' title='bbox 2611 4980 2871 5036; x_wconf 88' lang='lat' dir='ltr'><strong>triticum</strong></span> <span class='ocrx_word' id='word_1_856' title='bbox 2895 4999 2907 5049; x_wconf 89' lang='lat'><strong>;</strong></span> <span class='ocrx_word' id='word_1_857' title='bbox 2941 4985 2997 5035; x_wconf 90' lang='lat' dir='ltr'><strong>et</strong></span> <span class='ocrx_word' id='word_1_858' title='bbox 3025 4979 3311 5036; x_wconf 88' lang='lat' dir='ltr'><strong>stramina</strong></span> <span class='ocrx_word' id='word_1_859' title='bbox 3339 4980 3517 5037; x_wconf 85' lang='lat' dir='ltr'><strong>etiam</strong></span> <span class='ocrx_word' id='word_1_860' title='bbox 3538 4980 3600 5037; x_wconf 91' lang='lat' dir='ltr'><strong>in</strong></span> 
     </span>
    </p>
   </div>
   <div class='ocr_carea' id='block_1_112' title="bbox 1949 5067 3598 5144">
    <p class='ocr_par' dir='ltr' id='par_1_112' title="bbox 1949 5067 3598 5144">
     <span class='ocr_line' id='line_1_112' title="bbox 1949 5067 3598 5144; baseline -0.001 -18"><span class='ocrx_word' id='word_1_861' title='bbox 1949 5070 2148 5144; x_wconf 87' lang='lat' dir='ltr'><strong>paleas</strong></span> <span class='ocrx_word' id='word_1_862' title='bbox 2178 5071 2544 5143; x_wconf 89' lang='lat' dir='ltr'><strong>rediguntur,</strong></span> <span class='ocrx_word' id='word_1_863' title='bbox 2578 5073 2641 5124; x_wconf 88' lang='lat' dir='ltr'><strong>ut</strong></span> <span class='ocrx_word' id='word_1_864' title='bbox 2670 5068 2950 5124; x_wconf 88' lang='lat' dir='ltr'><strong>animalia</strong></span> <span class='ocrx_word' id='word_1_865' title='bbox 2978 5067 3191 5125; x_wconf 89' lang='lat' dir='ltr'><strong>melius</strong></span> <span class='ocrx_word' id='word_1_866' title='bbox 3225 5086 3294 5125; x_wconf 88' lang='lat' dir='ltr'><strong>ea</strong></span> <span class='ocrx_word' id='word_1_867' title='bbox 3338 5072 3598 5125; x_wconf 89' lang='lat' dir='ltr'><strong>sumant.</strong></span> 
     </span>
    </p>
   </div>
   <div class='ocr_carea' id='block_1_113' title="bbox 2021 5175 3601 5243">
    <p class='ocr_par' dir='ltr' id='par_1_113' title="bbox 2021 5175 3601 5243">
     <span class='ocr_line' id='line_1_113' title="bbox 2021 5175 3601 5243; baseline 0.001 -11"><span class='ocrx_word' id='word_1_868' title='bbox 2021 5202 2048 5227; x_wconf 90' lang='grc'><strong>‹‹</strong></span> <span class='ocrx_word' id='word_1_869' title='bbox 2086 5178 2258 5233; x_wconf 88' lang='lat' dir='ltr'><strong>Panis</strong></span> <span class='ocrx_word' id='word_1_870' title='bbox 2289 5182 2485 5233; x_wconf 88' lang='lat' dir='ltr'><strong>autem</strong></span> <span class='ocrx_word' id='word_1_871' title='bbox 2516 5176 2966 5243; x_wconf 89' lang='lat' dir='ltr'><strong>comminuetur,</strong></span> <span class='ocrx_word' id='word_1_872' title='bbox 2994 5198 3023 5224; x_wconf 84' lang='lat'>»</span> <span class='ocrx_word' id='word_1_873' title='bbox 3054 5175 3429 5243; x_wconf 89' lang='lat' dir='ltr'><strong>subauditur,</strong></span> <span class='ocrx_word' id='word_1_874' title='bbox 3454 5175 3601 5234; x_wconf 85' lang='lat' dir='ltr'><strong>rotis</strong></span> 
     </span>
    </p>
   </div>
   <div class='ocr_carea' id='block_1_114' title="bbox 1950 5263 3602 5338">
    <p class='ocr_par' dir='ltr' id='par_1_114' title="bbox 1950 5263 3602 5338">
     <span class='ocr_line' id='line_1_114' title="bbox 1950 5263 3602 5338; baseline 0 -17"><span class='ocrx_word' id='word_1_875' title='bbox 1950 5267 2180 5322; x_wconf 85' lang='lat' dir='ltr'><strong>ferratis</strong></span> <span class='ocrx_word' id='word_1_876' title='bbox 2208 5271 2267 5321; x_wconf 92' lang='lat' dir='ltr'><strong>et</strong></span> <span class='ocrx_word' id='word_1_877' title='bbox 2297 5265 2577 5338; x_wconf 88' lang='lat' dir='ltr'><strong>plaustro.</strong></span> <span class='ocrx_word' id='word_1_878' title='bbox 2611 5266 2824 5321; x_wconf 89' lang='lat' dir='ltr'><strong>Panem</strong></span> <span class='ocrx_word' id='word_1_879' title='bbox 2855 5264 3111 5336; x_wconf 88' lang='lat' dir='ltr'><strong>appellat</strong></span> <span class='ocrx_word' id='word_1_880' title='bbox 3145 5263 3429 5332; x_wconf 87' lang='lat' dir='ltr'><strong>triticum,</strong></span> <span class='ocrx_word' id='word_1_881' title='bbox 3460 5264 3602 5321; x_wconf 84' lang='lat' dir='ltr'><strong>hor-</strong></span> 
     </span>
    </p>
   </div>
   <div class='ocr_carea' id='block_1_115' title="bbox 1951 5352 3601 5426">
    <p class='ocr_par' dir='ltr' id='par_1_115' title="bbox 1951 5352 3601 5426">
     <span class='ocr_line' id='line_1_115' title="bbox 1951 5352 3601 5426; baseline 0 -16"><span class='ocrx_word' id='word_1_882' title='bbox 1951 5358 2149 5421; x_wconf 90' lang='lat' dir='ltr'><strong>deum,</strong></span> <span class='ocrx_word' id='word_1_883' title='bbox 2183 5360 2240 5410; x_wconf 93' lang='lat' dir='ltr'><strong>et</strong></span> <span class='ocrx_word' id='word_1_884' title='bbox 2264 5373 2435 5410; x_wconf 91' lang='lat' dir='ltr'><strong>omne</strong></span> <span class='ocrx_word' id='word_1_885' title='bbox 2466 5354 2621 5409; x_wconf 90' lang='lat' dir='ltr'><strong>unde</strong></span> <span class='ocrx_word' id='word_1_886' title='bbox 2652 5354 2820 5425; x_wconf 88' lang='lat' dir='ltr'><strong>panis</strong></span> <span class='ocrx_word' id='word_1_887' title='bbox 2848 5355 2933 5407; x_wconf 84' lang='lat' dir='ltr'><strong>ﬁt.</strong></span> <span class='ocrx_word' id='word_1_888' title='bbox 2966 5376 2993 5402; x_wconf 91' lang='grc'><em>‹‹</em></span> <span class='ocrx_word' id='word_1_889' title='bbox 3015 5352 3228 5407; x_wconf 89' lang='lat' dir='ltr'><strong>Verum</strong></span> <span class='ocrx_word' id='word_1_890' title='bbox 3250 5353 3451 5409; x_wconf 89' lang='lat' dir='ltr'><strong>nonin</strong></span> <span class='ocrx_word' id='word_1_891' title='bbox 3471 5370 3601 5426; x_wconf 88' lang='lat' dir='ltr'><strong>per-</strong></span> 
     </span>
    </p>
   </div>
   <div class='ocr_carea' id='block_1_116' title="bbox 1951 5436 3600 5517">
    <p class='ocr_par' dir='ltr' id='par_1_116' title="bbox 1951 5436 3600 5517">
     <span class='ocr_line' id='line_1_116' title="bbox 1951 5436 3600 5517; baseline -0.005 -17"><span class='ocrx_word' id='word_1_892' title='bbox 1951 5449 2193 5517; x_wconf 90' lang='lat' dir='ltr'><strong>petuum</strong></span> <span class='ocrx_word' id='word_1_893' title='bbox 2226 5436 2509 5499; x_wconf 70' lang='lat' dir='ltr'><strong>t&#39;riturans</strong></span> <span class='ocrx_word' id='word_1_894' title='bbox 2541 5466 2567 5491; x_wconf 86' lang='grc'><strong>››</strong></span> <span class='ocrx_word' id='word_1_895' title='bbox 2602 5441 2932 5514; x_wconf 86' lang='lat' dir='ltr'><strong>plaustrum</strong></span> <span class='ocrx_word' id='word_1_896' title='bbox 2960 5464 2987 5489; x_wconf 82' lang='lat'><strong>«</strong></span> <span class='ocrx_word' id='word_1_897' title='bbox 3024 5439 3323 5497; x_wconf 86' lang='lat' dir='ltr'><strong>triturabit</strong></span> <span class='ocrx_word' id='word_1_898' title='bbox 3366 5440 3539 5498; x_wconf 90' lang='lat' dir='ltr'><strong>illum</strong></span> <span class='ocrx_word' id='word_1_899' title='bbox 3571 5462 3600 5492; x_wconf 67' lang='grc' dir='ltr'><em>η</em></span> 
     </span>
    </p>
   </div>
   <div class='ocr_carea' id='block_1_117' title="bbox 1949 5529 3601 5605">
    <p class='ocr_par' dir='ltr' id='par_1_117' title="bbox 1949 5529 3601 5605">
     <span class='ocr_line' id='line_1_117' title="bbox 1949 5529 3601 5605; baseline -0.001 -17"><span class='ocrx_word' id='word_1_900' title='bbox 1949 5551 2182 5605; x_wconf 90' lang='lat' dir='ltr'><strong>panem,</strong></span> <span class='ocrx_word' id='word_1_901' title='bbox 2213 5531 2323 5587; x_wconf 92' lang='lat' dir='ltr'><strong>hoc</strong></span> <span class='ocrx_word' id='word_1_902' title='bbox 2353 5537 2443 5587; x_wconf 90' lang='lat' dir='ltr'><strong>est</strong></span> <span class='ocrx_word' id='word_1_903' title='bbox 2466 5530 2744 5597; x_wconf 91' lang='lat' dir='ltr'><strong>triticum,</strong></span> <span class='ocrx_word' id='word_1_904' title='bbox 2769 5554 2796 5579; x_wconf 86' lang='grc'><strong>‹‹</strong></span> <span class='ocrx_word' id='word_1_905' title='bbox 2827 5546 3017 5601; x_wconf 86' lang='lat' dir='ltr'><strong>neque</strong></span> <span class='ocrx_word' id='word_1_906' title='bbox 3046 5529 3278 5585; x_wconf 82' lang='lat' dir='ltr'><strong>vexabit</strong></span> <span class='ocrx_word' id='word_1_907' title='bbox 3305 5546 3464 5597; x_wconf 87' lang='lat' dir='ltr'><strong>eum,</strong></span> <span class='ocrx_word' id='word_1_908' title='bbox 3490 5553 3521 5582; x_wconf 74' lang='grc' dir='ltr'><strong>ι»</strong></span> <span class='ocrx_word' id='word_1_909' title='bbox 3540 5530 3601 5588; x_wconf 88' lang='lat' dir='ltr'><strong>id</strong></span> 
     </span>
    </p>
   </div>
   <div class='ocr_carea' id='block_1_118' title="bbox 1950 5617 3600 5693">
    <p class='ocr_par' dir='ltr' id='par_1_118' title="bbox 1950 5617 3600 5693">
     <span class='ocr_line' id='line_1_118' title="bbox 1950 5617 3600 5693; baseline -0.001 -16"><span class='ocrx_word' id='word_1_910' title='bbox 1950 5626 2279 5693; x_wconf 90' lang='lat' dir='ltr'><strong>est,panem</strong></span> <span class='ocrx_word' id='word_1_911' title='bbox 2311 5644 2337 5670; x_wconf 89' lang='grc'><strong>‹‹</strong></span> <span class='ocrx_word' id='word_1_912' title='bbox 2374 5624 2499 5675; x_wconf 90' lang='lat' dir='ltr'><strong>rota</strong></span> <span class='ocrx_word' id='word_1_913' title='bbox 2530 5618 2799 5691; x_wconf 88' lang='lat' dir='ltr'><strong>plaustri,</strong></span> <span class='ocrx_word' id='word_1_914' title='bbox 2824 5635 2928 5672; x_wconf 89' lang='lat' dir='ltr'><strong>nec</strong></span> <span class='ocrx_word' id='word_1_915' title='bbox 2950 5617 3189 5690; x_wconf 90' lang='lat' dir='ltr'><strong>ungulis</strong></span> <span class='ocrx_word' id='word_1_916' title='bbox 3208 5618 3335 5674; x_wconf 91' lang='lat' dir='ltr'><strong>suis</strong></span> <span class='ocrx_word' id='word_1_917' title='bbox 3355 5619 3600 5675; x_wconf 89' lang='lat' dir='ltr'><strong>commi-</strong></span> 
     </span>
    </p>
   </div>
   <div class='ocr_carea' id='block_1_119' title="bbox 1950 5707 3603 5782">
    <p class='ocr_par' dir='ltr' id='par_1_119' title="bbox 1950 5707 3603 5782">
     <span class='ocr_line' id='line_1_119' title="bbox 1950 5707 3603 5782; baseline 0 -16"><span class='ocrx_word' id='word_1_918' title='bbox 1950 5714 2092 5767; x_wconf 90' lang='lat' dir='ltr'><strong>nuet</strong></span> <span class='ocrx_word' id='word_1_919' title='bbox 2118 5726 2275 5765; x_wconf 93' lang='lat' dir='ltr'><strong>eum.</strong></span> <span class='ocrx_word' id='word_1_920' title='bbox 2312 5732 2338 5758; x_wconf 86' lang='grc'><strong>››</strong></span> <span class='ocrx_word' id='word_1_921' title='bbox 2371 5708 2511 5775; x_wconf 87' lang='lat' dir='ltr'><strong>Quis</strong></span> <span class='ocrx_word' id='word_1_922' title='bbox 2542 5725 2658 5763; x_wconf 91' lang='lat' dir='ltr'><strong>non</strong></span> <span class='ocrx_word' id='word_1_923' title='bbox 2696 5707 3057 5764; x_wconf 88' lang='lat' dir='ltr'><strong>comminuet</strong></span> <span class='ocrx_word' id='word_1_924' title='bbox 3104 5707 3299 5779; x_wconf 91' lang='lat' dir='ltr'><strong>ipsum</strong></span> <span class='ocrx_word' id='word_1_925' title='bbox 3344 5708 3603 5782; x_wconf 77' lang='lat' dir='ltr'><strong>panem?</strong></span> 
     </span>
    </p>
   </div>
  </div>
