3960 6406
409 460 530 521 855

780 462 1189 523 HAYMONIS
1234 456 1781 521 HALBERSTAT.
1822 454 2070 516 EPISC.

2181 454 2293 515 PP.
2343 458 2545 519 PARS
2587 459 2636 519 Ι.
2684 492 2762 503 -
2806 459 3214 521 ΟΟΜΜΕΝΤ.
3262 460 3458 521 BlBL.

3711 460 3821 521 856

410 593 751 653 Plaustrum
778 594 867 649 vel
896 596 1056 661 rota;
1079 593 1209 665 jam
1239 608 1523 648 excussus
1551 594 1660 647 est.
1685 589 1946 663 Ungulas
1971 604 2066 661 po-
2093 584 2151 656 Α
2182 588 2251 643 Et
2275 588 2387 645 hoc
2418 608 2453 646 a
2481 590 2729 647 Domino
2759 591 2877 648 Deo
2904 591 3081 647 exivit
3112 595 3178 647 ut
3198 592 3280 649 ita
3307 591 3641 665 disponeret
3668 597 3822 651 actus

412 684 531 741 suit
560 699 665 756 pro
697 682 1038 739 summitate
1069 697 1367 738 serrarum
1399 684 1684 737 rotarum.

480 886 509 914 «
533 862 602 917 Et
620 861 733 917 hoc
754 883 784 912 »
806 861 1120 919 consilium
1143 885 1172 912 ‹‹
1191 879 1225 917 a
1240 860 1489 917 Domino
1511 861 1628 916 Deo
1648 859 2070 925 exercituum,»

408 956 466 1009 et
490 950 617 1007 vult
645 951 1026 1023 subauditur,
1057 956 1125 1007 ut
1152 951 1329 1007 sciret
1359 949 1615 1023 agricola
1645 966 1762 1021 quo
1811 952 2073 1020 tempore

409 1039 666 1097 sulcaret
706 1042 946 1106 terram,
975 1042 1033 1095 et
1079 1057 1196 1112 quo
1246 1039 1423 1095 etiam
1474 1038 1766 1095 seminare
1813 1038 2069 1093 deberet.

409 1129 541 1186 Haac
561 1129 734 1201 juxta
765 1128 1022 1184 litteram
1052 1128 1634 1200 diximus,quomodo
1663 1127 1819 1183 Deus
1850 1127 2072 1199 agrico-

410 1218 530 1274 lam
562 1219 796 1275 erudiat
815 1221 1017 1274 utnon
1040 1234 1275 1289 semper
1294 1234 1411 1272 uno
1443 1218 1769 1288 eodemque
1810 1221 2074 1287 tempore

412 1305 592 1363 unius
605 1306 853 1363 culturas
873 1306 1033 1379 operi
1055 1306 1319 1363 insistat:
1336 1306 1438 1362 sed
1462 1305 1773 1377 pranvideat
1795 1305 1934 1377 quid
1958 1322 2075 1360 uno

409 1396 501 1452 vel
532 1396 675 1470 quid
704 1396 821 1452 alio
849 1400 1114 1469 tempore
1143 1399 1435 1469 operetur.
1470 1396 1686 1450 lterum
1724 1411 1861 1450 vero
1909 1410 2075 1465 repe-

414 1486 595 1542 tenda
623 1489 714 1542 est
742 1484 860 1542 ista
888 1485 1182 1541 sententia
1210 1502 1246 1540 a
1275 1484 1487 1557 capite,
1504 1488 1561 1540 et
1581 1484 2075 1540 considerandum

414 1573 558 1646 quid
588 1573 980 1647 spiritualiter
1007 1572 1316 1629 enucleare
1334 1572 1529 1628 velit.«
1553 1573 1812 1629 Auribus
1835 1574 2080 1646 percipi-

411 1664 529 1717 te.»
547 1662 633 1717 Ad
655 1661 882 1719 scribas
901 1665 962 1718 et
981 1661 1302 1734 pbariszeos
1322 1660 1584 1733 loquitur
1612 1662 2076 1735 Pr0pheta,quos

411 1749 688 1823 superius
717 1749 991 1806 illusores
1020 1748 1355 1822 appellavit.
1379 1748 1659 1822 Nunquid
1681 1754 1805 1806 tota
1827 1750 1941 1820 die,
1966 1752 2076 1808 hoc

407 1841 501 1895 est
529 1837 690 1894 omni
710 1838 1193 1911 tempore,arabit
1211 1855 1387 1895 arans
1408 1842 1476 1894 ut
1498 1839 1694 1895 serat?
1714 1839 1869 1896 Deus
1891 1840 2075 1897 omni-

405 1926 780 2001 potens,pius
796 1931 853 1984 et
868 1927 1385 1996 misericors,varie
1396 1927 1691 2001 disposuit
1702 1945 1876 1986 omne
1884 1946 2074 2003 genus
2101 1956 2151 2023 Β

405 2015 721 2073 hominum
752 2020 811 2073 et
847 2017 1091 2074 aﬂ’ectus
1140 2033 1366 2073 eorum.
1402 2017 1655 2091 Ideoque
1696 2026 2075 2092 comparatur

403 2105 523 2163 isto
554 2104 615 2162 in
641 2104 770 2163 loco
799 2105 1197 2181 agrieolae,qui
1227 2122 1333 2178 per
1361 2105 1591 2163 diversa
1620 2110 1889 2181 tempora
1916 2111 2072 2168 varie

402 2198 793 2264 exercetur,et
810 2212 881 2251 ex
906 2198 1066 2252 terra
1087 2213 1268 2268 quam
1298 2194 1502 2251 incolit
1530 2196 1757 2253 fructus
1779 2198 2074 2257 desiderat

401 2284 686 2358 recipere.
710 2284 786 2342 Ut
802 2289 957 2341 Deus
987 2284 1363 2358 omnipotens
1394 2284 1713 2357 aliquando
1745 2287 2074 2358 proscindit

401 2378 648 2441 terram,
670 2374 784 2431 hoc
810 2378 903 2432 est
932 2372 1669 2445 habitatores,pestilentia
1688 2392 2029 2447 percussam
2054 2396 2067 2434 :

402 2463 732 2536 aliquando
762 2463 1079 2520 miseretur
1107 2466 1165 2520 et
1187 2462 1395 2536 parcit,
1429 2461 1747 2535 aliquando
1776 2466 1916 2522 facit
1941 2484 2075 2524 con-

399 2556 731 2626 temptores
758 2568 901 2621 suos
930 2551 1187 2625 migrare
1215 2550 1279 2606 in
1308 2550 1730 2624 captivitatem,
1751 2552 2071 2627 aliquando

399 2642 481 2699 de
511 2641 851 2715 captivitate
881 2643 1130 2697 revocat.
1163 2641 1235 2696 Et
1261 2640 1373 2695 hoc
1395 2638 1525 2696 ideo
1571 2641 1691 2714 agit
1722 2646 1787 2698 ut
1828 2660 2071 2701 conver-

400 2734 615 2789 tantur
641 2731 715 2788 ad
746 2728 1241 2805 pwnitentiam,et
1258 2730 1486 2786 fructus
1517 2731 1683 2788 bonae
1714 2735 2071 2805 operationis

399 2837 478 2880 ex
506 2818 594 2877 cis
621 2819 888 2894 recipiat.
921 2820 1050 2877 Non
1078 2818 1205 2877 vult
1234 2819 1394 2876 enim
1422 2823 1675 2878 mortem
1722 2824 2066 2895 peccatoris,

399 2910 511 2969 sed
544 2912 611 2967 ut
639 2912 1015 2967 convertatur
1043 2913 1102 2965 et
1127 2909 1284 2965 vivat
1314 2909 1526 2977 (Επειδὴ.
1547 2910 1730 2983 xvm).
1766 2912 1981 2985 Pergit,
2013 2920 2071 2970 et

396 3017 509 3076 per
536 2999 839 3072 cyminum
865 2999 1022 3072 quod
1045 2998 1105 3054 in
1128 2998 1291 3072 virga
1319 2998 1844 3067 excutitur,omnes
1862 3007 2069 3074 gentes

399 3105 728 3165 possumus
751 3087 1231 3162 intelligere,quaa
1255 3087 1649 3161 cognitionem
1674 3089 1777 3145 Dei
1802 3108 1919 3147 non
1943 3109 2070 3164 per-

400 3181 705 3251 ceperunt,
741 3194 872 3250 quae
898 3177 957 3231 in
997 3176 1183 3249 virga,
1215 3176 1325 3231 hoc
1373 3179 1463 3231 est
1503 3176 1564 3231 in
1612 3176 1802 3248 pcnnis
1850 3178 2062 3235 inferni

400 3266 790 3326 excutientur.
806 3264 915 3321 Per
931 3264 1192 3321 triticum
1215 3269 1274 3319 et
1294 3263 1581 3319 hordeum
1605 3265 1762 3320 unde
1782 3266 1951 3338 panis
1972 3269 2058 3336 fit,

400 3356 640 3416 Judaaos
665 3354 767 3428 qui
782 3353 1176 3427 cognitionem
1197 3353 1299 3408 Dei
1323 3356 1708 3424 perceperunt
1728 3327 2058 3429 in.lege,sed
2089 3327 2133 3394 δ

403 3443 726 3503 noluerunt
754 3458 884 3497 eam
907 3440 1229 3513 adimplere
1253 3458 1265 3496 :
1291 3444 1348 3495 ct
1368 3441 1498 3496 ideo
1519 3441 1745 3513 majora
1766 3446 2061 3502 tormenta

403 3531 709 3596 suﬁ‘erent,
726 3544 906 3602 quam
922 3527 1009 3583 illi
1033 3527 1135 3599 qui
1156 3529 1408 3584 necdum
1432 3529 1617 3584 Deum
1641 3538 2055 3603 cognoverunt.

403 3616 509 3674 Vel
531 3616 725 3673 aliter:
751 3633 856 3689 per
874 3616 1136 3671 triticum
1163 3619 1221 3671 et
1240 3615 1526 3671 hordeum
1548 3616 1818 3689 przelatos
1840 3627 2057 3678 sanctzn

399 3704 671 3765 Ecclesiae
702 3708 759 3761 et
787 3702 1083 3778 principes
1112 3701 1289 3759 istius
1320 3703 1538 3773 saeculi,
1573 3706 1674 3777 qui
1706 3709 2057 3781 semetipsos

398 3794 716 3866 custodire,
747 3796 805 3851 et
827 3791 975 3849 alios
1002 3791 1179 3849 etiam
1209 3792 1283 3849 ad
1316 3791 1531 3866 gaudia
1559 3811 1823 3867 supernae
1854 3799 2054 3869 patriae

394 3896 666 3945 revocare
697 3884 931 3941 debent.
967 3880 1091 3948 Isti,
1125 3881 1266 3937 dum
1299 3898 1361 3937 se
1391 3880 1530 3937 totis
1556 3882 1760 3939 vribus
1808 3887 2055 3945 terrenis

389 3975 577 4034 lucris
598 3972 927 4048 implicant,
941 3975 999 4028 et
1014 3987 1121 4028 suo
1139 3969 1294 4027 male
1311 3970 1575 4044 exemplo
1594 3973 1893 4044 subjectos
1914 3993 2052 4033 suos

393 4083 429 4123 a
457 4064 553 4122 via
589 4061 855 4121 veritatis
902 4060 1133 4118 deviare
1181 4059 1423 4128 faciunt,
1457 4061 1658 4133 procul
1706 4063 1887 4120 dubio
1938 4066 2051 4122 nisi

392 4152 799 4231 ptenitentiam
826 4150 1144 4225 perfectam
1167 4154 1300 4206 ante
1318 4153 1645 4206 extremum
1658 4151 1871 4223 judicii
1893 4154 2048 4210 diem

390 4240 638 4318 egerint,
661 4239 933 4298 tradendi
965 4241 1109 4296 sunt
1136 4238 1326 4311 pmnis
1346 4239 1558 4294 inferni
1586 4255 1598 4293 :
1625 4240 1764 4312 quia
1783 4245 2049 4313 potentes

389 4334 661 4406 potenter
688 4332 986 4387 tormenta
1014 4327 1315 4400 patientur
1337 4327 1604 4400 (Sap.v1).
1621 4329 1728 4384 Per
1745 4330 2047 4403 cyminum

388 4424 590 4479 autem
619 4422 678 4475 et
707 4416 834 4492 gith
863 4416 1178 4490 populares
1208 4420 1266 4472 et
1294 4415 1596 4489 simplices
1628 4417 1848 4492 quique
1876 4420 2046 4477 intel-

386 4509 678 4584 liguntur,
701 4505 802 4581 qui
833 4506 1010 4563 ﬁdem
1041 4507 1256 4561 sancta
1278 4504 1584 4562 Trinitatis
1605 4511 1663 4561 et
1682 4507 2045 4580 baptismum

386 4596 847 4673 regenerationis
874 4594 1030 4651 male
1057 4594 1301 4651 vivendo
1336 4600 1743 4668 corrumpunt,
1776 4598 1879 4669 qui
1927 4600 2042 4656 nisi

383 4685 663 4759 lacrymis
690 4688 748 4740 et
774 4683 1119 4757 pmnitentia
1147 4681 1334 4739 abluti
1366 4683 1878 4755 fuerint,tradcndi
1904 4692 2045 4743 sunt
2072 4697 2120 4762 Ι)

382 4773 693 4847 suppliciis
709 4771 1232 4846 gehennaeNerum
1246 4787 1362 4826 non
1374 4770 1435 4826 in
1447 4778 1796 4845 perpetuum
1810 4775 2045 4839 tritura-

379 4859 543 4917 bitur
571 4858 963 4933 panis,neque
985 4857 1288 4931 cyminum
1308 4858 1472 4931 virga
1491 4861 1907 4918 excutietur.In
1929 4864 2038 4920 hoc

378 4948 506 5007 loco
518 4946 981 5005 consolationem
996 4946 1097 5003 dat
1108 4947 1869 5020 peccatoribus.Misericors
1880 4952 2036 5008 enim

378 5037 670 5094 Dominus
701 5039 979 5092 creatura:
1010 5052 1132 5091 sum
1165 5035 1226 5090 in
1257 5034 1351 5091 die
1372 5036 1582 5107 judicii
1610 5037 1987 5097 miserebitur
2019 5059 2033 5097 :

282 5126 287 5129 ’
377 5127 429 5184 si
450 5127 511 5182 in
535 5125 649 5181 isto
666 5123 880 5180 saaculo
896 5123 1304 5196 penitentiam
1318 5128 1452 5180 ante
1471 5128 2034 5198 praeoccupationem

377 5213 590 5271 mortis
604 5211 809 5286 egerit.
826 5211 994 5267 Multi
1014 5228 1270 5285 namque
1289 5217 1429 5268 sunt
1444 5214 1503 5268 in
1524 5213 1656 5287 igne
1674 5217 2032 5287 purgatorio,

376 5305 479 5376 qui
508 5300 918 5376 pwnitentiam
947 5301 1042 5357 hic
1074 5302 1495 5357 inchoavcrunt
1517 5320 1530 5357 :
1556 5303 1655 5358 sed
1679 5304 2034 5376 surripiente

374 5390 589 5449 mortis
619 5388 865 5446 articulo
896 5407 1012 5446 non
1043 5390 1115 5446 ad
1160 5391 1434 5446 eﬂ‘ectum
1484 5392 1899 5465 perduxerunt,
1932 5393 2033 5465 qui

372 5478 627 5537 Domino
658 5475 942 5549 largiente
973 5479 1032 5534 in
1065 5480 1157 5535 die
1172 5478 1383 5553 judicii
1408 5458 2034 5537 salvabuntiirNotan-

368 5568 515 5623 dum
549 5567 747 5619 autem
778 5567 916 5638 quia
946 5586 1061 5624 non
1092 5570 1162 5625 de
1193 5568 1393 5640 impiis
1414 5569 1799 5641 dicimus,qui
1820 5569 1878 5624 in
1904 5571 2031 5642 ipsa

362 5652 679 5725 impietate
707 5653 1069 5713 transierunt
1098 5658 1313 5713 abvhac
1343 5656 1473 5713 luce
1508 5675 1521 5712 :
1558 5659 1657 5713 sed
1690 5658 1761 5713 de
1792 5657 1885 5712 his
1926 5658 2027 5729 qni

355 5742 500 5805 post
530 5732 761 5799 Παείιία
790 5747 1023 5811 peracta
1050 5746 1120 5800 ad
1154 5744 1557 5817 paenitentiam
1577 5745 1839 5801 conversi
1865 5749 2026 5801 sunt.

2181 677 2514 747 hominum,
2546 684 2603 735 et
2629 680 3035 753 magniﬁcaret
3055 682 3355 753 justitiam
3387 699 3580 739 suam.

2777 824 3010 881 CAPUT
3048 825 3236 882 XXIX.

2255 972 2283 997 ‹‹
2307 948 2999 1017 Vze,Ariel,Ariel,civitas
3020 966 3197 1022 quam
3220 952 3573 1024 expugnavit
3593 952 3825 1008 David.»

2185 1036 2522 1107 Plangcntis
2572 1037 2785 1092 atl‘ectu
2827 1037 3090 1110 loquitur
3139 1039 3295 1095 Deus
3342 1039 3717 1112 omnipotens
3757 1044 3825 1098 ad

2184 1125 2716 1181 Hierusalem.Talc
2742 1126 2886 1198 quid
2915 1130 2974 1182 et
3000 1126 3060 1182 in
3091 1128 3403 1201 Evangelio
3433 1129 3570 1202 egit,
3594 1131 3828 1202 quando

2183 1214 2390 1270 videns
2421 1214 2714 1270 civitatem
2744 1216 2904 1271 flevit
2934 1233 3110 1287 super
3138 1215 3324 1284 illam,
3356 1217 3557 1273 dicens
3582 1234 3595 1273 :
3620 1243 3648 1268 ‹‹
3685 1220 3829 1285 Quia

2185 1302 2232 1359 si
2267 1304 2643 1376 cognovisses
2671 1308 2731 1361 et
2758 1309 2822 1360 tu
2854 1305 3148 1377 (Luc.x1x).
3176 1327 3205 1354 »
3235 1306 3361 1361 Non
3392 1310 3701 1379 propterea
3726 1325 3828 1364 vo-

2185 1397 2355 1447 catur
2383 1410 2418 1449 a
2447 1393 2694 1449 Domino
2726 1393 3085 1450 Hierusalem
3116 1393 3288 1461 Ariel,
3321 1396 3476 1468 quod
3517 1395 3829 1469 aliquando

2185 1482 2297 1537 hoc
2326 1499 2539 1538 nomen
2570 1482 2864 1551 habuerit,
2899 1484 2999 1539 sed
3030 1487 3269 1556 propter
3293 1485 3827 1557 interpretationem

2186 1569 2463 1626 nominis.
2494 1571 2650 1627 Ariel
2699 1570 2992 1644 siquidem
3041 1572 3459 1645 interpretatur
3487 1572 3576 1630 leo
3605 1574 3730 1630 Dei.
3763 1576 3830 1631 Et

2186 1658 2550 1715 Hierusalem
2580 1659 2671 1716 leo
2702 1660 2803 1716 Dei
2836 1660 3052 1717 idcirco
3082 1660 3429 1735 appellatur,
3461 1663 3599 1735 quia
3630 1663 3828 1719 fortis-

2185 1747 2339 1804 sima
2368 1753 2425 1804 et
2457 1749 2871 1820 potentissima
2917 1766 3150 1823 semper
3193 1750 3435 1808 exstitit.
3462 1752 3607 1808 Nam
3654 1756 3827 1809 tanta;

2186 1835 2548 1894 fortitudinis
2579 1838 2692 1893 fuit
2721 1842 3038 1911 antequam
3068 1844 3427 1912 caperetura
3448 1840 3643 1912 David,
3662 1846 3732 1898 ut
3745 1841 3826 1897 illi

2184 1926 2436 1983 Jebusaei
2460 1927 2558 1999 qui
2581 1926 2641 1982 in
2664 1943 2734 1982 ea
2763 1927 3102 1984 residebant
3128 1928 3448 1986 deridenda
3477 1929 3737 1987 dicerent
3756 1933 3825 1988 ad

2181 2014 2365 2071 David
2395 2031 2410 2072 :
2443 2039 2473 2066 ‹‹
2504 2017 2694 2072 Tanta
2731 2020 2847 2084 est,
2877 2016 3177 2089 inquiunt,
3208 2017 3433 2087 civitas,
3467 2023 3533 2074 ut
3560 2036 3594 2076 a
3623 2020 3824 2077 debili-

2180 2104 2296 2160 bus
2326 2104 2599 2176 arcearis,
2631 2109 2690 2161 et
2719 2122 2837 2161 non
2864 2106 3224 2178 permitteris
3250 2105 3411 2163 intus
3446 2107 3686 2166 introire
3713 2109 3825 2167 nisi

2182 2210 2365 2250 caecos
2396 2198 2453 2250 et
2475 2194 2717 2250 claudos
2746 2200 2920 2252 antea
2946 2194 3200 2269 expelles
3228 2196 3332 2269 (III
3356 2196 3481 2269 Reg.
3498 2199 3579 2268 ν).
3612 2220 3643 2247 ι»
3664 2198 3826 2255 Unde

2182 2283 2358 2339 exivit
2388 2284 2759 2356 proverbium
2794 2301 2807 2339 ε
2840 2284 3041 2341 Caecus
3071 2288 3129 2341 et
3166 2284 3413 2342 claudus
3459 2303 3573 2343 non
3620 2287 3823 2345 introi‘.

2180 2374 2332 2429 bunt
2359 2373 2420 2429 in
2448 2372 2759 2446 templum.
2784 2374 2992 2430 Postea
3019 2378 3216 2430 autem
3246 2390 3423 2447 quam
3453 2379 3625 2449 capta
3643 2380 3733 2433 est
3752 2377 3824 2433 ab

2179 2462 2302 2528 illo,
2335 2461 2522 2518 multo
2553 2462 2745 2535 magis
2791 2477 2896 2534 per
2938 2462 3128 2519 multa
3173 2462 3465 2520 curricula
3512 2480 3820 2533 annorum,

2180 2550 2524 2607 fortitudine
2554 2555 2951 2624 pugnatorum
2980 2555 3039 2608 et
3066 2552 3292 2608 ambitu
3323 2567 3645 2620 murorum,
3666 2553 3825 2610 insu-

2180 2657 2284 2713 per
2312 2643 2370 2696 et
2400 2639 2781 2696 multitudine
2809 2640 3147 2696 divitiarum
3178 2644 3349 2698 aucta
3367 2645 3425 2697 et
3444 2641 3826 2714 multiplicata

2179 2734 2288 2786 est.
2322 2728 2574 2785 Maxime
2602 2729 2968 2802 temporibus
3009 2728 3360 2799 Salomonis,
3393 2731 3627 2803 quando
3670 2734 3824 2788 tem;-

2177 2819 2345 2893 plum
2370 2818 2518 2874 illud
2550 2816 3049 2892 gloriosissimum
3080 2819 3431 2875 aediﬁcatum
3453 2824 3560 2888 est,
3584 2823 3642 2876 et
3658 2824 3826 2876 tanta

2176 2908 2291 2964 fuit
2319 2907 2487 2979 copia
2511 2907 2737 2980 argenti
2768 2912 2826 2963 et
2856 2908 2985 2963 auri
3016 2910 3076 2963 in
3106 2925 3174 2964 ea
3197 2911 3262 2964 ut
3282 2906 3824 2981 lapidum.ldeoque

2175 2996 2442 3070 praedicit
2471 2995 2523 3052 ei
2553 3014 2635 3051 vae
2661 2996 2991 3063 imminere,
3023 2996 3133 3052 hoc
3161 3001 3251 3052 est
3280 2999 3617 3069 perpetuam
3655 2997 3820 3052 dam-

2175 3085 2644 3157 nationem,quia
2671 3085 2865 3141 omnis
2896 3084 3084 3157 gloria
3103 3084 3204 3141 illa
3224 3090 3283 3141 et
3303 3085 3635 3142 sublimitas
3664 3085 3818 3141 aufe-

2174 3176 2357 3230 renda
2384 3176 2511 3230 erat
2551 3177 2790 3247 propter
2838 3177 3075 3246 peccata
3122 3174 3356 3230 illorum
3388 3191 3422 3230 a
3451 3172 3731 3230 Chaldaeis
3757 3177 3817 3229 et

2174 3263 2476 3328 Romanis,
2505 3263 2659 3318 sicut
2687 3263 2746 3318 in
2780 3262 3279 3335 subsequentibus
3307 3262 3652 3319 videbimus.

2243 3375 2272 3401 ‹‹
2302 3352 2554 3407 Additus
2585 3354 2675 3407 est
2700 3368 2895 3406 annus
2917 3351 2989 3406 ad
3012 3366 3255 3417 annum,
3274 3349 3667 3408 selemnitates
3684 3367 3812 3407 evo-

2168 3440 2307 3496 lutze
2338 3444 2497 3496 sunt.
2526 3463 2553 3490 ››
2587 3441 2721 3496 Ideo
2749 3439 2895 3494 dixit
2925 3457 2939 3495 :
2970 3439 3066 3494 Vae
3098 3439 3224 3507 tibi,
3251 3439 3425 3507 Ariel,
3456 3439 3595 3512 quia
3622 3439 3731 3495 hoc
3758 3441 3811 3495 ei

2168 3529 2433 3585 futurum
2466 3533 2611 3585 erat.
2645 3530 2717 3584 Et
2748 3528 3012 3600 loquitur
3039 3529 3111 3584 de
3140 3528 3336 3585 futuro
3368 3528 3536 3601 quasi
3565 3529 3638 3585 de
3666 3545 3810 3601 prte-

2166 3619 2359 3675 terito.
2391 3620 2596 3674 Annus
2625 3632 2780 3673 anno
2811 3617 3048 3673 additus
3078 3621 3188 3686 est,
3221 3617 3360 3689 quia
3388 3618 3620 3690 quando
3649 3618 3811 3674 ducti

2166 3714 2306 3763 sunt
2336 3707 2396 3761 in
2424 3706 2822 3779 captivitatem
2851 3722 2886 3761 a
2914 3705 3593 3775 Nabuchodonosor,non
3615 3707 3807 3763 oﬂere~

2164 3796 2306 3851 bant
2337 3795 2485 3850 sacri
2495 3793 2644 3862 ficia,
2669 3793 2810 3866 quia
2829 3794 3029 3851 deerat
3056 3793 3376 3867 templum;
3398 3797 3455 3850 et
3471 3793 3807 3851 solemnita-

2162 3889 2253 3941 tes
2281 3883 2816 3952 tabernaculorum,
2839 3888 2896 3939 et
2916 3883 3145 3955 paschae
3169 3881 3409 3940 evoluta
3430 3883 3696 3954 sunt,boc
3714 3888 3809 3940 est

2162 3973 2482 4047 perierunt.
2516 3972 2586 4028 Et
2615 3972 2769 4028 sicut
2800 3972 2912 4028 fuit
2940 3971 3168 4045 primus
3215 3988 3408 4028 annus
3455 3971 3807 4045 captivitatis

2161 4078 2350 4135 usque
2375 4060 2469 4117 bis
2494 4061 2792 4129 omnibus,
2827 4061 2911 4117 sic
2942 4059 3051 4115 fuit
3078 4064 3140 4116 et
3166 4059 3805 4132 subsequens,ideoque

2159 4152 2397 4207 additus
2421 4149 2637 4206 dicitur
2664 4166 2794 4206 esse
2822 4165 3017 4205 annus
3059 4149 3131 4203 ad
3180 4164 3423 4204 annum.
3455 4148 3607 4204 Dicit
3647 4147 3802 4204 enim

2156 4241 2366 4298 beatus
2400 4240 2804 4311 Hieronymus,
2829 4237 2969 4310 quia
2998 4237 3107 4293 hoc
3136 4240 3227 4294 est
3249 4236 3468 4293 mirum
3495 4236 3651 4309 quod
3686 4254 3804 4294 uno

2155 4330 2481 4401 eodemque
2508 4331 2772 4399 tempore
2802 4331 2860 4383 et
2888 4326 3093 4382 civitas
3112 4327 3501 4392 destructa,et
3518 4325 3799 4398 templum

2154 4434 2507 4475 succensum
2537 4420 2596 4472 et
2622 4415 2875 4488 populus
2895 4415 3107 4471 ductus
3125 4414 3295 4471 estin
3318 4413 3800 4486 captivitatem,in

2153 4508 2254 4564 illo
2285 4512 2549 4578 tempore
2579 4505 2815 4576 quando
2846 4504 3119 4560 Sedecias
3157 4502 3615 4575 comprehensus
3659 4508 3753 4560 est
3781 4520 3798 4559 :

2153 4597 2239 4654 sic
2269 4597 2445 4652 etiam
2477 4600 2534 4650 et
2565 4595 2625 4648 in
2655 4594 2910 4650 adventu
2942 4593 3340 4649 Romanorum
3371 4596 3570 4649 actum
3598 4598 3709 4649 est.

2223 4708 2250 4734 ι(
2285 4684 2357 4739 Et
2384 4682 2838 4739 circumvallabo
2868 4681 3043 4751 Ariel,
3070 4704 3098 4731 »
3129 4681 3239 4737 hoc
3267 4686 3358 4738 est
3387 4680 3748 4738 Hierusalem
3780 4700 3794 4739 :

2153 4796 2181 4823 α
2206 4777 2265 4829 et
2283 4772 2393 4827 erit
2414 4770 2602 4828 tristis
2624 4776 2682 4827 et
2701 4787 2976 4829 mmrens.
2996 4769 3407 4826 »Circumdata
3427 4768 3625 4825 hostili
3647 4788 3798 4827 exer-

2148 4862 2267 4918 citu
2298 4860 2702 4916 Chaldazorum
2740 4876 2753 4915 :
2786 4860 2941 4915 sicut
2968 4859 3255 4915 Dominus
3282 4858 3456 4914 etiam
3504 4874 3609 4929 per
3637 4859 3793 4916 Jene-

2147 4950 2328 5006 miam
2356 4948 2625 5022 praedixit
2654 4965 2667 5004 :
2697 4949 2843 5005 Ecce
2881 4965 2987 5021 ego
3036 4948 3401 5021 congregabo
3446 4952 3669 5005 veteres
3697 4964 3792 5005 co-

2146 5039 2457 5112 gnationes
2477 5053 2791 5110 regnorum
2813 5036 3129 5109 aquilonis,
3142 5035 3282 5092 dicit
3301 5035 3604 5106 Dominus,
3620 5040 3680 5093 et
3697 5054 3794 5109 po-

2147 5131 2287 5183 nent
2315 5126 2486 5183 sedes
2516 5142 2657 5181 suas
2687 5141 2866 5197 super
2896 5128 3093 5196 portas
3123 5123 3615 5181 Hierusalem.Sic
3635 5125 3787 5181 enim

2146 5217 2367 5271 factum
2397 5215 2660 5270 est.Nam
2689 5214 2926 5285 quando
2955 5212 3227 5270 Sedecias
3256 5217 3315 5269 et
3341 5212 3635 5286 principes
3654 5230 3788 5269 cum

2142 5322 2210 5360 eo
2240 5322 2344 5376 per
2372 5302 2669 5374 quoddam
2694 5303 2955 5357 foramen
2979 5302 3133 5357 muri
3157 5302 3518 5375 fugerunt,et
3535 5318 3789 5375 compre~

2142 5391 2310 5449 hensi
2337 5394 2478 5447 sunt
2506 5390 2580 5446 ab
2609 5391 2875 5462 equitatu
2906 5390 3445 5447 Nabuchodonosor
3474 5390 3533 5445 in
3565 5391 3790 5463 campis

2139 5480 2545 5547 Jericuntinis,
2580 5479 2875 5551 principes
2905 5479 3306 5536 Chaldaeorum
3331 5483 3530 5551 portas
3540 5481 3667 5551 jam
3693 5481 3791 5536 ob-

2138 5571 2413 5635 tinentes,
2439 5568 2609 5624 sedes
2631 5584 2770 5623 suas
2802 5568 3226 5624 collocaverant
3244 5569 3513 5641 desuper.
3539 5592 3566 5618 ‹‹
3592 5570 3659 5624 Et
3680 5569 3788 5625 erit

2138 5657 2284 5713 mihi
2314 5656 2483 5729 quasi
2515 5655 2690 5721 Ariel,
2715 5661 2771 5711 et
2792 5656 3168 5712 circumdabo
3192 5655 3360 5728 quasi
3387 5656 3568 5711 feram
3592 5656 3650 5712 in
3673 5657 3785 5711 cir-

2137 5745 2298 5802 cuitu
2329 5750 2485 5799 tuo.»
2515 5744 2632 5799 Hoc
2653 5745 2725 5800 ad
2756 5749 2991 5817 tempus
3024 5745 3418 5801 Romanorum
3442 5745 3787 5817 pertinet.Et
