3944 6422
359 334 468 391 219

1465 326 1821 382 ANGELOMI
1873 322 2329 387 LUXOWENSIS
2366 326 2679 387 MONACHI

3679 326 3807 381 220

362 466 477 509 nus
508 452 708 522 (Joan.
730 465 809 516 XI,
848 450 955 521 14).
990 449 1089 506 Ille
1121 450 1412 508 mercedis
1450 450 1621 507 lucro
1652 448 1887 508 varium
1911 447 2029 504 sibi
2056 451 2103 505 Α
2138 448 2303 506 sione
2333 449 2490 507 illius
2518 453 2967 521 argnmentetur
2996 450 3155 505 hanc
3177 450 3504 520 conceptus
3532 463 3665 505 esse
3686 463 3811 503 na<

363 555 550 613 pecus
581 538 826 597 abstulit
854 539 1116 595 Christus
1145 539 1519 596 diversarum
1546 540 1812 608 gentium
1846 537 2030 593 varie-

367 634 550 685 tatem
579 628 817 684 sibimet
846 631 1249 701 congregavit.
1286 630 1381 687 llle
1416 634 1529 685 tres
1572 630 1766 699 virgas
1820 644 2029 701 ampu-

367 718 503 776 tatis
529 718 849 777 corticibus
877 719 939 774 in
963 719 1147 777 alveis
1170 736 1466 793 aquarum
1499 718 1800 792 apposuit,
1829 723 1895 773 ut
1934 733 2028 773 ea-

367 823 501 864 rum
526 808 1028 882 contemplatione
1051 809 1585 882 multiplicarentur
1613 809 1744 880 ejus
1773 824 1948 873 oves;
1972 809 2030 863 et

370 896 658 953 Dominus
686 902 885 953 noster
903 897 964 953 in
1000 914 1162 970 aqua
1207 898 1587 970 baptismatis
1620 897 1798 953 trium
1827 910 2028 968 perso-

368 1001 588 1045 narum
621 986 890 1055 nomina,
917 987 1123 1056 Patris,
1165 992 1220 1042 et
1251 988 1398 1057 Filii,
1439 992 1495 1043 et
1540 986 1788 1060 Spiritus
1818 984 2026 1053 sancti,

369 1075 597 1148 populo
635 1075 795 1133 ﬁdeli
826 1077 1159 1148 proposuit,
1187 1081 1251 1132 ut
1277 1077 1533 1149 quisque
1560 1077 1675 1130 hoc
1704 1076 1884 1148 pleno
1908 1089 2031 1130 cor-

370 1165 445 1220 de
474 1164 862 1237 perspexerit,
895 1163 1185 1223 efﬁciatur
1215 1182 1371 1238 opus
1411 1165 1533 1222 Dei.

442 1254 642 1312 Aliter.
669 1253 823 1321 Quid
852 1258 941 1309 est
969 1254 1130 1310 enim
1144 1253 1345 1324 virgas
1364 1253 1581 1309 virides
1610 1251 2028 1325 amygdalinas

373 1347 556 1416 atque
585 1359 657 1399 cx
683 1342 945 1415 platanis
969 1347 1107 1401 ante
1132 1358 1384 1414 gregum
1415 1342 1624 1399 oculos
1655 1340 2027 1414 ponere,nisi

369 1449 478 1508 per
510 1433 825 1505 Scriptura;
852 1432 1068 1489 seriem
1101 1434 1487 1505 antiquorum
1511 1437 1749 1504 patrum
1768 1431 1916 1487 vitas
1947 1434 2031 1486 at-

372 1539 492 1596 que
525 1521 849 1581 sententias
899 1522 960 1578 in
1013 1522 1358 1595 exemplum
1404 1521 1645 1593 populis
1703 1518 2028 1593 praebere?

375 1614 518 1681 Qum
548 1611 854 1679 nimirum,
882 1612 1025 1683 quia
1069 1612 1241 1682 juxta
1284 1612 1529 1666 rationis
1560 1626 1813 1666 examen
1856 1612 2029 1664 rectae

375 1704 535 1770 sunt,
562 1700 743 1768 virgm
770 1700 1175 1757 nominantur.
1206 1700 1431 1766 Quibus
1463 1705 1722 1771 exparte
1753 1699 2030 1754 corticem

2136 543 2332 595 turam
2358 556 2543 612 quam
2591 556 2775 611 supra
2813 538 3098 595 diximus.
3150 542 3215 594 Et
3270 537 3462 594 multa
3512 537 3810 593 dicuntur

2137 627 2401 684 similiter
2428 627 2555 682 ﬁeri
2579 628 2640 683 in
2672 627 3025 684 animalium
3062 627 3299 683 fetibus.
3335 626 3448 683 Sed
3473 631 3532 682 et
3560 625 3808 682 mulieri

2136 714 2422 771 accidisse
2453 716 2721 783 traditur,
2765 722 2822 773 et
2850 718 3139 788 scriptum
3182 716 3476 789 reperitur
3522 715 3585 774 in
3627 714 3807 775 libris

2136 802 2539 876 antiquissimi
2608 811 2664 861 et
2718 805 3070 878 peritissimi
3128 805 3347 861 medici
3416 804 3807 878 Hippocratis

2136 893 2301 964 quod
2324 895 2665 966 suspicione
2696 893 2971 950 adulterii
3020 894 3213 952 fuerat
3266 893 3602 966 punienda,
3655 908 3808 949 eum
3871 965 3881 973 ε

2136 980 2606 1052 pulcherrimum
2637 982 2965 1056 peperisset
3004 983 3241 1055 utrique
3291 982 3527 1055 parenti
3566 981 3809 1051 generi-

2135 1086 2253 1142 que
2279 1071 2649 1141 dissimilem,
2679 1073 2791 1128 nisi
2814 1078 3186 1130 memoratus
3206 1073 3479 1129 medicus
3527 1072 3812 1129 solvisset

2136 1160 2555 1233 quaestionem,
2579 1162 2692 1218 illis
2722 1163 3047 1219 admonitis
3076 1178 3343 1234 quaerere
3390 1176 3469 1218 ne
3514 1160 3665 1221 forte
3694 1160 3809 1223 ali;-

2137 1264 2259 1320 qua
2280 1249 2412 1305 talis
2442 1251 2674 1323 pictura
2727 1256 2886 1307 esset
2929 1252 2991 1307 in
3023 1251 3324 1321 cubiculo,
3377 1265 3501 1325 qua
3550 1250 3808 1308 inventa

2136 1337 2351 1393 mulier
2379 1354 2416 1395 a
2442 1340 2785 1412 suspicione
2816 1340 3068 1396 liberata
3097 1344 3206 1396 est.

2208 1429 2372 1485 Vsus.
2403 1432 2568 1487 42.-
2594 1432 2787 1495 Quare
2809 1430 2993 1487 Jacob
3022 1430 3200 1502 primi
3227 1430 3512 1502 temporis
3544 1445 3660 1487 sua
3702 1444 3800 1485 es-

2140 1532 2201 1571 se
2227 1516 2429 1587 voluit,
2462 1524 2519 1574 et
2535 1520 2797 1576 serotina
2828 1520 3074 1577 Laban?
3107 1519 3208 1576 Vel
3254 1536 3359 1576 cur
3378 1520 3496 1577 hac
3524 1524 3650 1577 arte
3682 1535 3811 1579 sua,

2138 1621 2262 1664 non
2295 1607 2488 1677 magis
2510 1608 2715 1665 omnia
2746 1625 2874 1663 esse
2898 1608 3178 1664 fecisset?
3200 1608 3406 1678 Jacob,
3441 1608 3712 1680 prudens
3745 1611 3811 1663 et

2140 1694 2410 1761 callidus,
2435 1696 2726 1768 justitiam
2753 1698 3169 1769 etaeqm'tatem
3185 1698 3366 1752 etiam
3395 1697 3457 1753 in
3482 1712 3642 1753 nova
3672 1701 3808 1753 arte

375 1788 691 1853 subtrahit,
725 1788 875 1844 utin
905 1788 996 1844 his
1026 1805 1160 1859 quae
1197 1788 1602 1860 exspoliantur
1626 1788 1870 1842 intimus
1897 1801 2032 1840 can—
2062 1803 2102 1857 Β
2142 1784 2441 1841 servabat.
2479 1786 2535 1841 Si
2581 1787 2741 1843 enim
2785 1803 2996 1843 omnes
3026 1802 3217 1855 agnos
3258 1791 3315 1842 et
3363 1786 3570 1845 haedos
3601 1784 3810 1841 varios

376 1876 489 1932 dor
518 1881 823 1949 appareat.
850 1879 915 1933 Et
942 1893 1014 1932 ex
1044 1882 1210 1947 parte
1239 1877 1517 1932 corticem
1549 1881 1762 1940 servat,
1792 1880 1854 1930 ut
1884 1874 2034 1929 sicut

376 1964 612 2022 fuerant
641 1964 914 2027 exterius,
934 1965 994 2021 in
1028 1965 1319 2023 viriditate
1348 1969 1761 2037 permaneant.
1796 1963 2031 2018 Varius-

376 2070 494 2125 que
524 2053 823 2123 virgarum
860 2053 1023 2108 color
1062 2054 1333 2117 efﬁcitur,
1363 2055 1507 2109 dum
1533 2060 1732 2109 cortex
1763 2069 1835 2107 ex
1865 2057 2032 2125 parte

376 2142 795 2211 substrahitur,
828 2159 901 2199 ex
938 2149 1103 2215 parte
1162 2144 1465 2199 retinetur.
1499 2148 1645 2199 Ante
1695 2142 2031 2197 considera-

376 2229 552 2291 tionis
581 2231 742 2289 enim
772 2238 992 2287 nostrae
1035 2232 1241 2289 oculos
1276 2233 1742 2305 praecedentium
1790 2235 2032 2303 patrum

379 2318 683 2377 sententiae
706 2320 883 2394 quasi
907 2320 1088 2389 virgae
1122 2321 1297 2376 variae
1336 2326 1661 2387 ponuntur.
1698 2324 1760 2375 In
1791 2318 2031 2391 quibus,

375 2406 522 2467 dum
549 2407 903 2480 plerumque
925 2408 1288 2465 intellectum
1309 2409 1513 2465 litterae
1543 2410 1828 2477 fugimus,
1856 2406 2030 2480 quasi

376 2496 654 2553 corticem
688 2495 1130 2563 subtrahimus;
1186 2503 1242 2554 et
1267 2497 1414 2551 dum
1476 2497 1832 2569 plerumque
1869 2494 2035 2553 intel-

374 2585 597 2641 lectum
633 2583 840 2643 litterae
872 2585 1199 2657 sequimur,
1242 2585 1416 2659 quasi
1448 2586 1726 2640 corticem
1769 2598 2034 2639 reserva-

377 2690 535 2731 mus.
570 2675 843 2746 Dumque
883 2674 959 2730 ab
1006 2674 1153 2744 ipsis
1183 2679 1383 2730 cortex
1413 2674 1617 2731 littera:
1658 2673 2033 2739 subducitur,

378 2762 678 2831 allegoriae
710 2762 937 2819 candor
967 2762 1207 2817 interior
1238 2763 1725 2831 demonstratur;
1783 2768 1839 2817 et
1888 2762 2034 2820 dum

377 2856 582 2907 cortex
612 2849 986 2923 relinquitur,
1017 2851 1318 2909 exterioris
1359 2851 1753 2920 intelligentiae
1788 2850 2035 2907 virentia

379 2938 656 3011 exempla
682 2944 1115 2996 monstrantur.
1150 2942 1311 3004 Quas
1339 2939 1494 2995 bene
1536 2940 1723 2996 Jacob
1758 2941 1820 2997 in
1861 2955 2035 3010 aquae

378 3027 692 3087 canalibus
718 3028 933 3101 posuit,
966 3029 1109 3101 quia
1138 3035 1193 3085 et
1218 3030 1575 3101 Redemptor
1621 3037 1822 3084 noster
1868 3028 1929 3083 in
1975 3026 2039 3082 li-

375 3117 498 3177 bris
529 3134 629 3177 eas
660 3134 843 3175 sacrae
871 3119 1147 3188 scientiae,
1172 3119 1393 3190 quibus
1426 3135 1537 3174 nos
1577 3119 1930 3174 intrinsecus
1950 3118 2037 3175 in-
2068 3157 2107 3211 Ο

374 3206 703 3275 fundimur,
732 3208 876 3266 ﬁxit.
902 3208 1019 3264 Has
1044 3209 1398 3280 aspicientes
1429 3209 1638 3265 arietes
1657 3224 1794 3263 eum
1816 3207 2034 3263 ovibus

376 3302 611 3366 coeunt,
634 3296 778 3369 quia
800 3298 1120 3352 rationales
1151 3299 1338 3353 nostri
1371 3298 1634 3369 spiritus,
1662 3297 1813 3352 dum
1845 3297 1905 3351 in
1939 3313 2033 3357 ea-

374 3400 509 3443 rum
532 3385 859 3445 intentione
889 3386 1070 3443 deﬁxi
1092 3392 1250 3455 sunt,
1284 3386 1535 3455 singulis
1566 3385 1907 3459 quibusque
1936 3402 2033 3442 ac-

376 3472 639 3533 tionibus
669 3474 1123 3549 permiscentur,
1155 3480 1219 3530 ut
1238 3475 1386 3530 tales
1425 3475 1580 3530 fetus
1610 3490 1862 3550 operum
1896 3490 2035 3547 pro-

379 3567 599 3631 creent,
627 3562 832 3634 qualia
856 3563 1137 3635 exempla
1162 3564 1627 3634 praecedentium
1675 3564 1739 3618 in
1788 3563 2036 3619 vocibus

378 3655 816 3723 praeceptorum
840 3651 1060 3723 vident,
1105 3656 1161 3707 et
1185 3652 1489 3707 diversum
1544 3651 1806 3709 colorem
1853 3653 2037 3726 prolis

377 3739 524 3801 boni
543 3740 743 3812 aperis
773 3740 993 3797 habeat
1014 3759 1027 3810 ;
1050 3741 1191 3813 quia
1216 3744 1274 3797 et
1298 3755 1738 3813 nonnunquam
1774 3741 2040 3799 subtrac-

378 3832 439 3887 ta
473 3828 677 3891 litterae
699 3830 917 3886 cortice
939 3831 1172 3886 acutius
1194 3830 1431 3886 interna
1452 3829 1813 3899 considerat,
1860 3834 1925 3885 ut
1954 3845 2038 3885 re-

376 3924 609 3973 servato
648 3934 1096 3990 nonnunquam
1136 3918 1399 3975 historiae
1451 3917 1739 3987 tegmine,
1770 3917 1923 3976 bene
1977 3934 2039 3973 se

376 4005 440 4064 in
468 4007 860 4067 exterioribus
890 4007 1132 4065 format.

450 4097 874 4153 Verumtamen
904 4096 1336 4169 requirendum
1368 4099 1459 4151 est
1496 4094 1671 4166 juxta
1726 4094 2039 4153 historiam

378 4183 689 4254 quomodo
719 4199 829 4255 pro
881 4189 1134 4255 aspectu
1180 4184 1489 4254 virgarum
1539 4183 1847 4241 variarum
1892 4185 2041 4242 varii

378 4285 667 4342 pecorum
696 4270 849 4329 fetus
868 4271 1669 4329 nascebantur.0bservabat
1687 4287 1829 4342 ergo
1852 4273 2041 4329 Jacob

379 4360 648 4430 tempore
668 4374 790 4431 quo
803 4360 1285 4420 ascendebantur
1297 4366 1351 4418 et
1362 4377 1603 4436 pecora,
1618 4366 1754 4433 post
1777 4361 2039 4419 calorem

380 4446 497 4507 diei
526 4447 601 4503 ad
632 4448 968 4521 potandum
995 4449 1176 4509 avida
1196 4450 1549 4524 pergebant.
1580 4450 1907 4507 Diseolores
1928 4466 2040 4507 vrr-

381 4551 488 4607 gas
519 4537 784 4609 ponebat
810 4537 872 4597 in
889 4538 1222 4608 canalibus,
1256 4544 1314 4598 et
1350 4538 1629 4597 admissis
1669 4538 1953 4597 arietibus
1982 4543 2040 4599 et

376 4625 557 4683 hircis
580 4633 634 4683 et
660 4627 794 4700 ipsa
825 4628 1070 4701 potandi
1111 4628 1416 4699 aviditate,
1448 4643 1589 4685 oves
1636 4632 1694 4687 et
1719 4644 1933 4703 capras
1956 4628 2039 4684 fa-

378 4715 574 4773 ciebat
601 4716 868 4788 ascendi,
908 4721 965 4775 et
991 4733 1061 4773 ex
1092 4716 1318 4792 duplici
1359 4716 1657 4773 desiderio
1687 4715 1838 4773 dum
1869 4716 2039 4773 avide

375 4803 594 4863 bibunt
621 4811 679 4863 et
707 4807 1121 4863 ascenduntur
1146 4822 1184 4865 a
1208 4805 1498 4874 maribus,
1538 4805 1683 4863 tales
1704 4804 1859 4861 fetus
1896 4821 2039 4861 con-

381 4894 647 4967 ciperent
676 4895 888 4968 quales
919 4896 1171 4957 umbras
1199 4895 1455 4953 arietum
1493 4900 1552 4955 et
1575 4894 1882 4953 hircorum
1937 4894 2040 4951 de-

381 4999 560 5055 super
590 4986 1041 5047 ascendentium
1077 4987 1140 5046 in
1166 5001 1469 5060 aquarum
1500 4983 1748 5056 specula
1777 4988 2041 5041 contem-

380 5071 724 5143 plabantur.
758 5077 835 5133 Ex
861 5077 1044 5145 virgis
1074 5075 1238 5133 enim
1265 5076 1326 5133 in
1362 5073 1678 5132 canalibus
1706 5074 1917 5145 positis
1949 5090 2045 5131 va-

380 5160 505 5217 rius
536 5166 661 5218 erat
690 5165 868 5220 etiam
898 5164 1234 5235 imaginum
1265 5165 1448 5221 color.
1478 5167 1593 5219 Nec
1618 5166 1840 5219 mirum
1885 5164 2044 5221 hanc

379 5250 441 5307 in
474 5258 769 5325 conceptu
800 5252 1162 5311 feminarum
1193 5270 1322 5309 esse
1370 5258 1673 5324 naturam,
1705 5258 1788 5318 ut,
1834 5254 2044 5326 quales

379 5343 748 5413 porrexerint
784 5342 897 5415 [F.,
920 5343 1351 5416 perspexerint]
1381 5342 1504 5398 sive
1535 5346 1731 5401 mente
1752 5359 2042 5416 concepea

381 5430 498 5487 rint
526 5430 590 5487 in
637 5437 906 5489 extremo
938 5430 1263 5504 voluptatis
1292 5436 1463 5503 aestu,
1496 5448 1620 5505 quo
1676 5432 2039 5504 concipiunt,

380 5519 563 5575 talem
583 5521 855 5577 sobolem
878 5526 1213 5595 procreent,
1238 5537 1377 5578 cum
1406 5522 1520 5577 hoc
1550 5522 1747 5594 ipsum
1774 5522 1951 5579 etiam
1980 5521 2041 5582 in

382 5624 677 5680 equarum
712 5611 995 5679 gregibus
1025 5610 1190 5684 apud
1222 5612 1512 5682 Hispanos
1542 5612 1774 5666 dicatur
1789 5610 1955 5679 ﬁeri;
1987 5617 2045 5669 et

386 5697 783 5761 Quintilianus
808 5698 869 5751 in
899 5714 970 5753 ea
1015 5699 1423 5755 controversia
1454 5700 1515 5755 in
1561 5716 1686 5772 qua
1716 5700 2042 5755 accusaba-

382 5790 480 5845 tur
502 5792 785 5847 matrona
804 5786 971 5858 quod
999 5787 1342 5861 zEthiopem
1370 5788 1622 5862 peperit,
1666 5804 1776 5862 pro
1830 5788 2039 5847 defen-

2141 1889 2360 1945 pecora
2380 1880 2815 1947 procreassent,
2852 1881 2982 1932 erat
3027 1875 3229 1948 aliqua
3258 1875 3519 1948 suspicio
3566 1875 3713 1945 doli,
3748 1878 3811 1931 et

2141 1968 2343 2035 aperte
2369 1964 2506 2020 huic
2534 1964 2619 2021 rei
2648 1964 2850 2023 Laban
2879 1965 3117 2023 invidus
3148 1964 3515 2022 contraisset.
3534 1967 3687 2033 Ergo
3718 1964 3810 2021 ita

2142 2052 2347 2108 omnia
2378 2054 2732 2125 temperavit
2761 2060 2826 2111 ut
2854 2054 2980 2126 ipse
2999 2053 3259 2111 fructum
3292 2055 3383 2110 sui
3402 2052 3628 2111 laboris
3642 2051 3807 2108 acci-

2141 2146 2326 2211 peret,
2361 2146 2416 2197 et
2448 2141 2650 2197 Laban
2671 2158 2794 2198 non
2820 2143 3056 2214 penitus
3074 2142 3433 2214 spoliaretur
3452 2159 3465 2209 ;
3483 2140 3808 2213 siquando

2142 2244 2284 2284 oves
2309 2233 2365 2286 et
2394 2246 2590 2301 caprae
2610 2230 2803 2302 primo
2827 2236 3093 2302 tempore
3116 2230 3621 2295 ascendebantur;
3655 2230 3809 2302 quia

2143 2317 2353 2374 melior
2382 2334 2599 2375 vernus
2618 2325 2710 2375 est
2730 2319 2906 2389 fetus,
2943 2323 3080 2375 ante
3097 2320 3263 2391 ipsas
3290 2317 3557 2391 ponebat
3578 2318 3804 2387 virgas,

2145 2412 2209 2462 ut
2234 2407 2398 2464 varia
2423 2408 2661 2464 soboles
2676 2414 3042 2466 nasceretur.
3059 2412 3442 2480 Quaecunque
3467 2424 3609 2463 oves
3630 2414 3688 2463 et
3707 2424 3809 2463 ca-

2142 2511 2265 2566 prae
2280 2513 2411 2551 sero
2428 2498 2781 2568 quaerebant
2796 2504 3188 2569 marem,ante
3206 2498 3423 2553 harum
3449 2496 3659 2555 oculos
3675 2513 3807 2555 non

2143 2584 2427 2655 ponebat,
2468 2591 2533 2640 ut
2581 2586 2758 2641 unius
2792 2586 3009 2641 coloris
3042 2601 3263 2658 pecora
3306 2591 3718 2654 nascerentur,
3747 2590 3808 2641 et

2144 2673 2437 2746 quidquid
2452 2674 2715 2747 primum
2736 2675 3117 2742 nascebatur,
3143 2691 3323 2731 suum
3349 2679 3494 2744 erat,
3525 2674 3811 2746 quiadis~

2145 2759 2307 2816 color
2332 2766 2390 2817 et
2414 2762 2648 2819 varium
2669 2768 2814 2834 erat,
2850 2768 2908 2819 et
2934 2762 3233 2835 quidquid
3261 2766 3490 2835 postea,
3544 2762 3754 2819 Laban
3789 2782 3805 2832 ;

2146 2849 2324 2907 unius
2365 2850 2523 2909 enim
2554 2855 2679 2909 tam
2707 2850 2770 2907 in
2799 2851 2971 2922 nigro
3000 2867 3189 2924 quam
3213 2851 3276 2909 in
3296 2850 3437 2908 albo
3466 2850 3681 2911 coloris
3700 2866 3810 2923 pe-

2148 2955 2253 2996 cus
2278 2939 2603 2996 oriebatur.

2218 3034 2332 3085 Cur
2347 3045 2457 3085 nec
2479 3031 2506 3083 J
2516 3029 2668 3086 acob
2690 3028 2920 3086 fraudis
2934 3029 2994 3086 in
3010 3029 3127 3089 hoc
3144 3027 3299 3085 facto
3321 3030 3669 3100 arguendus
3681 3031 3807 3087 est?

2148 3122 2250 3175 Per
2279 3118 2393 3175 hoc
2416 3120 2572 3187 cogit
2592 3119 2811 3191 inquiri
2826 3119 3207 3191 prophetiam
3225 3124 3280 3175 et
3301 3118 3569 3191 aliquam
3582 3120 3808 3189 ﬁgura—

2144 3212 2269 3265 tam
2318 3207 2819 3277 signiﬁcationem
2835 3224 2929 3262 res
2956 3208 3452 3279 ista,quanquam
3470 3207 3597 3263 sine
3612 3207 3807 3265 dubio

2146 3302 2210 3355 ut
2228 3298 2521 3369 propheta
2541 3296 2677 3353 fecit
2697 3296 2902 3355 Jacob.
2927 3299 3055 3352 Non
3079 3296 3240 3353 enim
3271 3296 3389 3353 tale
3429 3295 3659 3368 aliquid
3688 3297 3809 3354 nisi

2143 3385 2502 3441 revelatione
2534 3384 2784 3457 spiritali
2812 3400 2951 3440 eum
2981 3384 3188 3440 iecisse
3219 3384 3590 3441 credendum
3619 3390 3728 3441 est.

2217 3476 2260 3539 Ο
2270 3474 2533 3529 uomodo
2546 3473 2846 3528 sexdecim
2869 3473 3095 3529 vicibus
3108 3472 3247 3529 dicit
3261 3476 3284 3530 J
3292 3473 3447 3530 aeob
3468 3489 3678 3529 socero
3692 3490 3807 3530 suo

2145 3568 2412 3619 mutasse
2431 3579 2568 3618 eum
2590 3562 2929 3619 mercedem
2961 3563 3166 3619 suam?
3183 3562 3287 3617 Hic
3306 3567 3395 3621 est
3414 3562 3571 3617 enim
3590 3578 3807 3618 sensus

2145 3652 2308 3725 quod
2327 3668 2432 3723 per
2454 3651 2721 3721 singulos
2741 3650 2894 3707 fetus
2918 3667 3153 3723 semper
3167 3651 3367 3709 Laban
3396 3651 3807 3707 conditionem

2146 3740 2547 3797 mutaverit.Si
2558 3740 2804 3796 videbat
2819 3741 3052 3795 varium
3070 3740 3237 3797 nasci
3248 3744 3597 3812 pecus,post
3612 3739 3805 3797 fetum

2146 3830 2386 3886 dicebat
2408 3847 2422 3885 :
2445 3828 2592 3884 Volo
2613 3833 2688 3890 ,ut
2717 3828 2777 3885 in
2806 3828 3075 3885 futurum
3097 3829 3247 3889 mihi
3268 3830 3431 3885 varia
3451 3834 3802 3886 nascantur.

2148 3922 2404 3975 Rursum
2434 3934 2573 3973 eum
2604 3918 2854 3975 vidisset
2904 3920 3085 3975 unius
3138 3918 3353 3975 coloris
3384 3919 3552 3976 nasci
3581 3935 3808 3992 pecora

2148 4007 2352 4078 (Jacob
2374 4007 2599 4079 quippe
2619 4007 2733 4063 hoc
2758 4008 2963 4063 audito
2994 4008 3194 4077 virgas
3234 4007 3297 4064 in
3341 4007 3655 4065 canalibus
3676 4024 3806 4064 non

2148 4095 2729 4169 ponebat),dicebat,
2747 4101 2813 4151 ut
2840 4098 3070 4153 futuros
3098 4096 3252 4152 fetus
3277 4098 3456 4153 unius
3486 4096 3703 4153 coloris
3734 4098 3809 4153 si-

2148 4180 2210 4240 bi
2230 4200 2451 4258 pecora
2471 4190 2875 4257 procrearent.
2896 4189 2959 4242 Et
2978 4184 3125 4257 quid
3143 4185 3318 4257 plura
3332 4186 3359 4241 ‘I
3392 4188 3593 4257 Usque
3614 4186 3695 4243 ad
3723 4186 3801 4242 vi-

2150 4291 2250 4330 ces
2280 4274 2488 4329 decem
2519 4290 2755 4345 semper
2784 4290 2821 4330 a
2854 4275 3057 4331 Laban
3082 4274 3314 4345 pecoris
3336 4274 3429 4333 sui
3455 4274 3642 4333 Jacob
3676 4292 3809 4333 mu-

2149 4368 2271 4424 tata
2304 4363 2586 4431 conditio,
2630 4369 2684 4419 et
2723 4363 3133 4436 quodcunque
3177 4363 3290 4419 sibi
3310 4369 3712 4436 proposuerat
3742 4369 3810 4421 ut

2148 4458 2510 4518 nasceretur,
2530 4452 2592 4507 in
2612 4451 2873 4507 colorem
2923 4452 3289 4509 contrarium
3333 4452 3689 4509 vertebatur.
3723 4457 3806 4511 Ne

2149 4541 2467 4612 quiautem
2493 4541 2554 4599 in
2583 4557 2688 4596 sex
2708 4541 2881 4598 annis
2902 4541 3111 4597 decem
3135 4541 3408 4613 pariendi
3435 4542 3592 4598 vices
3618 4542 3808 4599 incre-

2147 4631 2360 4686 dibiles
2395 4632 2723 4699 videantur,
2751 4631 2880 4701 lege
2916 4631 3239 4701 Virgilium,
3285 4631 3350 4687 in
3389 4648 3514 4704 quo
3550 4631 3801 4691 dicitur:

2147 4722 2253 4774 Bis
2283 4721 2554 4789 gracula)
2577 4722 2853 4788 pecudes.
2897 4720 3183 4776 Naturam
3225 4725 3428 4777 autem
3462 4719 3805 4781 Italicarum

2149 4808 2354 4863 ovium
2387 4814 2443 4862 et
2471 4810 2908 4879 Mesopotamiae
2937 4825 3059 4867 una
3084 4824 3216 4864 esse
3246 4808 3610 4881 perhibetur.

2224 4896 2569 4968 Spiritaliter
2592 4914 2735 4953 vero
2766 4898 2991 4966 Laban,
3016 4900 3122 4970 qui
3155 4899 3476 4969 separavit,
3517 4898 3675 4954 sicut
3702 4914 3803 4955 su-

2149 4986 2350 5058 perius
2373 4985 2608 5056 legitur,
2640 5004 2856 5060 capras
2898 4992 2957 5043 et
3002 5003 3167 5053 oves,
3224 4986 3424 5049 hircos
3474 4991 3533 5043 et
3586 4988 3803 5049 arietes

2150 5074 2345 5129 varios
2376 5080 2556 5147 atque
2586 5075 2957 5144 maculosos,
3003 5080 3288 5137 cunctum
3319 5080 3525 5135 autem
3555 5091 3804 5147 gregem

2152 5163 2394 5221 tradidit
2439 5164 2499 5219 in
2557 5180 2775 5221 manus
2827 5164 3086 5223 ﬁliorum
3158 5181 3429 5232 suorum,
3503 5164 3806 5235 signiﬁcat

2149 5254 2468 5313 Judaicum
2516 5254 2831 5327 populum.
2896 5256 3060 5315 Unde
3116 5260 3173 5311 et
3226 5256 3434 5317 Laban
3496 5257 3803 5313 dealbatio

2150 5343 2613 5416 interpretatur;
2659 5344 2804 5416 quia
2831 5343 2994 5399 idem
3042 5344 3307 5417 populus
3354 5344 3673 5400 dealbatus
3724 5346 3802 5401 si-

2150 5432 2397 5504 quidem
2428 5437 2515 5488 est
2543 5432 2707 5505 apud
2761 5434 3151 5505 semetipsum
3202 5448 3310 5505 per
3350 5432 3702 5505 hypocrisin
3748 5438 3807 5490 et

2153 5520 2615 5578 simulationem.
2696 5520 2900 5579 Laban
2966 5521 3196 5595 accepit
3268 5521 3411 5579 alba
3484 5526 3542 5580 et
3606 5522 3802 5592 nigra,

2151 5611 2293 5681 quia
2323 5610 2585 5682 populus
2604 5610 2958 5667 Judaeornm
2985 5612 3162 5668 albus
3217 5611 3465 5684 quidem
3511 5616 3602 5668 est
3637 5614 3806 5684 apud

2152 5700 2563 5771 semetipsum,
2636 5704 2702 5756 ut
2753 5700 3040 5769 diximus,
3097 5700 3421 5773 hypocrisi,
3473 5700 3581 5755 sed
3636 5701 3806 5771 niger

2157 5787 2535 5849 multitudine
2618 5793 3002 5860 peccatorum
3022 5833 3035 5847 .
3342 5787 3439 5851 vel
3528 5795 3804 5859 pastores
