  <div class='ocr_page' id='page_1' title='image "/cluster/home/n/w/nwhite01/storage/ocr_20150623/115-116/uc1.31175006916467/1172.png"; bbox 0 0 3960 6368; ppageno 0'>
   <div class='ocr_carea' id='block_1_1' title="bbox 54 435 1549 497">
    <p class='ocr_par' dir='ltr' id='par_1_1' title="bbox 54 435 1549 497">
     <span class='ocr_line' id='line_1_1' title="bbox 54 435 1549 497; baseline -0.003 -3"><span class='ocrx_word' id='word_1_1' title='bbox 54 436 188 497; x_wconf 77' lang='grc'><strong>861</strong></span> <span class='ocrx_word' id='word_1_2' title='bbox 1149 435 1300 492; x_wconf 69' lang='lat' dir='ltr'><strong>C0.“</strong></span> <span class='ocrx_word' id='word_1_3' title='bbox 1318 435 1363 492; x_wconf 76' lang='grc' dir='ltr'>Μ</span> <span class='ocrx_word' id='word_1_4' title='bbox 1381 435 1549 492; x_wconf 69' lang='grc' dir='ltr'><strong>1⁴ἶΝ’1’.</strong></span> 
     </span>
    </p>
   </div>
   <div class='ocr_carea' id='block_1_2' title="bbox 1602 429 2336 492">
    <p class='ocr_par' dir='ltr' id='par_1_2' title="bbox 1602 429 2336 492">
     <span class='ocr_line' id='line_1_2' title="bbox 1602 429 2336 492; baseline 0.004 -2"><span class='ocrx_word' id='word_1_5' title='bbox 1602 433 1676 490; x_wconf 81' lang='lat' dir='ltr'><strong>iN</strong></span> <span class='ocrx_word' id='word_1_6' title='bbox 1727 429 2019 489; x_wconf 73' lang='lat' dir='ltr'><strong>ISAIAM.</strong></span> <span class='ocrx_word' id='word_1_7' title='bbox 2080 467 2146 475; x_wconf 88' lang='lat'><strong>-—</strong></span> <span class='ocrx_word' id='word_1_8' title='bbox 2189 433 2336 492; x_wconf 85' lang='lat' dir='ltr'><strong>LIB.</strong></span> 
     </span>
    </p>
   </div>
   <div class='ocr_carea' id='block_1_3' title="bbox 3397 440 3513 499">
    <p class='ocr_par' dir='ltr' id='par_1_3' title="bbox 3397 440 3513 499">
     <span class='ocr_line' id='line_1_3' title="bbox 3397 440 3513 499; baseline 0.026 -4"><span class='ocrx_word' id='word_1_9' title='bbox 3397 440 3513 499; x_wconf 73' lang='lat'><strong>862</strong></span> 
     </span>
    </p>
   </div>
   <div class='ocr_carea' id='block_1_4' title="bbox 55 564 3512 643">
    <p class='ocr_par' dir='ltr' id='par_1_4' title="bbox 55 564 3512 643">
     <span class='ocr_line' id='line_1_4' title="bbox 55 564 3512 643; baseline 0.002 -22"><span class='ocrx_word' id='word_1_10' title='bbox 55 573 284 639; x_wconf 79' lang='lat' dir='ltr'><strong>patres</strong></span> <span class='ocrx_word' id='word_1_11' title='bbox 320 566 500 622; x_wconf 81' lang='lat' dir='ltr'><strong>nostri</strong></span> <span class='ocrx_word' id='word_1_12' title='bbox 531 584 815 639; x_wconf 86' lang='lat' dir='ltr'><strong>pauperes</strong></span> <span class='ocrx_word' id='word_1_13' title='bbox 839 568 1207 630; x_wconf 85' lang='lat' dir='ltr'><strong>exstiterunt,</strong></span> <span class='ocrx_word' id='word_1_14' title='bbox 1227 568 1365 636; x_wconf 87' lang='lat' dir='ltr'><strong>quia</strong></span> <span class='ocrx_word' id='word_1_15' title='bbox 1399 586 1510 619; x_wconf 87' lang='lat' dir='ltr'><strong>non</strong></span> <span class='ocrx_word' id='word_1_16' title='bbox 1539 567 1747 618; x_wconf 82' lang='lat' dir='ltr'><strong>babue-</strong></span> <span class='ocrx_word' id='word_1_17' title='bbox 1776 564 1830 629; x_wconf 75' lang='grc' dir='ltr'>Α</span> <span class='ocrx_word' id='word_1_18' title='bbox 1861 572 2066 618; x_wconf 75' lang='lat' dir='ltr'><strong>t‘t&#39;i‘tiilt</strong></span> <span class='ocrx_word' id='word_1_19' title='bbox 2088 568 2376 622; x_wconf 77' lang='lat' dir='ltr'><strong>Abraham</strong></span> <span class='ocrx_word' id='word_1_20' title='bbox 2401 572 2622 624; x_wconf 82' lang='lat' dir='ltr'><strong>etAran</strong></span> <span class='ocrx_word' id='word_1_21' title='bbox 2652 569 2704 624; x_wconf 91' lang='lat' dir='ltr'><strong>in</strong></span> <span class='ocrx_word' id='word_1_22' title='bbox 2732 569 3061 643; x_wconf 86' lang='lat' dir='ltr'><strong>ignem,qui</strong></span> <span class='ocrx_word' id='word_1_23' title='bbox 3088 572 3288 642; x_wconf 97' lang='lat' dir='ltr'><strong>lingua</strong></span> <span class='ocrx_word' id='word_1_24' title='bbox 3310 590 3512 629; x_wconf 88' lang='lat' dir='ltr'><strong>eorum</strong></span> 
     </span>
    </p>
   </div>
   <div class='ocr_carea' id='block_1_5' title="bbox 57 655 1754 728">
    <p class='ocr_par' dir='ltr' id='par_1_5' title="bbox 57 655 1754 728">
     <span class='ocr_line' id='line_1_5' title="bbox 57 655 1754 728; baseline -0.004 -17"><span class='ocrx_word' id='word_1_25' title='bbox 57 663 226 711; x_wconf 83' lang='lat' dir='ltr'><strong>runt</strong></span> <span class='ocrx_word' id='word_1_26' title='bbox 251 656 483 711; x_wconf 73' lang='lat' dir='ltr'><strong>divitias</strong></span> <span class='ocrx_word' id='word_1_27' title='bbox 516 657 876 728; x_wconf 59' lang='lat' dir='ltr'><strong>spiritualm,</strong></span> <span class='ocrx_word' id='word_1_28' title='bbox 904 663 958 709; x_wconf 87' lang='lat' dir='ltr'><strong>et</strong></span> <span class='ocrx_word' id='word_1_29' title='bbox 989 657 1342 726; x_wconf 85' lang='lat' dir='ltr'><strong>pinguedine</strong></span> <span class='ocrx_word' id='word_1_30' title='bbox 1366 657 1485 726; x_wconf 82' lang='lat' dir='ltr'><strong>spei</strong></span> <span class='ocrx_word' id='word_1_31' title='bbox 1521 661 1572 707; x_wconf 89' lang='lat' dir='ltr'><strong>et</strong></span> <span class='ocrx_word' id='word_1_32' title='bbox 1605 655 1754 707; x_wconf 84' lang='lat' dir='ltr'><strong>dile—</strong></span> 
     </span>
    </p>
   </div>
   <div class='ocr_carea' id='block_1_6' title="bbox 57 744 1754 816">
    <p class='ocr_par' dir='ltr' id='par_1_6' title="bbox 57 744 1754 816">
     <span class='ocr_line' id='line_1_6' title="bbox 57 744 1754 816; baseline -0.003 -15"><span class='ocrx_word' id='word_1_33' title='bbox 57 747 301 801; x_wconf 90' lang='lat' dir='ltr'><strong>ctionis</strong></span> <span class='ocrx_word' id='word_1_34' title='bbox 323 752 587 816; x_wconf 89' lang='lat' dir='ltr'><strong>expertes</strong></span> <span class='ocrx_word' id='word_1_35' title='bbox 613 753 975 799; x_wconf 86' lang='lat' dir='ltr'><strong>manserunt.</strong></span> <span class='ocrx_word' id='word_1_36' title='bbox 1001 749 1143 798; x_wconf 71' lang='lat' dir='ltr'><strong>Cum</strong></span> <span class='ocrx_word' id='word_1_37' title='bbox 1171 751 1364 796; x_wconf 77' lang='lat' dir='ltr'><strong>autem</strong></span> <span class='ocrx_word' id='word_1_38' title='bbox 1400 744 1600 796; x_wconf 77' lang='lat' dir='ltr'><strong>ebriati</strong></span> <span class='ocrx_word' id='word_1_39' title='bbox 1642 746 1754 796; x_wconf 72' lang='lat' dir='ltr'><strong>fue—</strong></span> 
     </span>
    </p>
   </div>
   <div class='ocr_carea' id='block_1_7' title="bbox 57 832 1751 906">
    <p class='ocr_par' dir='ltr' id='par_1_7' title="bbox 57 832 1751 906">
     <span class='ocr_line' id='line_1_7' title="bbox 57 832 1751 906; baseline -0.003 -17"><span class='ocrx_word' id='word_1_40' title='bbox 57 835 197 889; x_wconf 78' lang='lat' dir='ltr'><strong>rint</strong></span> <span class='ocrx_word' id='word_1_41' title='bbox 228 835 400 906; x_wconf 86' lang='lat' dir='ltr'><strong>aquis</strong></span> <span class='ocrx_word' id='word_1_42' title='bbox 433 834 844 906; x_wconf 82' lang='lat' dir='ltr'><strong>spiritualibus</strong></span> <span class='ocrx_word' id='word_1_43' title='bbox 890 836 958 886; x_wconf 83' lang='lat' dir='ltr'><strong>de</strong></span> <span class='ocrx_word' id='word_1_44' title='bbox 1013 835 1165 887; x_wconf 81' lang='lat' dir='ltr'><strong>fonte</strong></span> <span class='ocrx_word' id='word_1_45' title='bbox 1201 832 1751 897; x_wconf 70' lang='lat' dir='ltr'><strong>Salv:1toi-is,i.-xslil-</strong></span> 
     </span>
    </p>
   </div>
   <div class='ocr_carea' id='block_1_8' title="bbox 61 924 865 979">
    <p class='ocr_par' dir='ltr' id='par_1_8' title="bbox 61 924 865 979">
     <span class='ocr_line' id='line_1_8' title="bbox 61 924 865 979; baseline -0.001 -1"><span class='ocrx_word' id='word_1_46' title='bbox 61 925 302 979; x_wconf 83' lang='lat' dir='ltr'><strong>tabunt</strong></span> <span class='ocrx_word' id='word_1_47' title='bbox 335 924 394 978; x_wconf 90' lang='lat' dir='ltr'><strong>in</strong></span> <span class='ocrx_word' id='word_1_48' title='bbox 426 929 631 978; x_wconf 90' lang='lat' dir='ltr'><strong>sancto</strong></span> <span class='ocrx_word' id='word_1_49' title='bbox 668 924 865 977; x_wconf 86' lang='lat' dir='ltr'><strong>Israel.</strong></span> 
     </span>
    </p>
   </div>
   <div class='ocr_carea' id='block_1_9' title="bbox 138 1012 1753 1083">
    <p class='ocr_par' dir='ltr' id='par_1_9' title="bbox 138 1012 1753 1083">
     <span class='ocr_line' id='line_1_9' title="bbox 138 1012 1753 1083; baseline -0.002 -16"><span class='ocrx_word' id='word_1_50' title='bbox 138 1039 168 1060; x_wconf 88' lang='grc'><strong>‹‹</strong></span> <span class='ocrx_word' id='word_1_51' title='bbox 203 1012 498 1078; x_wconf 89' lang='lat' dir='ltr'><strong>Quoniam</strong></span> <span class='ocrx_word' id='word_1_52' title='bbox 533 1012 743 1066; x_wconf 86' lang='lat' dir='ltr'><strong>defecit</strong></span> <span class='ocrx_word' id='word_1_53' title='bbox 775 1013 870 1083; x_wconf 93' lang='lat' dir='ltr'><strong>qui</strong></span> <span class='ocrx_word' id='word_1_54' title='bbox 910 1013 1275 1083; x_wconf 69' lang='lat' dir='ltr'><strong>l&#39;)l‘£i‘\’:tlt&#39;litli,</strong></span> <span class='ocrx_word' id='word_1_55' title='bbox 1306 1018 1753 1065; x_wconf 79' lang='lat' dir='ltr'><strong>Consummatus</strong></span> 
     </span>
    </p>
   </div>
   <div class='ocr_carea' id='block_1_10' title="bbox 56 1101 1756 1172">
    <p class='ocr_par' dir='ltr' id='par_1_10' title="bbox 56 1101 1756 1172">
     <span class='ocr_line' id='line_1_10' title="bbox 56 1101 1756 1172; baseline -0.001 -17"><span class='ocrx_word' id='word_1_56' title='bbox 56 1103 158 1155; x_wconf 83' lang='lat' dir='ltr'><strong>est</strong></span> <span class='ocrx_word' id='word_1_57' title='bbox 187 1101 461 1156; x_wconf 90' lang='lat' dir='ltr'><strong>illusor.»</strong></span> <span class='ocrx_word' id='word_1_58' title='bbox 486 1105 630 1156; x_wconf 86' lang='lat' dir='ltr'><strong>Ante</strong></span> <span class='ocrx_word' id='word_1_59' title='bbox 653 1104 965 1155; x_wconf 73' lang='lat' dir='ltr'><strong>adventum</strong></span> <span class='ocrx_word' id='word_1_60' title='bbox 995 1104 1398 1172; x_wconf 75' lang='lat' dir='ltr'><strong>Redemptoris</strong></span> <span class='ocrx_word' id='word_1_61' title='bbox 1433 1102 1610 1153; x_wconf 83' lang='lat' dir='ltr'><strong>nostri</strong></span> <span class='ocrx_word' id='word_1_62' title='bbox 1639 1101 1756 1153; x_wconf 79' lang='lat' dir='ltr'><strong>dia‘</strong></span> 
     </span>
    </p>
   </div>
   <div class='ocr_carea' id='block_1_11' title="bbox 58 1191 1753 1262">
    <p class='ocr_par' dir='ltr' id='par_1_11' title="bbox 58 1191 1753 1262">
     <span class='ocr_line' id='line_1_11' title="bbox 58 1191 1753 1262; baseline -0.002 -18"><span class='ocrx_word' id='word_1_63' title='bbox 58 1191 257 1247; x_wconf 90' lang='lat' dir='ltr'><strong>bolus</strong></span> <span class='ocrx_word' id='word_1_64' title='bbox 293 1191 640 1262; x_wconf 65' lang='lat' dir='ltr'><strong>praevalebat</strong></span> <span class='ocrx_word' id='word_1_65' title='bbox 669 1209 846 1262; x_wconf 93' lang='lat' dir='ltr'><strong>super</strong></span> <span class='ocrx_word' id='word_1_66' title='bbox 867 1210 1070 1244; x_wconf 80' lang='lat' dir='ltr'><strong>omnes</strong></span> <span class='ocrx_word' id='word_1_67' title='bbox 1099 1197 1322 1258; x_wconf 81' lang='lat' dir='ltr'><strong>gentes,</strong></span> <span class='ocrx_word' id='word_1_68' title='bbox 1349 1191 1483 1260; x_wconf 91' lang='lat' dir='ltr'><strong>quia</strong></span> <span class='ocrx_word' id='word_1_69' title='bbox 1511 1191 1630 1260; x_wconf 85' lang='lat' dir='ltr'><strong>ipse</strong></span> <span class='ocrx_word' id='word_1_70' title='bbox 1656 1209 1753 1241; x_wconf 86' lang='lat' dir='ltr'><strong>eas</strong></span> 
     </span>
    </p>
   </div>
   <div class='ocr_carea' id='block_1_12' title="bbox 61 1279 1756 1350">
    <p class='ocr_par' dir='ltr' id='par_1_12' title="bbox 61 1279 1756 1350">
     <span class='ocr_line' id='line_1_12' title="bbox 61 1279 1756 1350; baseline -0.002 -17"><span class='ocrx_word' id='word_1_71' title='bbox 61 1297 186 1334; x_wconf 89' lang='lat' dir='ltr'><strong>suo</strong></span> <span class='ocrx_word' id='word_1_72' title='bbox 219 1280 488 1334; x_wconf 91' lang='lat' dir='ltr'><strong>dominio</strong></span> <span class='ocrx_word' id='word_1_73' title='bbox 521 1281 866 1350; x_wconf 83' lang='lat' dir='ltr'><strong>subjugatas</strong></span> <span class='ocrx_word' id='word_1_74' title='bbox 891 1280 1098 1332; x_wconf 92' lang='lat' dir='ltr'><strong>habuit</strong></span> <span class='ocrx_word' id='word_1_75' title='bbox 1123 1297 1133 1332; x_wconf 92' lang='lat'>:</span> <span class='ocrx_word' id='word_1_76' title='bbox 1162 1281 1342 1333; x_wconf 90' lang='lat' dir='ltr'><strong>donec</strong></span> <span class='ocrx_word' id='word_1_77' title='bbox 1368 1279 1522 1332; x_wconf 70' lang='grc' dir='ltr'><strong>γιιιιίὶ</strong></span> <span class='ocrx_word' id='word_1_78' title='bbox 1557 1280 1756 1331; x_wconf 88' lang='lat' dir='ltr'><strong>fortior</strong></span> 
     </span>
    </p>
   </div>
   <div class='ocr_carea' id='block_1_13' title="bbox 60 1368 1756 1440">
    <p class='ocr_par' dir='ltr' id='par_1_13' title="bbox 60 1368 1756 1440">
     <span class='ocr_line' id='line_1_13' title="bbox 60 1368 1756 1440; baseline -0.003 -18"><span class='ocrx_word' id='word_1_79' title='bbox 60 1368 173 1422; x_wconf 87' lang='lat' dir='ltr'><strong>illo</strong></span> <span class='ocrx_word' id='word_1_80' title='bbox 208 1368 504 1423; x_wconf 85' lang='lat' dir='ltr'><strong>Dominus</strong></span> <span class='ocrx_word' id='word_1_81' title='bbox 535 1369 708 1423; x_wconf 83' lang='lat' dir='ltr'><strong>Jesus</strong></span> <span class='ocrx_word' id='word_1_82' title='bbox 730 1370 828 1440; x_wconf 92' lang='lat' dir='ltr'><strong>qui</strong></span> <span class='ocrx_word' id='word_1_83' title='bbox 865 1368 1132 1422; x_wconf 77' lang='lat' dir='ltr'><strong>universa</strong></span> <span class='ocrx_word' id='word_1_84' title='bbox 1159 1371 1287 1437; x_wconf 87' lang='lat' dir='ltr'><strong>ejus</strong></span> <span class='ocrx_word' id='word_1_85' title='bbox 1310 1369 1572 1424; x_wconf 81' lang='lat' dir='ltr'><strong>abstulit.</strong></span> <span class='ocrx_word' id='word_1_86' title='bbox 1601 1368 1756 1421; x_wconf 87' lang='lat' dir='ltr'><strong>sicut</strong></span> 
     </span>
    </p>
   </div>
   <div class='ocr_carea' id='block_1_14' title="bbox 61 1457 1756 1528">
    <p class='ocr_par' dir='ltr' id='par_1_14' title="bbox 61 1457 1756 1528">
     <span class='ocr_line' id='line_1_14' title="bbox 61 1457 1756 1528; baseline -0.001 -18"><span class='ocrx_word' id='word_1_87' title='bbox 61 1457 130 1510; x_wconf 88' lang='lat' dir='ltr'><strong>in</strong></span> <span class='ocrx_word' id='word_1_88' title='bbox 169 1457 491 1528; x_wconf 84' lang='lat' dir='ltr'><strong>Evangelio</strong></span> <span class='ocrx_word' id='word_1_89' title='bbox 516 1457 731 1528; x_wconf 86' lang='lat' dir='ltr'><strong>legitur</strong></span> <span class='ocrx_word' id='word_1_90' title='bbox 754 1474 798 1509; x_wconf 74' lang='lat' dir='ltr'><strong>:u</strong></span> <span class='ocrx_word' id='word_1_91' title='bbox 829 1475 961 1511; x_wconf 85' lang='lat' dir='ltr'><strong>cum</strong></span> <span class='ocrx_word' id='word_1_92' title='bbox 987 1463 1182 1510; x_wconf 87' lang='lat' dir='ltr'><strong>autem</strong></span> <span class='ocrx_word' id='word_1_93' title='bbox 1211 1457 1412 1509; x_wconf 82' lang='lat' dir='ltr'><strong>fortior</strong></span> <span class='ocrx_word' id='word_1_94' title='bbox 1437 1458 1532 1508; x_wconf 83' lang='lat' dir='ltr'><strong>illo</strong></span> <span class='ocrx_word' id='word_1_95' title='bbox 1559 1471 1756 1526; x_wconf 81' lang='lat' dir='ltr'><strong>super&#39;</strong></span> 
     </span>
    </p>
   </div>
   <div class='ocr_carea' id='block_1_15' title="bbox 60 1544 1757 1615">
    <p class='ocr_par' dir='ltr' id='par_1_15' title="bbox 60 1544 1757 1615">
     <span class='ocr_line' id='line_1_15' title="bbox 60 1544 1757 1615; baseline -0.001 -16"><span class='ocrx_word' id='word_1_96' title='bbox 60 1546 333 1610; x_wconf 85' lang='lat' dir='ltr'><strong>venerit,</strong></span> <span class='ocrx_word' id='word_1_97' title='bbox 359 1544 628 1600; x_wconf 89' lang='lat' dir='ltr'><strong>universa</strong></span> <span class='ocrx_word' id='word_1_98' title='bbox 658 1563 820 1599; x_wconf 89' lang='lat' dir='ltr'><strong>arma</strong></span> <span class='ocrx_word' id='word_1_99' title='bbox 845 1548 972 1614; x_wconf 88' lang='lat' dir='ltr'><strong>ejus</strong></span> <span class='ocrx_word' id='word_1_100' title='bbox 995 1547 1236 1606; x_wconf 85' lang='lat' dir='ltr'><strong>auferet,</strong></span> <span class='ocrx_word' id='word_1_101' title='bbox 1263 1549 1318 1598; x_wconf 89' lang='lat' dir='ltr'><strong>in</strong></span> <span class='ocrx_word' id='word_1_102' title='bbox 1344 1546 1559 1615; x_wconf 89' lang='lat' dir='ltr'><strong>quibus</strong></span> <span class='ocrx_word' id='word_1_103' title='bbox 1583 1548 1757 1597; x_wconf 83' lang='lat' dir='ltr'><strong>conti-</strong></span> 
     </span>
    </p>
   </div>
   <div class='ocr_carea' id='block_1_16' title="bbox 61 1635 1755 1705">
    <p class='ocr_par' dir='ltr' id='par_1_16' title="bbox 61 1635 1755 1705">
     <span class='ocr_line' id='line_1_16' title="bbox 61 1635 1755 1705; baseline -0.002 -16"><span class='ocrx_word' id='word_1_104' title='bbox 61 1636 263 1689; x_wconf 81' lang='lat' dir='ltr'><strong>debat</strong></span> <span class='ocrx_word' id='word_1_105' title='bbox 282 1636 433 1704; x_wconf 82' lang='lat' dir='ltr'><strong>(Luc.</strong></span> <span class='ocrx_word' id='word_1_106' title='bbox 453 1639 590 1702; x_wconf 70' lang='lat'><strong>1(1).»</strong></span> <span class='ocrx_word' id='word_1_107' title='bbox 618 1635 748 1690; x_wconf 89' lang='lat' dir='ltr'><strong>Ideo</strong></span> <span class='ocrx_word' id='word_1_108' title='bbox 765 1636 920 1688; x_wconf 87' lang='lat' dir='ltr'><strong>enim</strong></span> <span class='ocrx_word' id='word_1_109' title='bbox 948 1635 1462 1705; x_wconf 54' lang='lat' dir='ltr'><strong>pra‘valebat.quia</strong></span> <span class='ocrx_word' id='word_1_110' title='bbox 1487 1635 1755 1705; x_wconf 76' lang='lat' dir='ltr'><strong>princeps</strong></span> 
     </span>
    </p>
   </div>
   <div class='ocr_carea' id='block_1_17' title="bbox 64 1723 1752 1779">
    <p class='ocr_par' dir='ltr' id='par_1_17' title="bbox 64 1723 1752 1779">
     <span class='ocr_line' id='line_1_17' title="bbox 64 1723 1752 1779; baseline -0.001 -1"><span class='ocrx_word' id='word_1_111' title='bbox 64 1724 264 1779; x_wconf 78' lang='lat' dir='ltr'><strong>istius</strong></span> <span class='ocrx_word' id='word_1_112' title='bbox 287 1723 492 1778; x_wconf 89' lang='lat' dir='ltr'><strong>mundi</strong></span> <span class='ocrx_word' id='word_1_113' title='bbox 519 1723 842 1778; x_wconf 88' lang='lat' dir='ltr'><strong>erat.Sicnt</strong></span> <span class='ocrx_word' id='word_1_114' title='bbox 869 1724 1151 1777; x_wconf 76' lang='lat' dir='ltr'><strong>Dominus</strong></span> <span class='ocrx_word' id='word_1_115' title='bbox 1176 1724 1314 1777; x_wconf 89' lang='lat' dir='ltr'><strong>dixit</strong></span> <span class='ocrx_word' id='word_1_116' title='bbox 1339 1742 1387 1776; x_wconf 75' lang='lat' dir='ltr'><strong>:u</strong></span> <span class='ocrx_word' id='word_1_117' title='bbox 1409 1724 1576 1776; x_wconf 82' lang='lat' dir='ltr'><strong>Venit</strong></span> <span class='ocrx_word' id='word_1_118' title='bbox 1599 1725 1752 1777; x_wconf 83' lang='lat' dir='ltr'><strong>enim</strong></span> 
     </span>
    </p>
   </div>
   <div class='ocr_carea' id='block_1_18' title="bbox 64 1812 1752 1884">
    <p class='ocr_par' dir='ltr' id='par_1_18' title="bbox 64 1812 1752 1884">
     <span class='ocr_line' id='line_1_18' title="bbox 64 1812 1752 1884; baseline -0.001 -17"><span class='ocrx_word' id='word_1_119' title='bbox 64 1814 361 1884; x_wconf 85' lang='lat' dir='ltr'><strong>princeps</strong></span> <span class='ocrx_word' id='word_1_120' title='bbox 381 1813 587 1868; x_wconf 91' lang='lat' dir='ltr'><strong>mundi</strong></span> <span class='ocrx_word' id='word_1_121' title='bbox 609 1812 871 1882; x_wconf 85' lang='lat' dir='ltr'><strong>hujus.et</strong></span> <span class='ocrx_word' id='word_1_122' title='bbox 896 1813 953 1867; x_wconf 90' lang='lat' dir='ltr'><strong>in</strong></span> <span class='ocrx_word' id='word_1_123' title='bbox 980 1829 1071 1866; x_wconf 87' lang='lat' dir='ltr'><strong>me</strong></span> <span class='ocrx_word' id='word_1_124' title='bbox 1096 1831 1210 1866; x_wconf 89' lang='lat' dir='ltr'><strong>non</strong></span> <span class='ocrx_word' id='word_1_125' title='bbox 1234 1813 1402 1866; x_wconf 85' lang='lat' dir='ltr'><strong>habet</strong></span> <span class='ocrx_word' id='word_1_126' title='bbox 1429 1813 1752 1884; x_wconf 90' lang='lat' dir='ltr'><strong>quidquam</strong></span> 
     </span>
    </p>
   </div>
   <div class='ocr_carea' id='block_1_19' title="bbox 65 1902 1826 1993">
    <p class='ocr_par' dir='ltr' id='par_1_19' title="bbox 65 1902 1826 1993">
     <span class='ocr_line' id='line_1_19' title="bbox 65 1902 1826 1993; baseline -0.001 -36"><span class='ocrx_word' id='word_1_127' title='bbox 65 1905 266 1972; x_wconf 82' lang='lat' dir='ltr'><strong>(Joan.</strong></span> <span class='ocrx_word' id='word_1_128' title='bbox 291 1904 468 1970; x_wconf 77' lang='lat' dir='ltr'><strong>x1v).»</strong></span> <span class='ocrx_word' id='word_1_129' title='bbox 493 1903 560 1956; x_wconf 84' lang='lat' dir='ltr'><strong>Et</strong></span> <span class='ocrx_word' id='word_1_130' title='bbox 586 1918 631 1955; x_wconf 73' lang='lat' dir='ltr'><strong>:u</strong></span> <span class='ocrx_word' id='word_1_131' title='bbox 662 1903 824 1956; x_wconf 77' lang='lat' dir='ltr'><strong>Nunc</strong></span> <span class='ocrx_word' id='word_1_132' title='bbox 851 1902 1122 1972; x_wconf 85' lang='lat' dir='ltr'><strong>princeps</strong></span> <span class='ocrx_word' id='word_1_133' title='bbox 1147 1903 1348 1955; x_wconf 89' lang='lat' dir='ltr'><strong>mundi</strong></span> <span class='ocrx_word' id='word_1_134' title='bbox 1375 1902 1639 1971; x_wconf 86' lang='lat' dir='ltr'><strong>cjicictur</strong></span> <span class='ocrx_word' id='word_1_135' title='bbox 1663 1904 1748 1956; x_wconf 93' lang='lat' dir='ltr'><strong>fo-</strong></span> <span class='ocrx_word' id='word_1_136' title='bbox 1781 1930 1826 1993; x_wconf 75' lang='grc' dir='ltr'>Β</span> 
     </span>
    </p>
   </div>
   <div class='ocr_carea' id='block_1_20' title="bbox 66 1991 1747 2063">
    <p class='ocr_par' dir='ltr' id='par_1_20' title="bbox 66 1991 1747 2063">
     <span class='ocr_line' id='line_1_20' title="bbox 66 1991 1747 2063; baseline -0.002 -16"><span class='ocrx_word' id='word_1_137' title='bbox 66 2009 244 2047; x_wconf 75' lang='lat' dir='ltr'><strong>ras.»</strong></span> <span class='ocrx_word' id='word_1_138' title='bbox 266 1991 398 2063; x_wconf 84' lang='lat' dir='ltr'><strong>Ipse</strong></span> <span class='ocrx_word' id='word_1_139' title='bbox 428 1991 606 2045; x_wconf 86' lang='lat' dir='ltr'><strong>etiam</strong></span> <span class='ocrx_word' id='word_1_140' title='bbox 641 1991 969 2062; x_wconf 87' lang='lat' dir='ltr'><strong>appellatur</strong></span> <span class='ocrx_word' id='word_1_141' title='bbox 1002 1991 1340 2062; x_wconf 72' lang='grc' dir='ltr'><strong>ἱΙΙιιδυι·,‹μιί</strong></span> <span class='ocrx_word' id='word_1_142' title='bbox 1367 2009 1538 2044; x_wconf 84' lang='lat' dir='ltr'><strong>omne</strong></span> <span class='ocrx_word' id='word_1_143' title='bbox 1563 2010 1747 2061; x_wconf 77' lang='lat' dir='ltr'><strong>genus</strong></span> 
     </span>
    </p>
   </div>
   <div class='ocr_carea' id='block_1_21' title="bbox 66 2080 1744 2145">
    <p class='ocr_par' dir='ltr' id='par_1_21' title="bbox 66 2080 1744 2145">
     <span class='ocr_line' id='line_1_21' title="bbox 66 2080 1744 2145; baseline 0 -11"><span class='ocrx_word' id='word_1_144' title='bbox 66 2080 398 2135; x_wconf 83' lang='lat' dir='ltr'><strong>hominum</strong></span> <span class='ocrx_word' id='word_1_145' title='bbox 432 2080 736 2145; x_wconf 89' lang='lat' dir='ltr'><strong>illudebat,</strong></span> <span class='ocrx_word' id='word_1_146' title='bbox 772 2086 827 2134; x_wconf 92' lang='lat' dir='ltr'><strong>et</strong></span> <span class='ocrx_word' id='word_1_147' title='bbox 869 2081 1184 2134; x_wconf 84' lang='lat' dir='ltr'><strong>scducebat</strong></span> <span class='ocrx_word' id='word_1_148' title='bbox 1229 2081 1299 2134; x_wconf 88' lang='lat' dir='ltr'><strong>ad</strong></span> <span class='ocrx_word' id='word_1_149' title='bbox 1343 2098 1596 2134; x_wconf 89' lang='lat' dir='ltr'><strong>errorem</strong></span> <span class='ocrx_word' id='word_1_150' title='bbox 1632 2082 1744 2134; x_wconf 87' lang='lat' dir='ltr'><strong>sui.</strong></span> 
     </span>
    </p>
   </div>
   <div class='ocr_carea' id='block_1_22' title="bbox 69 2168 1749 2240">
    <p class='ocr_par' dir='ltr' id='par_1_22' title="bbox 69 2168 1749 2240">
     <span class='ocr_line' id='line_1_22' title="bbox 69 2168 1749 2240; baseline -0.001 -17"><span class='ocrx_word' id='word_1_151' title='bbox 69 2195 96 2217; x_wconf 87' lang='grc'><em>‹‹</em></span> <span class='ocrx_word' id='word_1_152' title='bbox 137 2169 378 2224; x_wconf 88' lang='lat' dir='ltr'><strong>Succisi</strong></span> <span class='ocrx_word' id='word_1_153' title='bbox 412 2174 554 2223; x_wconf 91' lang='lat' dir='ltr'><strong>sunt</strong></span> <span class='ocrx_word' id='word_1_154' title='bbox 576 2186 779 2223; x_wconf 89' lang='lat' dir='ltr'><strong>omnes</strong></span> <span class='ocrx_word' id='word_1_155' title='bbox 804 2168 900 2240; x_wconf 92' lang='lat' dir='ltr'><strong>qui</strong></span> <span class='ocrx_word' id='word_1_156' title='bbox 931 2169 1248 2237; x_wconf 84' lang='lat' dir='ltr'><strong>vigilabant</strong></span> <span class='ocrx_word' id='word_1_157' title='bbox 1275 2187 1449 2238; x_wconf 85' lang='lat' dir='ltr'><strong>super</strong></span> <span class='ocrx_word' id='word_1_158' title='bbox 1477 2170 1749 2239; x_wconf 88' lang='lat' dir='ltr'><strong>iniquita-</strong></span> 
     </span>
    </p>
   </div>
   <div class='ocr_carea' id='block_1_23' title="bbox 71 2255 1744 2328">
    <p class='ocr_par' dir='ltr' id='par_1_23' title="bbox 71 2255 1744 2328">
     <span class='ocr_line' id='line_1_23' title="bbox 71 2255 1744 2328; baseline -0.001 -17"><span class='ocrx_word' id='word_1_159' title='bbox 71 2262 227 2321; x_wconf 83' lang='lat' dir='ltr'><strong>tem,</strong></span> <span class='ocrx_word' id='word_1_160' title='bbox 253 2255 356 2327; x_wconf 89' lang='lat' dir='ltr'><strong>qui</strong></span> <span class='ocrx_word' id='word_1_161' title='bbox 391 2272 632 2327; x_wconf 88' lang='lat' dir='ltr'><strong>peccare</strong></span> <span class='ocrx_word' id='word_1_162' title='bbox 664 2257 952 2311; x_wconf 84' lang='lat' dir='ltr'><strong>faciebant</strong></span> <span class='ocrx_word' id='word_1_163' title='bbox 985 2257 1252 2311; x_wconf 84' lang='lat' dir='ltr'><strong>homines</strong></span> <span class='ocrx_word' id='word_1_164' title='bbox 1284 2257 1340 2311; x_wconf 94' lang='lat' dir='ltr'><strong>in</strong></span> <span class='ocrx_word' id='word_1_165' title='bbox 1373 2259 1603 2311; x_wconf 77' lang='lat' dir='ltr'><strong>verbo.»</strong></span> <span class='ocrx_word' id='word_1_166' title='bbox 1634 2259 1744 2328; x_wconf 89' lang='lat' dir='ltr'><strong>lpsi</strong></span> 
     </span>
    </p>
   </div>
   <div class='ocr_carea' id='block_1_24' title="bbox 74 2345 1748 2417">
    <p class='ocr_par' dir='ltr' id='par_1_24' title="bbox 74 2345 1748 2417">
     <span class='ocr_line' id='line_1_24' title="bbox 74 2345 1748 2417; baseline 0 -17"><span class='ocrx_word' id='word_1_167' title='bbox 74 2345 187 2416; x_wconf 91' lang='lat' dir='ltr'><strong>qui</strong></span> <span class='ocrx_word' id='word_1_168' title='bbox 220 2345 438 2399; x_wconf 86' lang='lat' dir='ltr'><strong>succisi</strong></span> <span class='ocrx_word' id='word_1_169' title='bbox 468 2349 609 2398; x_wconf 90' lang='lat' dir='ltr'><strong>sunt</strong></span> <span class='ocrx_word' id='word_1_170' title='bbox 637 2362 649 2399; x_wconf 93' lang='lat'>:</span> <span class='ocrx_word' id='word_1_171' title='bbox 675 2346 948 2416; x_wconf 84' lang='lat' dir='ltr'><strong>discipuli</strong></span> <span class='ocrx_word' id='word_1_172' title='bbox 985 2346 1266 2417; x_wconf 74' lang='lat' dir='ltr'><strong>principis</strong></span> <span class='ocrx_word' id='word_1_173' title='bbox 1299 2348 1501 2399; x_wconf 89' lang='lat' dir='ltr'><strong>mundi</strong></span> <span class='ocrx_word' id='word_1_174' title='bbox 1536 2347 1748 2400; x_wconf 88' lang='lat' dir='ltr'><strong>intelli-</strong></span> 
     </span>
    </p>
   </div>
   <div class='ocr_carea' id='block_1_25' title="bbox 76 2434 1746 2505">
    <p class='ocr_par' dir='ltr' id='par_1_25' title="bbox 76 2434 1746 2505">
     <span class='ocr_line' id='line_1_25' title="bbox 76 2434 1746 2505; baseline 0.001 -17"><span class='ocrx_word' id='word_1_175' title='bbox 76 2439 333 2505; x_wconf 81' lang='lat' dir='ltr'><strong>guntur,</strong></span> <span class='ocrx_word' id='word_1_176' title='bbox 349 2434 643 2488; x_wconf 69' lang='lat' dir='ltr'><strong>diemones</strong></span> <span class='ocrx_word' id='word_1_177' title='bbox 665 2434 1057 2505; x_wconf 87' lang='lat' dir='ltr'><strong>videlicet,qni</strong></span> <span class='ocrx_word' id='word_1_178' title='bbox 1082 2435 1401 2502; x_wconf 79' lang='lat' dir='ltr'><strong>vigilabant</strong></span> <span class='ocrx_word' id='word_1_179' title='bbox 1425 2454 1655 2505; x_wconf 68' lang='lat' dir='ltr'><strong>St‘l&#39;lllit‘l‘</strong></span> <span class='ocrx_word' id='word_1_180' title='bbox 1677 2438 1746 2490; x_wconf 92' lang='lat' dir='ltr'><strong>ad</strong></span> 
     </span>
    </p>
   </div>
   <div class='ocr_carea' id='block_1_26' title="bbox 83 2522 1751 2594">
    <p class='ocr_par' dir='ltr' id='par_1_26' title="bbox 83 2522 1751 2594">
     <span class='ocr_line' id='line_1_26' title="bbox 83 2522 1751 2594; baseline 0.001 -18"><span class='ocrx_word' id='word_1_181' title='bbox 83 2523 344 2577; x_wconf 87' lang='lat' dir='ltr'><strong>malum.</strong></span> <span class='ocrx_word' id='word_1_182' title='bbox 370 2524 535 2578; x_wconf 88' lang='lat' dir='ltr'><strong>Tunc</strong></span> <span class='ocrx_word' id='word_1_183' title='bbox 563 2522 645 2575; x_wconf 93' lang='lat' dir='ltr'><strong>illi</strong></span> <span class='ocrx_word' id='word_1_184' title='bbox 681 2523 890 2577; x_wconf 87' lang='lat' dir='ltr'><strong>succisi</strong></span> <span class='ocrx_word' id='word_1_185' title='bbox 925 2528 1061 2576; x_wconf 87' lang='lat' dir='ltr'><strong>sunt</strong></span> <span class='ocrx_word' id='word_1_186' title='bbox 1092 2523 1190 2594; x_wconf 87' lang='lat' dir='ltr'><strong>qui</strong></span> <span class='ocrx_word' id='word_1_187' title='bbox 1227 2541 1461 2592; x_wconf 84' lang='lat' dir='ltr'><strong>peccare</strong></span> <span class='ocrx_word' id='word_1_188' title='bbox 1491 2526 1751 2578; x_wconf 82' lang='lat' dir='ltr'><strong>fecerunt</strong></span> 
     </span>
    </p>
   </div>
   <div class='ocr_carea' id='block_1_27' title="bbox 84 2611 1749 2682">
    <p class='ocr_par' dir='ltr' id='par_1_27' title="bbox 84 2611 1749 2682">
     <span class='ocr_line' id='line_1_27' title="bbox 84 2611 1749 2682; baseline 0 -16"><span class='ocrx_word' id='word_1_189' title='bbox 84 2611 366 2666; x_wconf 82' lang='lat' dir='ltr'><strong>homines</strong></span> <span class='ocrx_word' id='word_1_190' title='bbox 397 2611 456 2665; x_wconf 87' lang='lat' dir='ltr'><strong>in</strong></span> <span class='ocrx_word' id='word_1_191' title='bbox 489 2612 682 2676; x_wconf 87' lang='lat' dir='ltr'><strong>verbo,</strong></span> <span class='ocrx_word' id='word_1_192' title='bbox 718 2613 826 2666; x_wconf 90' lang='lat' dir='ltr'><strong>hoc</strong></span> <span class='ocrx_word' id='word_1_193' title='bbox 855 2619 962 2677; x_wconf 88' lang='lat' dir='ltr'><strong>est,</strong></span> <span class='ocrx_word' id='word_1_194' title='bbox 997 2613 1229 2666; x_wconf 73' lang='lat' dir='ltr'><strong>Judmos</strong></span> <span class='ocrx_word' id='word_1_195' title='bbox 1257 2614 1490 2682; x_wconf 87' lang='lat' dir='ltr'><strong>quando</strong></span> <span class='ocrx_word' id='word_1_196' title='bbox 1530 2632 1749 2666; x_wconf 72' lang='lat' dir='ltr'><strong>Vt&#39;llt‘llt)</strong></span> 
     </span>
    </p>
   </div>
   <div class='ocr_carea' id='block_1_28' title="bbox 82 2699 1744 2772">
    <p class='ocr_par' dir='ltr' id='par_1_28' title="bbox 82 2699 1744 2772">
     <span class='ocr_line' id='line_1_28' title="bbox 82 2699 1744 2772; baseline 0.001 -19"><span class='ocrx_word' id='word_1_197' title='bbox 82 2699 426 2772; x_wconf 83' lang='lat' dir='ltr'><strong>iniquitatis</strong></span> <span class='ocrx_word' id='word_1_198' title='bbox 449 2699 681 2754; x_wconf 91' lang='lat' dir='ltr'><strong>illorum</strong></span> <span class='ocrx_word' id='word_1_199' title='bbox 701 2702 872 2754; x_wconf 88' lang='lat' dir='ltr'><strong>eorde</strong></span> <span class='ocrx_word' id='word_1_200' title='bbox 891 2703 1176 2755; x_wconf 63' lang='lat' dir='ltr'><strong>obcwcato</strong></span> <span class='ocrx_word' id='word_1_201' title='bbox 1194 2702 1466 2755; x_wconf 90' lang='lat' dir='ltr'><strong>dixerunt</strong></span> <span class='ocrx_word' id='word_1_202' title='bbox 1486 2703 1744 2755; x_wconf 60' lang='lat' dir='ltr'><strong>nimim):</strong></span> 
     </span>
    </p>
   </div>
   <div class='ocr_carea' id='block_1_29' title="bbox 83 2788 1750 2860">
    <p class='ocr_par' dir='ltr' id='par_1_29' title="bbox 83 2788 1750 2860">
     <span class='ocr_line' id='line_1_29' title="bbox 83 2788 1750 2860; baseline 0 -16"><span class='ocrx_word' id='word_1_203' title='bbox 83 2813 111 2837; x_wconf 88' lang='grc'><strong>‹‹</strong></span> <span class='ocrx_word' id='word_1_204' title='bbox 134 2791 204 2844; x_wconf 81' lang='lat' dir='ltr'><strong>In</strong></span> <span class='ocrx_word' id='word_1_205' title='bbox 225 2788 552 2843; x_wconf 82' lang='lat' dir='ltr'><strong>Beelzebub</strong></span> <span class='ocrx_word' id='word_1_206' title='bbox 571 2789 829 2860; x_wconf 84' lang='lat' dir='ltr'><strong>principe</strong></span> <span class='ocrx_word' id='word_1_207' title='bbox 847 2791 1266 2844; x_wconf 61' lang='lat' dir='ltr'><strong>daemoniorum</strong></span> <span class='ocrx_word' id='word_1_208' title='bbox 1287 2790 1750 2859; x_wconf 68' lang='lat' dir='ltr'><strong>leCIStIianltllllﬂ</strong></span> 
     </span>
    </p>
   </div>
   <div class='ocr_carea' id='block_1_30' title="bbox 81 2879 1752 2950">
    <p class='ocr_par' dir='ltr' id='par_1_30' title="bbox 81 2879 1752 2950">
     <span class='ocr_line' id='line_1_30' title="bbox 81 2879 1752 2950; baseline 0 -18"><span class='ocrx_word' id='word_1_209' title='bbox 81 2881 246 2946; x_wconf 87' lang='lat' dir='ltr'><strong>(Luc.</strong></span> <span class='ocrx_word' id='word_1_210' title='bbox 271 2879 408 2946; x_wconf 63' lang='lat'><strong>1(1).»</strong></span> <span class='ocrx_word' id='word_1_211' title='bbox 428 2879 498 2932; x_wconf 81' lang='lat' dir='ltr'><strong>Et</strong></span> <span class='ocrx_word' id='word_1_212' title='bbox 518 2895 568 2932; x_wconf 88' lang='lat'><strong>:«</strong></span> <span class='ocrx_word' id='word_1_213' title='bbox 586 2879 888 2950; x_wconf 84' lang='lat' dir='ltr'><strong>Crucitige,</strong></span> <span class='ocrx_word' id='word_1_214' title='bbox 908 2881 1180 2946; x_wconf 80' lang='lat' dir='ltr'><strong>erucitige</strong></span> <span class='ocrx_word' id='word_1_215' title='bbox 1203 2897 1335 2931; x_wconf 89' lang='lat' dir='ltr'><strong>eum</strong></span> <span class='ocrx_word' id='word_1_216' title='bbox 1366 2897 1416 2932; x_wconf 79' lang='lat'><strong>2»</strong></span> <span class='ocrx_word' id='word_1_217' title='bbox 1439 2886 1494 2933; x_wconf 90' lang='lat' dir='ltr'><strong>et</strong></span> <span class='ocrx_word' id='word_1_218' title='bbox 1515 2879 1627 2932; x_wconf 90' lang='lat' dir='ltr'><strong>alia</strong></span> <span class='ocrx_word' id='word_1_219' title='bbox 1650 2879 1752 2932; x_wconf 90' lang='lat' dir='ltr'><strong>hu-</strong></span> 
     </span>
    </p>
   </div>
   <div class='ocr_carea' id='block_1_31' title="bbox 77 2967 1748 3038">
    <p class='ocr_par' dir='ltr' id='par_1_31' title="bbox 77 2967 1748 3038">
     <span class='ocr_line' id='line_1_31' title="bbox 77 2967 1748 3038; baseline -0.001 -17"><span class='ocrx_word' id='word_1_220' title='bbox 77 2967 377 3038; x_wconf 80' lang='lat' dir='ltr'><strong>jusmodi.</strong></span> <span class='ocrx_word' id='word_1_221' title='bbox 405 2991 431 3014; x_wconf 86' lang='grc'><strong>‹‹</strong></span> <span class='ocrx_word' id='word_1_222' title='bbox 468 2968 539 3020; x_wconf 85' lang='lat' dir='ltr'><strong>Et</strong></span> <span class='ocrx_word' id='word_1_223' title='bbox 569 2973 908 3038; x_wconf 82' lang='lat' dir='ltr'><strong>arguentem</strong></span> <span class='ocrx_word' id='word_1_224' title='bbox 945 2969 1000 3021; x_wconf 92' lang='lat' dir='ltr'><strong>in</strong></span> <span class='ocrx_word' id='word_1_225' title='bbox 1037 2973 1202 3038; x_wconf 87' lang='lat' dir='ltr'><strong>porta</strong></span> <span class='ocrx_word' id='word_1_226' title='bbox 1233 2967 1748 3037; x_wconf 83' lang='lat' dir='ltr'><strong>supplaulabant.»</strong></span> 
     </span>
    </p>
   </div>
   <div class='ocr_carea' id='block_1_32' title="bbox 84 3055 1749 3128">
    <p class='ocr_par' dir='ltr' id='par_1_32' title="bbox 84 3055 1749 3128">
     <span class='ocr_line' id='line_1_32' title="bbox 84 3055 1749 3128; baseline -0.002 -17"><span class='ocrx_word' id='word_1_227' title='bbox 84 3057 234 3122; x_wconf 88' lang='lat' dir='ltr'><strong>Quis</strong></span> <span class='ocrx_word' id='word_1_228' title='bbox 269 3060 360 3110; x_wconf 91' lang='lat' dir='ltr'><strong>est</strong></span> <span class='ocrx_word' id='word_1_229' title='bbox 382 3055 491 3110; x_wconf 88' lang='lat' dir='ltr'><strong>iste</strong></span> <span class='ocrx_word' id='word_1_230' title='bbox 516 3055 615 3127; x_wconf 89' lang='lat' dir='ltr'><strong>qui</strong></span> <span class='ocrx_word' id='word_1_231' title='bbox 638 3056 694 3110; x_wconf 91' lang='lat' dir='ltr'><strong>in</strong></span> <span class='ocrx_word' id='word_1_232' title='bbox 723 3062 886 3128; x_wconf 88' lang='lat' dir='ltr'><strong>porta</strong></span> <span class='ocrx_word' id='word_1_233' title='bbox 910 3056 1435 3127; x_wconf 83' lang='lat' dir='ltr'><strong>supplantabatur?</strong></span> <span class='ocrx_word' id='word_1_234' title='bbox 1466 3057 1749 3110; x_wconf 81' lang='lat' dir='ltr'><strong>Dominus</strong></span> 
     </span>
    </p>
   </div>
   <div class='ocr_carea' id='block_1_33' title="bbox 84 3144 1752 3217">
    <p class='ocr_par' dir='ltr' id='par_1_33' title="bbox 84 3144 1752 3217">
     <span class='ocr_line' id='line_1_33' title="bbox 84 3144 1752 3217; baseline -0.001 -17"><span class='ocrx_word' id='word_1_235' title='bbox 84 3145 287 3212; x_wconf 84' lang='lat' dir='ltr'><strong>Jesus,</strong></span> <span class='ocrx_word' id='word_1_236' title='bbox 324 3144 411 3199; x_wconf 89' lang='lat' dir='ltr'><strong>vel</strong></span> <span class='ocrx_word' id='word_1_237' title='bbox 445 3144 622 3200; x_wconf 86' lang='lat' dir='ltr'><strong>etiam</strong></span> <span class='ocrx_word' id='word_1_238' title='bbox 655 3145 869 3216; x_wconf 82' lang='lat' dir='ltr'><strong>aliquis</strong></span> <span class='ocrx_word' id='word_1_239' title='bbox 914 3147 1328 3217; x_wconf 89' lang='lat' dir='ltr'><strong>prophetarum</strong></span> <span class='ocrx_word' id='word_1_240' title='bbox 1363 3147 1462 3216; x_wconf 92' lang='lat' dir='ltr'><strong>qui</strong></span> <span class='ocrx_word' id='word_1_241' title='bbox 1497 3145 1552 3198; x_wconf 91' lang='lat' dir='ltr'><strong>in</strong></span> <span class='ocrx_word' id='word_1_242' title='bbox 1587 3151 1752 3216; x_wconf 86' lang='lat' dir='ltr'><strong>porta</strong></span> 
     </span>
    </p>
   </div>
   <div class='ocr_carea' id='block_1_34' title="bbox 87 3234 1748 3306">
    <p class='ocr_par' dir='ltr' id='par_1_34' title="bbox 87 3234 1748 3306">
     <span class='ocr_line' id='line_1_34' title="bbox 87 3234 1748 3306; baseline 0 -17"><span class='ocrx_word' id='word_1_243' title='bbox 87 3234 490 3289; x_wconf 75' lang='lat' dir='ltr'><strong>annuntiabat</strong></span> <span class='ocrx_word' id='word_1_244' title='bbox 531 3235 764 3305; x_wconf 91' lang='lat' dir='ltr'><strong>populo,</strong></span> <span class='ocrx_word' id='word_1_245' title='bbox 797 3242 1089 3306; x_wconf 81' lang='lat' dir='ltr'><strong>quatenus</strong></span> <span class='ocrx_word' id='word_1_246' title='bbox 1129 3253 1306 3306; x_wconf 87' lang='lat' dir='ltr'><strong>agens</strong></span> <span class='ocrx_word' id='word_1_247' title='bbox 1348 3235 1748 3306; x_wconf 80' lang='lat' dir='ltr'><strong>pomitentiam</strong></span> 
     </span>
    </p>
   </div>
   <div class='ocr_carea' id='block_1_35' title="bbox 87 3296 1822 3394">
    <p class='ocr_par' dir='ltr' id='par_1_35' title="bbox 87 3296 1822 3394">
     <span class='ocr_line' id='line_1_35' title="bbox 87 3296 1822 3394; baseline -0.002 -16"><span class='ocrx_word' id='word_1_248' title='bbox 87 3326 532 3380; x_wconf 85' lang='lat' dir='ltr'><strong>converteretur</strong></span> <span class='ocrx_word' id='word_1_249' title='bbox 551 3324 621 3377; x_wconf 88' lang='lat' dir='ltr'><strong>ad</strong></span> <span class='ocrx_word' id='word_1_250' title='bbox 649 3323 778 3377; x_wconf 83' lang='lat' dir='ltr'><strong>ﬁdei</strong></span> <span class='ocrx_word' id='word_1_251' title='bbox 805 3324 1200 3394; x_wconf 89' lang='lat' dir='ltr'><strong>operationem</strong></span> <span class='ocrx_word' id='word_1_252' title='bbox 1223 3341 1234 3378; x_wconf 91' lang='lat'>:</span> <span class='ocrx_word' id='word_1_253' title='bbox 1261 3330 1454 3377; x_wconf 89' lang='lat' dir='ltr'><strong>tamen</strong></span> <span class='ocrx_word' id='word_1_254' title='bbox 1481 3341 1593 3377; x_wconf 89' lang='lat' dir='ltr'><strong>non</strong></span> <span class='ocrx_word' id='word_1_255' title='bbox 1618 3340 1750 3394; x_wconf 82' lang='lat' dir='ltr'><strong>sup-</strong></span> <span class='ocrx_word' id='word_1_256' title='bbox 1780 3296 1822 3361; x_wconf 80' lang='lat' dir='ltr'>C</span> 
     </span>
    </p>
   </div>
   <div class='ocr_carea' id='block_1_36' title="bbox 89 3411 1755 3483">
    <p class='ocr_par' dir='ltr' id='par_1_36' title="bbox 89 3411 1755 3483">
     <span class='ocr_line' id='line_1_36' title="bbox 89 3411 1755 3483; baseline 0.001 -18"><span class='ocrx_word' id='word_1_257' title='bbox 89 3412 482 3483; x_wconf 88' lang='lat' dir='ltr'><strong>plantabatur</strong></span> <span class='ocrx_word' id='word_1_258' title='bbox 512 3411 626 3474; x_wconf 89' lang='lat' dir='ltr'><strong>ille,</strong></span> <span class='ocrx_word' id='word_1_259' title='bbox 653 3411 1007 3483; x_wconf 88' lang='lat' dir='ltr'><strong>quiajustus</strong></span> <span class='ocrx_word' id='word_1_260' title='bbox 1029 3431 1095 3466; x_wconf 87' lang='lat' dir='ltr'><strong>ex</strong></span> <span class='ocrx_word' id='word_1_261' title='bbox 1129 3414 1240 3466; x_wconf 89' lang='lat' dir='ltr'><strong>tide</strong></span> <span class='ocrx_word' id='word_1_262' title='bbox 1269 3413 1464 3467; x_wconf 76' lang='lat' dir='ltr'><strong>vivens</strong></span> <span class='ocrx_word' id='word_1_263' title='bbox 1487 3413 1755 3466; x_wconf 91' lang='lat' dir='ltr'><strong>immobi-</strong></span> 
     </span>
    </p>
   </div>
   <div class='ocr_carea' id='block_1_37' title="bbox 90 3500 1753 3572">
    <p class='ocr_par' dir='ltr' id='par_1_37' title="bbox 90 3500 1753 3572">
     <span class='ocr_line' id='line_1_37' title="bbox 90 3500 1753 3572; baseline 0.001 -18"><span class='ocrx_word' id='word_1_264' title='bbox 90 3500 163 3554; x_wconf 92' lang='lat' dir='ltr'><strong>lis</strong></span> <span class='ocrx_word' id='word_1_265' title='bbox 199 3501 586 3572; x_wconf 86' lang='lat' dir='ltr'><strong>permanebat</strong></span> <span class='ocrx_word' id='word_1_266' title='bbox 621 3502 792 3567; x_wconf 76' lang='lat' dir='ltr'><strong>(Iiom.</strong></span> <span class='ocrx_word' id='word_1_267' title='bbox 821 3502 880 3572; x_wconf 91' lang='lat'><strong>1).</strong></span> <span class='ocrx_word' id='word_1_268' title='bbox 909 3524 936 3550; x_wconf 84' lang='lat'><strong>«</strong></span> <span class='ocrx_word' id='word_1_269' title='bbox 969 3503 1035 3554; x_wconf 76' lang='lat' dir='ltr'><strong>Et</strong></span> <span class='ocrx_word' id='word_1_270' title='bbox 1066 3500 1503 3555; x_wconf 88' lang='lat' dir='ltr'><strong>declinaverunt</strong></span> <span class='ocrx_word' id='word_1_271' title='bbox 1537 3503 1753 3555; x_wconf 75' lang='lat' dir='ltr'><strong>frustra</strong></span> 
     </span>
    </p>
   </div>
   <div class='ocr_carea' id='block_1_38' title="bbox 82 3589 1749 3660">
    <p class='ocr_par' dir='ltr' id='par_1_38' title="bbox 82 3589 1749 3660">
     <span class='ocr_line' id='line_1_38' title="bbox 82 3589 1749 3660; baseline 0.001 -17"><span class='ocrx_word' id='word_1_272' title='bbox 82 3591 346 3659; x_wconf 88' lang='lat' dir='ltr'><strong>justum.</strong></span> <span class='ocrx_word' id='word_1_273' title='bbox 375 3610 402 3636; x_wconf 87' lang='lat'><strong>»</strong></span> <span class='ocrx_word' id='word_1_274' title='bbox 426 3589 489 3643; x_wconf 90' lang='lat' dir='ltr'><strong>In</strong></span> <span class='ocrx_word' id='word_1_275' title='bbox 512 3589 865 3660; x_wconf 85' lang='lat' dir='ltr'><strong>quibusdam</strong></span> <span class='ocrx_word' id='word_1_276' title='bbox 888 3589 1186 3643; x_wconf 87' lang='lat' dir='ltr'><strong>codicibus</strong></span> <span class='ocrx_word' id='word_1_277' title='bbox 1218 3591 1504 3660; x_wconf 86' lang='lat' dir='ltr'><strong>reperitur</strong></span> <span class='ocrx_word' id='word_1_278' title='bbox 1527 3608 1560 3643; x_wconf 80' lang='grc' dir='ltr'><strong>(ι</strong></span> <span class='ocrx_word' id='word_1_279' title='bbox 1581 3592 1749 3660; x_wconf 80' lang='lat' dir='ltr'><strong>justo,</strong></span> 
     </span>
    </p>
   </div>
   <div class='ocr_carea' id='block_1_39' title="bbox 91 3677 1748 3749">
    <p class='ocr_par' dir='ltr' id='par_1_39' title="bbox 91 3677 1748 3749">
     <span class='ocr_line' id='line_1_39' title="bbox 91 3677 1748 3749; baseline 0 -17"><span class='ocrx_word' id='word_1_280' title='bbox 91 3680 192 3732; x_wconf 89' lang='lat' dir='ltr'><strong>sed</strong></span> <span class='ocrx_word' id='word_1_281' title='bbox 213 3680 427 3732; x_wconf 87' lang='lat' dir='ltr'><strong>beatus</strong></span> <span class='ocrx_word' id='word_1_282' title='bbox 442 3677 828 3749; x_wconf 80' lang='lat' dir='ltr'><strong>Hieronymus</strong></span> <span class='ocrx_word' id='word_1_283' title='bbox 847 3704 870 3724; x_wconf 88' lang='grc'><strong><em>‹‹</em></strong></span> <span class='ocrx_word' id='word_1_284' title='bbox 888 3680 1122 3748; x_wconf 84' lang='lat' dir='ltr'><strong>justum</strong></span> <span class='ocrx_word' id='word_1_285' title='bbox 1143 3702 1166 3724; x_wconf 94' lang='lat'><strong>»</strong></span> <span class='ocrx_word' id='word_1_286' title='bbox 1183 3680 1412 3749; x_wconf 76' lang='lat' dir='ltr'><strong>exponit</strong></span> <span class='ocrx_word' id='word_1_287' title='bbox 1430 3680 1628 3733; x_wconf 84' lang='lat' dir='ltr'><strong>dicens</strong></span> <span class='ocrx_word' id='word_1_288' title='bbox 1651 3680 1748 3732; x_wconf 91' lang='lat' dir='ltr'><strong>ita:</strong></span> 
     </span>
    </p>
   </div>
   <div class='ocr_carea' id='block_1_40' title="bbox 91 3765 1752 3836">
    <p class='ocr_par' dir='ltr' id='par_1_40' title="bbox 91 3765 1752 3836">
     <span class='ocr_line' id='line_1_40' title="bbox 91 3765 1752 3836; baseline 0 -16"><span class='ocrx_word' id='word_1_289' title='bbox 91 3770 395 3832; x_wconf 89' lang='lat' dir='ltr'><strong>Quantum</strong></span> <span class='ocrx_word' id='word_1_290' title='bbox 427 3765 484 3820; x_wconf 90' lang='lat' dir='ltr'><strong>in</strong></span> <span class='ocrx_word' id='word_1_291' title='bbox 519 3767 664 3836; x_wconf 90' lang='lat' dir='ltr'><strong>ipsis</strong></span> <span class='ocrx_word' id='word_1_292' title='bbox 685 3768 1050 3822; x_wconf 73' lang='lat' dir='ltr'><strong>dmrnonilms</strong></span> <span class='ocrx_word' id='word_1_293' title='bbox 1085 3768 1213 3831; x_wconf 83' lang='lat' dir='ltr'><strong>fuit,</strong></span> <span class='ocrx_word' id='word_1_294' title='bbox 1239 3767 1530 3821; x_wconf 83' lang='lat' dir='ltr'><strong>declinare</strong></span> <span class='ocrx_word' id='word_1_295' title='bbox 1561 3767 1752 3821; x_wconf 82' lang='lat' dir='ltr'><strong>conati</strong></span> 
     </span>
    </p>
   </div>
   <div class='ocr_carea' id='block_1_41' title="bbox 94 3856 1752 3927">
    <p class='ocr_par' dir='ltr' id='par_1_41' title="bbox 94 3856 1752 3927">
     <span class='ocr_line' id='line_1_41' title="bbox 94 3856 1752 3927; baseline 0 -17"><span class='ocrx_word' id='word_1_296' title='bbox 94 3860 236 3910; x_wconf 88' lang='lat' dir='ltr'><strong>sunt</strong></span> <span class='ocrx_word' id='word_1_297' title='bbox 258 3857 496 3925; x_wconf 87' lang='lat' dir='ltr'><strong>justum</strong></span> <span class='ocrx_word' id='word_1_298' title='bbox 530 3856 840 3925; x_wconf 87' lang='lat' dir='ltr'><strong>ajustitia,</strong></span> <span class='ocrx_word' id='word_1_299' title='bbox 872 3857 973 3910; x_wconf 91' lang='lat' dir='ltr'><strong>sed</strong></span> <span class='ocrx_word' id='word_1_300' title='bbox 1024 3857 1261 3920; x_wconf 82' lang='lat' dir='ltr'><strong>frustra,</strong></span> <span class='ocrx_word' id='word_1_301' title='bbox 1285 3856 1422 3927; x_wconf 89' lang='lat' dir='ltr'><strong>quia</strong></span> <span class='ocrx_word' id='word_1_302' title='bbox 1473 3858 1752 3910; x_wconf 88' lang='lat' dir='ltr'><strong>fundatus</strong></span> 
     </span>
    </p>
   </div>
   <div class='ocr_carea' id='block_1_42' title="bbox 91 3944 1750 4016">
    <p class='ocr_par' dir='ltr' id='par_1_42' title="bbox 91 3944 1750 4016">
     <span class='ocr_line' id='line_1_42' title="bbox 91 3944 1750 4016; baseline -0.001 -17"><span class='ocrx_word' id='word_1_303' title='bbox 91 3949 240 3999; x_wconf 86' lang='lat' dir='ltr'><strong>erat.</strong></span> <span class='ocrx_word' id='word_1_304' title='bbox 269 3945 593 3998; x_wconf 88' lang='lat' dir='ltr'><strong>Possumus</strong></span> <span class='ocrx_word' id='word_1_305' title='bbox 615 3945 790 3998; x_wconf 89' lang='lat' dir='ltr'><strong>etiam</strong></span> <span class='ocrx_word' id='word_1_306' title='bbox 814 3944 922 3999; x_wconf 91' lang='lat' dir='ltr'><strong>hoc</strong></span> <span class='ocrx_word' id='word_1_307' title='bbox 947 3946 1157 3999; x_wconf 89' lang='lat' dir='ltr'><strong>referre</strong></span> <span class='ocrx_word' id='word_1_308' title='bbox 1181 3945 1250 3998; x_wconf 87' lang='lat' dir='ltr'><strong>ad</strong></span> <span class='ocrx_word' id='word_1_309' title='bbox 1284 3946 1508 4000; x_wconf 85' lang='lat' dir='ltr'><strong>scribas</strong></span> <span class='ocrx_word' id='word_1_310' title='bbox 1532 3950 1587 3999; x_wconf 89' lang='lat' dir='ltr'><strong>et</strong></span> <span class='ocrx_word' id='word_1_311' title='bbox 1611 3946 1750 4016; x_wconf 89' lang='lat' dir='ltr'><strong>pha-</strong></span> 
     </span>
    </p>
   </div>
   <div class='ocr_carea' id='block_1_43' title="bbox 93 4033 1751 4105">
    <p class='ocr_par' dir='ltr' id='par_1_43' title="bbox 93 4033 1751 4105">
     <span class='ocr_line' id='line_1_43' title="bbox 93 4033 1751 4105; baseline -0.002 -16"><span class='ocrx_word' id='word_1_312' title='bbox 93 4034 318 4099; x_wconf 71' lang='lat' dir='ltr'><strong>riszcos,</strong></span> <span class='ocrx_word' id='word_1_313' title='bbox 345 4033 446 4103; x_wconf 88' lang='lat' dir='ltr'><strong>qui</strong></span> <span class='ocrx_word' id='word_1_314' title='bbox 477 4051 709 4105; x_wconf 85' lang='lat' dir='ltr'><strong>semper</strong></span> <span class='ocrx_word' id='word_1_315' title='bbox 729 4034 1048 4105; x_wconf 87' lang='lat' dir='ltr'><strong>vigilabant</strong></span> <span class='ocrx_word' id='word_1_316' title='bbox 1071 4036 1140 4088; x_wconf 87' lang='lat' dir='ltr'><strong>ad</strong></span> <span class='ocrx_word' id='word_1_317' title='bbox 1175 4034 1631 4104; x_wconf 87' lang='lat' dir='ltr'><strong>iniquitatem,et</strong></span> <span class='ocrx_word' id='word_1_318' title='bbox 1652 4033 1751 4104; x_wconf 85' lang='lat' dir='ltr'><strong>qui</strong></span> 
     </span>
    </p>
   </div>
   <div class='ocr_carea' id='block_1_44' title="bbox 92 4122 1752 4196">
    <p class='ocr_par' dir='ltr' id='par_1_44' title="bbox 92 4122 1752 4196">
     <span class='ocr_line' id='line_1_44' title="bbox 92 4122 1752 4196; baseline -0.002 -18"><span class='ocrx_word' id='word_1_319' title='bbox 92 4139 341 4196; x_wconf 85' lang='lat' dir='ltr'><strong>peccare</strong></span> <span class='ocrx_word' id='word_1_320' title='bbox 363 4122 653 4177; x_wconf 82' lang='lat' dir='ltr'><strong>faciebant</strong></span> <span class='ocrx_word' id='word_1_321' title='bbox 681 4122 949 4178; x_wconf 85' lang='lat' dir='ltr'><strong>homines</strong></span> <span class='ocrx_word' id='word_1_322' title='bbox 973 4123 1270 4194; x_wconf 88' lang='lat' dir='ltr'><strong>simplices</strong></span> <span class='ocrx_word' id='word_1_323' title='bbox 1293 4123 1349 4176; x_wconf 89' lang='lat' dir='ltr'><strong>in</strong></span> <span class='ocrx_word' id='word_1_324' title='bbox 1375 4123 1752 4192; x_wconf 85' lang='lat' dir='ltr'><strong>verbo,quan-</strong></span> 
     </span>
    </p>
   </div>
   <div class='ocr_carea' id='block_1_45' title="bbox 90 4210 1750 4280">
    <p class='ocr_par' dir='ltr' id='par_1_45' title="bbox 90 4210 1750 4280">
     <span class='ocr_line' id='line_1_45' title="bbox 90 4210 1750 4280; baseline -0.002 -12"><span class='ocrx_word' id='word_1_325' title='bbox 90 4215 167 4268; x_wconf 92' lang='lat' dir='ltr'><strong>do</strong></span> <span class='ocrx_word' id='word_1_326' title='bbox 190 4212 469 4268; x_wconf 86' lang='lat' dir='ltr'><strong>dicebant</strong></span> <span class='ocrx_word' id='word_1_327' title='bbox 489 4212 560 4266; x_wconf 88' lang='lat' dir='ltr'><strong>de</strong></span> <span class='ocrx_word' id='word_1_328' title='bbox 582 4212 828 4266; x_wconf 90' lang='lat' dir='ltr'><strong>Domino</strong></span> <span class='ocrx_word' id='word_1_329' title='bbox 851 4213 991 4267; x_wconf 89' lang='lat' dir='ltr'><strong>Jesu</strong></span> <span class='ocrx_word' id='word_1_330' title='bbox 1014 4212 1262 4280; x_wconf 87' lang='lat' dir='ltr'><strong>Christo,</strong></span> <span class='ocrx_word' id='word_1_331' title='bbox 1289 4229 1401 4265; x_wconf 90' lang='lat' dir='ltr'><strong>non</strong></span> <span class='ocrx_word' id='word_1_332' title='bbox 1425 4229 1550 4266; x_wconf 83' lang='lat' dir='ltr'><strong>esse</strong></span> <span class='ocrx_word' id='word_1_333' title='bbox 1585 4210 1750 4265; x_wconf 92' lang='lat' dir='ltr'><strong>illum</strong></span> 
     </span>
    </p>
   </div>
   <div class='ocr_carea' id='block_1_46' title="bbox 92 4299 1751 4373">
    <p class='ocr_par' dir='ltr' id='par_1_46' title="bbox 92 4299 1751 4373">
     <span class='ocr_line' id='line_1_46' title="bbox 92 4299 1751 4373; baseline -0.002 -18"><span class='ocrx_word' id='word_1_334' title='bbox 92 4302 197 4373; x_wconf 86' lang='lat' dir='ltr'><strong>qui</strong></span> <span class='ocrx_word' id='word_1_335' title='bbox 256 4300 587 4372; x_wconf 87' lang='lat' dir='ltr'><strong>promissus</strong></span> <span class='ocrx_word' id='word_1_336' title='bbox 629 4305 754 4354; x_wconf 88' lang='lat' dir='ltr'><strong>erat</strong></span> <span class='ocrx_word' id='word_1_337' title='bbox 785 4300 842 4354; x_wconf 91' lang='lat' dir='ltr'><strong>in</strong></span> <span class='ocrx_word' id='word_1_338' title='bbox 876 4300 999 4371; x_wconf 86' lang='lat' dir='ltr'><strong>lege</strong></span> <span class='ocrx_word' id='word_1_339' title='bbox 1031 4305 1087 4355; x_wconf 88' lang='lat' dir='ltr'><strong>et</strong></span> <span class='ocrx_word' id='word_1_340' title='bbox 1113 4301 1434 4372; x_wconf 85' lang='lat' dir='ltr'><strong>prophetis.</strong></span> <span class='ocrx_word' id='word_1_341' title='bbox 1459 4301 1604 4353; x_wconf 88' lang='lat' dir='ltr'><strong>Nam</strong></span> <span class='ocrx_word' id='word_1_342' title='bbox 1667 4299 1751 4353; x_wconf 92' lang='lat' dir='ltr'><strong>illi</strong></span> 
     </span>
    </p>
   </div>
   <div class='ocr_carea' id='block_1_47' title="bbox 91 4389 1753 4461">
    <p class='ocr_par' dir='ltr' id='par_1_47' title="bbox 91 4389 1753 4461">
     <span class='ocr_line' id='line_1_47' title="bbox 91 4389 1753 4461; baseline -0.002 -16"><span class='ocrx_word' id='word_1_343' title='bbox 91 4406 236 4446; x_wconf 88' lang='lat' dir='ltr'><strong>eum</strong></span> <span class='ocrx_word' id='word_1_344' title='bbox 259 4389 625 4444; x_wconf 88' lang='lat' dir='ltr'><strong>conabantur</strong></span> <span class='ocrx_word' id='word_1_345' title='bbox 645 4389 1042 4461; x_wconf 86' lang='lat' dir='ltr'><strong>supplantare,</strong></span> <span class='ocrx_word' id='word_1_346' title='bbox 1059 4391 1294 4460; x_wconf 86' lang='lat' dir='ltr'><strong>quando</strong></span> <span class='ocrx_word' id='word_1_347' title='bbox 1315 4389 1625 4444; x_wconf 88' lang='lat' dir='ltr'><strong>consilium</strong></span> <span class='ocrx_word' id='word_1_348' title='bbox 1651 4389 1753 4442; x_wconf 91' lang='lat' dir='ltr'><strong>ini-</strong></span> 
     </span>
    </p>
   </div>
   <div class='ocr_carea' id='block_1_48' title="bbox 91 4477 1748 4549">
    <p class='ocr_par' dir='ltr' id='par_1_48' title="bbox 91 4477 1748 4549">
     <span class='ocr_line' id='line_1_48' title="bbox 91 4477 1748 4549; baseline -0.001 -15"><span class='ocrx_word' id='word_1_349' title='bbox 91 4481 245 4534; x_wconf 84' lang='lat' dir='ltr'><strong>bant</strong></span> <span class='ocrx_word' id='word_1_350' title='bbox 266 4477 520 4549; x_wconf 86' lang='lat' dir='ltr'><strong>qualiter</strong></span> <span class='ocrx_word' id='word_1_351' title='bbox 543 4483 817 4549; x_wconf 89' lang='lat' dir='ltr'><strong>caperent</strong></span> <span class='ocrx_word' id='word_1_352' title='bbox 838 4496 972 4532; x_wconf 88' lang='lat' dir='ltr'><strong>cum</strong></span> <span class='ocrx_word' id='word_1_353' title='bbox 996 4479 1055 4533; x_wconf 93' lang='lat' dir='ltr'><strong>in</strong></span> <span class='ocrx_word' id='word_1_354' title='bbox 1078 4495 1346 4534; x_wconf 89' lang='lat' dir='ltr'><strong>sermone</strong></span> <span class='ocrx_word' id='word_1_355' title='bbox 1362 4478 1565 4547; x_wconf 75' lang='lat' dir='ltr'><strong>(Matth.</strong></span> <span class='ocrx_word' id='word_1_356' title='bbox 1591 4482 1748 4545; x_wconf 79' lang='lat' dir='ltr'><strong>xxii).</strong></span> 
     </span>
    </p>
   </div>
   <div class='ocr_carea' id='block_1_49' title="bbox 92 4567 1754 4638">
    <p class='ocr_par' dir='ltr' id='par_1_49' title="bbox 92 4567 1754 4638">
     <span class='ocr_line' id='line_1_49' title="bbox 92 4567 1754 4638; baseline -0.002 -15"><span class='ocrx_word' id='word_1_357' title='bbox 92 4567 248 4623; x_wconf 79' lang='lat' dir='ltr'><strong>Huic</strong></span> <span class='ocrx_word' id='word_1_358' title='bbox 272 4583 408 4622; x_wconf 89' lang='lat' dir='ltr'><strong>vero</strong></span> <span class='ocrx_word' id='word_1_359' title='bbox 432 4567 631 4622; x_wconf 88' lang='lat' dir='ltr'><strong>sensui</strong></span> <span class='ocrx_word' id='word_1_360' title='bbox 653 4568 923 4638; x_wconf 85' lang='lat' dir='ltr'><strong>congruit</strong></span> <span class='ocrx_word' id='word_1_361' title='bbox 944 4572 1282 4638; x_wconf 88' lang='lat' dir='ltr'><strong>utrumque,</strong></span> <span class='ocrx_word' id='word_1_362' title='bbox 1303 4592 1328 4613; x_wconf 93' lang='grc'><strong>‹‹</strong></span> <span class='ocrx_word' id='word_1_363' title='bbox 1357 4572 1413 4621; x_wconf 89' lang='lat' dir='ltr'><strong>et</strong></span> <span class='ocrx_word' id='word_1_364' title='bbox 1436 4567 1754 4622; x_wconf 87' lang='lat' dir='ltr'><strong>declinave-</strong></span> 
     </span>
    </p>
   </div>
   <div class='ocr_carea' id='block_1_50' title="bbox 1867 656 3515 728">
    <p class='ocr_par' dir='ltr' id='par_1_50' title="bbox 1867 656 3515 728">
     <span class='ocr_line' id='line_1_50' title="bbox 1867 656 3515 728; baseline 0.007 -22"><span class='ocrx_word' id='word_1_365' title='bbox 1867 672 1932 706; x_wconf 83' lang='lat' dir='ltr'><strong>ur</strong></span> <span class='ocrx_word' id='word_1_366' title='bbox 1954 656 2282 724; x_wconf 81' lang='lat' dir='ltr'><strong>appellatur</strong></span> <span class='ocrx_word' id='word_1_367' title='bbox 2301 675 2311 710; x_wconf 89' lang='lat'>:</span> <span class='ocrx_word' id='word_1_368' title='bbox 2333 676 2396 709; x_wconf 88' lang='lat' dir='ltr'><strong>eo</strong></span> <span class='ocrx_word' id='word_1_369' title='bbox 2417 660 2568 728; x_wconf 90' lang='lat' dir='ltr'><strong>quod</strong></span> <span class='ocrx_word' id='word_1_370' title='bbox 2597 659 2813 713; x_wconf 75' lang='lat' dir='ltr'><strong>nollent.</strong></span> <span class='ocrx_word' id='word_1_371' title='bbox 2833 661 3017 714; x_wconf 87' lang='lat' dir='ltr'><strong>colere</strong></span> <span class='ocrx_word' id='word_1_372' title='bbox 3038 661 3223 716; x_wconf 81' lang='lat' dir='ltr'><strong>IIIltlI].</strong></span> <span class='ocrx_word' id='word_1_373' title='bbox 3247 664 3515 719; x_wconf 87' lang='lat' dir='ltr'><strong>Mortuus</strong></span> 
     </span>
    </p>
   </div>
   <div class='ocr_carea' id='block_1_51' title="bbox 1863 747 3516 821">
    <p class='ocr_par' dir='ltr' id='par_1_51' title="bbox 1863 747 3516 821">
     <span class='ocr_line' id='line_1_51' title="bbox 1863 747 3516 821; baseline 0.007 -25"><span class='ocrx_word' id='word_1_374' title='bbox 1863 751 1954 797; x_wconf 84' lang='lat' dir='ltr'><strong>est</strong></span> <span class='ocrx_word' id='word_1_375' title='bbox 1987 751 2178 797; x_wconf 76' lang='lat' dir='ltr'><strong>autem</strong></span> <span class='ocrx_word' id='word_1_376' title='bbox 2217 747 2292 798; x_wconf 91' lang='lat' dir='ltr'><strong>ibi</strong></span> <span class='ocrx_word' id='word_1_377' title='bbox 2328 749 2477 800; x_wconf 74' lang='lat' dir='ltr'><strong>Aran</strong></span> <span class='ocrx_word' id='word_1_378' title='bbox 2525 755 2658 802; x_wconf 87' lang='lat' dir='ltr'><strong>ante</strong></span> <span class='ocrx_word' id='word_1_379' title='bbox 2703 750 2932 803; x_wconf 84' lang='lat' dir='ltr'><strong>&#39;l‘haran</strong></span> <span class='ocrx_word' id='word_1_380' title='bbox 2971 755 3193 821; x_wconf 86' lang='lat' dir='ltr'><strong>patrem</strong></span> <span class='ocrx_word' id='word_1_381' title='bbox 3226 769 3423 818; x_wconf 92' lang='lat' dir='ltr'><strong>suum,</strong></span> <span class='ocrx_word' id='word_1_382' title='bbox 3458 758 3516 807; x_wconf 89' lang='lat' dir='ltr'><strong>et</strong></span> 
     </span>
    </p>
   </div>
   <div class='ocr_carea' id='block_1_52' title="bbox 1865 834 3515 907">
    <p class='ocr_par' dir='ltr' id='par_1_52' title="bbox 1865 834 3515 907">
     <span class='ocr_line' id='line_1_52' title="bbox 1865 834 3515 907; baseline 0.007 -22"><span class='ocrx_word' id='word_1_383' title='bbox 1865 834 2154 886; x_wconf 76' lang='lat' dir='ltr'><strong>Abraham</strong></span> <span class='ocrx_word' id='word_1_384' title='bbox 2191 835 2404 889; x_wconf 66' lang='lat' dir='ltr'><strong>illmsus</strong></span> <span class='ocrx_word' id='word_1_385' title='bbox 2437 837 2606 890; x_wconf 72' lang='lat' dir='ltr'><strong>exivit</strong></span> <span class='ocrx_word' id='word_1_386' title='bbox 2633 839 2704 891; x_wconf 88' lang='lat' dir='ltr'><strong>ab</strong></span> <span class='ocrx_word' id='word_1_387' title='bbox 2728 856 2792 891; x_wconf 83' lang='lat' dir='ltr'><strong>eo</strong></span> <span class='ocrx_word' id='word_1_388' title='bbox 2816 841 2966 904; x_wconf 73' lang='lat' dir='ltr'><strong>(Gen.</strong></span> <span class='ocrx_word' id='word_1_389' title='bbox 2989 845 3086 907; x_wconf 85' lang='lat' dir='ltr'><strong>x1).</strong></span> <span class='ocrx_word' id='word_1_390' title='bbox 3111 841 3270 895; x_wconf 87' lang='lat' dir='ltr'><strong>Unde</strong></span> <span class='ocrx_word' id='word_1_391' title='bbox 3292 848 3349 896; x_wconf 87' lang='lat' dir='ltr'><strong>et</strong></span> <span class='ocrx_word' id='word_1_392' title='bbox 3372 842 3515 897; x_wconf 86' lang='lat' dir='ltr'><strong>dicit</strong></span> 
     </span>
    </p>
   </div>
   <div class='ocr_carea' id='block_1_53' title="bbox 1864 922 3510 999">
    <p class='ocr_par' dir='ltr' id='par_1_53' title="bbox 1864 922 3510 999">
     <span class='ocr_line' id='line_1_53' title="bbox 1864 922 3510 999; baseline 0.007 -25"><span class='ocrx_word' id='word_1_393' title='bbox 1864 922 1910 974; x_wconf 82' lang='lat' dir='ltr'><strong>ei</strong></span> <span class='ocrx_word' id='word_1_394' title='bbox 1941 923 2220 977; x_wconf 90' lang='lat' dir='ltr'><strong>Dominus</strong></span> <span class='ocrx_word' id='word_1_395' title='bbox 2247 942 2289 976; x_wconf 73' lang='grc' dir='ltr'><strong>εει</strong></span> <span class='ocrx_word' id='word_1_396' title='bbox 2331 926 2442 992; x_wconf 71' lang='lat' dir='ltr'><strong>Ego</strong></span> <span class='ocrx_word' id='word_1_397' title='bbox 2477 927 2627 979; x_wconf 83' lang='lat' dir='ltr'><strong>Deus</strong></span> <span class='ocrx_word' id='word_1_398' title='bbox 2654 928 2750 999; x_wconf 92' lang='lat' dir='ltr'><strong>qui</strong></span> <span class='ocrx_word' id='word_1_399' title='bbox 2788 929 2956 982; x_wconf 85' lang='lat' dir='ltr'><strong>eduxi</strong></span> <span class='ocrx_word' id='word_1_400' title='bbox 2990 934 3042 984; x_wconf 89' lang='lat' dir='ltr'><strong>te</strong></span> <span class='ocrx_word' id='word_1_401' title='bbox 3075 931 3143 984; x_wconf 90' lang='lat' dir='ltr'><strong>de</strong></span> <span class='ocrx_word' id='word_1_402' title='bbox 3177 932 3317 985; x_wconf 87' lang='lat' dir='ltr'><strong>urbe</strong></span> <span class='ocrx_word' id='word_1_403' title='bbox 3339 932 3510 986; x_wconf 80' lang='lat' dir='ltr'><strong>Chal-</strong></span> 
     </span>
    </p>
   </div>
   <div class='ocr_carea' id='block_1_54' title="bbox 1864 1011 3511 1090">
    <p class='ocr_par' dir='ltr' id='par_1_54' title="bbox 1864 1011 3511 1090">
     <span class='ocr_line' id='line_1_54' title="bbox 1864 1011 3511 1090; baseline 0.009 -29"><span class='ocrx_word' id='word_1_404' title='bbox 1864 1011 2140 1066; x_wconf 68' lang='lat' dir='ltr'><strong>damrum.</strong></span> <span class='ocrx_word' id='word_1_405' title='bbox 2157 1037 2180 1060; x_wconf 92' lang='lat'><strong>»</strong></span> <span class='ocrx_word' id='word_1_406' title='bbox 2203 1037 2226 1060; x_wconf 91' lang='grc'><strong>‹‹</strong></span> <span class='ocrx_word' id='word_1_407' title='bbox 2253 1014 2370 1066; x_wconf 73' lang='lat' dir='ltr'><strong>Non</strong></span> <span class='ocrx_word' id='word_1_408' title='bbox 2397 1017 2565 1068; x_wconf 85' lang='lat' dir='ltr'><strong>modo</strong></span> <span class='ocrx_word' id='word_1_409' title='bbox 2584 1019 3188 1090; x_wconf 71' lang='lat' dir='ltr'><strong>confundeturJacob,</strong></span> <span class='ocrx_word' id='word_1_410' title='bbox 3207 1038 3316 1074; x_wconf 92' lang='lat' dir='ltr'><strong>non</strong></span> <span class='ocrx_word' id='word_1_411' title='bbox 3338 1023 3511 1076; x_wconf 88' lang='lat' dir='ltr'><strong>modo</strong></span> 
     </span>
    </p>
   </div>
   <div class='ocr_carea' id='block_1_55' title="bbox 1865 1100 3510 1167">
    <p class='ocr_par' dir='ltr' id='par_1_55' title="bbox 1865 1100 3510 1167">
     <span class='ocr_line' id='line_1_55' title="bbox 1865 1100 3510 1167; baseline 0.008 -17"><span class='ocrx_word' id='word_1_412' title='bbox 1865 1100 2059 1152; x_wconf 79' lang='lat' dir='ltr'><strong>vultus</strong></span> <span class='ocrx_word' id='word_1_413' title='bbox 2091 1102 2217 1167; x_wconf 85' lang='lat' dir='ltr'><strong>ejus</strong></span> <span class='ocrx_word' id='word_1_414' title='bbox 2263 1105 2562 1156; x_wconf 81' lang='lat' dir='ltr'><strong>erubescet</strong></span> <span class='ocrx_word' id='word_1_415' title='bbox 2598 1122 2609 1157; x_wconf 91' lang='lat'><strong>:</strong></span> <span class='ocrx_word' id='word_1_416' title='bbox 2647 1107 2744 1159; x_wconf 86' lang='lat' dir='ltr'><strong>sed</strong></span> <span class='ocrx_word' id='word_1_417' title='bbox 2788 1125 2919 1160; x_wconf 86' lang='lat' dir='ltr'><strong>cum</strong></span> <span class='ocrx_word' id='word_1_418' title='bbox 2954 1109 3161 1163; x_wconf 82' lang='lat' dir='ltr'><strong>viderit</strong></span> <span class='ocrx_word' id='word_1_419' title='bbox 3194 1109 3340 1162; x_wconf 82' lang='lat' dir='ltr'><strong>ﬁlios</strong></span> <span class='ocrx_word' id='word_1_420' title='bbox 3372 1128 3510 1165; x_wconf 87' lang='lat' dir='ltr'><strong>suos</strong></span> 
     </span>
    </p>
   </div>
   <div class='ocr_carea' id='block_1_56' title="bbox 1866 1195 3511 1257">
    <p class='ocr_par' dir='ltr' id='par_1_56' title="bbox 1866 1195 3511 1257">
     <span class='ocr_line' id='line_1_56' title="bbox 1866 1195 3511 1257; baseline 0.009 -19"><span class='ocrx_word' id='word_1_421' title='bbox 1866 1207 2034 1257; x_wconf 80' lang='lat' dir='ltr'><strong>opera</strong></span> <span class='ocrx_word' id='word_1_422' title='bbox 2072 1207 2352 1244; x_wconf 88' lang='lat' dir='ltr'><strong>manuum</strong></span> <span class='ocrx_word' id='word_1_423' title='bbox 2386 1211 2642 1246; x_wconf 68' lang='lat' dir='ltr'><strong>Illi‘ilf‘lllll</strong></span> <span class='ocrx_word' id='word_1_424' title='bbox 2673 1195 2724 1246; x_wconf 93' lang='lat' dir='ltr'><strong>in</strong></span> <span class='ocrx_word' id='word_1_425' title='bbox 2754 1197 2942 1249; x_wconf 89' lang='lat' dir='ltr'><strong>medio</strong></span> <span class='ocrx_word' id='word_1_426' title='bbox 2967 1198 3054 1250; x_wconf 89' lang='lat' dir='ltr'><strong>sui</strong></span> <span class='ocrx_word' id='word_1_427' title='bbox 3081 1199 3511 1254; x_wconf 84' lang='lat' dir='ltr'><strong>sanctiticantcs</strong></span> 
     </span>
    </p>
   </div>
   <div class='ocr_carea' id='block_1_57' title="bbox 1869 1282 3514 1359">
    <p class='ocr_par' dir='ltr' id='par_1_57' title="bbox 1869 1282 3514 1359">
     <span class='ocr_line' id='line_1_57' title="bbox 1869 1282 3514 1359; baseline 0.009 -31"><span class='ocrx_word' id='word_1_428' title='bbox 1869 1295 2076 1329; x_wconf 79' lang='lat' dir='ltr'><strong>nomen</strong></span> <span class='ocrx_word' id='word_1_429' title='bbox 2115 1297 2367 1333; x_wconf 78' lang='lat' dir='ltr'><strong>meum.»</strong></span> <span class='ocrx_word' id='word_1_430' title='bbox 2399 1282 2678 1350; x_wconf 80' lang='lat' dir='ltr'><strong>Loquitur</strong></span> <span class='ocrx_word' id='word_1_431' title='bbox 2703 1283 2984 1337; x_wconf 78' lang='lat' dir='ltr'><strong>Dominus</strong></span> <span class='ocrx_word' id='word_1_432' title='bbox 3016 1287 3386 1356; x_wconf 91' lang='lat' dir='ltr'><strong>omnipotens</strong></span> <span class='ocrx_word' id='word_1_433' title='bbox 3413 1305 3514 1359; x_wconf 86' lang='lat' dir='ltr'><strong>per</strong></span> 
     </span>
    </p>
   </div>
   <div class='ocr_carea' id='block_1_58' title="bbox 1869 1365 3515 1443">
    <p class='ocr_par' dir='ltr' id='par_1_58' title="bbox 1869 1365 3515 1443">
     <span class='ocr_line' id='line_1_58' title="bbox 1869 1365 3515 1443; baseline 0.007 -24"><span class='ocrx_word' id='word_1_434' title='bbox 1869 1365 2076 1419; x_wconf 87' lang='lat' dir='ltr'><strong>Isaiam</strong></span> <span class='ocrx_word' id='word_1_435' title='bbox 2113 1369 2475 1437; x_wconf 71' lang='lat' dir='ltr'><strong>priqilu-tam,</strong></span> <span class='ocrx_word' id='word_1_436' title='bbox 2504 1375 2552 1422; x_wconf 85' lang='lat' dir='ltr'><strong>et</strong></span> <span class='ocrx_word' id='word_1_437' title='bbox 2580 1370 2756 1424; x_wconf 84' lang='lat' dir='ltr'><strong>dicit:</strong></span> <span class='ocrx_word' id='word_1_438' title='bbox 2783 1373 2906 1427; x_wconf 80' lang='lat' dir='ltr'><strong>Non</strong></span> <span class='ocrx_word' id='word_1_439' title='bbox 2936 1375 3106 1428; x_wconf 87' lang='lat' dir='ltr'><strong>modo</strong></span> <span class='ocrx_word' id='word_1_440' title='bbox 3139 1376 3265 1443; x_wconf 87' lang='lat' dir='ltr'><strong>hoc,</strong></span> <span class='ocrx_word' id='word_1_441' title='bbox 3291 1377 3398 1430; x_wconf 83' lang='lat' dir='ltr'><strong>hoc</strong></span> <span class='ocrx_word' id='word_1_442' title='bbox 3427 1382 3515 1431; x_wconf 79' lang='lat' dir='ltr'><strong>est</strong></span> 
     </span>
    </p>
   </div>
   <div class='ocr_carea' id='block_1_59' title="bbox 1869 1454 3515 1526">
    <p class='ocr_par' dir='ltr' id='par_1_59' title="bbox 1869 1454 3515 1526">
     <span class='ocr_line' id='line_1_59' title="bbox 1869 1454 3515 1526; baseline 0.009 -19"><span class='ocrx_word' id='word_1_443' title='bbox 1869 1454 1977 1507; x_wconf 89' lang='lat' dir='ltr'><strong>isto</strong></span> <span class='ocrx_word' id='word_1_444' title='bbox 2003 1455 2057 1508; x_wconf 90' lang='lat' dir='ltr'><strong>in</strong></span> <span class='ocrx_word' id='word_1_445' title='bbox 2093 1461 2369 1525; x_wconf 86' lang='lat' dir='ltr'><strong>tempore,</strong></span> <span class='ocrx_word' id='word_1_446' title='bbox 2397 1460 2690 1512; x_wconf 82' lang='lat' dir='ltr'><strong>erubescet</strong></span> <span class='ocrx_word' id='word_1_447' title='bbox 2725 1461 2924 1526; x_wconf 82' lang='lat' dir='ltr'><strong>Jacob,</strong></span> <span class='ocrx_word' id='word_1_448' title='bbox 2951 1463 3004 1516; x_wconf 93' lang='lat' dir='ltr'><strong>id</strong></span> <span class='ocrx_word' id='word_1_449' title='bbox 3037 1469 3125 1517; x_wconf 87' lang='lat' dir='ltr'><strong>est</strong></span> <span class='ocrx_word' id='word_1_450' title='bbox 3155 1468 3515 1521; x_wconf 81' lang='lat' dir='ltr'><strong>verecunda-</strong></span> 
     </span>
    </p>
   </div>
   <div class='ocr_carea' id='block_1_60' title="bbox 1868 1543 3514 1620">
    <p class='ocr_par' dir='ltr' id='par_1_60' title="bbox 1868 1543 3514 1620">
     <span class='ocr_line' id='line_1_60' title="bbox 1868 1543 3514 1620; baseline 0.01 -26"><span class='ocrx_word' id='word_1_451' title='bbox 1868 1543 2045 1600; x_wconf 88' lang='lat' dir='ltr'><strong>bitur.</strong></span> <span class='ocrx_word' id='word_1_452' title='bbox 2071 1550 2124 1596; x_wconf 89' lang='lat' dir='ltr'><strong>et</strong></span> <span class='ocrx_word' id='word_1_453' title='bbox 2156 1546 2372 1599; x_wconf 76' lang='lat' dir='ltr'><strong>dolebit</strong></span> <span class='ocrx_word' id='word_1_454' title='bbox 2418 1565 2594 1617; x_wconf 85' lang='lat' dir='ltr'><strong>super</strong></span> <span class='ocrx_word' id='word_1_455' title='bbox 2641 1548 2978 1620; x_wconf 90' lang='lat' dir='ltr'><strong>iniquitates</strong></span> <span class='ocrx_word' id='word_1_456' title='bbox 3027 1571 3165 1607; x_wconf 89' lang='lat' dir='ltr'><strong>suas</strong></span> <span class='ocrx_word' id='word_1_457' title='bbox 3192 1571 3202 1608; x_wconf 93' lang='lat'>:</span> <span class='ocrx_word' id='word_1_458' title='bbox 3232 1556 3330 1608; x_wconf 90' lang='lat' dir='ltr'><strong>sed</strong></span> <span class='ocrx_word' id='word_1_459' title='bbox 3382 1573 3514 1610; x_wconf 90' lang='lat' dir='ltr'><strong>cum</strong></span> 
     </span>
    </p>
   </div>
   <div class='ocr_carea' id='block_1_61' title="bbox 1869 1631 3513 1712">
    <p class='ocr_par' dir='ltr' id='par_1_61' title="bbox 1869 1631 3513 1712">
     <span class='ocr_line' id='line_1_61' title="bbox 1869 1631 3513 1712; baseline 0.01 -29"><span class='ocrx_word' id='word_1_460' title='bbox 1869 1631 2018 1685; x_wconf 80' lang='lat' dir='ltr'><strong>filios</strong></span> <span class='ocrx_word' id='word_1_461' title='bbox 2051 1652 2211 1701; x_wconf 86' lang='lat' dir='ltr'><strong>suos,</strong></span> <span class='ocrx_word' id='word_1_462' title='bbox 2240 1637 2534 1704; x_wconf 84' lang='lat' dir='ltr'><strong>apostolos</strong></span> <span class='ocrx_word' id='word_1_463' title='bbox 2565 1639 2788 1692; x_wconf 87' lang='lat' dir='ltr'><strong>scilicet</strong></span> <span class='ocrx_word' id='word_1_464' title='bbox 2819 1658 2999 1703; x_wconf 87' lang='lat' dir='ltr'><strong>meos,</strong></span> <span class='ocrx_word' id='word_1_465' title='bbox 3024 1659 3200 1712; x_wconf 90' lang='lat' dir='ltr'><strong>opera</strong></span> <span class='ocrx_word' id='word_1_466' title='bbox 3232 1661 3513 1700; x_wconf 88' lang='lat' dir='ltr'><strong>manuum</strong></span> 
     </span>
    </p>
   </div>
   <div class='ocr_carea' id='block_1_62' title="bbox 1867 1727 3510 1798">
    <p class='ocr_par' dir='ltr' id='par_1_62' title="bbox 1867 1727 3510 1798">
     <span class='ocr_line' id='line_1_62' title="bbox 1867 1727 3510 1798; baseline 0.008 -25"><span class='ocrx_word' id='word_1_467' title='bbox 1867 1738 2324 1793; x_wconf 84' lang='lat' dir='ltr'><strong>mearum,q1.1os</strong></span> <span class='ocrx_word' id='word_1_468' title='bbox 2357 1742 2460 1792; x_wconf 82' lang='lat' dir='ltr'><strong>ego</strong></span> <span class='ocrx_word' id='word_1_469' title='bbox 2509 1727 2693 1779; x_wconf 81' lang='lat' dir='ltr'><strong>creavi</strong></span> <span class='ocrx_word' id='word_1_470' title='bbox 2755 1733 2811 1780; x_wconf 84' lang='lat' dir='ltr'><strong>et.</strong></span> <span class='ocrx_word' id='word_1_471' title='bbox 2870 1729 3235 1798; x_wconf 84' lang='lat' dir='ltr'><strong>rcparavi,et</strong></span> <span class='ocrx_word' id='word_1_472' title='bbox 3291 1733 3510 1787; x_wconf 86' lang='lat' dir='ltr'><strong>erudivi</strong></span> 
     </span>
    </p>
   </div>
   <div class='ocr_carea' id='block_1_63' title="bbox 1867 1809 3515 1881">
    <p class='ocr_par' dir='ltr' id='par_1_63' title="bbox 1867 1809 3515 1881">
     <span class='ocr_line' id='line_1_63' title="bbox 1867 1809 3515 1881; baseline 0.01 -21"><span class='ocrx_word' id='word_1_473' title='bbox 1867 1809 2106 1862; x_wconf 83' lang='lat' dir='ltr'><strong>scientia</strong></span> <span class='ocrx_word' id='word_1_474' title='bbox 2130 1811 2417 1881; x_wconf 85' lang='lat' dir='ltr'><strong>spirituali</strong></span> <span class='ocrx_word' id='word_1_475' title='bbox 2442 1831 2453 1866; x_wconf 91' lang='lat'>:</span> <span class='ocrx_word' id='word_1_476' title='bbox 2478 1815 2532 1866; x_wconf 93' lang='lat' dir='ltr'><strong>in</strong></span> <span class='ocrx_word' id='word_1_477' title='bbox 2560 1814 2748 1868; x_wconf 86' lang='lat' dir='ltr'><strong>medio</strong></span> <span class='ocrx_word' id='word_1_478' title='bbox 2772 1817 2860 1869; x_wconf 88' lang='lat' dir='ltr'><strong>sui</strong></span> <span class='ocrx_word' id='word_1_479' title='bbox 2880 1818 3128 1872; x_wconf 88' lang='lat' dir='ltr'><strong>viderint</strong></span> <span class='ocrx_word' id='word_1_480' title='bbox 3151 1822 3515 1876; x_wconf 85' lang='lat' dir='ltr'><strong>sanctifican-</strong></span> 
     </span>
    </p>
   </div>
   <div class='ocr_carea' id='block_1_64' title="bbox 1868 1903 3513 1973">
    <p class='ocr_par' dir='ltr' id='par_1_64' title="bbox 1868 1903 3513 1973">
     <span class='ocr_line' id='line_1_64' title="bbox 1868 1903 3513 1973; baseline 0.01 -24"><span class='ocrx_word' id='word_1_481' title='bbox 1868 1903 1953 1950; x_wconf 84' lang='lat' dir='ltr'><strong>tcs</strong></span> <span class='ocrx_word' id='word_1_482' title='bbox 1988 1916 2196 1953; x_wconf 80' lang='lat' dir='ltr'><strong>nomen</strong></span> <span class='ocrx_word' id='word_1_483' title='bbox 2232 1919 2447 1955; x_wconf 87' lang='lat' dir='ltr'><strong>meum.</strong></span> <span class='ocrx_word' id='word_1_484' title='bbox 2477 1903 2788 1973; x_wconf 84' lang='lat' dir='ltr'><strong>Postquam</strong></span> <span class='ocrx_word' id='word_1_485' title='bbox 2819 1906 2973 1959; x_wconf 90' lang='lat' dir='ltr'><strong>enim</strong></span> <span class='ocrx_word' id='word_1_486' title='bbox 3001 1907 3284 1964; x_wconf 89' lang='lat' dir='ltr'><strong>Dominus</strong></span> <span class='ocrx_word' id='word_1_487' title='bbox 3310 1927 3376 1964; x_wconf 92' lang='lat' dir='ltr'><strong>ac</strong></span> <span class='ocrx_word' id='word_1_488' title='bbox 3411 1911 3513 1965; x_wconf 69' lang='lat' dir='ltr'><strong>lte-</strong></span> 
     </span>
    </p>
   </div>
   <div class='ocr_carea' id='block_1_65' title="bbox 1859 1988 3513 2068">
    <p class='ocr_par' dir='ltr' id='par_1_65' title="bbox 1859 1988 3513 2068">
     <span class='ocr_line' id='line_1_65' title="bbox 1859 1988 3513 2068; baseline 0.01 -30"><span class='ocrx_word' id='word_1_489' title='bbox 1859 1988 2126 2057; x_wconf 89' lang='lat' dir='ltr'><strong>demptor</strong></span> <span class='ocrx_word' id='word_1_490' title='bbox 2150 1989 2387 2043; x_wconf 86' lang='lat' dir='ltr'><strong>humani</strong></span> <span class='ocrx_word' id='word_1_491' title='bbox 2408 1993 2676 2057; x_wconf 70' lang='lat' dir='ltr'><strong>generisu</strong></span> <span class='ocrx_word' id='word_1_492' title='bbox 2701 1994 2924 2048; x_wconf 84' lang='lat' dir='ltr'><strong>devicto</strong></span> <span class='ocrx_word' id='word_1_493' title='bbox 2943 1997 3149 2051; x_wconf 90' lang='lat' dir='ltr'><strong>mortis</strong></span> <span class='ocrx_word' id='word_1_494' title='bbox 3171 1997 3413 2068; x_wconf 90' lang='lat' dir='ltr'><strong>imperio</strong></span> <span class='ocrx_word' id='word_1_495' title='bbox 3431 2017 3513 2054; x_wconf 90' lang='lat' dir='ltr'><strong>rc-</strong></span> 
     </span>
    </p>
   </div>
   <div class='ocr_carea' id='block_1_66' title="bbox 1857 2077 3510 2150">
    <p class='ocr_par' dir='ltr' id='par_1_66' title="bbox 1857 2077 3510 2150">
     <span class='ocr_line' id='line_1_66' title="bbox 1857 2077 3510 2150; baseline 0.008 -22"><span class='ocrx_word' id='word_1_496' title='bbox 1857 2077 2106 2129; x_wconf 86' lang='lat' dir='ltr'><strong>surrexit</strong></span> <span class='ocrx_word' id='word_1_497' title='bbox 2129 2083 2184 2130; x_wconf 90' lang='lat' dir='ltr'><strong>et</strong></span> <span class='ocrx_word' id='word_1_498' title='bbox 2206 2079 2467 2133; x_wconf 84' lang='lat' dir='ltr'><strong>ascendit</strong></span> <span class='ocrx_word' id='word_1_499' title='bbox 2489 2082 2556 2133; x_wconf 91' lang='lat' dir='ltr'><strong>ad</strong></span> <span class='ocrx_word' id='word_1_500' title='bbox 2582 2081 2875 2136; x_wconf 76' lang='lat' dir='ltr'><strong>dexteram</strong></span> <span class='ocrx_word' id='word_1_501' title='bbox 2899 2083 2993 2137; x_wconf 86' lang='lat' dir='ltr'><strong>Dei</strong></span> <span class='ocrx_word' id='word_1_502' title='bbox 3023 2085 3262 2150; x_wconf 88' lang='lat' dir='ltr'><strong>Patris,»</strong></span> <span class='ocrx_word' id='word_1_503' title='bbox 3283 2087 3510 2142; x_wconf 87' lang='lat' dir='ltr'><strong>decimo</strong></span> 
     </span>
    </p>
   </div>
   <div class='ocr_carea' id='block_1_67' title="bbox 1857 2167 3512 2248">
    <p class='ocr_par' dir='ltr' id='par_1_67' title="bbox 1857 2167 3512 2248">
     <span class='ocr_line' id='line_1_67' title="bbox 1857 2167 3512 2248; baseline 0.009 -31"><span class='ocrx_word' id='word_1_504' title='bbox 1857 2167 2217 2219; x_wconf 69' lang='lat' dir='ltr'><strong>ascensionis</strong></span> <span class='ocrx_word' id='word_1_505' title='bbox 2242 2186 2358 2219; x_wconf 73' lang='lat' dir='ltr'><strong>sure</strong></span> <span class='ocrx_word' id='word_1_506' title='bbox 2380 2168 2469 2222; x_wconf 86' lang='lat' dir='ltr'><strong>die</strong></span> <span class='ocrx_word' id='word_1_507' title='bbox 2493 2195 2516 2214; x_wconf 90' lang='grc'><strong>‹‹</strong></span> <span class='ocrx_word' id='word_1_508' title='bbox 2547 2171 2707 2223; x_wconf 88' lang='lat' dir='ltr'><strong>misit.</strong></span> <span class='ocrx_word' id='word_1_509' title='bbox 2731 2172 3014 2241; x_wconf 77' lang='lat' dir='ltr'><strong>Spiritum</strong></span> <span class='ocrx_word' id='word_1_510' title='bbox 3040 2180 3310 2229; x_wconf 87' lang='lat' dir='ltr'><strong>sanctum</strong></span> <span class='ocrx_word' id='word_1_511' title='bbox 3335 2195 3512 2248; x_wconf 90' lang='lat' dir='ltr'><strong>super</strong></span> 
     </span>
    </p>
   </div>
   <div class='ocr_carea' id='block_1_68' title="bbox 1859 2254 3508 2336">
    <p class='ocr_par' dir='ltr' id='par_1_68' title="bbox 1859 2254 3508 2336">
     <span class='ocr_line' id='line_1_68' title="bbox 1859 2254 3508 2336; baseline 0.01 -30"><span class='ocrx_word' id='word_1_512' title='bbox 1859 2254 2152 2322; x_wconf 79' lang='lat' dir='ltr'><strong>apostolos</strong></span> <span class='ocrx_word' id='word_1_513' title='bbox 2183 2255 2236 2307; x_wconf 91' lang='lat' dir='ltr'><strong>in</strong></span> <span class='ocrx_word' id='word_1_514' title='bbox 2276 2255 2492 2326; x_wconf 78' lang='lat' dir='ltr'><strong>linguis</strong></span> <span class='ocrx_word' id='word_1_515' title='bbox 2525 2258 2732 2327; x_wconf 85' lang='lat' dir='ltr'><strong>igneis,</strong></span> <span class='ocrx_word' id='word_1_516' title='bbox 2766 2265 2821 2313; x_wconf 83' lang='lat' dir='ltr'><strong>et</strong></span> <span class='ocrx_word' id='word_1_517' title='bbox 2857 2269 3158 2332; x_wconf 66' lang='lat' dir='ltr'><strong>coepm&#39;unt</strong></span> <span class='ocrx_word' id='word_1_518' title='bbox 3189 2265 3346 2336; x_wconf 89' lang='lat' dir='ltr'><strong>loqui</strong></span> <span class='ocrx_word' id='word_1_519' title='bbox 3382 2285 3508 2322; x_wconf 86' lang='lat' dir='ltr'><strong>ma-</strong></span> 
     </span>
    </p>
   </div>
   <div class='ocr_carea' id='block_1_69' title="bbox 1858 2342 3511 2424">
    <p class='ocr_par' dir='ltr' id='par_1_69' title="bbox 1858 2342 3511 2424">
     <span class='ocr_line' id='line_1_69' title="bbox 1858 2342 3511 2424; baseline 0.01 -31"><span class='ocrx_word' id='word_1_520' title='bbox 1858 2342 2054 2411; x_wconf 87' lang='lat' dir='ltr'><strong>gualia</strong></span> <span class='ocrx_word' id='word_1_521' title='bbox 2082 2343 2178 2396; x_wconf 89' lang='lat' dir='ltr'><strong>Dei</strong></span> <span class='ocrx_word' id='word_1_522' title='bbox 2198 2345 2328 2408; x_wconf 60' lang='lat' dir='ltr'><strong>(.b&#39;t.</strong></span> <span class='ocrx_word' id='word_1_523' title='bbox 2351 2353 2472 2410; x_wconf 72' lang='lat'><strong>11).»</strong></span> <span class='ocrx_word' id='word_1_524' title='bbox 2495 2349 2809 2403; x_wconf 74' lang='lat' dir='ltr'><strong>Audientes</strong></span> <span class='ocrx_word' id='word_1_525' title='bbox 2841 2350 2948 2403; x_wconf 89' lang='lat' dir='ltr'><strong>hoc</strong></span> <span class='ocrx_word' id='word_1_526' title='bbox 2971 2352 3155 2405; x_wconf 53' lang='lat' dir='ltr'><strong>Judaii</strong></span> <span class='ocrx_word' id='word_1_527' title='bbox 3179 2355 3274 2424; x_wconf 92' lang='lat' dir='ltr'><strong>qui</strong></span> <span class='ocrx_word' id='word_1_528' title='bbox 3311 2356 3511 2409; x_wconf 89' lang='lat' dir='ltr'><strong>Domi-</strong></span> 
     </span>
    </p>
   </div>
   <div class='ocr_carea' id='block_1_70' title="bbox 1859 2435 3511 2510">
    <p class='ocr_par' dir='ltr' id='par_1_70' title="bbox 1859 2435 3511 2510">
     <span class='ocr_line' id='line_1_70' title="bbox 1859 2435 3511 2510; baseline 0.008 -26"><span class='ocrx_word' id='word_1_529' title='bbox 1859 2449 1999 2484; x_wconf 90' lang='lat' dir='ltr'><strong>num</strong></span> <span class='ocrx_word' id='word_1_530' title='bbox 2028 2435 2195 2485; x_wconf 88' lang='lat' dir='ltr'><strong>morti</strong></span> <span class='ocrx_word' id='word_1_531' title='bbox 2225 2435 2601 2504; x_wconf 82' lang='lat' dir='ltr'><strong>tradiderant,</strong></span> <span class='ocrx_word' id='word_1_532' title='bbox 2619 2440 2976 2492; x_wconf 87' lang='lat' dir='ltr'><strong>crubuerunt</strong></span> <span class='ocrx_word' id='word_1_533' title='bbox 3002 2441 3072 2493; x_wconf 89' lang='lat' dir='ltr'><strong>de</strong></span> <span class='ocrx_word' id='word_1_534' title='bbox 3093 2444 3341 2510; x_wconf 87' lang='lat' dir='ltr'><strong>peccatis</strong></span> <span class='ocrx_word' id='word_1_535' title='bbox 3365 2444 3511 2510; x_wconf 88' lang='lat' dir='ltr'><strong>suis,</strong></span> 
     </span>
    </p>
   </div>
   <div class='ocr_carea' id='block_1_71' title="bbox 1860 2521 3513 2602">
    <p class='ocr_par' dir='ltr' id='par_1_71' title="bbox 1860 2521 3513 2602">
     <span class='ocr_line' id='line_1_71' title="bbox 1860 2521 3513 2602; baseline 0.01 -32"><span class='ocrx_word' id='word_1_536' title='bbox 1860 2521 2012 2589; x_wconf 87' lang='lat' dir='ltr'><strong>quod</strong></span> <span class='ocrx_word' id='word_1_537' title='bbox 2035 2521 2348 2576; x_wconf 89' lang='lat' dir='ltr'><strong>Dominum</strong></span> <span class='ocrx_word' id='word_1_538' title='bbox 2370 2525 2440 2576; x_wconf 87' lang='lat' dir='ltr'><strong>ad</strong></span> <span class='ocrx_word' id='word_1_539' title='bbox 2465 2530 2638 2578; x_wconf 86' lang='lat' dir='ltr'><strong>Deum</strong></span> <span class='ocrx_word' id='word_1_540' title='bbox 2660 2545 2831 2580; x_wconf 87' lang='lat' dir='ltr'><strong>suum</strong></span> <span class='ocrx_word' id='word_1_541' title='bbox 2855 2529 3318 2595; x_wconf 82' lang='lat' dir='ltr'><strong>damnassent,et</strong></span> <span class='ocrx_word' id='word_1_542' title='bbox 3337 2533 3513 2602; x_wconf 79' lang='lat' dir='ltr'><strong>pumi-</strong></span> 
     </span>
    </p>
   </div>
   <div class='ocr_carea' id='block_1_72' title="bbox 1861 2608 3510 2688">
    <p class='ocr_par' dir='ltr' id='par_1_72' title="bbox 1861 2608 3510 2688">
     <span class='ocr_line' id='line_1_72' title="bbox 1861 2608 3510 2688; baseline 0.01 -28"><span class='ocrx_word' id='word_1_543' title='bbox 1861 2608 2042 2661; x_wconf 78' lang='lat' dir='ltr'><strong>teutia</strong></span> <span class='ocrx_word' id='word_1_544' title='bbox 2066 2610 2222 2662; x_wconf 90' lang='lat' dir='ltr'><strong>ducti</strong></span> <span class='ocrx_word' id='word_1_545' title='bbox 2250 2612 2522 2666; x_wconf 85' lang='lat' dir='ltr'><strong>dixerunt</strong></span> <span class='ocrx_word' id='word_1_546' title='bbox 2546 2615 2613 2667; x_wconf 90' lang='lat' dir='ltr'><strong>ad</strong></span> <span class='ocrx_word' id='word_1_547' title='bbox 2644 2616 2940 2684; x_wconf 76' lang='lat' dir='ltr'><strong>apostolos</strong></span> <span class='ocrx_word' id='word_1_548' title='bbox 2961 2634 3006 2670; x_wconf 87' lang='grc'><strong>;‹‹</strong></span> <span class='ocrx_word' id='word_1_549' title='bbox 3035 2619 3183 2682; x_wconf 89' lang='lat' dir='ltr'><strong>Quid</strong></span> <span class='ocrx_word' id='word_1_550' title='bbox 3208 2619 3510 2688; x_wconf 82' lang='lat' dir='ltr'><strong>faciemus,</strong></span> 
     </span>
    </p>
   </div>
   <div class='ocr_carea' id='block_1_73' title="bbox 1858 2694 3513 2776">
    <p class='ocr_par' dir='ltr' id='par_1_73' title="bbox 1858 2694 3513 2776">
     <span class='ocr_line' id='line_1_73' title="bbox 1858 2694 3513 2776; baseline 0.01 -29"><span class='ocrx_word' id='word_1_551' title='bbox 1858 2694 1960 2748; x_wconf 85' lang='lat' dir='ltr'><strong>viri</strong></span> <span class='ocrx_word' id='word_1_552' title='bbox 1991 2698 2278 2751; x_wconf 79' lang='lat' dir='ltr'><strong>fratres?»</strong></span> <span class='ocrx_word' id='word_1_553' title='bbox 2315 2701 2380 2752; x_wconf 79' lang='lat' dir='ltr'><strong>Et</strong></span> <span class='ocrx_word' id='word_1_554' title='bbox 2417 2701 2617 2754; x_wconf 82' lang='lat' dir='ltr'><strong>Petrus</strong></span> <span class='ocrx_word' id='word_1_555' title='bbox 2651 2704 2721 2756; x_wconf 88' lang='lat' dir='ltr'><strong>ad</strong></span> <span class='ocrx_word' id='word_1_556' title='bbox 2757 2704 2950 2758; x_wconf 76' lang='lat' dir='ltr'><strong>illoszu</strong></span> <span class='ocrx_word' id='word_1_557' title='bbox 2973 2706 3395 2776; x_wconf 64' lang='lat' dir='ltr'><strong>Paenitentiam,</strong></span> <span class='ocrx_word' id='word_1_558' title='bbox 3425 2710 3513 2764; x_wconf 92' lang='lat' dir='ltr'><strong>in-</strong></span> 
     </span>
    </p>
   </div>
   <div class='ocr_carea' id='block_1_74' title="bbox 1860 2784 3490 2858">
    <p class='ocr_par' dir='ltr' id='par_1_74' title="bbox 1860 2784 3490 2858">
     <span class='ocr_line' id='line_1_74' title="bbox 1860 2784 3490 2858; baseline 0.011 -24"><span class='ocrx_word' id='word_1_559' title='bbox 1860 2784 2249 2854; x_wconf 83' lang='lat' dir='ltr'><strong>quit,agite,et</strong></span> <span class='ocrx_word' id='word_1_560' title='bbox 2267 2788 2593 2858; x_wconf 77' lang='lat' dir='ltr'><strong>baptizetur</strong></span> <span class='ocrx_word' id='word_1_561' title='bbox 2613 2791 2664 2842; x_wconf 89' lang='lat' dir='ltr'><strong>in</strong></span> <span class='ocrx_word' id='word_1_562' title='bbox 2687 2793 2920 2846; x_wconf 88' lang='lat' dir='ltr'><strong>nomine</strong></span> <span class='ocrx_word' id='word_1_563' title='bbox 2935 2794 3315 2850; x_wconf 82' lang='lat' dir='ltr'><strong>DominiJcsu</strong></span> <span class='ocrx_word' id='word_1_564' title='bbox 3338 2815 3490 2853; x_wconf 87' lang='lat' dir='ltr'><strong>unus</strong></span> 
     </span>
    </p>
   </div>
   <div class='ocr_carea' id='block_1_75' title="bbox 1859 2873 3510 2954">
    <p class='ocr_par' dir='ltr' id='par_1_75' title="bbox 1859 2873 3510 2954">
     <span class='ocr_line' id='line_1_75' title="bbox 1859 2873 3510 2954; baseline 0.011 -31"><span class='ocrx_word' id='word_1_565' title='bbox 1859 2873 2108 2943; x_wconf 87' lang='lat' dir='ltr'><strong>quisque</strong></span> <span class='ocrx_word' id='word_1_566' title='bbox 2133 2879 2450 2928; x_wconf 73' lang='lat' dir='ltr'><strong>vestrum.»</strong></span> <span class='ocrx_word' id='word_1_567' title='bbox 2477 2878 2902 2950; x_wconf 84' lang='lat' dir='ltr'><strong>Impletmnqne</strong></span> <span class='ocrx_word' id='word_1_568' title='bbox 2933 2888 3022 2934; x_wconf 86' lang='lat' dir='ltr'><strong>est</strong></span> <span class='ocrx_word' id='word_1_569' title='bbox 3054 2883 3193 2937; x_wconf 94' lang='lat' dir='ltr'><strong>illud</strong></span> <span class='ocrx_word' id='word_1_570' title='bbox 3228 2886 3381 2954; x_wconf 90' lang='lat' dir='ltr'><strong>quod</strong></span> <span class='ocrx_word' id='word_1_571' title='bbox 3415 2887 3510 2941; x_wconf 87' lang='lat' dir='ltr'><strong>hic</strong></span> 
     </span>
    </p>
   </div>
   <div class='ocr_carea' id='block_1_76' title="bbox 1859 2962 3509 3042">
    <p class='ocr_par' dir='ltr' id='par_1_76' title="bbox 1859 2962 3509 3042">
     <span class='ocr_line' id='line_1_76' title="bbox 1859 2962 3509 3042; baseline 0.009 -28"><span class='ocrx_word' id='word_1_572' title='bbox 1859 2962 2074 3014; x_wconf 85' lang='lat' dir='ltr'><strong>dicitur</strong></span> <span class='ocrx_word' id='word_1_573' title='bbox 2098 2980 2146 3016; x_wconf 80' lang='lat' dir='ltr'><strong>:u</strong></span> <span class='ocrx_word' id='word_1_574' title='bbox 2172 2965 2314 3016; x_wconf 77' lang='lat' dir='ltr'><strong>Cum</strong></span> <span class='ocrx_word' id='word_1_575' title='bbox 2339 2964 2600 3019; x_wconf 79' lang='lat' dir='ltr'><strong>videritis</strong></span> <span class='ocrx_word' id='word_1_576' title='bbox 2625 2967 2774 3020; x_wconf 84' lang='lat' dir='ltr'><strong>filios</strong></span> <span class='ocrx_word' id='word_1_577' title='bbox 2798 2975 3015 3022; x_wconf 78' lang='lat' dir='ltr'><strong>vestros</strong></span> <span class='ocrx_word' id='word_1_578' title='bbox 3033 2972 3326 3042; x_wconf 88' lang='lat' dir='ltr'><strong>apostolos</strong></span> <span class='ocrx_word' id='word_1_579' title='bbox 3348 2991 3509 3030; x_wconf 89' lang='lat' dir='ltr'><strong>meos</strong></span> 
     </span>
    </p>
   </div>
   <div class='ocr_carea' id='block_1_77' title="bbox 1858 3051 3510 3123">
    <p class='ocr_par' dir='ltr' id='par_1_77' title="bbox 1858 3051 3510 3123">
     <span class='ocr_line' id='line_1_77' title="bbox 1858 3051 3510 3123; baseline 0.009 -21"><span class='ocrx_word' id='word_1_580' title='bbox 1858 3051 2092 3104; x_wconf 84' lang='lat' dir='ltr'><strong>elTectos</strong></span> <span class='ocrx_word' id='word_1_581' title='bbox 2120 3052 2550 3107; x_wconf 85' lang='lat' dir='ltr'><strong>sanetilicantes</strong></span> <span class='ocrx_word' id='word_1_582' title='bbox 2573 3067 2783 3110; x_wconf 85' lang='lat' dir='ltr'><strong>nomen</strong></span> <span class='ocrx_word' id='word_1_583' title='bbox 2808 3074 3024 3123; x_wconf 89' lang='lat' dir='ltr'><strong>meum,</strong></span> <span class='ocrx_word' id='word_1_584' title='bbox 3049 3060 3406 3116; x_wconf 91' lang='lat' dir='ltr'><strong>crubescetis</strong></span> <span class='ocrx_word' id='word_1_585' title='bbox 3437 3064 3510 3118; x_wconf 89' lang='lat' dir='ltr'><strong>de</strong></span> 
     </span>
    </p>
   </div>
   <div class='ocr_carea' id='block_1_78' title="bbox 1860 3137 3510 3220">
    <p class='ocr_par' dir='ltr' id='par_1_78' title="bbox 1860 3137 3510 3220">
     <span class='ocr_line' id='line_1_78' title="bbox 1860 3137 3510 3220; baseline 0.009 -29"><span class='ocrx_word' id='word_1_586' title='bbox 1860 3137 2176 3193; x_wconf 86' lang='lat' dir='ltr'><strong>sceleribus</strong></span> <span class='ocrx_word' id='word_1_587' title='bbox 2238 3143 2463 3206; x_wconf 87' lang='lat' dir='ltr'><strong>vestris,</strong></span> <span class='ocrx_word' id='word_1_588' title='bbox 2488 3147 2542 3196; x_wconf 90' lang='lat' dir='ltr'><strong>et</strong></span> <span class='ocrx_word' id='word_1_589' title='bbox 2572 3146 3011 3200; x_wconf 86' lang='lat' dir='ltr'><strong>confundemini</strong></span> <span class='ocrx_word' id='word_1_590' title='bbox 3071 3165 3247 3220; x_wconf 91' lang='lat' dir='ltr'><strong>super</strong></span> <span class='ocrx_word' id='word_1_591' title='bbox 3301 3151 3510 3206; x_wconf 88' lang='lat' dir='ltr'><strong>vestris</strong></span> 
     </span>
    </p>
   </div>
   <div class='ocr_carea' id='block_1_79' title="bbox 1861 3228 3497 3306">
    <p class='ocr_par' dir='ltr' id='par_1_79' title="bbox 1861 3228 3497 3306">
     <span class='ocr_line' id='line_1_79' title="bbox 1861 3228 3497 3306; baseline 0.01 -28"><span class='ocrx_word' id='word_1_592' title='bbox 1861 3228 2214 3281; x_wconf 86' lang='lat' dir='ltr'><strong>erroribus.»</strong></span> <span class='ocrx_word' id='word_1_593' title='bbox 2234 3255 2257 3275; x_wconf 83' lang='grc'><strong>‹‹</strong></span> <span class='ocrx_word' id='word_1_594' title='bbox 2289 3231 2353 3283; x_wconf 81' lang='lat' dir='ltr'><strong>Et</strong></span> <span class='ocrx_word' id='word_1_595' title='bbox 2386 3233 2840 3288; x_wconf 84' lang='lat' dir='ltr'><strong>sanctiticabunt</strong></span> <span class='ocrx_word' id='word_1_596' title='bbox 2864 3257 2890 3282; x_wconf 92' lang='lat'><strong>»</strong></span> <span class='ocrx_word' id='word_1_597' title='bbox 2913 3236 3159 3306; x_wconf 90' lang='lat' dir='ltr'><strong>apostoli</strong></span> <span class='ocrx_word' id='word_1_598' title='bbox 3182 3237 3395 3294; x_wconf 85' lang='lat' dir='ltr'><strong>Christi</strong></span> <span class='ocrx_word' id='word_1_599' title='bbox 3424 3257 3497 3295; x_wconf 94' lang='lat' dir='ltr'><strong>no</strong></span> 
     </span>
    </p>
   </div>
   <div class='ocr_carea' id='block_1_80' title="bbox 1863 3321 3504 3396">
    <p class='ocr_par' dir='ltr' id='par_1_80' title="bbox 1863 3321 3504 3396">
     <span class='ocr_line' id='line_1_80' title="bbox 1863 3321 3504 3396; baseline 0.005 -28"><span class='ocrx_word' id='word_1_600' title='bbox 1863 3334 1992 3369; x_wconf 86' lang='lat' dir='ltr'><strong>men</strong></span> <span class='ocrx_word' id='word_1_601' title='bbox 2009 3343 2031 3362; x_wconf 79' lang='grc'><strong>‹‹</strong></span> <span class='ocrx_word' id='word_1_602' title='bbox 2058 3324 2324 3372; x_wconf 87' lang='lat' dir='ltr'><strong>sanctum</strong></span> <span class='ocrx_word' id='word_1_603' title='bbox 2348 3321 2548 3384; x_wconf 86' lang='lat' dir='ltr'><strong>Jacob,</strong></span> <span class='ocrx_word' id='word_1_604' title='bbox 2571 3326 2627 3375; x_wconf 87' lang='lat' dir='ltr'><strong>et</strong></span> <span class='ocrx_word' id='word_1_605' title='bbox 2649 3323 2832 3376; x_wconf 90' lang='lat' dir='ltr'><strong>Deum</strong></span> <span class='ocrx_word' id='word_1_606' title='bbox 2858 3324 3028 3379; x_wconf 88' lang='lat' dir='ltr'><strong>Israel</strong></span> <span class='ocrx_word' id='word_1_607' title='bbox 3053 3327 3504 3396; x_wconf 68' lang='lat' dir='ltr'><strong>praedicabunt.»</strong></span> 
     </span>
    </p>
   </div>
   <div class='ocr_carea' id='block_1_81' title="bbox 1863 3405 3510 3476">
    <p class='ocr_par' dir='ltr' id='par_1_81' title="bbox 1863 3405 3510 3476">
     <span class='ocr_line' id='line_1_81' title="bbox 1863 3405 3510 3476; baseline 0.009 -18"><span class='ocrx_word' id='word_1_608' title='bbox 1863 3405 1981 3458; x_wconf 72' lang='lat' dir='ltr'><strong>Vox</strong></span> <span class='ocrx_word' id='word_1_609' title='bbox 2014 3407 2328 3476; x_wconf 63' lang='grc' dir='ltr'><strong>ριηψιιυὶίυ.</strong></span> <span class='ocrx_word' id='word_1_610' title='bbox 2359 3411 2610 3466; x_wconf 80' lang='lat' dir='ltr'><strong>Sanctus</strong></span> <span class='ocrx_word' id='word_1_611' title='bbox 2639 3411 2820 3466; x_wconf 89' lang='lat' dir='ltr'><strong>Jacob</strong></span> <span class='ocrx_word' id='word_1_612' title='bbox 2852 3412 2911 3466; x_wconf 91' lang='lat' dir='ltr'><strong>in</strong></span> <span class='ocrx_word' id='word_1_613' title='bbox 2942 3413 3068 3468; x_wconf 88' lang='lat' dir='ltr'><strong>loco</strong></span> <span class='ocrx_word' id='word_1_614' title='bbox 3101 3415 3212 3471; x_wconf 90' lang='lat' dir='ltr'><strong>isto</strong></span> <span class='ocrx_word' id='word_1_615' title='bbox 3243 3416 3510 3472; x_wconf 87' lang='lat' dir='ltr'><strong>Christus</strong></span> 
     </span>
    </p>
   </div>
   <div class='ocr_carea' id='block_1_82' title="bbox 1861 3495 3512 3571">
    <p class='ocr_par' dir='ltr' id='par_1_82' title="bbox 1861 3495 3512 3571">
     <span class='ocr_line' id='line_1_82' title="bbox 1861 3495 3512 3571; baseline 0.01 -26"><span class='ocrx_word' id='word_1_616' title='bbox 1861 3499 1969 3563; x_wconf 84' lang='lat' dir='ltr'><strong>est,</strong></span> <span class='ocrx_word' id='word_1_617' title='bbox 1993 3495 2090 3565; x_wconf 91' lang='lat' dir='ltr'><strong>qui</strong></span> <span class='ocrx_word' id='word_1_618' title='bbox 2126 3497 2196 3550; x_wconf 90' lang='lat' dir='ltr'><strong>dc</strong></span> <span class='ocrx_word' id='word_1_619' title='bbox 2227 3499 2448 3552; x_wconf 88' lang='lat' dir='ltr'><strong>semine</strong></span> <span class='ocrx_word' id='word_1_620' title='bbox 2476 3504 2530 3553; x_wconf 84' lang='lat' dir='ltr'><strong>et</strong></span> <span class='ocrx_word' id='word_1_621' title='bbox 2553 3500 2866 3571; x_wconf 84' lang='lat' dir='ltr'><strong>propagine</strong></span> <span class='ocrx_word' id='word_1_622' title='bbox 2887 3502 3047 3557; x_wconf 90' lang='lat' dir='ltr'><strong>illius</strong></span> <span class='ocrx_word' id='word_1_623' title='bbox 3062 3505 3336 3560; x_wconf 87' lang='lat' dir='ltr'><strong>cflloruit.</strong></span> <span class='ocrx_word' id='word_1_624' title='bbox 3364 3511 3512 3562; x_wconf 87' lang='lat' dir='ltr'><strong>Deus</strong></span> 
     </span>
    </p>
   </div>
   <div class='ocr_carea' id='block_1_83' title="bbox 1862 3585 3512 3668">
    <p class='ocr_par' dir='ltr' id='par_1_83' title="bbox 1862 3585 3512 3668">
     <span class='ocr_line' id='line_1_83' title="bbox 1862 3585 3512 3668; baseline 0.01 -33"><span class='ocrx_word' id='word_1_625' title='bbox 1862 3588 2058 3637; x_wconf 87' lang='lat' dir='ltr'><strong>autem</strong></span> <span class='ocrx_word' id='word_1_626' title='bbox 2099 3585 2293 3651; x_wconf 80' lang='lat' dir='ltr'><strong>Israel,</strong></span> <span class='ocrx_word' id='word_1_627' title='bbox 2325 3587 2608 3644; x_wconf 87' lang='lat' dir='ltr'><strong>Dominus</strong></span> <span class='ocrx_word' id='word_1_628' title='bbox 2634 3590 2807 3645; x_wconf 83' lang='lat' dir='ltr'><strong>Jesus</strong></span> <span class='ocrx_word' id='word_1_629' title='bbox 2838 3609 2971 3645; x_wconf 90' lang='lat' dir='ltr'><strong>cum</strong></span> <span class='ocrx_word' id='word_1_630' title='bbox 3007 3592 3172 3649; x_wconf 88' lang='lat' dir='ltr'><strong>Patre</strong></span> <span class='ocrx_word' id='word_1_631' title='bbox 3203 3600 3261 3649; x_wconf 89' lang='lat' dir='ltr'><strong>et</strong></span> <span class='ocrx_word' id='word_1_632' title='bbox 3292 3596 3512 3668; x_wconf 89' lang='lat' dir='ltr'><strong>Spiritu</strong></span> 
     </span>
    </p>
   </div>
   <div class='ocr_carea' id='block_1_84' title="bbox 1863 3675 2468 3746">
    <p class='ocr_par' dir='ltr' id='par_1_84' title="bbox 1863 3675 2468 3746">
     <span class='ocr_line' id='line_1_84' title="bbox 1863 3675 2468 3746; baseline 0.008 -21"><span class='ocrx_word' id='word_1_633' title='bbox 1863 3679 2064 3727; x_wconf 88' lang='lat' dir='ltr'><strong>sancto</strong></span> <span class='ocrx_word' id='word_1_634' title='bbox 2101 3675 2468 3746; x_wconf 84' lang='lat' dir='ltr'><strong>intelligitur.</strong></span> 
     </span>
    </p>
   </div>
   <div class='ocr_carea' id='block_1_85' title="bbox 1939 3763 3510 3839">
    <p class='ocr_par' dir='ltr' id='par_1_85' title="bbox 1939 3763 3510 3839">
     <span class='ocr_line' id='line_1_85' title="bbox 1939 3763 3510 3839; baseline 0.009 -25"><span class='ocrx_word' id='word_1_635' title='bbox 1939 3784 1963 3809; x_wconf 87' lang='grc'><strong>‹‹</strong></span> <span class='ocrx_word' id='word_1_636' title='bbox 1987 3763 2055 3815; x_wconf 68' lang='grc' dir='ltr'><strong>ιςι</strong></span> <span class='ocrx_word' id='word_1_637' title='bbox 2075 3763 2302 3817; x_wconf 84' lang='lat' dir='ltr'><strong>discent</strong></span> <span class='ocrx_word' id='word_1_638' title='bbox 2325 3767 2379 3819; x_wconf 87' lang='lat' dir='ltr'><strong>in</strong></span> <span class='ocrx_word' id='word_1_639' title='bbox 2401 3766 2490 3820; x_wconf 88' lang='lat' dir='ltr'><strong>die</strong></span> <span class='ocrx_word' id='word_1_640' title='bbox 2516 3767 2612 3820; x_wconf 92' lang='lat' dir='ltr'><strong>illa</strong></span> <span class='ocrx_word' id='word_1_641' title='bbox 2635 3785 2799 3820; x_wconf 89' lang='lat' dir='ltr'><strong>erran</strong></span> <span class='ocrx_word' id='word_1_642' title='bbox 2813 3775 2895 3822; x_wconf 88' lang='lat' dir='ltr'><strong>tes</strong></span> <span class='ocrx_word' id='word_1_643' title='bbox 2919 3771 3126 3839; x_wconf 91' lang='lat' dir='ltr'><strong>spiritu</strong></span> <span class='ocrx_word' id='word_1_644' title='bbox 3153 3772 3510 3828; x_wconf 87' lang='lat' dir='ltr'><strong>intellectum</strong></span> 
     </span>
    </p>
   </div>
   <div class='ocr_carea' id='block_1_86' title="bbox 1861 3853 3514 3929">
    <p class='ocr_par' dir='ltr' id='par_1_86' title="bbox 1861 3853 3514 3929">
     <span class='ocr_line' id='line_1_86' title="bbox 1861 3853 3514 3929; baseline 0.008 -26"><span class='ocrx_word' id='word_1_645' title='bbox 1861 3855 1917 3904; x_wconf 90' lang='lat' dir='ltr'><strong>et</strong></span> <span class='ocrx_word' id='word_1_646' title='bbox 1937 3853 2345 3907; x_wconf 87' lang='lat' dir='ltr'><strong>mussitatores</strong></span> <span class='ocrx_word' id='word_1_647' title='bbox 2361 3855 2583 3908; x_wconf 88' lang='lat' dir='ltr'><strong>discent</strong></span> <span class='ocrx_word' id='word_1_648' title='bbox 2602 3855 2808 3925; x_wconf 86' lang='lat' dir='ltr'><strong>legem.</strong></span> <span class='ocrx_word' id='word_1_649' title='bbox 2822 3859 3124 3912; x_wconf 81' lang='lat' dir='ltr'><strong>»Errantes</strong></span> <span class='ocrx_word' id='word_1_650' title='bbox 3142 3859 3514 3929; x_wconf 87' lang='lat' dir='ltr'><strong>appellantur</strong></span> 
     </span>
    </p>
   </div>
   <div class='ocr_carea' id='block_1_87' title="bbox 1860 3940 3512 4015">
    <p class='ocr_par' dir='ltr' id='par_1_87' title="bbox 1860 3940 3512 4015">
     <span class='ocr_line' id='line_1_87' title="bbox 1860 3940 3512 4015; baseline 0.005 -21"><span class='ocrx_word' id='word_1_651' title='bbox 1860 3940 2068 4006; x_wconf 71' lang='lat' dir='ltr'><strong>Judzni,</strong></span> <span class='ocrx_word' id='word_1_652' title='bbox 2094 3959 2126 3994; x_wconf 89' lang='lat' dir='ltr'><strong>a</strong></span> <span class='ocrx_word' id='word_1_653' title='bbox 2149 3941 2292 3995; x_wconf 88' lang='lat' dir='ltr'><strong>falso</strong></span> <span class='ocrx_word' id='word_1_654' title='bbox 2315 3960 2506 3996; x_wconf 87' lang='lat' dir='ltr'><strong>errore</strong></span> <span class='ocrx_word' id='word_1_655' title='bbox 2534 3943 2782 4011; x_wconf 87' lang='lat' dir='ltr'><strong>seducti,</strong></span> <span class='ocrx_word' id='word_1_656' title='bbox 2809 3945 2907 4015; x_wconf 90' lang='lat' dir='ltr'><strong>qui</strong></span> <span class='ocrx_word' id='word_1_657' title='bbox 2941 3945 3095 4000; x_wconf 89' lang='lat' dir='ltr'><strong>idola</strong></span> <span class='ocrx_word' id='word_1_658' title='bbox 3123 3947 3512 4003; x_wconf 88' lang='lat' dir='ltr'><strong>adoravcrunt</strong></span> 
     </span>
    </p>
   </div>
   <div class='ocr_carea' id='block_1_88' title="bbox 1863 4030 3509 4102">
    <p class='ocr_par' dir='ltr' id='par_1_88' title="bbox 1863 4030 3509 4102">
     <span class='ocr_line' id='line_1_88' title="bbox 1863 4030 3509 4102; baseline 0.006 -19"><span class='ocrx_word' id='word_1_659' title='bbox 1863 4031 2199 4084; x_wconf 87' lang='lat' dir='ltr'><strong>recedentes</strong></span> <span class='ocrx_word' id='word_1_660' title='bbox 2231 4048 2265 4084; x_wconf 88' lang='lat' dir='ltr'><strong>a</strong></span> <span class='ocrx_word' id='word_1_661' title='bbox 2297 4030 2411 4084; x_wconf 88' lang='lat' dir='ltr'><strong>Deo</strong></span> <span class='ocrx_word' id='word_1_662' title='bbox 2442 4048 2596 4084; x_wconf 86' lang='lat' dir='ltr'><strong>vero.</strong></span> <span class='ocrx_word' id='word_1_663' title='bbox 2625 4031 2738 4102; x_wconf 87' lang='lat' dir='ltr'><strong>Ipsi</strong></span> <span class='ocrx_word' id='word_1_664' title='bbox 2772 4037 3052 4086; x_wconf 82' lang='lat' dir='ltr'><strong>vocantur</strong></span> <span class='ocrx_word' id='word_1_665' title='bbox 3083 4038 3139 4088; x_wconf 89' lang='lat' dir='ltr'><strong>et</strong></span> <span class='ocrx_word' id='word_1_666' title='bbox 3168 4035 3509 4092; x_wconf 59' lang='lat' dir='ltr'><strong>mussi&#39;tato-</strong></span> 
     </span>
    </p>
   </div>
   <div class='ocr_carea' id='block_1_89' title="bbox 1864 4119 3512 4190">
    <p class='ocr_par' dir='ltr' id='par_1_89' title="bbox 1864 4119 3512 4190">
     <span class='ocr_line' id='line_1_89' title="bbox 1864 4119 3512 4190; baseline 0.005 -18"><span class='ocrx_word' id='word_1_667' title='bbox 1864 4137 1978 4184; x_wconf 89' lang='lat' dir='ltr'><strong>res,</strong></span> <span class='ocrx_word' id='word_1_668' title='bbox 2013 4119 2290 4189; x_wconf 88' lang='lat' dir='ltr'><strong>quoniam</strong></span> <span class='ocrx_word' id='word_1_669' title='bbox 2323 4137 2556 4190; x_wconf 86' lang='lat' dir='ltr'><strong>semper</strong></span> <span class='ocrx_word' id='word_1_670' title='bbox 2587 4124 3050 4176; x_wconf 89' lang='lat' dir='ltr'><strong>murmuratores</strong></span> <span class='ocrx_word' id='word_1_671' title='bbox 3081 4124 3426 4179; x_wconf 83' lang='lat' dir='ltr'><strong>exstiterunt</strong></span> <span class='ocrx_word' id='word_1_672' title='bbox 3455 4131 3512 4181; x_wconf 91' lang='lat' dir='ltr'><strong>et</strong></span> 
     </span>
    </p>
   </div>
   <div class='ocr_carea' id='block_1_90' title="bbox 1863 4207 3506 4284">
    <p class='ocr_par' dir='ltr' id='par_1_90' title="bbox 1863 4207 3506 4284">
     <span class='ocr_line' id='line_1_90' title="bbox 1863 4207 3506 4284; baseline 0.004 -22"><span class='ocrx_word' id='word_1_673' title='bbox 1863 4208 2291 4271; x_wconf 86' lang='lat' dir='ltr'><strong>mussitatorcs,</strong></span> <span class='ocrx_word' id='word_1_674' title='bbox 2319 4213 2438 4261; x_wconf 89' lang='lat' dir='ltr'><strong>tam</strong></span> <span class='ocrx_word' id='word_1_675' title='bbox 2471 4207 2529 4261; x_wconf 92' lang='lat' dir='ltr'><strong>in</strong></span> <span class='ocrx_word' id='word_1_676' title='bbox 2562 4224 2755 4262; x_wconf 89' lang='lat' dir='ltr'><strong>eremo</strong></span> <span class='ocrx_word' id='word_1_677' title='bbox 2776 4226 2953 4279; x_wconf 90' lang='lat' dir='ltr'><strong>quam</strong></span> <span class='ocrx_word' id='word_1_678' title='bbox 2987 4210 3159 4266; x_wconf 90' lang='lat' dir='ltr'><strong>etiam</strong></span> <span class='ocrx_word' id='word_1_679' title='bbox 3192 4217 3506 4284; x_wconf 87' lang='lat' dir='ltr'><strong>postquam</strong></span> 
     </span>
    </p>
   </div>
   <div class='ocr_carea' id='block_1_91' title="bbox 1863 4296 3345 4356">
    <p class='ocr_par' dir='ltr' id='par_1_91' title="bbox 1863 4296 3345 4356">
     <span class='ocr_line' id='line_1_91' title="bbox 1863 4296 3345 4356; baseline 0.003 -5"><span class='ocrx_word' id='word_1_680' title='bbox 1863 4297 2178 4352; x_wconf 87' lang='lat' dir='ltr'><strong>introducti</strong></span> <span class='ocrx_word' id='word_1_681' title='bbox 2214 4301 2352 4351; x_wconf 90' lang='lat' dir='ltr'><strong>sunt</strong></span> <span class='ocrx_word' id='word_1_682' title='bbox 2382 4296 2438 4350; x_wconf 91' lang='lat' dir='ltr'><strong>in</strong></span> <span class='ocrx_word' id='word_1_683' title='bbox 2472 4302 2686 4351; x_wconf 87' lang='lat' dir='ltr'><strong>terram</strong></span> <span class='ocrx_word' id='word_1_684' title='bbox 2717 4297 2992 4353; x_wconf 89' lang='lat' dir='ltr'><strong>omnibus</strong></span> <span class='ocrx_word' id='word_1_685' title='bbox 3024 4299 3345 4356; x_wconf 89' lang='lat' dir='ltr'><strong>meliorem.</strong></span> 
     </span>
    </p>
   </div>
   <div class='ocr_carea' id='block_1_92' title="bbox 2467 4385 2902 4441">
    <p class='ocr_par' dir='ltr' id='par_1_92' title="bbox 2467 4385 2902 4441">
     <span class='ocr_line' id='line_1_92' title="bbox 2467 4385 2902 4441; baseline 0.007 -3"><span class='ocrx_word' id='word_1_686' title='bbox 2467 4385 2699 4440; x_wconf 82' lang='lat' dir='ltr'>CAPUT</span> <span class='ocrx_word' id='word_1_687' title='bbox 2742 4387 2902 4441; x_wconf 80' lang='grc' dir='ltr'><strong>ΧΧΧ.</strong></span> 
     </span>
    </p>
   </div>
   <div class='ocr_carea' id='block_1_93' title="bbox 1933 4473 3506 4545">
    <p class='ocr_par' dir='ltr' id='par_1_93' title="bbox 1933 4473 3506 4545">
     <span class='ocr_line' id='line_1_93' title="bbox 1933 4473 3506 4545; baseline 0.006 -20"><span class='ocrx_word' id='word_1_688' title='bbox 1933 4500 1960 4525; x_wconf 82' lang='grc'><strong><em>‹‹</em></strong></span> <span class='ocrx_word' id='word_1_689' title='bbox 1985 4475 2230 4536; x_wconf 61' lang='grc' dir='ltr'><strong>νεοΑἰὶίί</strong></span> <span class='ocrx_word' id='word_1_690' title='bbox 2263 4476 2608 4541; x_wconf 88' lang='lat' dir='ltr'><strong>desertores,</strong></span> <span class='ocrx_word' id='word_1_691' title='bbox 2642 4473 2783 4530; x_wconf 86' lang='lat' dir='ltr'><strong>dicit</strong></span> <span class='ocrx_word' id='word_1_692' title='bbox 2821 4476 3124 4533; x_wconf 89' lang='lat' dir='ltr'><strong>Dominus.</strong></span> <span class='ocrx_word' id='word_1_693' title='bbox 3147 4501 3173 4526; x_wconf 92' lang='lat'><strong>»</strong></span> <span class='ocrx_word' id='word_1_694' title='bbox 3196 4479 3309 4545; x_wconf 58' lang='grc' dir='ltr'><strong>νδ),</strong></span> <span class='ocrx_word' id='word_1_695' title='bbox 3333 4479 3506 4535; x_wconf 88' lang='lat' dir='ltr'><strong>sicuti</strong></span> 
     </span>
    </p>
   </div>
   <div class='ocr_carea' id='block_1_94' title="bbox 1862 4563 3510 4638">
    <p class='ocr_par' dir='ltr' id='par_1_94' title="bbox 1862 4563 3510 4638">
     <span class='ocr_line' id='line_1_94' title="bbox 1862 4563 3510 4638; baseline 0.002 -18"><span class='ocrx_word' id='word_1_696' title='bbox 1862 4565 2274 4638; x_wconf 86' lang='lat' dir='ltr'><strong>superiusjam</strong></span> <span class='ocrx_word' id='word_1_697' title='bbox 2297 4563 2572 4629; x_wconf 80' lang='lat' dir='ltr'><strong>diximus,</strong></span> <span class='ocrx_word' id='word_1_698' title='bbox 2592 4563 2892 4618; x_wconf 90' lang='lat' dir='ltr'><strong>interitum</strong></span> <span class='ocrx_word' id='word_1_699' title='bbox 2917 4566 3261 4635; x_wconf 90' lang='lat' dir='ltr'><strong>perditionis</strong></span> <span class='ocrx_word' id='word_1_700' title='bbox 3283 4572 3340 4621; x_wconf 91' lang='lat' dir='ltr'><strong>et</strong></span> <span class='ocrx_word' id='word_1_701' title='bbox 3360 4585 3510 4623; x_wconf 89' lang='lat' dir='ltr'><strong>mor-</strong></span> 
     </span>
    </p>
   </div>
   <div class='ocr_carea' id='block_1_95' title="bbox 94 4653 3508 4728">
    <p class='ocr_par' dir='ltr' id='par_1_95' title="bbox 94 4653 3508 4728">
     <span class='ocr_line' id='line_1_95' title="bbox 94 4653 3508 4728; baseline -0 -15"><span class='ocrx_word' id='word_1_702' title='bbox 94 4661 240 4713; x_wconf 86' lang='lat' dir='ltr'><strong>runt</strong></span> <span class='ocrx_word' id='word_1_703' title='bbox 271 4656 491 4710; x_wconf 80' lang='lat' dir='ltr'><strong>frustra</strong></span> <span class='ocrx_word' id='word_1_704' title='bbox 537 4657 830 4726; x_wconf 87' lang='lat' dir='ltr'><strong>justum,»</strong></span> <span class='ocrx_word' id='word_1_705' title='bbox 852 4657 938 4710; x_wconf 88' lang='lat' dir='ltr'><strong>vel</strong></span> <span class='ocrx_word' id='word_1_706' title='bbox 973 4674 1006 4711; x_wconf 90' lang='lat' dir='ltr'><strong>a</strong></span> <span class='ocrx_word' id='word_1_707' title='bbox 1041 4657 1228 4725; x_wconf 84' lang='lat' dir='ltr'><strong>justo.</strong></span> <span class='ocrx_word' id='word_1_708' title='bbox 1267 4658 1504 4710; x_wconf 86' lang='lat' dir='ltr'><strong>Frustra</strong></span> <span class='ocrx_word' id='word_1_709' title='bbox 1562 4657 1750 4712; x_wconf 87' lang='lat' dir='ltr'><strong>cenati</strong></span> <span class='ocrx_word' id='word_1_710' title='bbox 1783 4664 1829 4728; x_wconf 79' lang='lat'><strong>1)</strong></span> <span class='ocrx_word' id='word_1_711' title='bbox 1862 4655 1935 4708; x_wconf 90' lang='lat' dir='ltr'><strong>tis</strong></span> <span class='ocrx_word' id='word_1_712' title='bbox 1968 4653 2279 4724; x_wconf 81' lang='lat' dir='ltr'><strong>significat.</strong></span> <span class='ocrx_word' id='word_1_713' title='bbox 2301 4658 2628 4706; x_wconf 84' lang='lat' dir='ltr'><strong>Descrtorcs</strong></span> <span class='ocrx_word' id='word_1_714' title='bbox 2661 4669 2917 4723; x_wconf 87' lang='lat' dir='ltr'><strong>namque</strong></span> <span class='ocrx_word' id='word_1_715' title='bbox 2945 4654 3130 4708; x_wconf 72' lang='grc' dir='ltr'><strong>ιιιιάῖοί</strong></span> <span class='ocrx_word' id='word_1_716' title='bbox 3165 4673 3508 4728; x_wconf 87' lang='lat' dir='ltr'><strong>nuncupan-</strong></span> 
     </span>
    </p>
   </div>
   <div class='ocr_carea' id='block_1_96' title="bbox 93 4743 1750 4814">
    <p class='ocr_par' dir='ltr' id='par_1_96' title="bbox 93 4743 1750 4814">
     <span class='ocr_line' id='line_1_96' title="bbox 93 4743 1750 4814; baseline -0.002 -13"><span class='ocrx_word' id='word_1_717' title='bbox 93 4749 242 4801; x_wconf 79' lang='lat' dir='ltr'><strong>sunt</strong></span> <span class='ocrx_word' id='word_1_718' title='bbox 284 4743 491 4798; x_wconf 68' lang='lat' dir='ltr'><strong>scriba:</strong></span> <span class='ocrx_word' id='word_1_719' title='bbox 523 4749 580 4799; x_wconf 91' lang='lat' dir='ltr'><strong>et</strong></span> <span class='ocrx_word' id='word_1_720' title='bbox 611 4745 838 4799; x_wconf 65' lang='lat' dir='ltr'><strong>Pariszei</strong></span> <span class='ocrx_word' id='word_1_721' title='bbox 871 4744 1160 4799; x_wconf 87' lang='lat' dir='ltr'><strong>declinare</strong></span> <span class='ocrx_word' id='word_1_722' title='bbox 1198 4743 1605 4814; x_wconf 86' lang='lat' dir='ltr'><strong>justum,quia</strong></span> <span class='ocrx_word' id='word_1_723' title='bbox 1637 4763 1750 4798; x_wconf 90' lang='lat' dir='ltr'><strong>non</strong></span> 
     </span>
    </p>
   </div>
   <div class='ocr_carea' id='block_1_97' title="bbox 93 4833 1749 4907">
    <p class='ocr_par' dir='ltr' id='par_1_97' title="bbox 93 4833 1749 4907">
     <span class='ocr_line' id='line_1_97' title="bbox 93 4833 1749 4907; baseline 0 -19"><span class='ocrx_word' id='word_1_724' title='bbox 93 4833 554 4907; x_wconf 66' lang='lat' dir='ltr'><strong>prmvaluerunt.</strong></span> <span class='ocrx_word' id='word_1_725' title='bbox 577 4833 676 4887; x_wconf 86' lang='lat' dir='ltr'><strong>Vel</strong></span> <span class='ocrx_word' id='word_1_726' title='bbox 723 4833 900 4888; x_wconf 86' lang='lat' dir='ltr'><strong>etiam</strong></span> <span class='ocrx_word' id='word_1_727' title='bbox 947 4834 1181 4904; x_wconf 89' lang='lat' dir='ltr'><strong>quando</strong></span> <span class='ocrx_word' id='word_1_728' title='bbox 1225 4833 1582 4888; x_wconf 73' lang='lat' dir='ltr'><strong>dixeruntzu</strong></span> <span class='ocrx_word' id='word_1_729' title='bbox 1626 4833 1749 4888; x_wconf 90' lang='lat' dir='ltr'><strong>Non</strong></span> 
     </span>
    </p>
   </div>
   <div class='ocr_carea' id='block_1_98' title="bbox 91 4922 1754 4992">
    <p class='ocr_par' dir='ltr' id='par_1_98' title="bbox 91 4922 1754 4992">
     <span class='ocr_line' id='line_1_98' title="bbox 91 4922 1754 4992; baseline -0.002 -14"><span class='ocrx_word' id='word_1_730' title='bbox 91 4923 392 4978; x_wconf 82' lang='lat' dir='ltr'><strong>habemus</strong></span> <span class='ocrx_word' id='word_1_731' title='bbox 449 4938 641 4992; x_wconf 86' lang='lat' dir='ltr'><strong>regem</strong></span> <span class='ocrx_word' id='word_1_732' title='bbox 703 4922 816 4976; x_wconf 88' lang='lat' dir='ltr'><strong>nisi</strong></span> <span class='ocrx_word' id='word_1_733' title='bbox 848 4924 1132 4977; x_wconf 68' lang='lat' dir='ltr'><strong>Cresarem</strong></span> <span class='ocrx_word' id='word_1_734' title='bbox 1164 4924 1338 4990; x_wconf 81' lang='lat' dir='ltr'><strong>(Joan.</strong></span> <span class='ocrx_word' id='word_1_735' title='bbox 1368 4924 1443 4988; x_wconf 87' lang='lat' dir='ltr'><strong>x),</strong></span> <span class='ocrx_word' id='word_1_736' title='bbox 1471 4944 1496 4970; x_wconf 91' lang='lat'><strong>»</strong></span> <span class='ocrx_word' id='word_1_737' title='bbox 1537 4922 1754 4976; x_wconf 84' lang='lat' dir='ltr'><strong>frustra</strong></span> 
     </span>
    </p>
   </div>
   <div class='ocr_carea' id='block_1_99' title="bbox 95 5010 1751 5081">
    <p class='ocr_par' dir='ltr' id='par_1_99' title="bbox 95 5010 1751 5081">
     <span class='ocr_line' id='line_1_99' title="bbox 95 5010 1751 5081; baseline -0.002 -14"><span class='ocrx_word' id='word_1_738' title='bbox 95 5010 542 5066; x_wconf 86' lang='lat' dir='ltr'><strong>declinaverunt</strong></span> <span class='ocrx_word' id='word_1_739' title='bbox 571 5027 605 5064; x_wconf 90' lang='lat' dir='ltr'><strong>a</strong></span> <span class='ocrx_word' id='word_1_740' title='bbox 625 5011 813 5080; x_wconf 88' lang='lat' dir='ltr'><strong>justo,</strong></span> <span class='ocrx_word' id='word_1_741' title='bbox 847 5011 955 5065; x_wconf 88' lang='lat' dir='ltr'><strong>hoc</strong></span> <span class='ocrx_word' id='word_1_742' title='bbox 984 5016 1091 5077; x_wconf 88' lang='lat' dir='ltr'><strong>est,</strong></span> <span class='ocrx_word' id='word_1_743' title='bbox 1116 5011 1291 5064; x_wconf 87' lang='lat' dir='ltr'><strong>stulte</strong></span> <span class='ocrx_word' id='word_1_744' title='bbox 1323 5015 1566 5081; x_wconf 84' lang='lat' dir='ltr'><strong>egerunt</strong></span> <span class='ocrx_word' id='word_1_745' title='bbox 1599 5028 1751 5064; x_wconf 85' lang='lat' dir='ltr'><strong>rece-</strong></span> 
     </span>
    </p>
   </div>
   <div class='ocr_carea' id='block_1_100' title="bbox 96 5099 1751 5170">
    <p class='ocr_par' dir='ltr' id='par_1_100' title="bbox 96 5099 1751 5170">
     <span class='ocr_line' id='line_1_100' title="bbox 96 5099 1751 5170; baseline -0.001 -16"><span class='ocrx_word' id='word_1_746' title='bbox 96 5101 309 5155; x_wconf 84' lang='lat' dir='ltr'><strong>dentes</strong></span> <span class='ocrx_word' id='word_1_747' title='bbox 339 5116 373 5154; x_wconf 86' lang='lat' dir='ltr'><strong>a</strong></span> <span class='ocrx_word' id='word_1_748' title='bbox 401 5099 538 5166; x_wconf 88' lang='lat' dir='ltr'><strong>vita,</strong></span> <span class='ocrx_word' id='word_1_749' title='bbox 562 5104 619 5153; x_wconf 90' lang='lat' dir='ltr'><strong>et</strong></span> <span class='ocrx_word' id='word_1_750' title='bbox 646 5099 925 5170; x_wconf 82' lang='lat' dir='ltr'><strong>eligentes</strong></span> <span class='ocrx_word' id='word_1_751' title='bbox 954 5104 1222 5153; x_wconf 89' lang='lat' dir='ltr'><strong>mortem.</strong></span> <span class='ocrx_word' id='word_1_752' title='bbox 1251 5100 1567 5169; x_wconf 88' lang='lat' dir='ltr'><strong>Postquam</strong></span> <span class='ocrx_word' id='word_1_753' title='bbox 1597 5100 1751 5154; x_wconf 91' lang='lat' dir='ltr'><strong>idem</strong></span> 
     </span>
    </p>
   </div>
   <div class='ocr_carea' id='block_1_101' title="bbox 99 5187 1751 5258">
    <p class='ocr_par' dir='ltr' id='par_1_101' title="bbox 99 5187 1751 5258">
     <span class='ocr_line' id='line_1_101' title="bbox 99 5187 1751 5258; baseline -0.001 -15"><span class='ocrx_word' id='word_1_754' title='bbox 99 5188 257 5254; x_wconf 76' lang='lat' dir='ltr'><strong>fecit,</strong></span> <span class='ocrx_word' id='word_1_755' title='bbox 281 5187 422 5258; x_wconf 90' lang='lat' dir='ltr'><strong>quia</strong></span> <span class='ocrx_word' id='word_1_756' title='bbox 453 5187 800 5258; x_wconf 66' lang='lat' dir='ltr'><strong>prazvalebat</strong></span> <span class='ocrx_word' id='word_1_757' title='bbox 819 5188 1110 5254; x_wconf 86' lang='lat' dir='ltr'><strong>diabolus,</strong></span> <span class='ocrx_word' id='word_1_758' title='bbox 1133 5195 1190 5243; x_wconf 92' lang='lat' dir='ltr'><strong>ct</strong></span> <span class='ocrx_word' id='word_1_759' title='bbox 1221 5188 1430 5242; x_wconf 87' lang='lat' dir='ltr'><strong>succisi</strong></span> <span class='ocrx_word' id='word_1_760' title='bbox 1465 5194 1604 5242; x_wconf 87' lang='lat' dir='ltr'><strong>sunt</strong></span> <span class='ocrx_word' id='word_1_761' title='bbox 1633 5194 1751 5242; x_wconf 91' lang='lat' dir='ltr'><strong>tam</strong></span> 
     </span>
    </p>
   </div>
   <div class='ocr_carea' id='block_1_102' title="bbox 101 5276 1750 5350">
    <p class='ocr_par' dir='ltr' id='par_1_102' title="bbox 101 5276 1750 5350">
     <span class='ocr_line' id='line_1_102' title="bbox 101 5276 1750 5350; baseline -0.002 -18"><span class='ocrx_word' id='word_1_762' title='bbox 101 5278 401 5332; x_wconf 70' lang='lat' dir='ltr'><strong>daemones</strong></span> <span class='ocrx_word' id='word_1_763' title='bbox 433 5276 686 5330; x_wconf 89' lang='lat' dir='ltr'><strong>ministri</strong></span> <span class='ocrx_word' id='word_1_764' title='bbox 733 5277 893 5331; x_wconf 92' lang='lat' dir='ltr'><strong>illius</strong></span> <span class='ocrx_word' id='word_1_765' title='bbox 923 5295 1102 5350; x_wconf 88' lang='lat' dir='ltr'><strong>quam</strong></span> <span class='ocrx_word' id='word_1_766' title='bbox 1135 5277 1338 5331; x_wconf 51' lang='lat' dir='ltr'><strong>scriba:</strong></span> <span class='ocrx_word' id='word_1_767' title='bbox 1371 5281 1427 5329; x_wconf 86' lang='lat' dir='ltr'><strong>et</strong></span> <span class='ocrx_word' id='word_1_768' title='bbox 1459 5276 1750 5342; x_wconf 66' lang='lat' dir='ltr'><strong>I’Ilm‘iSa-i,</strong></span> 
     </span>
    </p>
   </div>
   <div class='ocr_carea' id='block_1_103' title="bbox 101 5364 1751 5436">
    <p class='ocr_par' dir='ltr' id='par_1_103' title="bbox 101 5364 1751 5436">
     <span class='ocr_line' id='line_1_103' title="bbox 101 5364 1751 5436; baseline -0.001 -16"><span class='ocrx_word' id='word_1_769' title='bbox 101 5366 460 5420; x_wconf 80' lang='lat' dir='ltr'><strong>addiderunt</strong></span> <span class='ocrx_word' id='word_1_770' title='bbox 509 5364 679 5420; x_wconf 91' lang='lat' dir='ltr'><strong>mites</strong></span> <span class='ocrx_word' id='word_1_771' title='bbox 726 5365 986 5419; x_wconf 69' lang='lat' dir='ltr'><strong>Imtitiam</strong></span> <span class='ocrx_word' id='word_1_772' title='bbox 1022 5381 1033 5419; x_wconf 91' lang='lat'>:</span> <span class='ocrx_word' id='word_1_773' title='bbox 1071 5369 1126 5419; x_wconf 88' lang='lat' dir='ltr'><strong>et</strong></span> <span class='ocrx_word' id='word_1_774' title='bbox 1158 5373 1465 5435; x_wconf 76' lang='lat' dir='ltr'><strong>pauperes</strong></span> <span class='ocrx_word' id='word_1_775' title='bbox 1521 5365 1751 5436; x_wconf 87' lang='lat' dir='ltr'><strong>spiritu,</strong></span> 
     </span>
    </p>
   </div>
   <div class='ocr_carea' id='block_1_104' title="bbox 99 5452 1200 5527">
    <p class='ocr_par' dir='ltr' id='par_1_104' title="bbox 99 5452 1200 5527">
     <span class='ocr_line' id='line_1_104' title="bbox 99 5452 1200 5527; baseline -0.001 -18"><span class='ocrx_word' id='word_1_776' title='bbox 99 5452 812 5527; x_wconf 67' lang='lat' dir='ltr'><strong>gentilesexsultaverunt</strong></span> <span class='ocrx_word' id='word_1_777' title='bbox 841 5454 899 5507; x_wconf 90' lang='lat' dir='ltr'><strong>in</strong></span> <span class='ocrx_word' id='word_1_778' title='bbox 935 5454 1200 5508; x_wconf 89' lang='lat' dir='ltr'><strong>Domino.</strong></span> 
     </span>
    </p>
   </div>
   <div class='ocr_carea' id='block_1_105' title="bbox 171 5541 1752 5614">
    <p class='ocr_par' dir='ltr' id='par_1_105' title="bbox 171 5541 1752 5614">
     <span class='ocr_line' id='line_1_105' title="bbox 171 5541 1752 5614; baseline -0.002 -16"><span class='ocrx_word' id='word_1_779' title='bbox 171 5568 199 5592; x_wconf 88' lang='grc'><strong>‹‹</strong></span> <span class='ocrx_word' id='word_1_780' title='bbox 227 5545 470 5614; x_wconf 81' lang='lat' dir='ltr'><strong>Propter</strong></span> <span class='ocrx_word' id='word_1_781' title='bbox 516 5542 637 5596; x_wconf 66' lang='lat' dir='ltr'><strong>hmo</strong></span> <span class='ocrx_word' id='word_1_782' title='bbox 678 5543 819 5596; x_wconf 89' lang='lat' dir='ltr'><strong>dicit</strong></span> <span class='ocrx_word' id='word_1_783' title='bbox 868 5542 1152 5596; x_wconf 87' lang='lat' dir='ltr'><strong>Dominus</strong></span> <span class='ocrx_word' id='word_1_784' title='bbox 1183 5543 1253 5596; x_wconf 90' lang='lat' dir='ltr'><strong>ad</strong></span> <span class='ocrx_word' id='word_1_785' title='bbox 1301 5541 1541 5593; x_wconf 90' lang='lat' dir='ltr'><strong>domum</strong></span> <span class='ocrx_word' id='word_1_786' title='bbox 1573 5542 1752 5596; x_wconf 82' lang='lat' dir='ltr'><strong>Jacoh</strong></span> 
     </span>
    </p>
   </div>
   <div class='ocr_carea' id='block_1_106' title="bbox 100 5629 1753 5704">
    <p class='ocr_par' dir='ltr' id='par_1_106' title="bbox 100 5629 1753 5704">
     <span class='ocr_line' id='line_1_106' title="bbox 100 5629 1753 5704; baseline -0.001 -17"><span class='ocrx_word' id='word_1_787' title='bbox 100 5633 196 5704; x_wconf 90' lang='lat' dir='ltr'><strong>qui</strong></span> <span class='ocrx_word' id='word_1_788' title='bbox 232 5631 482 5686; x_wconf 89' lang='lat' dir='ltr'><strong>redemit</strong></span> <span class='ocrx_word' id='word_1_789' title='bbox 503 5630 856 5685; x_wconf 75' lang='lat' dir='ltr'><strong>Abraham.»</strong></span> <span class='ocrx_word' id='word_1_790' title='bbox 878 5632 1178 5695; x_wconf 88' lang='lat' dir='ltr'><strong>Quomodo</strong></span> <span class='ocrx_word' id='word_1_791' title='bbox 1204 5629 1446 5684; x_wconf 87' lang='lat' dir='ltr'><strong>redemit</strong></span> <span class='ocrx_word' id='word_1_792' title='bbox 1471 5631 1753 5686; x_wconf 88' lang='lat' dir='ltr'><strong>Dominus</strong></span> 
     </span>
    </p>
   </div>
   <div class='ocr_carea' id='block_1_107' title="bbox 97 5719 1753 5791">
    <p class='ocr_par' dir='ltr' id='par_1_107' title="bbox 97 5719 1753 5791">
     <span class='ocr_line' id='line_1_107' title="bbox 97 5719 1753 5791; baseline -0.002 -14"><span class='ocrx_word' id='word_1_793' title='bbox 97 5721 394 5778; x_wconf 87' lang='lat' dir='ltr'><strong>Abraham</strong></span> <span class='ocrx_word' id='word_1_794' title='bbox 408 5721 435 5774; x_wconf 86' lang='lat'><strong>?</strong></span> <span class='ocrx_word' id='word_1_795' title='bbox 456 5719 730 5790; x_wconf 82' lang='lat' dir='ltr'><strong>Legimus</strong></span> <span class='ocrx_word' id='word_1_796' title='bbox 749 5720 806 5774; x_wconf 92' lang='lat' dir='ltr'><strong>in</strong></span> <span class='ocrx_word' id='word_1_797' title='bbox 824 5719 1087 5775; x_wconf 83' lang='lat' dir='ltr'><strong>historiis</strong></span> <span class='ocrx_word' id='word_1_798' title='bbox 1107 5737 1118 5774; x_wconf 87' lang='lat'><strong>:</strong></span> <span class='ocrx_word' id='word_1_799' title='bbox 1141 5719 1551 5786; x_wconf 70' lang='lat' dir='ltr'><strong>QuiaChaldwi</strong></span> <span class='ocrx_word' id='word_1_800' title='bbox 1571 5723 1753 5791; x_wconf 88' lang='lat' dir='ltr'><strong>proje-</strong></span> 
     </span>
    </p>
   </div>
   <div class='ocr_carea' id='block_1_108' title="bbox 1862 4741 3504 4815">
    <p class='ocr_par' dir='ltr' id='par_1_108' title="bbox 1862 4741 3504 4815">
     <span class='ocr_line' id='line_1_108' title="bbox 1862 4741 3504 4815; baseline 0.001 -18"><span class='ocrx_word' id='word_1_801' title='bbox 1862 4750 1976 4808; x_wconf 88' lang='lat' dir='ltr'><strong>tur,</strong></span> <span class='ocrx_word' id='word_1_802' title='bbox 2002 4741 2101 4813; x_wconf 90' lang='lat' dir='ltr'><strong>qui</strong></span> <span class='ocrx_word' id='word_1_803' title='bbox 2127 4742 2566 4812; x_wconf 84' lang='lat' dir='ltr'><strong>dereliquerunt</strong></span> <span class='ocrx_word' id='word_1_804' title='bbox 2594 4741 2779 4812; x_wconf 79' lang='lat' dir='ltr'><strong>legem</strong></span> <span class='ocrx_word' id='word_1_805' title='bbox 2813 4742 3036 4796; x_wconf 89' lang='lat' dir='ltr'><strong>Domini</strong></span> <span class='ocrx_word' id='word_1_806' title='bbox 3069 4748 3126 4798; x_wconf 89' lang='lat' dir='ltr'><strong>et</strong></span> <span class='ocrx_word' id='word_1_807' title='bbox 3155 4747 3504 4815; x_wconf 83' lang='lat' dir='ltr'><strong>transgressi</strong></span> 
     </span>
    </p>
   </div>
   <div class='ocr_carea' id='block_1_109' title="bbox 1861 4831 3508 4904">
    <p class='ocr_par' dir='ltr' id='par_1_109' title="bbox 1861 4831 3508 4904">
     <span class='ocr_line' id='line_1_109' title="bbox 1861 4831 3508 4904; baseline 0.002 -16"><span class='ocrx_word' id='word_1_808' title='bbox 1861 4838 1999 4888; x_wconf 89' lang='lat' dir='ltr'><strong>sunt</strong></span> <span class='ocrx_word' id='word_1_809' title='bbox 2017 4836 2187 4904; x_wconf 88' lang='lat' dir='ltr'><strong>pactn</strong></span> <span class='ocrx_word' id='word_1_810' title='bbox 2197 4850 2251 4885; x_wconf 89' lang='lat' dir='ltr'><strong>1n</strong></span> <span class='ocrx_word' id='word_1_811' title='bbox 2271 4833 2417 4901; x_wconf 90' lang='lat' dir='ltr'><strong>ejus.</strong></span> <span class='ocrx_word' id='word_1_812' title='bbox 2431 4833 2593 4888; x_wconf 85' lang='lat' dir='ltr'><strong>Nunc</strong></span> <span class='ocrx_word' id='word_1_813' title='bbox 2611 4831 3061 4903; x_wconf 60' lang='lat' dir='ltr'><strong>praeciditlsaias</strong></span> <span class='ocrx_word' id='word_1_814' title='bbox 3077 4833 3286 4903; x_wconf 88' lang='lat' dir='ltr'><strong>spiritu</strong></span> <span class='ocrx_word' id='word_1_815' title='bbox 3305 4840 3508 4892; x_wconf 89' lang='lat' dir='ltr'><strong>sancto</strong></span> 
     </span>
    </p>
   </div>
   <div class='ocr_carea' id='block_1_110' title="bbox 1861 4920 3506 4992">
    <p class='ocr_par' dir='ltr' id='par_1_110' title="bbox 1861 4920 3506 4992">
     <span class='ocr_line' id='line_1_110' title="bbox 1861 4920 3506 4992; baseline 0.001 -16"><span class='ocrx_word' id='word_1_816' title='bbox 1861 4921 2122 4976; x_wconf 88' lang='lat' dir='ltr'><strong>ebriatus</strong></span> <span class='ocrx_word' id='word_1_817' title='bbox 2155 4920 2456 4974; x_wconf 89' lang='lat' dir='ltr'><strong>historiam</strong></span> <span class='ocrx_word' id='word_1_818' title='bbox 2481 4939 2608 4991; x_wconf 64' lang='lat' dir='ltr'><strong>quae</strong></span> <span class='ocrx_word' id='word_1_819' title='bbox 2632 4920 2994 4992; x_wconf 88' lang='lat' dir='ltr'><strong>temporibus</strong></span> <span class='ocrx_word' id='word_1_820' title='bbox 3023 4922 3288 4977; x_wconf 66' lang='lat' dir='ltr'><strong>Jeremize</strong></span> <span class='ocrx_word' id='word_1_821' title='bbox 3319 4924 3506 4978; x_wconf 85' lang='lat' dir='ltr'><strong>adim-</strong></span> 
     </span>
    </p>
   </div>
   <div class='ocr_carea' id='block_1_111' title="bbox 1863 5007 3507 5083">
    <p class='ocr_par' dir='ltr' id='par_1_111' title="bbox 1863 5007 3507 5083">
     <span class='ocr_line' id='line_1_111' title="bbox 1863 5007 3507 5083; baseline 0.002 -19"><span class='ocrx_word' id='word_1_822' title='bbox 1863 5010 2141 5083; x_wconf 54' lang='lat' dir='ltr'><strong>pleta&#39;fest,</strong></span> <span class='ocrx_word' id='word_1_823' title='bbox 2159 5007 2394 5080; x_wconf 80' lang='lat' dir='ltr'><strong>quando</strong></span> <span class='ocrx_word' id='word_1_824' title='bbox 2421 5008 2958 5064; x_wconf 87' lang='lat' dir='ltr'><strong>Nabuchodonosor</strong></span> <span class='ocrx_word' id='word_1_825' title='bbox 2988 5027 3085 5064; x_wconf 89' lang='lat' dir='ltr'><strong>rex</strong></span> <span class='ocrx_word' id='word_1_826' title='bbox 3106 5009 3507 5067; x_wconf 74' lang='lat' dir='ltr'><strong>Chaldworum</strong></span> 
     </span>
    </p>
   </div>
   <div class='ocr_carea' id='block_1_112' title="bbox 1861 5097 3511 5165">
    <p class='ocr_par' dir='ltr' id='par_1_112' title="bbox 1861 5097 3511 5165">
     <span class='ocr_line' id='line_1_112' title="bbox 1861 5097 3511 5165; baseline 0.002 -12"><span class='ocrx_word' id='word_1_827' title='bbox 1861 5101 2017 5154; x_wconf 91' lang='lat' dir='ltr'><strong>venit</strong></span> <span class='ocrx_word' id='word_1_828' title='bbox 2038 5099 2096 5152; x_wconf 92' lang='lat' dir='ltr'><strong>in</strong></span> <span class='ocrx_word' id='word_1_829' title='bbox 2123 5097 2573 5165; x_wconf 84' lang='lat' dir='ltr'><strong>Hierusalem,et</strong></span> <span class='ocrx_word' id='word_1_830' title='bbox 2596 5097 3068 5152; x_wconf 83' lang='lat' dir='ltr'><strong>duxitSedeciam</strong></span> <span class='ocrx_word' id='word_1_831' title='bbox 3087 5100 3356 5154; x_wconf 87' lang='lat' dir='ltr'><strong>orbatum</strong></span> <span class='ocrx_word' id='word_1_832' title='bbox 3379 5118 3511 5157; x_wconf 88' lang='lat' dir='ltr'><strong>ocu-</strong></span> 
     </span>
    </p>
   </div>
   <div class='ocr_carea' id='block_1_113' title="bbox 1865 5187 3508 5259">
    <p class='ocr_par' dir='ltr' id='par_1_113' title="bbox 1865 5187 3508 5259">
     <span class='ocr_line' id='line_1_113' title="bbox 1865 5187 3508 5259; baseline 0.001 -16"><span class='ocrx_word' id='word_1_833' title='bbox 1865 5189 1936 5243; x_wconf 92' lang='lat' dir='ltr'><strong>lis</strong></span> <span class='ocrx_word' id='word_1_834' title='bbox 1985 5189 2357 5259; x_wconf 83' lang='lat' dir='ltr'><strong>ﬁliorumque</strong></span> <span class='ocrx_word' id='word_1_835' title='bbox 2406 5192 2611 5249; x_wconf 90' lang='lat' dir='ltr'><strong>morte,</strong></span> <span class='ocrx_word' id='word_1_836' title='bbox 2637 5192 2694 5241; x_wconf 90' lang='lat' dir='ltr'><strong>et</strong></span> <span class='ocrx_word' id='word_1_837' title='bbox 2737 5205 2969 5241; x_wconf 91' lang='lat' dir='ltr'><strong>omnem</strong></span> <span class='ocrx_word' id='word_1_838' title='bbox 3005 5187 3286 5258; x_wconf 88' lang='lat' dir='ltr'><strong>populum</strong></span> <span class='ocrx_word' id='word_1_839' title='bbox 3343 5195 3508 5246; x_wconf 69' lang='lat' dir='ltr'><strong>terrea</strong></span> 
     </span>
    </p>
   </div>
   <div class='ocr_carea' id='block_1_114' title="bbox 1866 5275 3510 5350">
    <p class='ocr_par' dir='ltr' id='par_1_114' title="bbox 1866 5275 3510 5350">
     <span class='ocr_line' id='line_1_114' title="bbox 1866 5275 3510 5350; baseline 0.001 -19"><span class='ocrx_word' id='word_1_840' title='bbox 1866 5297 2009 5350; x_wconf 84' lang='lat' dir='ltr'><strong>pene.</strong></span> <span class='ocrx_word' id='word_1_841' title='bbox 2040 5277 2368 5349; x_wconf 86' lang='lat' dir='ltr'><strong>captivavit,</strong></span> <span class='ocrx_word' id='word_1_842' title='bbox 2390 5276 2629 5346; x_wconf 87' lang='lat' dir='ltr'><strong>reliquis</strong></span> <span class='ocrx_word' id='word_1_843' title='bbox 2661 5275 2760 5346; x_wconf 88' lang='lat' dir='ltr'><strong>qui</strong></span> <span class='ocrx_word' id='word_1_844' title='bbox 2805 5281 3214 5332; x_wconf 86' lang='lat' dir='ltr'><strong>remanserunt</strong></span> <span class='ocrx_word' id='word_1_845' title='bbox 3254 5279 3510 5348; x_wconf 66' lang='lat' dir='ltr'><strong>praefecit</strong></span> 
     </span>
    </p>
   </div>
   <div class='ocr_carea' id='block_1_115' title="bbox 1864 5365 3507 5437">
    <p class='ocr_par' dir='ltr' id='par_1_115' title="bbox 1864 5365 3507 5437">
     <span class='ocr_line' id='line_1_115' title="bbox 1864 5365 3507 5437; baseline -0.001 -15"><span class='ocrx_word' id='word_1_846' title='bbox 1864 5368 2165 5422; x_wconf 78' lang='lat' dir='ltr'><strong>Godoliam</strong></span> <span class='ocrx_word' id='word_1_847' title='bbox 2191 5368 2286 5437; x_wconf 91' lang='lat' dir='ltr'><strong>qui</strong></span> <span class='ocrx_word' id='word_1_848' title='bbox 2311 5371 2432 5420; x_wconf 85' lang='lat' dir='ltr'><strong>erat</strong></span> <span class='ocrx_word' id='word_1_849' title='bbox 2453 5366 2524 5418; x_wconf 86' lang='lat' dir='ltr'><strong>de</strong></span> <span class='ocrx_word' id='word_1_850' title='bbox 2554 5365 2776 5418; x_wconf 89' lang='lat' dir='ltr'><strong>semine</strong></span> <span class='ocrx_word' id='word_1_851' title='bbox 2801 5366 2977 5435; x_wconf 85' lang='lat' dir='ltr'><strong>regio.</strong></span> <span class='ocrx_word' id='word_1_852' title='bbox 3002 5365 3174 5418; x_wconf 82' lang='lat' dir='ltr'><strong>Venit</strong></span> <span class='ocrx_word' id='word_1_853' title='bbox 3203 5371 3395 5420; x_wconf 88' lang='lat' dir='ltr'><strong>autem</strong></span> <span class='ocrx_word' id='word_1_854' title='bbox 3427 5367 3507 5422; x_wconf 90' lang='lat' dir='ltr'><strong>Is-</strong></span> 
     </span>
    </p>
   </div>
   <div class='ocr_carea' id='block_1_116' title="bbox 1863 5454 3510 5525">
    <p class='ocr_par' dir='ltr' id='par_1_116' title="bbox 1863 5454 3510 5525">
     <span class='ocr_line' id='line_1_116' title="bbox 1863 5454 3510 5525; baseline -0.001 -14"><span class='ocrx_word' id='word_1_855' title='bbox 1863 5457 2013 5511; x_wconf 87' lang='lat' dir='ltr'><strong>mael</strong></span> <span class='ocrx_word' id='word_1_856' title='bbox 2036 5460 2090 5510; x_wconf 88' lang='lat' dir='ltr'><strong>et</strong></span> <span class='ocrx_word' id='word_1_857' title='bbox 2109 5455 2204 5509; x_wconf 89' lang='lat' dir='ltr'><strong>alii</strong></span> <span class='ocrx_word' id='word_1_858' title='bbox 2229 5455 2334 5508; x_wconf 70' lang='lat' dir='ltr'><strong>viri</strong></span> <span class='ocrx_word' id='word_1_859' title='bbox 2359 5470 2610 5525; x_wconf 88' lang='lat' dir='ltr'><strong>nequam</strong></span> <span class='ocrx_word' id='word_1_860' title='bbox 2635 5470 2768 5507; x_wconf 91' lang='lat' dir='ltr'><strong>cum</strong></span> <span class='ocrx_word' id='word_1_861' title='bbox 2792 5471 2878 5519; x_wconf 89' lang='lat' dir='ltr'><strong>eo,</strong></span> <span class='ocrx_word' id='word_1_862' title='bbox 2896 5460 2952 5508; x_wconf 89' lang='lat' dir='ltr'><strong>et</strong></span> <span class='ocrx_word' id='word_1_863' title='bbox 2975 5454 3388 5509; x_wconf 87' lang='lat' dir='ltr'><strong>interfecerunt</strong></span> <span class='ocrx_word' id='word_1_864' title='bbox 3405 5456 3510 5510; x_wconf 90' lang='lat' dir='ltr'><strong>Go-</strong></span> 
     </span>
    </p>
   </div>
   <div class='ocr_carea' id='block_1_117' title="bbox 1863 5542 3508 5610">
    <p class='ocr_par' dir='ltr' id='par_1_117' title="bbox 1863 5542 3508 5610">
     <span class='ocr_line' id='line_1_117' title="bbox 1863 5542 3508 5610; baseline -0.001 -11"><span class='ocrx_word' id='word_1_865' title='bbox 1863 5546 2099 5610; x_wconf 87' lang='lat' dir='ltr'><strong>doliam,</strong></span> <span class='ocrx_word' id='word_1_866' title='bbox 2117 5544 2334 5597; x_wconf 75' lang='lat' dir='ltr'><strong>invidia</strong></span> <span class='ocrx_word' id='word_1_867' title='bbox 2351 5543 2506 5596; x_wconf 90' lang='lat' dir='ltr'><strong>ducti</strong></span> <span class='ocrx_word' id='word_1_868' title='bbox 2533 5547 2735 5596; x_wconf 88' lang='lat' dir='ltr'><strong>contra</strong></span> <span class='ocrx_word' id='word_1_869' title='bbox 2751 5543 3078 5596; x_wconf 86' lang='lat' dir='ltr'><strong>eum.Tunc</strong></span> <span class='ocrx_word' id='word_1_870' title='bbox 3096 5542 3279 5598; x_wconf 91' lang='lat' dir='ltr'><strong>nimio</strong></span> <span class='ocrx_word' id='word_1_871' title='bbox 3299 5544 3508 5598; x_wconf 89' lang='lat' dir='ltr'><strong>timore</strong></span> 
     </span>
    </p>
   </div>
   <div class='ocr_carea' id='block_1_118' title="bbox 1864 5630 3510 5704">
    <p class='ocr_par' dir='ltr' id='par_1_118' title="bbox 1864 5630 3510 5704">
     <span class='ocr_line' id='line_1_118' title="bbox 1864 5630 3510 5704; baseline -0.001 -15"><span class='ocrx_word' id='word_1_872' title='bbox 1864 5633 2149 5704; x_wconf 85' lang='lat' dir='ltr'><strong>perterriti</strong></span> <span class='ocrx_word' id='word_1_873' title='bbox 2176 5649 2378 5685; x_wconf 88' lang='lat' dir='ltr'><strong>omnes</strong></span> <span class='ocrx_word' id='word_1_874' title='bbox 2397 5630 2494 5702; x_wconf 89' lang='lat' dir='ltr'><strong>qui</strong></span> <span class='ocrx_word' id='word_1_875' title='bbox 2520 5635 2945 5700; x_wconf 83' lang='lat' dir='ltr'><strong>remanserunt,</strong></span> <span class='ocrx_word' id='word_1_876' title='bbox 2963 5636 3245 5685; x_wconf 86' lang='lat' dir='ltr'><strong>venerunt</strong></span> <span class='ocrx_word' id='word_1_877' title='bbox 3265 5632 3337 5686; x_wconf 88' lang='lat' dir='ltr'><strong>ad</strong></span> <span class='ocrx_word' id='word_1_878' title='bbox 3354 5633 3510 5687; x_wconf 87' lang='lat' dir='ltr'><strong>Jcre-</strong></span> 
     </span>
    </p>
   </div>
   <div class='ocr_carea' id='block_1_119' title="bbox 1863 5717 3506 5789">
    <p class='ocr_par' dir='ltr' id='par_1_119' title="bbox 1863 5717 3506 5789">
     <span class='ocr_line' id='line_1_119' title="bbox 1863 5717 3506 5789; baseline -0.001 -13"><span class='ocrx_word' id='word_1_879' title='bbox 1863 5721 2039 5776; x_wconf 82' lang='lat' dir='ltr'><strong>mium</strong></span> <span class='ocrx_word' id='word_1_880' title='bbox 2066 5719 2452 5789; x_wconf 85' lang='lat' dir='ltr'><strong>dixeruntque</strong></span> <span class='ocrx_word' id='word_1_881' title='bbox 2484 5717 2532 5772; x_wconf 90' lang='lat' dir='ltr'><strong>ei</strong></span> <span class='ocrx_word' id='word_1_882' title='bbox 2561 5734 2571 5770; x_wconf 92' lang='lat'>:</span> <span class='ocrx_word' id='word_1_883' title='bbox 2599 5718 2711 5770; x_wconf 86' lang='lat' dir='ltr'><strong>()ra</strong></span> <span class='ocrx_word' id='word_1_884' title='bbox 2743 5734 2845 5788; x_wconf 89' lang='lat' dir='ltr'><strong>pro</strong></span> <span class='ocrx_word' id='word_1_885' title='bbox 2887 5717 3054 5772; x_wconf 86' lang='lat' dir='ltr'><strong>nobis</strong></span> <span class='ocrx_word' id='word_1_886' title='bbox 3085 5719 3157 5773; x_wconf 86' lang='lat' dir='ltr'><strong>ad</strong></span> <span class='ocrx_word' id='word_1_887' title='bbox 3193 5719 3506 5776; x_wconf 89' lang='lat' dir='ltr'><strong>Dominum</strong></span> 
     </span>
    </p>
   </div>
  </div>
