3960 6388
436 448 557 513 863

853 447 1257 508 HAYMONIS
1288 446 1831 508 HALBEBSTA'I‘.
1862 440 2105 504 EPISC.
2138 439 2316 502 OPP.
2346 442 2442 503 PA
2457 443 2576 506 BS.
2611 444 2659 505 Ι.
2694 479 2771 489 -
2801 445 3211 508 COMMENT.
3245 446 3439 509 BIBL.

3735 448 3844 511 864

436 582 645 648 Deum,
669 583 728 637 et
756 580 850 637 dic
880 578 1020 652 quid
1051 594 1222 651 agere
1261 579 1602 635 debeamus.
1625 578 1900 635 Sciebant
1927 576 2083 633 enim
2114 572 2171 642 Α
2198 573 2361 632 Onus
2386 593 2519 633 vero
2544 578 2953 651 jumentorum
2974 578 3174 635 Austri
3203 579 3333 637 ideo
3353 580 3593 648 dicitur,
3614 580 3751 654 quia
3776 584 3843 638 ad

437 671 577 744 quia
591 686 695 742 pro
710 666 1366 724 interfectioneGodolize
1380 685 1557 740 quem
1575 665 2090 740 proposueratillis
2198 665 2518 721 australem
2540 668 2775 741 plagam
2807 668 3155 725 habitabant
3174 669 3315 741 ipsa;
3336 669 3584 726 tribuam
3614 671 3679 726 In
3702 674 3847 727 terra

435 757 991 823 Nabuchodonosor,
1007 756 1165 811 mala
1186 757 1417 829 passuri
1433 762 1620 813 erant.
1637 757 1871 812 Decimo
1891 760 2087 812 autem

2195 754 2594 812 tribulationis
2640 761 2697 812 et
2745 758 3053 830 angustiae.
3081 780 3111 807 ››
3140 760 3320 815 Terra
3369 758 3769 816 tribulationis
3793 766 3848 816 et

435 845 525 904 die
550 850 864 919 postquam
884 845 971 900 illi
988 846 1306 902 Jeremiam
1327 846 1772 913 consuluerunt,
1790 846 1977 901 factus
1999 848 2089 900 est
2196 845 2502 916 angustim,
2526 845 2776 901 latitudo
2798 846 2957 902 illius
2979 847 3158 903 eremi
3180 846 3527 920 appellatur,
3553 864 3657 920 per
3675 863 3844 921 quam

432 952 625 994 sermo
642 934 874 991 Domini
898 936 970 990 ad
992 934 1162 989 illum
1187 935 1390 992 dicens
1410 954 1459 991 :«
1480 937 1583 991 Die
1604 935 1848 1008 reliquis
1872 934 1971 1007 qui
1998 952 2085 990 re-

429 1028 781 1081 manserunt
811 1041 824 1079 :
860 1025 1089 1081 Manete
1126 1024 1187 1079 in
1219 1024 1344 1080 loco
1373 1024 1507 1092 isto,
1542 1030 1600 1081 et
1630 1031 1931 1097 protegam
1961 1042 2082 1092 vos,

426 1113 655 1185 eritque
687 1112 850 1168 vobis
899 1114 1066 1169 bene.
1090 1135 1117 1162 »
1139 1114 1404 1186 Cumque
1443 1114 1729 1170 Jeremias
1761 1114 1882 1169 haec
1910 1115 2086 1169 verba

425 1202 511 1259 eis
542 1201 861 1268 retulisset,
884 1202 1159 1258 dixerunt
1190 1203 1272 1258 illi
1304 1220 1316 1259 :
1346 1226 1373 1254 ‹‹
1405 1205 1531 1259 Non
1563 1205 1935 1259 manebimus
1965 1204 2082 1275 hic,

425 1293 528 1349 sed
560 1292 633 1347 ad
669 1292 981 1364 [Egyptum
1014 1291 1330 1364 fugiamus,
1356 1310 1426 1347 ne
1452 1294 1594 1348 forte
1628 1292 1951 1348 moriamur
1971 1293 2082 1348 isto

422 1382 483 1437 in
516 1381 643 1437 loco
672 1380 965 1437 interfecti
999 1399 1033 1436 a
1061 1380 1406 1437 Chaldaeis.»
1428 1404 1455 1432 «
1478 1382 1550 1437 Ut
1590 1382 1858 1438 faceretis
1888 1383 2081 1438 consi-

420 1470 592 1537 lium,
619 1473 814 1527 etnon
836 1488 905 1526 ex
926 1487 1021 1525 me
1045 1487 1058 1525 :
1083 1474 1140 1525 et
1169 1470 1511 1526 ordiremini
1530 1471 1728 1539 telam,
1750 1475 1808 1526 et
1831 1489 1944 1525 non
1978 1489 2083 1544 per

420 1559 702 1633 spiritum
731 1575 953 1615 meum.
979 1580 1007 1611 »
1031 1559 1359 1616 Consilium
1407 1563 1464 1615 et
1512 1560 1688 1615 telam
1735 1560 1907 1616 orditi
1941 1566 2082 1616 sunt

418 1649 648 1722 absque
672 1649 973 1706 voluntate
1000 1648 1254 1717 Domini,
1279 1649 1514 1722 quando
1537 1649 1843 1705 dixerunt:
1870 1650 2079 1707 Melius

417 1742 510 1797 est
539 1741 605 1794 ut
633 1737 933 1811 fugiamus
955 1737 1015 1794 in
1038 1740 1350 1811 lEgyptum
1378 1744 1437 1795 et
1457 1738 1535 1795 ibi
1566 1739 1880 1807 salvemur,
1897 1757 2076 1813 quam

415 1828 517 1886 hic
547 1827 976 1884 interﬁeiamur
1004 1846 1038 1883 a
1068 1828 1376 1884 Chaldzeis.

489 1941 517 1968 «
539 1916 646 1985 Qui
665 1916 983 2013 ambulatis
1004 1920 1071 1973 ut
1088 1918 1461 2013 descendetis
1482 1917 1541 1973 in
1560 1920 1892 1991 Egyptum,
1924 1922 1983 1975 et
2010 1937 2076 1975 os
2102 1947 2153 2013 Β

415 2022 618 2064 meum
639 2023 755 2062 non
788 2005 1249 2079 interrogastis.»
1275 2006 1421 2062 Cum
1445 2007 1584 2063 dicit
1606 2008 1706 2080 qui
1732 2009 2071 2078 ambulatis,

413 2094 680 2167 loquitur
705 2095 779 2151 de
810 2096 1009 2151 futuro
1032 2095 1201 2168 quasi
1227 2096 1298 2152 de
1329 2097 1622 2169 praesenti.
1648 2098 1792 2153 Nam
1819 2099 1891 2153 ab
1925 2098 2076 2155 Isaia

414 2184 520 2257 qui
544 2184 656 2240 hoc
677 2183 943 2256 praedixit
962 2200 1152 2257 usque
1174 2186 1245 2241 ad
1272 2186 1588 2242 Jeremiam
1611 2187 1783 2258 cujus
1803 2187 2076 2260 tempori-

415 2272 531 2329 bus
550 2270 941 2345 adimpletum
961 2275 1069 2341 est,
1090 2278 1327 2329 centum
1345 2274 1774 2347 quinquaginta
1796 2278 1934 2331 anni
1956 2276 2075 2331 fue-

414 2364 575 2418 runt.
601 2383 631 2412 «
654 2361 732 2417 Os
762 2377 984 2429 meum,
1008 2384 1036 2410 ››
1058 2361 1272 2434 inquit,
1304 2363 1416 2418 hoc
1445 2367 1534 2419 est
1561 2363 1900 2419 Jeremiam.
1935 2366 2072 2420 Pro-

417 2449 608 2523 pheta:
635 2464 892 2522 namque
912 2466 980 2505 os
1001 2450 1229 2506 Domini
1257 2451 1649 2523 appellantur,
1667 2452 1809 2525 quia
1828 2471 1931 2526 per
1951 2454 2075 2509 illo-

416 2552 552 2594 rum
575 2554 678 2593 ora
698 2537 1071 2609 omnipotens
1086 2538 1249 2628 Deus.
1264 2541 1673 2612 mysteriorum
1700 2560 1913 2598 arcana
1933 2562 2075 2617 prae-

415 2625 560 2681 dicit
591 2643 605 2682 :
637 2625 804 2682 Unde
832 2624 1025 2682 solent
1058 2624 1351 2701 prophetae
1384 2628 1466 2684 ita
1496 2630 1688 2686 dicere
1721 2648 1779 2686 :«
1803 2632 1880 2688 Os
1914 2633 2070 2688 enim

415 2714 652 2773 Domini
680 2715 945 2771 locutum
976 2720 1085 2772 est.
1111 2737 1140 2767 »

487 2827 519 2857 «
547 2806 618 2860 Et
644 2804 756 2861 erit
782 2805 949 2861 vobis
1000 2806 1280 2863 fortitudo
1332 2808 1653 2866 Pharaonis
1686 2811 1743 2865 in
1775 2813 2070 2869 confusio-

412 2910 607 2950 nem.»
632 2893 857 2950 Pharao
884 2911 1096 2951 nomen
1119 2896 1423 2968 dignitatis
1444 2902 1533 2953 est
1552 2900 1706 2971 apud
1731 2902 2029 2975 rEgyptios
2054 2919 2068 2957 :

412 2982 569 3040 sicut
602 2982 759 3055 apud
792 2983 1087 3040 Romanos
1119 2989 1186 3040 ut
1220 2985 1471 3059 Augusti
1500 2991 1557 3042 et
1586 2988 1841 3044 Caesares
1868 2991 2071 3063 appel-

412 3071 699 3129 larentur.
724 3071 827 3129 Ille
871 3073 1031 3129 enim
1071 3074 1295 3131 Pharao
1343 3077 1515 3148 cujus
1562 3078 1928 3150 temporibus
1974 3079 2071 3135 isti

412 3162 806 3235 confugerunt
831 3161 892 3218 in
936 3164 1270 3235 Egyptum,
1294 3164 1408 3221 alio
1440 3165 1675 3222 nomine
1713 3168 1881 3223 Vafrc
1910 3169 2068 3224 voci-

412 3251 673 3323 tabatur,
703 3250 860 3307 sicut
889 3254 948 3307 et
977 3252 1200 3309 Pharao
1228 3252 1480 3310 Nechao.

485 3364 515 3389 «
551 3320 745 3395 lerant
773 3340 931 3394 enim
963 3340 1258 3413 principes
1288 3344 1371 3397 tui
1407 3344 1466 3398 iu
1497 3345 1763 3415 Tapbnis
1787 3351 1845 3401 et
1874 3348 2069 3402 nuntii
2099 3320 2142 3385 (ἶ

411 3428 503 3484 tui
528 3443 717 3498 usque
747 3427 820 3482 ad
849 3428 1003 3482 Anes
1024 3427 1302 3502 [Thanes]
1332 3439 1774 3502 pervenerunt.»
1800 3435 1912 3490 Iste
1944 3454 2067 3491 ver-

413 3514 636 3572 siculos
657 3513 877 3570 ironice
891 3520 984 3571 est
1000 3515 1305 3587 legendus.
1318 3522 1397 3574 Ac
1420 3521 1466 3575 si
1487 3521 1734 3578 diceret:
1756 3525 2067 3581 Recessisti

412 3602 545 3658 ideo
577 3618 613 3657 a
640 3616 734 3657 me
764 3605 832 3657 ut
871 3603 989 3658 ires
1037 3604 1095 3658 in
1146 3606 1427 3677 Tapbnis,
1452 3610 1592 3679 quid
1646 3610 1749 3666 tibi
1804 3613 2071 3683 profuit?

412 3691 679 3765 Tapbnis
710 3692 916 3748 civitas
962 3696 1051 3748 est
1099 3694 1313 3769 regalis
1362 3698 1610 3770 lEgypti,
1640 3700 1698 3754 in
1748 3719 1865 3772 qua
1910 3704 2066 3777 magi

412 3786 619 3838 contra
650 3780 850 3837 Mosen
882 3779 1051 3854 signa
1080 3783 1363 3840 fecerunt.
1384 3788 1537 3843 Anes
1558 3788 1735 3845 etiam
1759 3792 1962 3848 civitas
1983 3798 2073 3848 est

410 3870 472 3927 in
502 3870 724 3927 ﬁnibus
756 3870 1177 3945 Egyptiorum.

486 3982 515 4012 ‹‹
528 3960 747 4017 Omnes
760 3960 988 4017 confusi
1003 3966 1143 4017 sunt
1158 3980 1337 4035 suqer
1356 3964 1570 4037 populo
1585 3968 1681 4038 qui
1698 3968 1782 4024 eis
1796 3971 2071 4041 prodesse

410 4068 528 4107 non
550 4050 762 4124 potuit.
778 4073 805 4100 ‹‹
832 4050 985 4106 Dicit
1008 4052 1216 4108 beatus
1251 4052 1659 4128 Hieronymus,
1676 4058 1815 4130 quia
1836 4061 2071 4131 quando

408 4139 497 4197 illi
520 4139 714 4195 ierunt
734 4138 795 4195 in
814 4140 1122 4212 [Egyptum
1146 4142 1219 4197 ad
1243 4141 1539 4200 civitatem
1558 4147 1821 4219 Tapbnis
1839 4167 2073 4221 speran-

411 4231 501 4285 tes
531 4227 756 4301 protegi
780 4245 816 4283 a
837 4226 1183 4284 fortitudine
1205 4228 1542 4299 Pharaonis,
1571 4233 1673 4287 ivit
1698 4237 1911 4306 pariter
1933 4254 2069 4292 cum

410 4317 497 4375 eis
518 4317 830 4373 Jeremias.
848 4316 1274 4390 Accipiensque
1296 4336 1542 4393 magnos
1564 4322 1790 4394 lapides
1813 4342 2072 4399 compor-

411 4405 557 4462 tavit
576 4403 711 4460 illos
733 4421 914 4476 super
932 4408 1161 4476 portam
1186 4405 1457 4479 civitatis,
1471 4414 1529 4465 et
1546 4411 1692 4467 dixit
1709 4429 1758 4466 :u
1780 4414 1911 4469 Haec
1930 4415 2074 4470 dicit

412 4493 700 4552 Dominus
726 4509 739 4548 :
765 4494 914 4549 Ecce
941 4509 1048 4567 ego
1077 4495 1367 4552 adducam
1398 4499 1937 4559 Nabuchodonosor
1957 4522 2074 4561 ser-

410 4600 551 4641 vum
573 4598 794 4650 meum,
816 4586 876 4638 et
892 4587 1069 4655 ponet
1088 4585 1287 4640 sedem
1306 4603 1475 4643 suam
1496 4605 1676 4660 super
1694 4590 1803 4648 hos
1825 4592 2072 4664 lapides,

2193 934 2527 1002 Johannan,
2563 934 2720 989 ﬁlius
2753 935 2966 1000 Careze,
3002 935 3218 1008 aliique
3249 937 3428 992 duces
3470 936 3844 1010 reliquiarum

2195 1024 2658 1079 transduxerunt
2701 1024 2761 1078 in
2809 1026 3121 1097 /Egyptum
3152 1026 3313 1098 ipsas
3343 1025 3625 1097 reliquias
3654 1030 3848 1082 contra

2194 1117 2551 1184 prmeeptum
2571 1114 2933 1169 Domini.Vel
2959 1115 3088 1186 ipsa
3109 1119 3264 1171 terra
3279 1116 3339 1171 in
3357 1116 3496 1188 quia
3510 1115 3672 1171 ducti
3689 1121 3845 1181 sunt,

2193 1202 2393 1258 afﬂicti
2418 1203 2673 1258 miseriis
2704 1203 2928 1260 multis.
2956 1204 3119 1271 Quod
3151 1208 3347 1259 autem
3371 1204 3514 1259 dicit
3532 1227 3562 1254 «
3584 1204 3766 1260 lessus
3792 1211 3847 1260 et

2191 1291 2341 1347 leo.»
2365 1292 2471 1347 Per
2499 1292 2742 1347 lemnam
2766 1292 3130 1349 Hierusalem
3154 1298 3244 1349 est
3264 1292 3645 1365 intelligenda
3667 1298 3727 1349 et
3755 1312 3847 1366 po-

2190 1380 2369 1452 pulus
2390 1381 2539 1451 ejus.
2565 1382 2635 1435 Et
2666 1398 2769 1452 per
2795 1382 3022 1437 leonem
3048 1381 3359 1437 Johannan
3390 1381 3611 1454 aliique
3640 1383 3845 1455 princi-

2191 1486 2313 1542 pes.
2349 1470 2656 1525 Permanet
2696 1470 2755 1524 in
2806 1470 3152 1542 metaphora
3182 1486 3316 1526 cum
3357 1470 3498 1527 dicit
3524 1494 3554 1521 «
3585 1487 3654 1528 ex
3684 1471 3791 1540 eis,
3817 1495 3844 1521 κ

2190 1559 2477 1614 subaudis
2491 1559 2804 1630 jumentis,
2831 1559 2892 1614 id
2919 1563 3028 1626 est,
3052 1576 3121 1615 ex
3143 1558 3326 1615 leaena
3343 1563 3401 1615 et
3416 1558 3584 1616 leone
3603 1564 3744 1616 nata
3759 1565 3845 1616 est

2195 1665 2217 1695 ι
2250 1647 2469 1719 vipera,
2495 1652 2552 1702 et
2582 1647 2822 1720 regulus
2852 1647 3080 1713 volans,
3103 1669 3131 1698 »
3157 1648 3267 1704 hoc
3286 1651 3377 1704 est
3397 1648 3510 1705 cito
3530 1649 3840 1706 transiens.

2188 1735 2329 1802 Quis
2352 1735 2577 1791 audivit
2597 1737 3010 1808 hujuscemodi
3035 1754 3182 1804 rem,
3202 1739 3268 1792 ut
3289 1753 3357 1792 ex
3384 1735 3568 1793 leaena
3595 1741 3655 1793 et
3678 1738 3846 1795 leone

2185 1825 2441 1881 oriretur
2454 1826 2654 1898 vipera
2673 1830 2730 1880 et
2752 1824 3010 1899 regulus.
3025 1826 3203 1887 Juxta
3220 1825 3529 1882 historiam
3548 1826 3705 1882 enim
3728 1844 3839 1884 non

2185 1918 2327 1969 sunt
2358 1914 2530 1970 ﬁrma
2559 1913 2784 1969 ratione
2833 1914 3106 1970 tenenda.
3139 1913 3406 1970 Diximus
3449 1930 3706 1988 namque
3742 1932 3844 1989 per

2183 2002 2426 2058 lemnam
2459 2007 2516 2058 et
2548 2003 2773 2059 leonem
2807 1992 3129 2075 signiﬁcari
3156 2001 3520 2060 Hierusalem
3548 2008 3609 2060 et
3634 2003 3843 2077 princi-

2184 2109 2286 2164 pes
2312 2093 2461 2164 ejus,
2488 2096 2787 2147 servantes
2809 2091 3237 2164 metaphoram.
3263 2092 3372 2148 Per
3393 2092 3653 2165 viperam
3670 2097 3730 2149 et
3754 2111 3841 2150 re-

2182 2180 2390 2255 gulum
2419 2179 2572 2237 ﬁlios
2591 2180 2828 2235 illorum
2850 2177 3239 2254 intelligi,'qui
3263 2181 3431 2253 quasi
3453 2197 3522 2238 ex
3539 2183 3839 2240 venenatis

2182 2270 2527 2343 parentibus
2558 2269 2843 2342 procreati
2884 2269 3159 2325 virulenti
3191 2275 3622 2339 remanserunt,
3641 2275 3701 2328 et
3721 2271 3838 2328 cito

2181 2359 2546 2415 transierunt
2568 2359 2724 2414 sicut
2743 2364 2800 2414 et
2818 2362 3017 2432 patres
3038 2376 3264 2415 eorum.
3283 2360 3365 2416 De
3388 2359 3521 2417 istis
3549 2359 3692 2416 dicit
3718 2362 3836 2418 Do-

2181 2448 2381 2504 minus
2410 2448 2468 2504 in
2504 2447 2818 2521 Evangelio
2843 2465 2856 2503 :
2883 2470 2911 2498 ‹‹
2937 2449 3248 2505 Generatio
3275 2449 3606 2522 viperarum
3626 2450 3831 2520 (lauit.

2179 2541 2305 2603 xu).
2320 2539 2390 2593 Et
2410 2538 2712 2610 generatio
2734 2537 2949 2594 mala.»
2966 2538 3037 2593 Et
3059 2537 3250 2594 Moses
3268 2538 3638 2596 :«Generatio
3656 2557 3835 2613 prava

2181 2631 2358 2700 atque
2389 2644 2664 2700 perversa
2678 2629 2853 2697 (Deut.
2876 2629 3115 2697 xxxn).»
3139 2647 3168 2678 «
3191 2627 3490 2685 Portantes
3518 2644 3694 2702 super
3718 2629 3835 2686 hu-

2181 2733 2375 2773 meros
2398 2719 2810 2789 jumentorum
2839 2716 3076 2773 divitias
3107 2733 3308 2773 suas.»
3330 2716 3446 2789 Ipsi
3474 2721 3669 2790 patres
3696 2735 3832 2775 cum

2180 2806 2305 2863 suis
2326 2805 2464 2862 ﬁliis
2488 2809 2867 2878 portaverunt
2882 2804 3116 2862 divitias
3132 2823 3270 2862 suas
3291 2808 3349 2862 et
3368 2806 3670 2863 thesauros
3690 2825 3832 2864 suos

2180 2912 2358 2968 super
2374 2895 2650 2967 jumenta
2667 2899 2724 2949 et
2744 2911 2924 2966 super
2942 2893 3222 2962 comelos,
3249 2894 3537 2967 fugientes
3555 2896 3624 2951 ad
3652 2912 3836 2969 popu-

2178 2984 2303 3041 lum
2327 2983 2724 3057 IEgyptiorum
2747 2983 2846 3056 qui
2872 2983 2957 3040 eis
2980 3000 3096 3039 non
3130 2983 3384 3056 profuit:
3411 2983 3549 3056 quia
3565 2984 3831 3042 veniente

2178 3073 2737 3140 Nabuchodonosor,
2766 3072 2920 3127 sicut
2937 3073 3065 3143 jam
3089 3073 3311 3128 dictum
3331 3076 3440 3141 est,
3463 3070 3676 3144 pariter
3691 3090 3824 3129 cum

2178 3162 2460 3235 Egyptiis
2502 3161 2562 3216 in
2596 3161 2811 3234 quibus
2850 3162 3243 3229 conﬁdebant,
3273 3162 3443 3228 fame,
3475 3161 3822 3234 captivitate,

2179 3252 2375 3326 gladio
2407 3268 2626 3323 perere.
2662 3254 2940 3323 Egyptus
2968 3250 3126 3305 enim
3156 3251 3375 3306 frustra
3403 3255 3461 3306 et
3489 3249 3661 3306 inane
3689 3266 3826 3323 pro-

2180 3340 2346 3396 misit
2375 3339 2658 3395 auxilium
2692 3343 2970 3411 praestare
2993 3338 3131 3407 illis,
3159 3338 3436 3412 quoniam
3458 3342 3516 3395 et
3534 3337 3646 3411 ipsi
3670 3338 3827 3396 simi-

2177 3428 2312 3485 liter
2342 3427 2497 3501 capti
2529 3431 2670 3483 sunt
2699 3446 2735 3483 a
2763 3427 3070 3483 Chaldaeis.
3092 3451 3124 3478 «
3155 3428 3288 3484 Ideo
3313 3450 3341 3479 »
3375 3427 3657 3483 subaudis
3687 3428 3823 3500 quia

2181 3540 2210 3569 ‹‹
2229 3520 2506 3591 lEgyptus
2529 3519 2747 3573 frustra
2765 3516 3159 3572 auxiliabatur
3179 3517 3227 3573 ei
3251 3534 3265 3571 :
3289 3516 3529 3573 clamavi
3552 3516 3825 3589 superbia

2179 3611 2411 3663 tantum
2443 3611 2591 3673 est,»
2615 3604 2901 3661 subaudis
2931 3605 2991 3660 in
3015 3609 3252 3678 Egypto
3282 3609 3340 3661 et
3368 3604 3428 3660 in
3458 3605 3714 3677 potentia
3740 3622 3825 3661 re-

2178 3698 2299 3769 gni,
2325 3700 2383 3752 et
2420 3712 2535 3751 non
2586 3695 2869 3750 fontitudo
2900 3694 3058 3750 belli.
3089 3718 3111 3744 ι
3148 3694 3409 3762 Quiesce,
3431 3715 3460 3745 »
3490 3693 3547 3749 id
3593 3698 3683 3750 est
3727 3694 3823 3750 hic

2180 3800 2353 3840 mane
2378 3783 2439 3838 in
2478 3788 2633 3839 terra
2662 3786 2783 3838 tua.
2816 3782 2941 3839 Vox
2987 3782 3089 3839 Dei
3140 3781 3557 3854 omnipotentis
3583 3782 3653 3837 ad
3686 3782 3822 3837 reli-

2179 3872 2372 3947 quias.
2395 3874 2466 3927 Et
2509 3872 2620 3928 hoc
2650 3872 2805 3944 quod
2836 3871 3203 3945 temporibus
3232 3871 3496 3927 Jeremiaa
3521 3869 3821 3944 impletum

2178 3967 2291 4032 est,
2316 3967 2576 4035 tempore
2612 3960 2773 4017 Isaiae
2806 3961 3163 4034 przsdicitur.

2254 4074 2282 4103 «
2300 4053 2467 4107 Nunc
2490 4051 2795 4124 ingressus
2816 4051 3008 4106 scribe
3028 4049 3112 4106 eis
3133 4066 3312 4122 super
3329 4050 3605 4105 buxum.»
3622 4048 3827 4121 Loqui-

2178 4145 2276 4197 tur
2298 4140 2586 4197 Dominus
2609 4140 2681 4195 ad
2712 4139 3029 4196 Jeremiam
3055 4156 3067 4195 :
3094 4139 3139 4195 Ο
3158 4138 3576 4207 Jeremia,cum
3605 4138 3827 4211 ingres-

2180 4249 2283 4287 sus
2308 4230 2492 4285 fueris
2513 4228 2572 4283 in
2607 4232 2915 4300 Egyptum
2937 4245 3076 4284 cum
3107 4227 3214 4295 eis,
3235 4227 3427 4284 scribe
3445 4226 3752 4300 diligenter
3766 4224 3825 4280 in

2180 4322 2334 4377 buxo
2364 4324 2422 4374 et
2450 4318 2511 4372 in
2541 4317 2694 4373 libro
2723 4317 2834 4373 hoc
2854 4318 3013 4389 quod
3046 4316 3130 4374 eis
3152 4316 3412 4388 pradixi,
3436 4332 3517 4371 un
3546 4332 3662 4371 non
3678 4313 3833 4370 irent

2180 4410 2241 4466 in
2272 4412 2602 4481 Egyptum,
2633 4407 2734 4463 sed
2765 4409 3072 4462 manerent
3120 4406 3177 4461 in
3228 4405 3353 4461 loco
3400 4405 3534 4461 isto.
3552 4404 3627 4460 Et
3651 4419 3832 4477 quam

2180 4498 2452 4573 praccipio
2486 4496 2590 4552 tibi
2624 4496 2881 4552 scribere
2908 4495 3108 4552 istud?
3140 4496 3212 4553 Ut
3247 4496 3600 4568 cognoscant
3626 4508 3833 4549 omnes

2182 4590 2282 4663 qui
2306 4587 2565 4660 legerent
2586 4603 2654 4641 ea
2675 4602 2770 4641 me
2789 4584 2908 4641 illis
2930 4585 3083 4640 bona
3104 4582 3528 4657 permisisse,et
3548 4580 3679 4637 illos
3698 4597 3829 4637 con-

410 4676 470 4729 et
493 4672 952 4745 comprehendet
974 4689 1077 4727 vos
1099 4673 1317 4746 pariter
1335 4692 1470 4731 cum
1493 4677 1770 4736 omnibus
1792 4683 2073 4754 Egyptiis
2101 4691 2151 4755 D
2180 4683 2273 4735 tra
2302 4694 2396 4733 me
2427 4674 2584 4731 mala
2602 4674 2847 4747 egisse:
2871 4675 2942 4730 Et
2970 4673 3131 4729 erit»
3159 4672 3277 4729 illis
3300 4671 3591 4743 scriptura
3610 4692 3637 4720 ι(
3659 4669 3720 4724 in
3750 4673 3832 4725 te-

410 4760 472 4817 in
504 4760 724 4833 quibus
755 4761 961 4817 cenﬁsi
983 4762 1147 4828 estis,
1174 4767 1232 4818 et
1252 4764 1519 4835 peribitis
1540 4768 1715 4834 fame,
1738 4771 2073 4843 captivitate

412 4849 587 4918 dura,
616 4853 674 4905 et
701 4848 898 4921 gladio
932 4866 946 4904 :
979 4867 1046 4905 eo
1091 4852 1247 4922 quod
1297 4852 1571 4910 noluistis
1618 4858 1821 4913 audire
1868 4877 2068 4917 vocem

412 4954 629 4995 meam.
664 4942 732 4993 ut
762 4937 1111 4994 habitaretis
1141 4940 1201 4994 in
1233 4945 1389 4996 terra
1416 4948 1668 5000 vestra.»

485 5048 515 5079 α
546 5025 710 5082 Onus
746 5028 1154 5099 jumentorum
1186 5030 1404 5085 Austri.
1435 5055 1457 5081 ιι
1488 5033 1622 5090 Post
1649 5037 1850 5093 decem
1893 5056 2071 5096 onera

411 5114 778 5171 diversarum
808 5116 1098 5187 gentium,
1121 5118 1432 5175 undecimo
1464 5121 1589 5177 loco
1628 5142 1780 5182 onus
1811 5128 2069 5199 reliqua-

412 5219 545 5260 rum
570 5205 825 5259 duarum
847 5206 1110 5261 tribuum
1135 5208 1392 5277 ponitur,
1411 5209 1469 5265 id
1493 5216 1582 5267 est
1604 5213 1796 5269 tribus
1818 5216 1983 5272 Judaa
2014 5223 2073 5274 et

412 5291 722 5364 Benjamin
747 5309 761 5346 :
785 5309 914 5365 quze
941 5302 1353 5352 remanserunt
1372 5298 1547 5354 ducto
1576 5302 1816 5360 Sedecia
1839 5310 1895 5359 et
1916 5307 2071 5378 prin-

413 5380 649 5453 cipibus
675 5381 875 5451 populi
907 5381 967 5437 in
1000 5382 1375 5454 Babylonem.
1401 5387 1506 5452 Qui
1544 5388 1670 5445 ideo
1693 5392 1967 5461 jumenta
1995 5398 2070 5452 ob

414 5469 506 5523 sui
539 5468 1053 5526 insensibilitatem
1076 5473 1466 5545 appellantur,
1493 5478 1632 5549 quia
1654 5481 1948 5553 ﬂagellum
1967 5486 2068 5540 Dei

415 5554 539 5641 sibi
570 5554 802 5641 instans
843 5576 955 5615 non
1006 5559 1445 5619 declinaverunt
1490 5584 1594 5637 per
1642 5572 2068 5641 pmnitentiam.

416 5639 585 5695 Unde
605 5639 666 5691 in
688 5644 911 5710 psalmo
932 5647 1177 5717 legitur:
1201 5649 1384 5706 Homo
1405 5670 1539 5708 cum
1568 5656 1626 5710 in
1649 5639 1874 5713 honore
1895 5667 2069 5730 esset,

416 5730 795 5796 comparatus
815 5737 906 5788 est
916 5733 1210 5805 jumentis
1230 5737 1644 5811 insipientibus
1664 5747 1836 5815 (Psat.
1856 5752 2070 5823 xnvm).

2181 4764 2530 4825 stimonlum
2562 4764 2621 4820 in
2652 4764 2748 4820 die
2795 4762 3136 4832 novissimo,
3164 4786 3191 4813 »
3222 4762 3283 4817 id
3312 4765 3404 4818 est
3458 4760 3520 4816 in
3572 4764 3834 4831 tempore

2179 4857 2360 4928 hujus
2392 4852 2921 4910 consummationis
2951 4868 3087 4907 cum
3117 4850 3340 4907 venerit
3371 4847 3833 4905 Nabuchodono-

2179 4964 2277 5003 sor
2307 4961 2485 5017 super
2522 4945 2852 5015 Egyptum,
2885 4945 2943 4997 et
2974 4938 3481 5013 comprehenderit
3514 4940 3636 4994 tam
3664 4941 3832 5009 Egy-

2179 5035 2332 5108 ptios
2355 5049 2531 5105 quam
2564 5029 2699 5085 illos
2729 5028 2831 5100 qui
2875 5029 2948 5083 ad
2989 5045 3194 5083 eorum
3238 5025 3523 5082 auxilium
3552 5023 3829 5095 confuge-

2180 5128 2331 5191 rant,
2355 5145 2382 5171 ‹‹
2416 5124 2475 5176 et
2505 5135 2694 5191 usque
2726 5118 2787 5172 in
2818 5122 3105 5173 azternum
3134 5113 3474 5172 memoriale
3501 5112 3613 5170 erit
3640 5111 3828 5168 omni-

2178 5214 2291 5270 bus
2311 5231 2337 5264 n
2374 5208 2708 5281 legentibus
2738 5205 2859 5263 sive
2888 5205 3287 5262 audientibus.

2252 5326 2278 5352 ‹‹
2305 5298 2562 5372 Populus
2592 5297 2751 5351 enim
2783 5296 2855 5351 ad
2886 5294 3253 5351 iracundiam
3284 5308 3602 5366 provocans
3628 5292 3741 5357 est,
3772 5292 3831 5344 et

2180 5393 2283 5449 ﬁlii
2300 5385 2923 5445 mendaces.Judaicus
2937 5383 3190 5456 populus
3207 5400 3322 5438 non
3337 5381 3526 5437 solum
3543 5379 3825 5443 inenemo,

2179 5483 2279 5538 sed
2305 5480 2479 5535 etiam
2504 5477 2563 5530 in
2586 5479 2741 5530 terra
2762 5473 2873 5529 sibi
2897 5475 3033 5528 data
3049 5490 3083 5527 a
3105 5472 3365 5538 Domino,
3381 5486 3611 5542 semper
3627 5467 3696 5523 ad
3724 5466 3829 5522 irae

2181 5568 2457 5626 cundiam
2482 5563 2799 5620 Dominum
2822 5578 3135 5634 provocare
3162 5564 3403 5633 paratus
3424 5558 3553 5614 fuit.
3587 5555 3827 5612 Mendax

2182 5659 2337 5716 enim
2373 5655 2504 5721 fuit,
2540 5651 2774 5723 quando
2807 5650 2989 5705 dixit:
3018 5673 3038 5699 α
3077 5650 3290 5706 Omnia
3318 5665 3446 5720 qua:
3484 5646 3713 5702 locutus
3742 5646 3828 5700 est

2182 5745 2493 5808 Dominus,
2512 5740 2796 5797 faciemus
2819 5739 3009 5812 (Emori.
3029 5739 3201 5811 xxrv).
3227 5762 3248 5788 ι
3270 5739 3341 5794 Et
3369 5736 3565 5794 statim
3594 5750 3823 5791 conver-
