3960 6384
460 489 579 549 867

883 487 1294 548 HAYMONIS
1327 483 1873 546 HALBERSTAT.
1911 482 2158 544 EPISC.
2193 482 2367 543 OPP.
2405 483 2604 544 PAllS
2637 483 2685 542 Ι.
2719 513 2798 529 -
2826 481 3234 544 COMMENT.
3263 484 3466 544 BIBL.

3767 484 3874 543 868

458 626 550 678 tos
581 622 885 676 credentes
905 617 1160 692 legimus
1181 617 1468 673 clamasse
1495 617 1565 672 ad
1591 615 1996 683 Dominum,et
2023 618 2110 670 ta-
2140 614 2198 682 Α
2225 619 2283 670 et
2315 631 2420 688 ego
2442 620 2698 671 revertar
2746 617 2819 672 ad
2871 633 2974 672 vos
3003 617 3188 686 (Zach.
3224 617 3282 688 l),
3314 619 3371 671 et
3412 614 3776 671 revertimini
3809 617 3874 670 ad

458 727 588 767 men
608 726 723 763 non
749 707 948 764 statim
973 707 1280 762 exauditos
1301 706 1881 762 esse.0ravitbeatus
1905 705 2126 759 Paulus
2235 721 2328 758 me
2362 703 2418 757 in
2453 707 2573 758 toto
2593 705 2766 759 corde
2783 708 2974 760 vestro
2995 707 3118 760 :»ut
3136 705 3228 760 his
3243 703 3740 760 admonitionibus
3756 704 3877 759 ﬂexi

460 803 523 854 ut
569 797 866 852 auferetur
913 796 986 852 ab
1039 812 1106 851 eo
1161 795 1406 868 spiritus
1453 796 1682 850 Satanas
1723 794 1794 864 (II
1825 794 1947 849 Cor.
1997 795 2122 865 xu),

456 887 555 942 sed
587 889 783 940 tamen
816 901 931 940 non
955 885 1307 940 obtinuit.Et
1329 901 1511 956 quare
1534 883 1643 938 hoc
1660 884 1688 938 Ἰ
1717 883 1799 938 Ne
1831 883 2123 956 magnitu—

454 974 590 1028 dine
621 972 1041 1046 revelatipnem
1072 973 1610 1028 extolleretur.ldeo
1641 973 1818 1028 etiam
1842 972 1988 1028 solet
2019 971 2124 1026 dif-

453 1061 589 1118 ferri
611 1066 814 1118 nostra
863 1061 1201 1135 postulatio,
1246 1065 1312 1118 ut
1369 1061 1680 1135 praemium
1725 1060 1984 1134 amplius
2016 1077 2120 1134 pro

451 1151 886 1224 perseverantia
915 1151 1242 1224 capiamus.

525 1263 552 1291 ‹‹
575 1240 648 1296 Et
678 1239 843 1296 dabit
861 1241 1027 1296 vobis
1049 1241 1336 1296 Dominus
1351 1257 1559 1312 panem
1579 1244 1805 1296 arctnm
1829 1243 2117 1312 etaquam

450 1329 706 1386 brevem.
735 1353 764 1379 »
793 1329 1007 1385 Dicunt
1030 1329 1274 1397 Hebraei,
1307 1329 1449 1402 quia
1468 1330 1702 1402 quando
1725 1329 1944 1402 egressi
1978 1332 2120 1384 sunt

449 1419 524 1474 de
554 1418 911 1491 captivitate,
945 1436 1159 1492 panem
1178 1423 1407 1474 arctum
1427 1423 1484 1474 et
1501 1435 1714 1490 aquam
1741 1419 2117 1487 brevem,hoc

449 1511 542 1563 est
571 1507 831 1580 inopiam
858 1508 972 1564 cibi
1005 1511 1064 1562 et
1094 1511 1289 1578 potus,
1321 1507 1678 1572 habuerunt,
1710 1506 1975 1563 volentes
2006 1507 2115 1562 hoc

450 1597 666 1652 referre
696 1598 767 1651 ad
801 1613 884 1651 se.
915 1597 1028 1652 Sed
1059 1597 1202 1650 dicit
1246 1597 1456 1652 beatus
1497 1596 1887 1668 Hieronymus
1919 1595 2114 1668 potius

451 1686 822 1741 referendum
849 1702 978 1740 esse
1010 1685 1082 1740 ad
1115 1685 1423 1758 populum,
1455 1685 1516 1740 in
1549 1685 1776 1740 unitate
1809 1685 1942 1740 ﬁdei
1973 1703 2110 1740 con-

451 1777 782 1846 gregatum.
809 1773 914 1828 Per
937 1791 1145 1846 panem
1169 1790 1304 1846 ergo
1323 1777 1379 1830 et
1395 1789 1610 1845 aquam
1628 1773 1980 1846 intelligitur
2000 1773 2112 1828 isto

449 1863 512 1918 in
544 1861 670 1918 loco
699 1861 969 1918 doctrina
998 1863 1332 1935 evangelica
1374 1880 1502 1935 quae
1541 1867 1704 1918 arcta
1732 1867 1822 1917 est
1851 1863 1924 1916 ad
1947 1879 2112 1916 com-

450 1952 814 2023 parationem
849 1951 1012 2024 legis.
1041 1952 1192 2019 Quid
1213 1951 1370 2006 enim
1403 1951 1646 2016 arctius,
1669 1968 1847 2022 quam
1882 1951 1939 2004 in
1974 1951 2113 2006 duo-
2142 1987 2190 2052 B

440 2041 563 2095 'bus
592 2041 888 2096 mandatis
909 2040 1096 2114 legem
1129 2044 1186 2097 et
1209 2039 1524 2114 prophetas
1541 2041 1860 2096 consistere
1879 2039 2108 2094 ‘IDomi-

450 2145 566 2185 nus
601 2129 746 2184 dicit
777 2129 836 2184 in
870 2129 1220 2202 Evangelio:
1262 2153 1282 2180 ι
1319 2129 1538 2202 Diliges
1570 2129 1886 2184 Dominum
1920 2129 2107 2184 Deum

449 2221 620 2273 tuum
643 2235 712 2273 ex
741 2221 864 2274 toto
898 2219 1070 2273 corde
1110 2222 1234 2284 tuo,
1257 2222 1314 2273 et
1362 2217 1696 2290 proximum
1749 2223 1920 2272 tuum
1953 2217 2108 2273 sicut

449 2305 706 2377 teipsum
736 2301 965 2377 ((Matth.
1001 2306 1160 2378 χχιι).
1197 2329 1225 2356 ››
1256 2308 1328 2362 Et
1358 2307 1616 2362 addidit:
1653 2307 1714 2361 In
1748 2305 1842 2361 his
1873 2307 2107 2362 duobus

451 2394 748 2448 mandatis
769 2398 890 2449 tota
921 2393 1012 2449 lex
1036 2395 1250 2466 pendet
1279 2399 1336 2450 et
1354 2394 1648 2466 prophetze
1677 2394 1886 2466 (Ibid).
1912 2394 2108 2449 Scien-

450 2481 592 2536 dum
613 2485 891 2554 przeterea
907 2481 1046 2553 quia
1061 2486 1266 2537 sancta
1282 2482 1586 2554 Scriptura
1598 2482 1916 2554 aliquando
1937 2483 2105 2538 nobis

449 2574 542 2624 est
563 2570 754 2642 panis,
778 2569 1095 2642 aliquando
1128 2571 1430 2642 aqua.lllis
1476 2571 1634 2626 enim
1665 2570 1725 2626 in
1759 2570 1902 2626 locis
1933 2572 2104 2643 panis

449 2662 560 2725 est,
595 2659 694 2714 ubi
728 2659 1020 2730 profunda
1050 2663 1107 2713 et
1128 2659 1358 2714 occulta
1389 2664 1528 2714 sunt
1547 2661 1964 2732 mysteriaqum
1987 2679 2102 2716 non

447 2747 616 2802 facile
643 2765 676 2802 a
691 2747 860 2803 nobis
882 2748 1419 2819 intelliguntur,sed
1447 2748 1614 2820 quasi
1633 2750 1966 2805 mandendo
1982 2749 2105 2821 glu-

445 2839 695 2903 tiuntur,
727 2842 794 2892 ut
842 2842 932 2892 est
963 2838 1141 2892 illud:
1170 2861 1196 2888 ι(
1232 2839 1294 2894 In
1344 2838 1629 2910 principio
1676 2843 1801 2894 erat
1843 2839 2100 2896 Verbum

445 2929 623 2997 (Joan.
654 2926 716 2999 ι).
753 2949 781 2976 ››
809 2928 977 2998 Aqua
996 2945 1130 2983 vero
1162 2931 1420 2996 est,cum
1457 2928 1626 2984 facile
1659 2929 1910 3001 capitur,
1948 2930 2104 2984 sicut

443 3021 533 3073 est
563 3016 906 3089 superﬁcies
935 3015 1320 3084 litteralis,vel
1353 3022 1556 3090 aperta
1587 3019 1888 3091 mysteria,
1915 3024 1983 3073 ut
2013 3023 2102 3074 est

444 3105 626 3162 illud:
662 3127 691 3155 «
727 3105 897 3162 Pater
926 3110 1124 3161 noster
1153 3105 1253 3178 qui
1287 3123 1350 3162 es
1381 3107 1438 3161 in
1469 3106 1650 3162 cmlis.
1687 3130 1714 3156 »

515 3217 544 3244 «
576 3196 646 3250 Et
676 3212 790 3250 non
810 3195 982 3251 faciet
1001 3195 1229 3251 avolare
1247 3200 1352 3251 ate
1367 3196 1520 3252 ultra
1545 3197 1842 3252 doctorem
1869 3202 2096 3253 tuum.»

443 3283 657 3339 Doctor
675 3289 874 3339 noster
899 3283 1170 3340 Christus
1200 3289 1308 3350 est,
1354 3285 1453 3357 qui
1489 3303 1597 3341 nos
1629 3287 1798 3341 docet
1827 3285 2100 3342 intrinse-

443 3388 548 3428 cus
573 3372 927 3444 (Greg.).Nisi
962 3373 1246 3429 Dominus
1266 3391 1366 3428 cor
1385 3374 1763 3430 illustraverit
1780 3376 2096 3449 audientis,

440 3460 501 3514 in
534 3475 750 3514 vanum
783 3457 1012 3515 laborat
1035 3460 1240 3533 lingua
1273 3462 1556 3517 docentis.
1599 3463 1724 3518 Non
1757 3463 1931 3520 faciet
1959 3482 2096 3538 ergo

444 3545 693 3613 avolare,
726 3547 836 3602 hoc
867 3551 957 3603 est
987 3549 1256 3604 recedere
1287 3566 1320 3604 a
1349 3554 1405 3604 te
1423 3551 1577 3606 Deus
1607 3550 1793 3617 Pater,
1829 3569 1860 3607 o
1884 3554 2097 3626 popule

441 3633 791 3704 Christiane,
817 3635 973 3692 ultra
1002 3637 1298 3693 doctorem
1338 3641 1528 3704 tuum,
1554 3639 1654 3711 qui
1687 3645 1925 3712 prepter
1963 3660 2094 3715 pec-

440 3727 640 3780 catum
672 3723 942 3781 Ecclesia:
972 3741 1087 3781 non
1119 3727 1408 3782 abstrahit
1430 3727 1614 3784 ﬁlium
1635 3729 1706 3784 ab
1728 3746 1794 3784 ea
1821 3747 1922 3802 per
1943 3749 2096 3788 com-

439 3829 682 3869 munem
709 3831 1063 3871 consensum
1087 3815 1397 3888 utriusque
1431 3834 1690 3888 personas
1725 3819 2090 3887 Deitatis,sed

439 3903 607 3960 docet
639 3920 742 3976 per
793 3903 1086 3960 internam
1137 3905 1610 3976 inspirationem:
1655 3908 1811 3979 quod
1861 3909 2092 3980 plenius

438 3993 800 4066 implebitur,
825 3995 1059 4067 quando
1103 3994 1214 4050 erit
1257 3995 1412 4051 Deus
1469 3996 1670 4052 omnia
1715 3997 1787 4070 in.
1813 3998 2090 4057 omnibus

437 4083 486 4155 (Ι
513 4085 638 4140 Cor.
672 4083 784 4154 xv),
817 4088 873 4139 et
901 4101 1035 4139 eum
1086 4084 1184 4139 illo
1236 4085 1363 4139 sine
1411 4085 1527 4140 ﬁne
1575 4087 1926 4158 regnabunt.
1958 4111 1985 4138 ‹‹
2019 4089 2092 4144 Et

437 4176 612 4228 erunt
642 4173 794 4228 oculi
819 4173 926 4242 tui,
963 4197 990 4223 ››
1022 4174 1131 4230 hoc
1156 4179 1244 4230 est
1275 4173 1424 4229 oculi
1459 4175 1674 4231 mentis
1705 4179 1813 4231 tum
1839 4177 2089 4232 «viden-

435 4264 526 4318 tes
556 4266 970 4334 praaceptorem
1001 4267 1194 4334 tuum,
1233 4284 1259 4310 η
1294 4263 1484 4334 ipsum
1529 4265 1731 4320 Jesum
1765 4265 2084 4322 Christum.

436 4350 609 4406 Modo
637 4349 898 4407 Ecclesia
929 4367 1032 4424 per
1076 4351 1293 4407 mentis
1343 4353 1896 4426 contemplationem
1936 4355 2092 4412 videt

435 4439 622 4495 Deum
653 4439 713 4494 in
745 4455 868 4512 spe,
891 4443 1032 4496 tunc
1063 4444 1261 4496 autem
1293 4440 1512 4497 videbit
1541 4441 1603 4496 in
1632 4441 1916 4515 idipsum.

511 4551 534 4579 α
565 4529 637 4584 Et
661 4545 832 4585 aures
871 4532 986 4585 ture
1031 4529 1270 4586 audient
1313 4547 1512 4586 vocem
1549 4535 1684 4604 post
1711 4535 1940 4604 tergum
1972 4550 2092 4589 mo-

433 4617 652 4674 nentis.
690 4640 716 4668 ››
749 4619 992 4684 Quando
1015 4619 1392 4693 omnipotens
1429 4620 1584 4676 Deus
1614 4620 1872 4692 primum
1906 4621 2089 4678 homi-

2233 793 2528 848 anteriora
2558 797 2850 865 petamus.
2879 815 2906 844 ‹‹
2940 795 3069 848 Haec
3100 799 3190 850 est
3209 793 3318 862 via,
3355 817 3382 843 »
3407 795 3463 849 id
3495 798 3606 859 est,
3636 794 3772 850 ﬁdei
3801 812 3877 849 re-

2233 881 2458 936 ctitude
2483 899 2607 954 quae
2641 887 2729 937 est
2786 882 3056 938 Christus
3089 907 3117 932 ‹‹
3159 882 3457 938 ambulate
3499 882 3558 937 in
3591 900 3680 938 ea.
3715 906 3743 932 η
3770 882 3880 938 Vox

2231 970 2444 1025 Christi
2469 972 2541 1025 ad
2592 973 2916 1038 credentes,
2940 972 3184 1028 hortans
3226 971 3357 1028 illos
3389 977 3454 1027 ut
3483 972 3794 1044 proﬁciant
3821 974 3879 1026 de

2228 1059 2447 1114 virtute
2481 1060 2536 1114 in
2570 1061 2870 1115 virtutem.
2905 1061 3035 1116 llaec
3055 1065 3145 1116 est
3164 1060 3340 1127 via,id
3372 1064 3480 1126 est,
3495 1061 3768 1116 Christus
3789 1063 3878 1133 qui

2231 1147 2376 1203 dixit
2404 1148 2465 1202 in
2497 1149 2874 1222 Evangeliom
2907 1150 3027 1221 Ego
3059 1165 3191 1204 sum
3212 1147 3373 1204 viaet
3392 1149 3604 1205 veritas
3633 1153 3692 1205 et
3709 1150 3877 1204 vita.»

2229 1237 2378 1302 Quid
2407 1242 2498 1292 est
2523 1237 2899 1293 ambularein
2923 1236 3159 1304 via,nisi
3172 1236 3465 1294 Christum
3490 1237 3706 1293 imitari
3721 1238 3875 1310 ?Ipse

2227 1342 2484 1397 namque
2515 1326 2688 1381 dixit:
2724 1349 2751 1377 «
2785 1325 2845 1382 Si
2875 1326 2966 1381 vis
2992 1327 3288 1398 perfectus
3319 1343 3468 1397 esse,
3499 1327 3667 1392 vade,
3699 1329 3876 1382 vende

2226 1415 2427 1470 omnia
2447 1433 2574 1488 qum
2605 1415 2810 1482 habes,
2837 1419 2895 1471 et
2911 1432 3156 1488 sequere
3206 1433 3299 1471 me
3327 1416 3533 1485 (Matth.
3561 1416 3704 1488 χιχ).
3744 1439 3774 1466 ››
3794 1417 3874 1482 Et,

2225 1503 2326 1576 qui
2359 1505 2503 1560 mihi
2536 1505 2835 1560 ministrat
2866 1522 2960 1561 me
2990 1505 3356 1577 sequatur,id
3380 1511 3573 1562 estme
3593 1505 3875 1562 imitetur.

2301 1614 2329 1643 ‹‹
2351 1594 2551 1666 Neque
2573 1594 2644 1648 ad
2677 1595 2977 1649 dexteram
2995 1611 3185 1666 neque
3210 1595 3281 1649 ad
3314 1593 3613 1650 sinistram
3629 1594 3878 1650 decline-

2225 1682 2322 1736 tis.
2355 1704 2384 1734 »
2415 1683 2716 1748 Quomodo
2775 1687 2970 1756 potest
3009 1682 3226 1755 aliquis
3257 1684 3327 1760 ad
3382 1684 3675 1739 dexteram
3700 1684 3876 1739 decli-

2223 1773 2410 1828 nare?
2441 1773 2718 1844 Nunquid
2751 1772 2802 1828 si
2830 1789 2934 1845 per
2955 1773 3252 1828 dexteram
3277 1772 3561 1838 ambulat,
3591 1790 3710 1828 non
3745 1790 3874 1846 gra-

2221 1859 2384 1916 ditur
2408 1867 2564 1917 recte
2585 1862 2614 1916 ?
2644 1861 2923 1917 Salomon
2974 1877 3230 1932 namque
3259 1861 3432 1916 dixit:
3466 1885 3494 1912 ‹‹
3527 1861 3668 1918 Vias
3687 1879 3815 1934 quae
3844 1879 3874 1918 ε

2221 1950 2441 2005 dextris
2463 1955 2603 2007 sunt
2624 1950 2782 2006 novit
2814 1949 3101 2006 Dominus
3133 1949 3590 2023 (Pro-v.1v).»Sed
3623 1951 3750 2024 ipse
3766 1951 3871 2006 alio

2221 2037 2276 2093 in
2304 2038 2427 2094 loco
2459 2039 2747 2096 ostendit:
2782 2039 2924 2112 quid
2978 2039 3056 2094 sit
3113 2039 3404 2096 declinare
3444 2040 3515 2095 ad
3549 2040 3863 2108 dexteram,

2225 2144 2360 2183 cum
2393 2128 2556 2184 dicit.
2590 2129 2672 2184 Ne
2702 2129 2787 2184 sis
2818 2128 3071 2184 multum
3117 2129 3372 2201 sapiens,
3396 2144 3584 2201 neque
3613 2129 3697 2186 sis
3723 2130 3868 2186 mul-

2221 2221 2350 2271 tum
2357 2217 2580 2288 justus.
2607 2219 2824 2289 (Ecclcs.
2859 2221 2963 2286 γι).
2999 2218 3209 2272 Omnia
3239 2217 3396 2272 enim
3427 2234 3560 2274 cum
3597 2235 3872 2274 mensura

2223 2306 2378 2361 bona
2408 2308 2657 2362 sunt.Ad
2689 2309 2986 2364 dexteram
3005 2323 3140 2379 ergo
3159 2306 3536 2380 declinat,qui
3569 2307 3724 2363 ultra
3739 2325 3870 2364 san-

2217 2400 2372 2450 ctam
2389 2395 2797 2468 religiosorum
2819 2395 3318 2451 conversationem
3339 2395 3642 2468 praetendit
3659 2397 3870 2452 sancti-

2217 2486 2418 2539 tatem.
2453 2485 2546 2540 Sic
2598 2484 2796 2557 itaque
2828 2485 3002 2540 debet
3034 2485 3442 2556 unusquisque
3465 2485 3672 2556 justus
3704 2502 3870 2558 appa-

2215 2589 2361 2638 rere,
2385 2579 2451 2628 ut
2479 2574 2552 2629 de
2584 2573 2684 2628 illo
2735 2574 3020 2629 veraciter
3075 2573 3262 2645 possit
3288 2573 3424 2641 diei,
3474 2575 3624 2646 quod
3668 2575 3740 2628 de
3772 2575 3866 2630 Za-

2213 2661 2414 2716 charia
2443 2666 2500 2716 et
2530 2661 2824 2717 Elisabeth
2860 2661 3084 2717 dictum
3135 2666 3223 2717 est
3243 2663 3392 2732 (Luc.
3409 2668 3481 2730 1):
3513 2686 3539 2712 ‹‹
3564 2663 3739 2718 Erant
3760 2681 3861 2718 au-

2212 2753 2327 2804 tem
2353 2750 2502 2821 justi
2536 2751 2710 2806 ambo
2743 2756 2876 2806 ante
2900 2751 3104 2818 Deum,
3138 2751 3470 2806 incedentes
3501 2751 3558 2806 in
3589 2753 3862 2807 omnibus

2213 2839 2506 2894 mandatis
2538 2840 2793 2910 Domini,
2827 2840 2954 2896 sine
2977 2839 3386 2912 querela,»hoc
3415 2844 3504 2895 est
3518 2840 3640 2896 sine
3663 2857 3859 2912 repre-

2211 2927 2514 2984 hensione.
2559 2929 2642 2984 Ad
2689 2927 2990 2984 sinistram
3045 2932 3241 2984 autem
3293 2927 3582 2986 declinare
3627 2934 3754 2984 est:
3787 2930 3856 2984 de

2211 3019 2362 3074 bono
2394 3017 2624 3074 deviare
2641 3017 2714 3072 ad
2744 3017 2987 3072 malum.
3013 3016 3320 3090 Nihilcrgo
3344 3016 3552 3074 melius
3565 3021 3851 3089 est,quam

2209 3107 2372 3179 regia
2397 3106 2492 3163 via
2521 3106 2932 3180 gradiendum.
2965 3129 2994 3156 «
3036 3107 3106 3161 Et
3144 3105 3566 3162 contaminabis
3603 3104 3850 3162 laminas

2209 3195 2577 3267 sculptilium
2617 3195 2843 3268 argenti
2890 3195 2999 3250 tui.
3036 3218 3063 3245 ››
3097 3194 3382 3267 Loquitur
3401 3212 3591 3250 sermo
3621 3195 3850 3252 divinus

2212 3285 2487 3357 gentibus
2509 3286 2580 3340 ad
2597 3285 2772 3340 ﬁdem
2795 3284 3321 3356 venientibus,quaz
3343 3283 3679 3341 idololatria:
3699 3285 3855 3340 dedi-

2130 3357 2173 3424 C
2214 3378 2283 3428 tte
2315 3377 2499 3440 erant,
2526 3373 2792 3444 jacentes
2822 3372 2881 3426 in
2911 3372 3216 3428 volutabro
3245 3371 3543 3428 vitiorum.
3575 3372 3619 3428 Ο
3643 3373 3852 3445 popule

2206 3462 2556 3528 Christiane,
2583 3478 2716 3516 cum
2746 3461 3012 3518 venerint
3057 3459 3304 3534 apostoli
3335 3459 3450 3516 mei
3475 3461 3853 3532 praedicantes

2205 3552 2367 3624 regni
2400 3549 3102 3619 verbum,contaminabis
3132 3554 3216 3616 tu,
3241 3549 3351 3606 hoc
3377 3554 3466 3606 est
3493 3551 3852 3607 contamina-

2203 3644 2322 3694 tam
2339 3639 2613 3712 projicies
2633 3639 3125 3708 omnem,scilicet
3143 3638 3676 3708 idololatriam,tam
3696 3639 3850 3696 scul-

2205 3729 2344 3802 ptile
2375 3747 2553 3801 quam
2586 3729 2878 3786 conflatile
2909 3747 2978 3785 ex
3008 3745 3150 3786 auro
3177 3727 3264 3784 vel
3301 3732 3563 3801 argento,
3593 3743 3724 3784 cum
3756 3747 3847 3786 ve-

2203 3819 2416 3884 stibus,
2441 3819 2498 3873 id
2531 3823 2622 3874 est
2642 3835 2778 3874 cum
2800 3818 3078 3874 omnibus
3099 3816 3528 3874 ornamentisin
3543 3815 3726 3872 locum
3743 3817 3847 3873 im-

2202 3909 2382 3963 mund
2393 3907 2888 3980 um,etdisperges
2901 3907 3237 3962 minutatim
3252 3906 3406 3962 sicut
3418 3905 3845 3962 immunditiam

2201 3999 2579 4052 menstruataa
2612 3995 2902 4052 mulieris.
2937 4019 2966 4046 «
3001 3997 3289 4069 Egredere
3319 4000 3376 4051 et
3406 3995 3562 4051 dices
3582 3993 3654 4050 ei.
3679 4017 3706 4044 η
3726 3995 3842 4050 Vox

2200 4085 2299 4141 Dei
2333 4084 2780 4157 omnipotentis.
2815 4085 2860 4140 Ο
2895 4085 3047 4141 Isaia
3085 4083 3172 4140 vel
3195 4083 3448 4141 Jerem’ia
3477 4085 3767 4157 egredere,
3790 4089 3840 4139 et

2200 4173 2294 4229 dic
2325 4174 2541 4247 populo
2570 4174 2924 4230 Christiano.

2271 4287 2301 4314 «
2335 4265 2404 4319 Et
2433 4264 2671 4320 dabitur
2700 4263 2898 4336 pluvia
2927 4263 3138 4320 semini
3169 4263 3651 4336 tuo,ubicumque
3667 4265 3839 4320 semi-

2200 4351 2430 4408 naveris
2451 4353 2511 4408 in
2542 4357 2717 4409 terra.
2754 4375 2782 4402 »
2830 4352 3118 4426 Propheta
3171 4351 3432 4426 loquitur
3459 4353 3530 4408 de
3549 4352 3838 4426 gentibus.

2201 4440 2462 4496 Pluviam
2484 4441 2740 4514 appellat
2751 4441 3002 4514 gratiam
3017 4442 3201 4499 sancti
3217 4441 3702 4515 Spiritus.Semen
3713 4457 3839 4496 vero

2198 4531 2440 4586 verbum
2475 4529 2775 4586 doctrinae.
2804 4533 2883 4586 Ac
2916 4529 2966 4586 si
2997 4530 3214 4586 diceret
3259 4529 3390 4586 aliis
3419 4529 3642 4586 verbis:
3667 4530 3711 4586 Ο
3741 4531 3840 4585 Ec-

2199 4617 2378 4674 clesia
2407 4618 2476 4674 de
2502 4617 2777 4691 gentibus
2805 4623 3178 4692 congregata,
3211 4619 3446 4674 dabitur
3472 4618 3659 4691 gratia
3686 4617 3841 4674 cale-

435 4721 569 4762 nem
603 4706 870 4762 condidit
890 4725 924 4762 a
946 4724 1061 4780 quo
1092 4725 1298 4763 omnes
1319 4708 1606 4781 originem
1624 4709 1919 4776 ducimus,
1953 4729 2088 4767 san-
2119 4727 2166 4792 D
2198 4709 2306 4765 stis
2335 4707 2612 4763 doctrinm
2643 4713 2777 4775 tute,
2811 4712 2878 4764 ut
2909 4707 3519 4780 ubicumque,idestin
3533 4723 3839 4778 quamcun-

435 4799 595 4850 ctum
621 4795 978 4868 justumque
1010 4812 1250 4868 corpore
1284 4800 1341 4851 et
1375 4796 1592 4879 qnima,
1627 4798 1684 4853 in
1721 4799 1925 4854 faciem
1958 4801 2087 4871 ejus

432 4882 666 4939 locutus
696 4888 785 4939 est
807 4883 1036 4939 dicens:
1069 4907 1096 4934 ‹‹
1132 4885 1386 4940 Crescite
1415 4888 1469 4939 et
1503 4885 2000 4958 multiplicamini,
2033 4893 2090 4943 et

433 4971 649 5044 replete
679 4975 896 5026 terram
922 4973 1074 5045 (Gen.
1109 4991 1145 5039 ι,
1183 4976 1265 5040 ιιι)
1319 4996 1346 5022 ››
1379 4973 1524 5028 Cum
1559 4979 1756 5030 autem
1792 4981 2090 5047 peccasset

433 5060 725 5134 gustando
781 5061 853 5116 de
913 5061 1042 5116 cibo
1091 5061 1203 5116 sibi
1260 5061 1589 5131 interdicto,
1637 5065 1802 5136 quasi
1845 5065 2087 5120 dorsum

431 5149 666 5204 Christo
698 5150 1009 5220 opposuit:
1045 5151 1186 5222 quia
1217 5157 1486 5224 propeter
1510 5158 1812 5224 peccatum
1848 5171 2021 5210 suum
2057 5172 2090 5210 a

431 5238 623 5308 primo
650 5241 804 5292 statu
829 5238 1135 5311 dignitatis
1166 5240 1354 5294 ruisse
1376 5257 1438 5294 se
1460 5241 1638 5308 novit,
1661 5247 1718 5296 et
1740 5243 1864 5312 jam
1895 5261 2009 5298 non
2030 5243 2089 5298 in

431 5325 597 5395 facie,
631 5326 732 5380 sed
764 5333 898 5397 post
919 5333 1148 5401 tergum
1169 5329 1393 5383 audivit
1414 5329 1731 5384 Dominum
1761 5331 2080 5388 dicentem:

431 5435 460 5464 «
485 5413 796 5471 Maledicta
826 5419 980 5472 terra
1011 5417 1067 5470 in
1100 5433 1273 5488 opere
1304 5420 1424 5471 tuo.
1464 5439 1489 5463 n
1521 5417 1580 5472 In
1607 5419 1777 5489 cujus
1805 5435 1940 5474 casu
1977 5436 2084 5474 nos

429 5517 635 5558 omnes
665 5508 818 5560 retro
850 5505 1084 5571 ivimus,
1119 5505 1257 5576 quia
1299 5510 1568 5577 peccator
1600 5511 1656 5560 et
1686 5511 2086 5580 transgressor

428 5591 843 5647 mandatorum
877 5593 1336 5664 Dei,peccalores
1365 5598 1423 5648 et
1443 5598 1910 5666 transgressores
1933 5597 2084 5653 ﬁlios

428 5677 654 5748 genuit.
679 5680 790 5734 Sed
825 5681 1228 5736 diciturnobis
1259 5682 1577 5738 aChristo:
1612 5707 1638 5733 ‹‹
1678 5683 2083 5741 Paenitentiam

429 5768 584 5840 agite
613 5765 818 5836 (Matth.
852 5769 960 5846 iv):
999 5789 1027 5818 »ι
1049 5770 1372 5826 etiterum:
1407 5793 1435 5819 ‹‹
1455 5772 1874 5828 Convertimini
1905 5775 1977 5831 ad
1991 5791 2086 5832 me

2197 4813 2312 4870 quc
2342 4801 2576 4869 gentem
2606 4796 3075 4869 praedicationem
3098 4801 3262 4852 tuam
3292 4794 3596 4862 infuderis,
3620 4795 3839 4850 emittet

2200 4887 2455 4940 fructum
2487 4886 2649 4940 bona:
2679 4885 3056 4958 operationis.
3095 4909 3121 4936 ‹‹
3134 4886 3205 4941 Et
3234 4885 3402 4958 panis
3423 4884 3658 4956 frugum
3679 4889 3836 4940 terra:

2197 4975 2308 5029 erit
2338 4974 2674 5029 uberrimus
2704 4979 2763 5029 et
2806 4974 3067 5046 pinguis.
3106 4997 3130 5022 ››
3164 4973 3335 5029 Panis
3365 4978 3562 5028 noster
3580 4972 3836 5029 Christus

2199 5069 2287 5118 est
2317 5063 2417 5135 qui
2453 5063 2626 5117 dicit:
2652 5085 2680 5112 «
2717 5064 2836 5135 Ego
2895 5080 3028 5117 sum
3070 5062 3238 5135 panis
3287 5061 3451 5118 vivus
3475 5063 3646 5132 (Joan.
3678 5065 3774 5129 χι).
3807 5085 3833 5110 υ

2199 5152 2466 5207 Christus
2479 5169 2637 5224 ergo,
2655 5151 2756 5222 qui
2771 5152 3160 5206 fructiﬁcatur
3173 5152 3230 5206 in
3243 5150 3515 5206 cordibus
3526 5149 3832 5206 electorum

2200 5257 2303 5312 per
2332 5241 2506 5294 ﬁdem
2537 5245 2592 5295 et
2633 5240 3028 5309 dilectionem,
3065 5239 3396 5297 uberrimus
3443 5243 3550 5305 est,
3574 5239 3710 5312 quia
3737 5256 3835 5310 per

2194 5329 2688 5402 quadripertitum
2709 5330 2909 5386 orbem
2941 5331 3208 5386 doctrina
3237 5329 3395 5385 illius
3411 5333 3694 5396 coruscat,
3709 5333 3763 5384 et
3780 5329 3832 5382 in

2194 5419 2431 5474 nomine
2463 5420 2592 5491 ejus
2611 5419 2881 5475 Ecclesia:
2915 5424 3054 5476 sunt
3083 5421 3492 5491 fundataeque:
3515 5417 3833 5474 uberrimos

2195 5509 2420 5563 fructus
2453 5509 2742 5563 bonorum
2775 5525 3018 5580 operum
3052 5509 3510 5582 proferunt.Ipse
3541 5506 3714 5562 etiam
3738 5525 3832 5580 pa-

2195 5595 2373 5662 nis,id
2407 5601 2496 5651 est
2510 5595 2779 5652 Christus
2802 5597 3041 5671 pingnis
3059 5597 3314 5670 est,quia
3335 5595 3510 5653 corda
3525 5594 3833 5652 electorum

2195 5701 2438 5740 suorum
2470 5684 2658 5756 gratia
2687 5691 2744 5741 et
2768 5686 3124 5759 pinguedine
3149 5686 3402 5760 Spiritus
3431 5683 3616 5742 sancti
3633 5686 3831 5741 reﬁcit.

2196 5797 2224 5826 ‹‹
2258 5775 2534 5829 Pascetur
2562 5772 2622 5827 in
2641 5776 3011 5849 possessione
3029 5781 3185 5847 tua,»
3219 5794 3254 5834 ο
3269 5773 3482 5854 popule
3492 5773 3834 5848 Christiane,
