3960 6368
166 458 288 519 873

167 592 281 655 est,
314 604 518 647 omnes
567 592 924 661 peccatores,
960 576 1223 645 «'FIatus
1273 592 1525 659 Domini,
1562 617 1589 643 ››

167 676 414 752 spiritus
435 676 670 733 Domini
702 700 730 727 ‹‹
765 677 918 733 sicut
950 682 1176 734 torrens
1226 680 1528 753 sulphuris
1579 700 1825 740 succen-

166 767 317 829 dens
350 783 501 835 eam,
532 788 560 816 ››
608 766 895 822 subaudis
946 768 1300 840 gehennam.
1352 770 1615 843 Sulphur
1662 778 1823 828 terrae

165 860 440 929 putorem
471 872 776 924 emanans,
810 859 867 912 et
896 857 1163 912 ardorem
1194 875 1505 931 generans.
1540 860 1668 915 llzec
1700 880 1823 919 om-

165 944 268 1002 nia
296 949 469 1001 erunt
499 943 698 1016 impiis
728 944 790 1001 in
820 945 1071 1001 inferno.
1107 947 1228 1001 Erit
1260 948 1337 1001 ibi
1390 948 1542 1019 ignis
1574 949 1823 1005 inextin-

163 1033 429 1107 guibilis,
465 1038 523 1089 et
556 1034 704 1089 fetor
733 1038 791 1089 et
838 1039 1014 1107 putor
1056 1035 1462 1101 intolerabilis,
1496 1044 1552 1093 et
1599 1040 1823 1094 crucia-

166 1124 394 1179 buntur
424 1122 1006 1195 incomprehensibili
1039 1125 1322 1180 cruciatu.

769 1213 1005 1269 CAPUT
1044 1213 1234 1271 XXXl.

237 1326 268 1352 «
300 1301 397 1356 Vm
431 1302 532 1374 qui
566 1301 932 1357 descendunt
965 1302 1021 1356 in
1055 1304 1365 1375 [Egyptum
1399 1306 1470 1360 ad
1513 1306 1822 1379 auxilium,

160 1391 223 1447 in
257 1390 429 1463 equis
450 1389 872 1463 Egyptiorum.
910 1412 939 1439 ››
971 1390 1264 1446 Hactenus
1296 1392 1367 1447 de
1397 1393 1583 1464 gloria
1612 1393 1822 1449 electo—

162 1497 323 1548 rum,
356 1483 415 1535 et
444 1497 616 1552 poma
646 1479 1027 1551 reproborum
1059 1479 1291 1535 locutus
1332 1487 1421 1537 est
1455 1500 1467 1537 :
1504 1501 1658 1538 nunc
1688 1501 1821 1539 vero

161 1567 480 1624 revertitur
507 1567 720 1624 iterum
753 1567 826 1624 ad
859 1566 1138 1641 reliquias
1159 1587 1288 1642 quae
1322 1577 1730 1628 remanserunt
1760 1572 1820 1628 in

158 1662 323 1716 terra
351 1655 526 1727 Juda,
555 1656 733 1712 ducto
765 1656 1007 1713 Sedecia
1035 1661 1092 1713 et
1142 1660 1421 1716 omnibus
1454 1661 1821 1734 principibus

160 1746 221 1815 in
260 1743 723 1818 Babylonem,de
754 1745 970 1818 quibus
993 1747 1119 1818 jam
1153 1749 1427 1821 superius
1445 1751 1630 1807 multa
1652 1751 1816 1807 dixit.

157 1834 278 1892 Sed
309 1833 419 1892 hoc
454 1834 635 1890 distat
665 1834 817 1891 inter
845 1834 991 1893 illud
1036 1838 1191 1909 quod
1241 1838 1516 1910 superius
1565 1840 1728 1907 dixit,
1762 1846 1820 1897 et

155 1922 324 1983 istud
357 1924 513 1996 quod
541 1924 713 1981 modo
744 1922 1026 1996 loquitur.
1051 1925 1199 1991 Qula
1226 1926 1346 1982 illic
1377 1928 1727 2000 praemonuit
1755 1929 1821 1985 il-

156 2011 271 2082 los,
286 2029 360 2069 ne
390 2012 544 2070 irent
572 2012 633 2069 in
654 2014 989 2087 Egyptum,
1004 2014 1106 2071 sed
1133 2021 1441 2073 manerent
1462 2018 1520 2072 in
1544 2022 1700 2074 terra
1719 2018 1817 2075 Ju-

158 2103 258 2170 da,
292 2105 351 2158 et
379 2101 525 2158 bene
557 2100 643 2158 eis
672 2104 826 2157 esset
858 2119 872 2158 :
903 2102 999 2159 hic
1037 2121 1171 2159 vero
1212 2105 1313 2177 qui
1363 2111 1567 2162 contra
1612 2106 1815 2163 volun-

157 2194 342 2248 tatem
375 2193 797 2265 przeceptorum
824 2190 1055 2247 Domini
1092 2192 1605 2260 ierunt,habentes
1628 2195 1819 2268 magis

160 2277 443 2335 ﬁduciam
475 2278 535 2333 in
567 2279 807 2352 Egypto
838 2296 1017 2352 quam
1050 2280 1109 2335 in
1140 2281 1407 2350 Domino,
1443 2283 1703 2339 minatur
1731 2283 1816 2340 eis

160 2367 322 2432 mala
350 2371 409 2424 et
437 2366 581 2423 dicit
614 2384 626 2424 :
655 2390 685 2419 ‹‹
716 2367 813 2423 Va:
844 2368 945 2441 (ιυί
978 2368 1345 2426 descendunt
1374 2371 1431 2425 in
1480 2373 1814 2444 1Egyptum,

160 2460 469 2530 sperantes
498 2455 557 2512 in
589 2455 757 2529 equis
785 2460 1157 2531 Egyptorum
1183 2463 1239 2513 et
1260 2459 1587 2532 quadrigis,
1618 2466 1675 2515 et
1706 2461 1816 2516 Do-

163 2546 396 2603 minum
424 2561 539 2602 non
560 2545 981 2617 requisierunt,
1002 2570 1028 2595 ››
1052 2547 1289 2619 quando
1313 2548 1671 2604 dixeruntad
1697 2550 1819 2605 Hie-

159 2634 412 2691 remiam
445 2649 458 2690 :
493 2656 521 2684 ‹‹
554 2633 735 2691 Cadat
762 2635 946 2691 oratio
978 2641 1179 2691 nostra
1219 2635 1277 2691 in
1327 2642 1643 2710 conspectu
1692 2642 1814 2707 tuo,

158 2730 217 2781 et
250 2740 353 2779 ora
383 2739 487 2796 pro
515 2722 684 2779 nobis
718 2722 1029 2780 Dominum
1062 2724 1204 2796 quid
1252 2742 1425 2797 agere
1472 2727 1812 2782 debeamus.

157 2815 381 2883 (larem.
414 2812 546 2885 xw)
577 2833 606 2863 n
641 2812 1058 2885 Requisierunt
1078 2814 1316 2886 quidem
1346 2814 1673 2883 verbis,sed
1698 2832 1813 2871 non

161 2901 362 2961 corde.
386 2901 529 2957 Cum
560 2899 716 2956 enim
748 2900 974 2959 decimo
1024 2902 1140 2970 die,
1172 2902 1325 2957 sicut
1365 2903 1492 2974 jam
1542 2902 1815 2975 superius

162 2989 653 3058 diximus,sermo
671 2988 902 3046 Domini
934 2990 1123 3047 factus
1150 2995 1304 3047 esset
1333 2991 1406 3046 ad
1431 2990 1811 3046 Hieremiam:

158 3078 342 3145 Vade,
374 3079 678 3152 inquiens,
714 3083 771 3135 et
799 3078 892 3135 dic
940 3079 1077 3136 ﬁliis
1124 3080 1503 3153 reliquiarum
1539 3096 1553 3136 :
1588 3083 1817 3137 manete

159 3169 222 3229 in
256 3167 382 3224 loco
422 3168 534 3223 isto
582 3172 640 3224 et
685 3183 791 3241 ego
838 3172 1144 3241 protegam
1193 3186 1342 3225 vos:
1389 3169 1817 3241 responderunt

160 3256 248 3313 illi
283 3273 297 3312 :
331 3256 457 3312 Non
506 3256 811 3323 faciemus,
865 3257 967 3312 sed
1018 3257 1089 3312 ad
1140 3261 1447 3331 ngyptum
1498 3256 1811 3330 fugiemus.

1280 461 1688 523 COMMENT.
1737 465 1813 525 ΙΝ
1858 464 2152 526 ΙΞΑΙΑΜ.
2187 467 2328 527 LIB.
2376 468 2452 528 ll.

1849 1978 1896 2044 Β

3467 473 3587 536 8⁸η

1643 593 1701 650 id
1735 598 2239 669 estAauxilium,
2300 598 2597 672 simulque
2668 617 2874 657 omnes
2932 607 3380 676 consumeutur,
3444 628 3470 654 ››
3530 610 3590 677 et

1938 687 2179 759 IEgyptii
2211 692 2268 743 et
2296 688 2482 744 Judzni
2515 688 2613 760 qui
2646 688 2705 744 in
2737 691 2821 745 eis
2852 689 3147 746 habebant
3180 692 3478 749 ﬁduciam.

2007 798 2035 824 «
2068 777 2215 840 Quia
2243 777 2363 832 haec
2395 778 2536 832 dicit
2568 777 2850 833 Dominus
2883 779 2953 833 ad
2988 796 3100 833 me.
3136 802 3161 827 υ
3210 781 3468 838 Locutus
3498 786 3591 841 est

1935 864 2206 935 superius
2228 866 2299 921 de
2332 866 2596 938 reliquiis
2627 884 2753 939 quae
2786 866 2980 922 ierunt
3001 867 3061 922 in
3096 873 3588 941 Egyptum,con-

1936 954 2181 1008 ﬁdentes
2208 954 2261 1007 in
2280 954 2622 1010 fortitudine
2637 954 2983 1010 Pharaonis:
3002 973 3156 1011 nunc
3176 974 3309 1012 vero
3324 957 3589 1030 loquitur

1936 1042 2005 1096 de
2038 1041 2154 1096 illis
2187 1042 2287 1114 qui
2320 1043 2478 1097 ducti
2511 1047 2650 1097 sunt
2680 1044 2740 1097 in
2773 1044 3125 1117 Babylonem
3158 1062 3293 1101 cum
3342 1047 3585 1104 Sedecia

1934 1149 2067 1204 rege
2096 1133 2252 1187 Juda
2281 1136 2337 1187 et
2358 1132 2723 1205 principibus
2750 1134 2907 1204 ejus;
2944 1135 3043 1189 sed
3066 1136 3586 1210 postseptuaginta

1933 1237 2140 1290 annos,
2158 1221 2406 1276 Domino
2424 1222 2977 1287 miserante,reversi
2992 1227 3130 1278 sunt
3145 1224 3201 1279 in
3220 1224 3583 1287 Hierusalem

1934 1309 2044 1363 sub
2074 1310 2216 1364 Jesu
2248 1310 2550 1364 sacerdote
2581 1326 2816 1382 magno,
2850 1315 2909 1365 et
2937 1311 3273 1380 Zorobabel,
3302 1318 3359 1368 et
3378 1314 3583 1383 Esdra,

1932 1397 2182 1471 aliisque
2206 1397 2969 1473 principibus.Etpromittit
2990 1400 3075 1455 eis
3096 1401 3586 1469 bona,dansduas

1931 1486 2349 1543 similitudines
2377 1488 2669 1560 quomodo
2691 1504 2725 1542 a
2752 1487 2998 1544 Domino
3021 1487 3140 1544 illic
3157 1490 3402 1565 protecti
3425 1494 3586 1563 sunt,

1930 1579 1989 1631 et
2019 1575 2192 1632 dicit:
2229 1600 2255 1627 ‹‹
2282 1576 2584 1642 Quomodo
2618 1576 2666 1631 si
2699 1577 2895 1647 rugiat
2927 1576 3014 1632 leo
3044 1582 3102 1632 et
3139 1576 3372 1635 catulus
3404 1577 3588 1645 leonis

1930 1668 2070 1721 sunt
2100 1665 2356 1738 praedam
2389 1681 2593 1720 suam:
2622 1687 2649 1714 »
2673 1668 2729 1719 et
2758 1669 2983 1721 caetera.
3010 1665 3174 1720 Sicut
3192 1664 3279 1721 leo
3297 1666 3583 1739 esuriens,

1928 1754 1977 1809 si
2011 1757 2211 1809 cernat
2240 1769 2476 1825 gregem
2510 1752 2706 1807 ovium
2739 1753 2922 1808 currit
2942 1757 2999 1808 et
3029 1752 3416 1829 apprehendit
3446 1754 3587 1815 arie-

1930 1845 2082 1909 tem;
2118 1858 2253 1897 cum
2302 1841 2621 1897 occurrerit
2666 1840 2719 1897 ei
2762 1840 3082 1897 multitudo
3111 1846 3434 1913 pastorum,
3464 1858 3580 1899 non

1928 1934 2177 1986 terretur
2205 1948 2240 1986 a
2274 1946 2412 1985 voce
2463 1928 2719 1997 illorum,
2753 1930 3054 1986 conﬁdens
3102 1929 3316 1987 virtute
3359 1930 3576 1995 virium

1928 2036 2201 2087 suarum;
2234 2022 2290 2075 et
2322 2019 2475 2075 sicut
2504 2022 2742 2085 aves,ut
2771 2018 3089 2073 defendant
3118 2018 3293 2074 fcetus
3311 2036 3582 2087 suos,vo—

1928 2106 2100 2163 litant
2130 2124 2307 2181 super
2336 2106 2607 2175 nidos;et
2639 2106 2759 2162 sive
2790 2105 3088 2161 hominem
3120 2123 3223 2161 seu
3246 2111 3577 2179 serpentem

1926 2194 2175 2250 viderint
2205 2210 2453 2266 avesque
2484 2192 2631 2249 alias
2663 2194 2933 2249 accedere
2963 2194 3033 2248 ad
3068 2192 3261 2266 pullos
3291 2212 3582 2267 suos,pu-

1928 2287 2112 2355 gnant
2134 2287 2320 2338 rostro
2350 2287 2408 2337 et
2439 2280 2948 2353 ungibus,oblitus
2979 2281 3404 2347 imbecillitatis
3436 2301 3578 2354 suis,

1931 2376 1988 2425 et
2019 2371 2069 2426 si
2093 2370 2253 2427 aliud
2285 2388 2401 2427 non
2431 2374 2681 2443 possunt
2712 2370 2969 2425 dolorem
3002 2370 3253 2443 pectoris
3285 2372 3581 2444 congemi-

1933 2464 2076 2515 nant
2106 2459 2341 2533 garrula
2370 2476 2545 2525 voce;
2583 2481 2610 2509 «
2643 2459 2726 2514 sic
2759 2459 3071 2515 descendet
3099 2459 3385 2516 Dominus
3416 2476 3585 2515 exer-

1926 2548 2176 2617 cituum,
2216 2553 2279 2604 ut
2310 2548 2605 2621 praclietur
2632 2566 2809 2619 super
2838 2551 3098 2604 montem
3132 2549 3271 2604 Sion
3303 2553 3360 2607 et
3409 2565 3587 2622 super

1925 2636 2134 2693 collem
2165 2638 2316 2709 ejus,
2340 2642 2395 2692 et
2414 2640 2678 2709 proteget
2708 2635 2871 2691 illam
2890 2640 3201 2710 protegens
3222 2641 3279 2694 et
3303 2636 3579 2708 liberans,

1926 2724 2219 2781 transiens
2248 2730 2304 2780 et
2335 2725 2588 2780 salvans.
2628 2747 2656 2772 »
2687 2725 3022 2781 Notandum
3068 2726 3224 2798 quod
3273 2743 3388 2782 non
3440 2726 3583 2795 dicit

1924 2818 2126 2868 contra
2154 2818 2409 2868 montem
2446 2814 2721 2880 Sion,sed
2754 2830 2932 2885 super
2961 2818 3218 2870 montem
3250 2812 3387 2870 Sion
3413 2818 3579 2875 stans

1925 2903 2211 2976 pugnabit
2232 2907 2435 2958 contra
2462 2901 2735 2957 inimicos
2759 2902 2909 2972 ejus.
2926 2902 3019 2956 Sic
3053 2902 3189 2957 fecit
3208 2902 3575 2979 temporibus

1924 2990 2044 3046 illis
2073 3006 2208 3046 cum
2241 2990 2591 3045 Samaritani
2622 2989 2932 3045 voluerunt
2962 2989 3246 3062 impedire
3266 2994 3330 3045 ut
3353 3008 3469 3047 non
3483 3008 3572 3048 re-

1925 3078 2692 3151 zediﬁcareturtemplum,et
2707 3078 3069 3150 temporibus
3083 3078 3571 3148 Machabaaorum,

1924 3168 2158 3240 quando
2181 3166 2383 3242 paucis
2415 3165 2688 3221 ﬁdelibus
2730 3165 2927 3221 multae
2964 3164 3218 3222 victoriae
3253 3183 3288 3221 a
3322 3165 3573 3231 Domino

1924 3255 2141 3311 collatre
2175 3260 2332 3311 sunt.
2366 3254 2651 3312 Dominus
2673 3253 2827 3333 leoni
2857 3257 3251 3326 comparatur,
3277 3253 3416 3326 quia
3446 3254 3573 3327 ipse

161 3346 416 3418 Ideoque
446 3344 588 3401 dicit
615 3362 731 3401 non
764 3345 1178 3418 requisierunt,
1214 3347 1314 3419 qui
1365 3346 1501 3402 licet
1549 3346 1811 3418 require-
1845 3346 1890 3415 (Γ,
1926 3350 2015 3403 est
2044 3346 2132 3402 leo
2165 3344 2525 3401 fortissimus
2555 3345 2654 3417 qui
2689 3343 2860 3400 tertia
2907 3344 3000 3400 die
3031 3342 3304 3413 surrexit,
3337 3345 3408 3400 de
3458 3360 3575 3417 quo

162 3438 296 3491 rent
323 3434 518 3504 verbo,
550 3451 667 3491 non
700 3434 1093 3509 requisierunt
1121 3436 1294 3491 corde
1322 3452 1489 3508 puro.

1923 3435 2065 3491 dicit
2092 3435 2348 3491 Joannes
2378 3433 2749 3506 Evangelista
2780 3434 2838 3489 in
2868 3432 3217 3507 Apocalypsi
3266 3451 3375 3490 sua
3423 3433 3574 3514 (Cap.

239 3545 269 3575 κ
301 3523 431 3598 Ipse
462 3527 659 3581 autem
694 3523 948 3597 sapiens,
985 3546 1013 3573 ››
1047 3523 1103 3579 id
1132 3527 1243 3590 est,
1267 3524 1421 3579 Deus
1443 3523 1815 3597 omnipotens
1922 3529 1978 3593 v)
2012 3540 2027 3581 :
2060 3548 2087 3574 ‹‹
2122 3525 2265 3579 Ecce
2294 3522 2433 3579 vicit
2461 3522 2550 3579 leo
2581 3524 2653 3579 de
2684 3522 2841 3578 tribu
2870 3521 3045 3578 Juda.
3066 3544 3094 3573 ››
3129 3525 3249 3577 Aut
3279 3521 3459 3579 etiam
3490 3537 3580 3579 as-

162 3629 345 3686 quem
375 3616 835 3686 aspernaverunt
852 3636 879 3663 ‹‹
901 3612 1143 3668 adduxit
1158 3636 1184 3662 »
1206 3629 1385 3684 super
1397 3629 1496 3669 eos
1518 3636 1545 3662 ‹‹
1568 3612 1814 3683 malum,

161 3706 222 3759 et
251 3701 428 3757 verba
458 3717 567 3757 sua
592 3722 621 3751 ››
652 3718 781 3774 quae
813 3700 1045 3757 locutus
1073 3705 1163 3757 est
1188 3718 1291 3773 per
1321 3719 1387 3757 os
1420 3701 1579 3757 Isaiae
1611 3700 1815 3757 etllie-

164 3807 363 3846 remus
394 3812 422 3840 «
456 3807 574 3847 non
604 3789 868 3860 abstulit,
907 3812 935 3840 ››
980 3791 1081 3848 sed
1135 3790 1379 3846 adduxit
1410 3808 1588 3863 super
1616 3791 1816 3846 Nabu-

164 3879 555 3951 chodonosor,
589 3878 743 3936 sicut
788 3878 1094 3952 sequentia
1142 3880 1457 3935 docebunt.
1502 3902 1529 3930 «
1564 3879 1632 3934 Et
1679 3896 1815 3934 con-

165 3973 371 4042 surget
399 3990 429 4020 »
463 3968 522 4026 in
554 3968 641 4024 ira
668 3967 886 4025 furoris
917 3968 1009 4025 sui
1039 3991 1066 4017 ‹‹
1100 3972 1303 4024 contra
1341 3969 1585 4024 domum
1634 3967 1816 4040 pessio

166 4074 423 4114 morum.
459 4080 487 4108 ››
522 4058 638 4113 Hoc
674 4061 782 4127 est,
815 4060 1019 4114 contra
1066 4056 1199 4112 illos
1247 4057 1346 4129 qui
1398 4057 1457 4112 in
1509 4060 1817 4130 Egyptum

165 4147 466 4221 fugerunt,
495 4169 523 4197 ‹‹
560 4150 618 4203 et
647 4149 851 4203 contra
881 4145 1167 4203 auxilium
1193 4145 1567 4217 operantium
1600 4144 1816 4217 iniqui-

165 4240 371 4307 tatem,
404 4257 433 4286 ››
467 4234 578 4293 hoc
611 4239 718 4305 est,
759 4239 965 4292 contra
1007 4235 1327 4309 Egyptios,
1371 4234 1470 4306 qui
1520 4234 1604 4289 eis
1651 4232 1817 4288 auxi-

166 4324 317 4381 lium
344 4328 549 4381 conate
580 4328 720 4380 sunt
750 4329 1049 4399 praestare.

241 4437 271 4465 (ι
304 4412 605 4489 Egyptius
633 4436 663 4465 »
696 4431 819 4483 rex,
845 4413 1071 4470 scilicet
1101 4412 1323 4470 Pharao
1361 4411 1554 4481 Vafre,
1587 4410 1676 4466 vel
1719 4427 1819 4484 po-

166 4502 349 4577 pulus
380 4502 597 4572 illius,«
618 4502 793 4560 homo
815 4507 905 4559 est
927 4507 1120 4559 etnon
1144 4503 1385 4571 Deus,et
1402 4501 1536 4574 equi
1559 4518 1818 4568 eorum,»

166 4594 230 4651 in
263 4591 481 4666 quibus
511 4591 597 4647 illi
627 4592 1022 4661 conﬁdebant,
1055 4615 1083 4643 (ι
1119 4608 1253 4647 caro
1283 4597 1341 4646 et
1388 4608 1503 4647 non
1555 4590 1820 4664 spiritus.

165 4683 240 4738 Et
268 4681 557 4738 Dominus
586 4680 892 4738 inclinavit
922 4698 1165 4736 manum
1197 4697 1388 4736 suam.
1425 4702 1453 4729 ››
1487 4680 1822 4735 Secundum

165 4768 579 4847 metaphoram
595 4770 813 4844 auriga:
834 4768 1116 4842 loquitur.
1132 4769 1297 4825 Sicut
1319 4767 1547 4841 aurigia
1563 4768 1661 4841 qui
1681 4768 1829 4840 regit

165 4876 412 4917 currum
432 4858 522 4915 vel
544 4860 918 4934 quadrigam,
934 4860 1169 4931 quando
1186 4857 1311 4913 vult
1334 4861 1399 4912 ut
1422 4856 1555 4929 equi
1579 4856 1825 4912 celerius

166 4966 406 5006 curram
430 4948 678 5005 remittit
699 4949 960 5005 habenas
978 4966 992 5017 ;
1007 4948 1090 5003 sic
1113 4948 1269 5003 Deus
1291 4946 1663 5019 omnipotens
1678 4946 1825 5001 iram

167 5043 227 5095 et
256 5037 576 5093 vindictam
605 5054 776 5094 suam
809 5038 923 5094 cito
955 5037 1201 5093 adduxit
1233 5053 1412 5107 super
1448 5035 1742 5109 Egyptios
1772 5037 1830 5090 et

168 5127 308 5184 illos
339 5127 439 5201 qui
462 5128 534 5183 ad
565 5144 663 5183 eos
684 5127 1088 5200 confugerant.
1108 5126 1254 5182 Nam
1287 5124 1544 5179 diximus
1558 5122 1830 5196 superius

169 5215 470 5289 quomodo
502 5216 825 5272 Hieremias
855 5214 1125 5288 praedixit
1152 5214 1237 5269 eis
1263 5213 1418 5286 quod
1451 5212 1830 5267 Nabuchodo-

170 5322 354 5361 nosor
382 5320 561 5377 super
578 5305 895 5378 Egyptios,
914 5308 973 5360 et
998 5321 1175 5376 super
1194 5301 1325 5358 illos
1343 5302 1443 5375 qui
1471 5302 1739 5374 fugerant
1755 5300 1826 5356 ad

171 5392 463 5452 auxilium
493 5409 696 5450 eorum
734 5393 993 5463 venerit;
1028 5398 1085 5449 et
1133 5392 1428 5465 quomodo
1477 5408 1680 5446 omnes
1730 5392 1831 5445 aut

169 5482 392 5558 gladio,
426 5485 528 5537 aut
555 5482 731 5551 fame,
764 5486 869 5538 aut
899 5481 1235 5555 captivitate
1286 5479 1437 5535 male
1490 5477 1826 5551 perdiderit.

172 5597 199 5623 ιι
236 5572 310 5643 Et
340 5575 571 5628 corruet
601 5594 631 5622 »
660 5571 875 5645 inquit,
899 5592 928 5623 ‹‹
960 5569 1270 5627 auxiliator
1302 5591 1329 5618 ››
1363 5568 1833 5643 [Εεγριὶυεαΐοτ-

172 5660 434 5716 titudine
462 5659 1022 5725 Nabuchodonosor,
1040 5682 1066 5708 «
1088 5663 1145 5713 et
1175 5657 1343 5713 cadet
1370 5680 1398 5707 ››
1429 5655 1683 5731 populus
1706 5655 1831 5711 reli-

171 5749 452 5829 quiarum
480 5748 584 5822 qui
612 5748 687 5806 ad
717 5765 856 5807 eum
900 5746 1184 5821 confugit,
1219 5770 1245 5798 ‹‹
1298 5745 1392 5803 cui
1441 5745 1833 5820 praestabatur

497 5875 763 5940 PATROL.
808 5876 1008 5938 CXVI.

1924 3613 2238 3682 similatur,
2255 3612 2411 3669 sicut
2440 3612 2565 3685 ipse
2583 3611 2727 3667 dixit
2751 3611 2811 3667 in
2835 3610 3146 3682 Evangelio
3164 3628 3175 3666 ε
3194 3610 3580 3690 Hierusalem,

1928 3702 2454 3776 llierusalem,qun
2486 3701 2705 3758 occidis
2736 3700 3050 3772 prophetas
3086 3701 3186 3772 qui
3214 3701 3288 3757 ad
3324 3705 3382 3757 te
3414 3697 3582 3756 missi

1927 3796 2065 3848 sunt
2083 3809 2096 3845 :
2114 3816 2139 3841 ι(
2166 3790 2402 3859 Quoties
2425 3789 2577 3845 volui
2599 3805 2953 3862 congregare
2976 3787 3127 3842 ﬁlios
3145 3791 3279 3845 tuos
3297 3787 3580 3860 quemad-

1926 3864 2429 3951 modum-gallina
2467 3877 2661 3948 pullos
2708 3893 2868 3941 suos,
2912 3876 3013 3931 sed
3076 3874 3315 3930 noluisti
3363 3873 3578 3942 (Matth.

1925 3972 2106 4038 xxul).
2124 3990 2151 4017 ››
2171 3969 2238 4023 Et
2258 3967 2317 4022 in
2340 3965 2788 4021 Deutcronomio
2802 3964 2957 4035 (Cap.
2971 3966 3175 4030 xxxii):
3197 3983 3226 4012 «
3244 3961 3582 4041 Sicutaqui-

1929 4057 1985 4133 l_a
2019 4072 2337 4130 provocans
2374 4052 2568 4129 pullos
2594 4070 2755 4119 suos,
2779 4056 2835 4106 et
2868 4050 3127 4106 extendit
3167 4049 3292 4105 alas
3330 4049 3494 4117 suas,
3524 4053 3583 4130 et

1928 4146 2177 4221 portavit
2206 4160 2326 4211 eos,
2364 4165 2391 4191 ››
2424 4145 2747 4212 caeteraque
2779 4138 3120 4211 hujusmodi
3153 4138 3528 4219 quamplura.

2000 4258 2027 4285 ‹‹
2061 4229 2501 4300 Convertimini,
2536 4253 2564 4279 ››
2593 4228 2697 4284 ﬁlii
2732 4226 2934 4298 Israel,
2969 4250 2996 4279 ‹‹
3031 4227 3184 4284 sicut
3232 4226 3293 4283 in
3342 4228 3581 4300 profun-

1930 4324 2071 4380 dum
2106 4344 2132 4371 ››
2165 4320 2477 4387 malorum,
2508 4341 2535 4369 ‹‹
2570 4316 2964 4374 recesseratis.
3004 4339 3029 4366 »
3064 4317 3319 4372 Locutus
3346 4304 3446 4371 est
3476 4332 3584 4388 pa-

1931 4430 2169 4485 rumper
2198 4409 2472 4485 superius
2503 4409 2574 4465 de
2604 4406 2723 4462 illis
2739 4405 2840 4479 qui
2872 4406 3085 4463 reversi
3117 4402 3586 4476 suntdecaptivi-

1930 4507 2047 4559 tate
2080 4500 2189 4557 sub
2210 4501 2239 4556 J
2246 4517 2349 4555 esu
2369 4497 2668 4553 sacerdote
2691 4512 2926 4568 magno.
2949 4496 3169 4551 Iterum
3190 4491 3496 4550 revertitur
3510 4492 3583 4553 ad

1933 4597 2201 4663 tempora
2229 4587 2505 4644 Ezechize.
2540 4584 2852 4658 Prophctia
2882 4584 3039 4639 enim
3070 4600 3186 4639 non
3218 4586 3410 4639 servat
3429 4580 3601 4637 ordia--

1934 4697 2068 4736 nem
2101 4678 2405 4751 temporis,
2439 4692 2629 4747 neque
2678 4671 2954 4729 historias.
2987 4674 3316 4743 Antequam
3363 4671 3585 4733 Senna-

1936 4767 2136 4824 cherib
2168 4784 2303 4823 cum
2333 4764 2589 4837 Assyriis
2624 4766 2916 4818 revertens
2964 4762 3033 4816 de
3081 4762 3318 4832 IEgypto
3369 4755 3589 4823 veniret

1939 4855 2320 4921 Hierusalem,
2356 4852 2705 4926 prmmonuit
2746 4849 3032 4923 propheta
3074 4848 3296 4903 tribum
3345 4846 3499 4903 Juda
3528 4850 3587 4929 et

1937 4942 2264 5018 Benjamin,
2300 4947 2365 4998 ut
2414 4943 2890 4997 converterentur
2938 4937 3013 4993 ad
3060 4937 3245 4993 Deum
3293 4952 3490 5002 suum,
3524 4937 3589 4997 ut

1937 5034 2091 5091 sicut
2122 5032 2179 5087 in
2212 5031 2570 5104 profundum
2603 5027 2893 5084 malorum
2926 5028 3305 5092 recesserant,
3339 5024 3421 5081 sic
3449 5039 3586 5079 con-

1936 5125 2299 5181 verterentur
2329 5120 2396 5174 ad
2430 5118 2748 5174 Dominum
2781 5116 2837 5170 in
2892 5115 3249 5189 profundum
3299 5114 3588 5179 bonorum

1936 5217 2057 5268 toto
2090 5208 2307 5267 mentis
2339 5208 2572 5275 aﬁ'ectu,
2595 5223 2667 5262 ne
2698 5205 3067 5262 traderentur
3097 5204 3155 5259 in
3187 5200 3462 5260 manibus
3490 5201 3592 5263 As-

1938 5301 2250 5374 syriorum.

2012 5409 2040 5439 ‹‹
2076 5388 2135 5443 In
2167 5387 2259 5442 die
2290 5384 2442 5441 enim
2478 5383 2577 5439 illa
2609 5383 2850 5455 abijciet
2878 5382 2967 5438 vir
2987 5380 3144 5437 idola
3172 5379 3398 5454 argenti
3417 5379 3594 5447 sui,et

1939 5475 2096 5532 idola
2126 5474 2251 5530 auri
2286 5472 2542 5543 sui,quae
2574 5473 2841 5527 fecerunt
2872 5469 3034 5527 vobis
3072 5487 3283 5525 manus
3306 5473 3506 5525 vestra:
3529 5468 3590 5525 in

1940 5568 2264 5637 peccatum.
2284 5584 2310 5611 »
2334 5562 2462 5615 Haec
2485 5560 2661 5615 verba
2682 5559 2935 5633 Spiritus
2949 5558 3137 5615 sancti
3153 5576 3274 5638 non
3285 5559 3459 5635 juxta
3477 5556 3594 5613 his.-

1939 5650 2289 5719 toriam,sed
2321 5647 2727 5721 spiritualiter,
2755 5652 2895 5705 sunt
2924 5646 3325 5720 intelligenda.
3360 5645 3420 5703 Si
3447 5663 3591 5703 cong-

1938 5742 2088 5801 versi
2116 5738 2416 5810 fueritis,o
2440 5735 2544 5794 ﬁlii
2565 5736 2595 5794 J
2604 5736 2718 5795 uda
2749 5740 2806 5794 et
2823 5735 3242 5813 Benjamin,ad
3273 5735 3594 5819 Dominum

3192 5864 3273 5925 28
