3960 6374
389 479 507 546 875

806 482 1207 544 HAYMONIS
1239 476 1781 542 HALBERSTA'I‘.
1815 475 2059 540 EPISC.
2095 472 2268 539 OPP.
2303 476 2531 539 PARS.
2563 472 2613 537 Ι.
2648 510 2726 521 -
2757 470 3164 537 COMMENT.
3196 472 3397 537 BIBL.

3694 476 3808 538 876

389 617 580 674 Deum
627 620 909 683 vestrum,
948 618 1005 669 et
1052 613 1382 684 abjeceritis
1426 612 1585 668 idola
1629 616 1824 668 vestra
1870 628 2047 667 aurea
2073 612 2131 680 Α
2158 610 2523 683 temporibus
2554 607 2831 665 Ezechiae.
2862 608 3011 664 Nam
3041 625 3177 664 cum
3210 612 3365 666 esset
3388 610 3614 681 justus,

387 709 448 762 et
490 706 787 776 argentea,
820 720 949 775 quae
1001 703 1221 758 fecistis
1273 702 1438 757 vobis
1485 702 1552 757 ad
1585 705 1891 773 peccatum
1920 718 2046 756 ves-

390 799 570 849 trum.

462 905 489 932 ‹‹
513 880 695 937 Cadet
722 883 907 937 Assur
937 881 995 936 in
1029 881 1222 954 gladio
1255 898 1371 936 non
1402 880 1531 947 viri,
1566 902 1591 928 υ
1619 880 1730 935 hoc
1762 885 1852 935 est
1883 882 2051 952 Assy-

389 970 513 1027 rius
560 969 841 1043 populus,
894 994 921 1020 «
957 975 1014 1025 et
1061 970 1297 1043 gladius
1350 987 1466 1024 non
1521 969 1779 1024 hominis
1827 972 2054 1024 vorabit

388 1076 546 1115 eum.
572 1080 601 1109 ››
632 1060 877 1127 Quando
908 1058 1306 1114 Sennacherib
1338 1076 1473 1113 cum
1506 1057 1722 1130 populo
1754 1076 1861 1113 suo
1878 1062 2051 1131 Assy-

388 1147 614 1203 riorum
629 1147 788 1203 venit
803 1152 1009 1203 contra
1022 1146 1329 1202 Ezechiam
1348 1152 1407 1201 et
1423 1144 1708 1218 populum
1727 1147 1776 1216 ej
1789 1151 2054 1213 us,nocte

388 1252 710 1309 percussus
740 1239 849 1302 est,
873 1235 1109 1307 quando
1139 1234 1449 1289 interfecta
1470 1238 1611 1289 sunt
1639 1238 1875 1316 centum
1903 1240 2057 1289 octo-

391 1324 563 1398 ginta
601 1324 866 1397 quinque
906 1323 1093 1380 millia
1131 1341 1199 1379 ex
1239 1323 1325 1378 eis
1365 1324 1453 1394 (IV
1475 1324 1773 1395 Reg.x1x),
1811 1344 1838 1373 ‹‹
1873 1329 1930 1378 et
1961 1325 2055 1378 fu-

388 1413 516 1488 giet
546 1435 576 1464 »
607 1414 734 1487 ipse
756 1413 1157 1470 Sennacherih
1179 1436 1205 1462 «
1234 1430 1350 1467 non
1386 1429 1421 1467 a
1459 1412 1606 1467 facie
1628 1410 1855 1483 gladii»
1890 1413 1989 1468 sed
2024 1430 2059 1469 a

388 1502 607 1560 timore
635 1502 935 1575 Domini,«
956 1507 1013 1558 et
1034 1504 1284 1574 juvenes
1306 1502 1435 1573 ejus
1459 1523 1487 1551 »
1522 1501 1623 1573 qui
1668 1503 2061 1557 remanserint

391 1612 424 1644 ‹‹
454 1590 773 1664 vectigales
797 1595 996 1647 erunt:
1024 1614 1052 1640 »
1076 1591 1185 1645 hoc
1206 1594 1295 1646 est
1319 1589 1615 1645 tributarii
1642 1590 1828 1645 Medis
1852 1597 1908 1647 et
1934 1591 2062 1647 Per-

389 1677 666 1738 sis.Illud
699 1680 857 1735 enim
890 1678 1277 1735 fortissimum
1304 1696 1553 1750 regnum
1577 1679 1949 1750 Assyriorum
1968 1681 2060 1736 de-

388 1772 689 1827 structum
717 1773 809 1825 est
837 1787 871 1825 a
900 1768 1461 1835 Nabuchodonosor,
1488 1774 1543 1823 et
1576 1773 1780 1840 postea
1809 1786 1843 1823 a
1875 1769 2061 1825 Medis

388 1863 453 1915 et
482 1858 676 1915 Persis
707 1863 829 1914 tam
849 1858 1224 1930 Assyriorum
1249 1875 1429 1929 quam
1449 1858 1627 1912 etiam
1652 1857 2061 1914 Chaldaeorum

392 1948 508 2005 sub
539 1948 710 2004 Dario
734 1952 794 2003 et
823 1948 994 2021 Tyro,
1029 1946 1133 2018 qui
1165 1945 1471 2001 Belthasar
1498 1945 1938 2001 interfecerunt.

466 2060 496 2088 «
529 2037 600 2093 Et
630 2037 913 2093 fortitudo
947 2038 1097 2108 ejus,
1133 2058 1162 2086 »
1198 2036 1307 2092 hoc
1340 2039 1430 2091 est
1463 2034 1783 2091 multitudo
1830 2037 2058 2093 Senna-

394 2126 603 2183 cherib'
630 2149 659 2176 ‹‹
695 2144 729 2182 a
748 2130 1003 2181 torrente
1028 2148 1056 2175 ››
1089 2124 1282 2197 angeli
1314 2148 1343 2175 «
1370 2124 1738 2191 transibit,et
1767 2126 2062 2197 pavebunt

394 2214 690 2288 fugientes
717 2213 1009 2287 principes
1038 2215 1188 2285 ejus.
1226 2237 1255 2264 »
1287 2214 1540 2279 Nam,ut
1569 2213 1792 2268 Hebrzei
1817 2215 2062 2270 tradunt

396 2303 554 2358 sicut
584 2320 765 2375 supra
793 2306 1321 2358 commemoratum
1357 2307 1466 2369 est,
1497 2320 1612 2357 non
1648 2307 2062 2358 remanserunt

397 2406 468 2446 ex
498 2390 659 2446 omni
690 2389 794 2445 illa
835 2390 1215 2445 multitudine
1266 2390 1382 2445 nisi
1430 2391 1658 2456 decem,
1687 2389 1788 2461 qui
1842 2391 2057 2446 reversi

398 2481 543 2534 sunt
571 2494 709 2533 cum
740 2478 1160 2534 Sennacherib.
1204 2501 1231 2527 ‹‹
1268 2478 1423 2532 Dixit
1465 2478 1752 2533 Dominus
1786 2495 1799 2532 :
1838 2500 1865 2528 ››
1914 2480 2057 2544 Quia

398 2565 701 2641 periturus
729 2571 819 2623 est
847 2566 1244 2623 Sennacherib
1276 2571 1333 2621 et
1363 2566 1617 2638 populus
1649 2569 1797 2638 ejus,
1833 2568 1883 2623 si
1915 2586 2057 2623 con-

396 2656 550 2713 versi
582 2655 814 2712 fueritis
843 2656 915 2712 ad
945 2655 1113 2710 illum
1149 2679 1175 2704 ‹‹
1211 2658 1384 2729 cujus
1414 2656 1570 2728 ignis
1602 2662 1691 2711 est
1722 2657 1781 2712 in
1816 2658 1976 2723 Sion,
2002 2662 2061 2712 et

396 2745 670 2802 caminus
691 2747 821 2818 ejus
841 2744 901 2799 in
924 2744 1355 2801 Hierusalem.»
1378 2748 1672 2811 Quantum
1696 2748 1767 2801 ad
1800 2746 2057 2802 litteram

396 2833 671 2907 pertinet,
701 2834 856 2907 ignis
887 2837 944 2889 et
973 2834 1244 2890 caminus
1275 2834 1507 2889 Domini
1538 2835 1650 2890 fuit
1676 2835 1736 2889 in
1782 2835 2055 2891 Hierusa-

394 2922 535 2993 lem,
567 2923 708 2996 quia
757 2923 838 2978 ibi
890 2927 1015 2979 erat
1065 2925 1351 2996 templum
1400 2923 1459 2978 in
1495 2941 1611 2996 quo
1652 2929 1819 2980 erant
1849 2924 2059 2981 altaria

395 3012 458 3068 in
491 3029 743 3084 quorum
778 3030 895 3069 uno
926 3013 1082 3087 ignis
1115 3018 1435 3086 perpetuus
1488 3013 1886 3081 nutriebatur,
1912 3019 1969 3069 et
1994 3014 2057 3070 in

396 3100 584 3159 altera
621 3102 967 3160 holocausta
1016 3104 1276 3176 quotidie
1306 3105 1827 3160 comburebantur.
1862 3107 2055 3170 Quan-

394 3194 524 3248 tum
553 3208 687 3248 vero
719 3193 791 3248 ad
824 3193 1090 3249 altiorem
1114 3193 1479 3250 intellectum
1507 3195 1867 3268 attinet;per
1890 3195 2051 3264 Sion,

397 3296 529 3352 qua)
562 3280 985 3353 interpretatur
1014 3281 1319 3354 speculum
1343 3283 1463 3337 sive
1493 3282 2057 3355 speculatio,intelli-

2156 701 2421 755 berasset
2462 715 2598 754 eum
2632 698 2918 753 Dominus
2967 696 3039 753 de
3087 697 3365 754 manibus
3411 700 3808 773 Assyriorum,

2160 788 2445 844 convertit
2476 785 2758 859 populum
2790 786 2957 841 Judze
2988 803 3023 841 a
3049 786 3242 855 malis,
3274 786 3335 842 in
3387 788 3603 860 quibus
3650 796 3815 864 pater

2159 879 2287 949 ejus
2339 877 2476 931 fecit
2507 875 2799 931 declinare
2826 875 3041 931 Judam
3072 880 3131 932 et
3160 876 3466 947 Benjamin
3500 894 3534 934 a
3578 879 3671 935 via
3699 882 3809 938 Do-

2162 966 2307 1022 mini
2340 966 2411 1036 (II
2438 966 2628 1020 Paral.
2662 964 2838 1037 xXIx).
2868 964 2938 1019 Et
2968 981 3084 1019 non
3117 964 3310 1021 solum
3350 964 3485 1022 illos
3533 972 3817 1028 convertit

2163 1056 2237 1111 ad
2265 1055 2443 1110 ritum
2476 1054 2599 1121 Dei,
2632 1053 2733 1125 qui
2767 1054 2878 1109 sub
2908 1053 3037 1125 ejus
3073 1054 3358 1125 regimine
3390 1056 3698 1129 degebant,
3731 1060 3814 1115 vi-

2165 1143 2374 1199 delicet
2402 1143 2616 1198 Judam
2648 1146 2707 1197 et
2738 1142 3043 1213 Benjamin
3079 1160 3092 1197 :
3127 1160 3326 1199 verum
3359 1145 3533 1201 etiam
3567 1164 3669 1219 per
3706 1150 3814 1205 Ec-

2165 1232 2377 1288 clesias
2422 1249 2562 1287 suas
2591 1231 2879 1287 revocavit
2904 1230 3036 1288 illos
3067 1232 3169 1304 qui
3200 1240 3602 1291 remanserant
3634 1237 3692 1292 in
3723 1239 3820 1294 de-

2166 1338 2292 1378 cem
2326 1321 2539 1377 tribus.

2748 1446 2981 1503 CAPUT
3020 1446 3236 1504 XXXII.

2242 1612 2269 1638 ‹‹
2297 1590 2443 1645 Ecce
2473 1588 2532 1643 in
2557 1589 2795 1660 justitia
2824 1588 3112 1661 regnabit,
3144 1594 3201 1645 et
3229 1591 3523 1665 principes
3571 1594 3627 1650 in
3655 1596 3818 1666 judi-

2171 1678 2258 1734 cio
2290 1683 2601 1751 prteerunt.
2631 1700 2658 1727 »
2691 1678 2770 1733 De
2801 1678 3049 1734 Domino
3080 1682 3137 1735 et
3167 1680 3450 1752 apostolis
3478 1683 3606 1755 ejus
3638 1684 3821 1759 loqui-

2170 1773 2268 1823 tur
2300 1769 2471 1823 modo
2502 1784 2696 1822 sermo
2726 1766 3418 1840 prepheticus.Dominus
3447 1771 3640 1844 ipsein
3648 1775 3822 1846 justi-

2169 1858 2253 1912 tia
2279 1861 2506 1930 regnat,
2539 1857 2679 1928 quia
2705 1856 2829 1928 ipse
2867 1856 3035 1912 docet
3082 1873 3190 1913 nos
3238 1861 3528 1930 quomodo
3569 1862 3733 1934 juste
3763 1869 3819 1920 et

2172 1950 2325 2002 recte
2358 1946 2643 2001 vivamus.
2677 1946 2823 2001 Nam
2857 1946 2984 2018 ipse
3014 1950 3102 2002 est
3133 1964 3249 2016 rex,
3284 1948 3385 2021 qui
3412 1950 3559 2023 regit
3589 1958 3817 2010 mentes

2169 2035 2488 2091 electorum
2515 2051 2781 2091 suorum.
2800 2035 2928 2108 Ipse
2951 2039 3040 2091 est
3060 2052 3178 2105 rex,
3210 2038 3312 2109 qui
3339 2038 3585 2096 daturus
3601 2046 3690 2097 est
3710 2041 3822 2097 ele-

2170 2125 2281 2180 ctis
2310 2124 2437 2180 suis
2469 2140 2714 2197 regnum
2741 2124 2927 2180 Patris
2953 2124 3013 2181 in
3032 2125 3123 2181 die
3146 2126 3820 2198 judicii,dicens:Perci-

2169 2215 2288 2287 pite
2320 2231 2587 2286 regnum,
2620 2215 2776 2286 quod
2803 2213 2969 2270 vobis
3013 2219 3286 2287 paratum
3334 2220 3425 2273 est
3471 2219 3544 2274 ab
3591 2220 3817 2293 origine

2170 2304 2375 2358 mundi
2401 2300 2608 2373 (Matth.
2640 2303 2790 2375 xxv).
2808 2302 2871 2358 In
2895 2304 3133 2375 justitia
3160 2304 3336 2361 etiam
3365 2308 3629 2381 regnabit
3653 2309 3817 2366 Chri-

2169 2397 2320 2460 stus,
2337 2393 2477 2463 quia
2502 2409 2816 2465 personam
2838 2391 3092 2465 alicujus
3111 2392 3369 2451 hominis
3388 2396 3445 2451 in
3460 2398 3683 2469 judicio
3700 2417 3816 2455 non

2169 2480 2415 2553 accipiet
2442 2480 2503 2535 in
2535 2482 2793 2537 secundo
2825 2481 3100 2549 adventu,
3133 2483 3308 2538 sicuti
3341 2501 3445 2541 nec
3498 2484 3556 2542 in
3604 2488 3812 2560 primo.

2169 2569 2351 2641 Cujus
2383 2569 2679 2641 principes
2713 2569 3084 2642 appellantur
3131 2572 3399 2645 apostoli,
3432 2573 3531 2647 qui
3579 2575 3733 2632 docti
3781 2593 3817 2632 a

2168 2656 2408 2712 veritate
2457 2662 2516 2712 et
2552 2657 2789 2728 justitia
2823 2656 3118 2728 judicium
3168 2659 3641 2731 praedicaverunt.
3685 2663 3816 2734 Ipso

2168 2746 2414 2818 spiritus
2437 2746 2665 2818 judicio
2697 2763 2800 2818 per
2828 2745 3067 2802 illorum
3099 2747 3567 2820 praedicationem
3599 2750 3818 2823 repleta

2169 2839 2259 2891 est
2288 2836 2483 2891 omnis
2515 2840 2670 2890 terra
2716 2834 2962 2891 scientia
3008 2835 3241 2892 Domini
3286 2838 3461 2906 (Psal.
3493 2841 3673 2907 xvm),
3709 2857 3815 2897 nec

2167 2924 2281 2997 ipsi
2313 2924 2487 2979 etiam
2509 2924 2849 2995 judicantes
2877 2940 3190 2997 personam
3224 2924 3474 2998 alicujus
3506 2927 3809 3001 accipient.

2239 3036 2268 3063 ‹‹
2302 3014 2372 3069 Et
2401 3012 2512 3068 erit
2542 3011 2630 3066 vir
2661 3012 2816 3069 sicut
2844 3013 2955 3084 qui
2977 3013 3360 3069 absconditur
3389 3032 3424 3072 a
3448 3020 3635 3072 vento.
3672 3039 3699 3067 »
3731 3017 3811 3073 De

2165 3102 2381 3175 populo
2411 3100 2776 3157 credentium
2809 3100 3072 3173 loquitur
3108 3102 3301 3173 modo,
3335 3104 3435 3176 qui
3488 3122 3522 3160 a
3565 3104 3809 3164 Domino

2164 3190 2493 3265 protegitur
2506 3193 2564 3246 et
2592 3190 2928 3245 defenditur
2942 3190 3013 3246 ab
3046 3190 3287 3248 incursu
3306 3193 3808 3261 daamonum,dans

2163 3276 2300 3332 inde
2330 3282 2448 3332 tres
2478 3276 2898 3332 similitudines
2933 3293 2947 3332 :
2981 3275 3166 3345 Sicut,
3199 3277 3492 3350 inquiens,
3526 3281 3625 3352 qui
3675 3282 3807 3337 abs-

395 3368 559 3443 gitur
587 3370 801 3425 Sancta
828 3370 1088 3425 Ecclesia
1115 3372 1187 3425 de
1218 3372 1495 3443 gentibus
1525 3372 1596 3426 ad
1629 3372 1805 3427 fidem
1836 3372 2054 3429 Christi
2084 3355 2128 3422 C
2166 3366 2365 3421 condit
2396 3383 2458 3421 ΒΘ
2484 3365 2542 3420 in
2575 3366 2748 3420 domo
2780 3369 3018 3438 propter
3044 3370 3283 3422 ventum
3300 3367 3556 3424 validum
3588 3373 3645 3425 et
3671 3373 3810 3426 tem-

398 3457 769 3525 coadunata;
820 3457 1206 3525 Hierusalem,
1252 3477 1380 3530 quae
1438 3460 1856 3531 interpretatur
1909 3461 2055 3518 visio

396 3544 583 3618 pacis,
613 3544 909 3600 caelestem
951 3545 1203 3617 patriam
1254 3546 1569 3619 significat.
1607 3548 1715 3602 Per
1757 3548 1953 3622 ignem
1999 3555 2057 3607 et

395 3629 970 3705 caminum,intelligi
980 3637 1075 3686 tur
1085 3633 1259 3687 ardor
1278 3634 1495 3689 amoris
1517 3639 1574 3690 et
1588 3634 1919 3693 dilectionis
1937 3654 2053 3710 quo

396 3720 606 3776 ardent
635 3724 692 3776 et
712 3720 965 3792 ﬂagrant
996 3738 1201 3777 omnes
1223 3722 1390 3778 electi
1426 3739 1564 3785 erga
1585 3722 1770 3780 Deum
1789 3729 1846 3781 et
1867 3726 2053 3799 proxi-

394 3820 583 3878 mum,
617 3813 740 3865 tam
773 3810 831 3864 in
871 3811 1143 3882 prmsenti
1194 3811 1404 3867 saeculo
1445 3813 1747 3881 constitui,
1781 3831 1959 3886 quam
1993 3816 2050 3872 in

391 3916 651 3972 superna
682 3899 1067 3955 Hierusalem.
1093 3902 1257 3968 Quod
1291 3901 1448 3956 enim
1482 3919 1585 3974 per
1614 3902 1809 3976 ignem
1834 3904 2054 3976 signifi-

390 3991 558 4044 cetur
588 3987 819 4044 dilectio
849 3988 951 4045 Dei
984 3994 1042 4044 et
1072 3989 1343 4062 proximi,
1378 3991 1716 4047 manifestat
1763 3992 2052 4049 Dominus

389 4093 526 4135 cum
557 4078 738 4136 dicit:
765 4100 793 4129 ‹‹
826 4081 1027 4153 Ignem
1058 4078 1189 4135 veni
1217 4080 1449 4136 mittere
1476 4081 1535 4135 in
1568 4085 1805 4149 terram,
1828 4086 1887 4137 et
1907 4083 2049 4155 quid

385 4166 645 4224 volonisi
665 4171 730 4224 ut
746 4168 983 4225 ardeat?
1004 4191 1032 4219 »
1061 4170 1213 4239 (Luc.
1236 4172 1365 4238 x11.)
1391 4170 1502 4226 Sed
1526 4170 2046 4240 considerandum,

388 4257 531 4329 quia
559 4257 634 4314 ad
663 4258 1161 4329 comparationem
1190 4259 1405 4314 camini
1428 4259 1583 4332 ignis
1615 4277 1831 4332 parvus
1853 4266 2049 4333 potest

386 4363 539 4419 esse,
552 4351 612 4405 et
631 4353 922 4420 quantum
935 4353 1027 4404 est
1038 4347 1193 4404 inter
1204 4347 1400 4419 ignem
1417 4366 1662 4421 parvum
1676 4354 1733 4405 et
1745 4350 2045 4407 caminum

387 4435 736 4506 maximum,
760 4440 993 4492 tantum
1026 4436 1271 4493 interest
1300 4441 1358 4492 et
1389 4437 1573 4493 multo
1603 4437 1861 4511 amplius
1893 4439 2047 4496 inter

386 4541 651 4582 amorem
678 4528 736 4582 et
764 4525 1048 4582 fervorem
1081 4524 1413 4582 dilectionis
1445 4525 1546 4582 Dei
1597 4543 1773 4598 quem
1823 4527 2045 4585 habent

384 4614 561 4671 modo
592 4613 759 4671 electi
791 4613 851 4669 in
884 4614 1155 4687 praesenti
1189 4614 1423 4685 saeculo,
1447 4620 1504 4671 et
1532 4614 1699 4671 illum
1732 4633 1907 4689 quem
1938 4617 2041 4673 ha-

2164 3458 2452 3526 pestatem
2483 3448 2730 3509 nimiam
2761 3458 2820 3509 et
2850 3454 3202 3526 requiescit;
3236 3459 3294 3512 et
3323 3455 3475 3512 sicut
3519 3457 3618 3530 qui
3664 3458 3805 3528 sitit,

2164 3559 2300 3599 cum
2330 3542 2616 3598 invenerit
2659 3542 2813 3597 rivos
2845 3558 3133 3615 aquarum
3166 3543 3313 3601 bibit
3356 3549 3415 3601 et
3456 3545 3810 3604 refocillatur

2164 3632 2363 3688 anima
2389 3631 2591 3700 illius;
2626 3636 2685 3688 et
2716 3631 2869 3688 sicut
2899 3631 3002 3704 qui
3049 3632 3314 3690 ambulat
3362 3650 3466 3707 per
3512 3634 3805 3693 desertum

2163 3725 2368 3777 urente
2395 3719 2516 3777 sole
2547 3737 2681 3777 cum
2712 3720 3000 3777 invenerit
3030 3720 3190 3777 miras
3245 3723 3667 3796 magnitudinis
3705 3741 3806 3798 pe-

2161 3814 2337 3877 tram,
2370 3811 2481 3866 sub
2515 3810 2728 3865 umbra
2757 3809 2917 3866 illius
2946 3811 3273 3885 protegitur
3301 3828 3335 3868 a
3366 3811 3556 3869 calore
3584 3814 3764 3870 nimio
3789 3831 3803 3871 :

2161 3900 2245 3956 sic
2274 3899 2385 3955 erit
2413 3899 2513 3971 qui
2538 3899 2851 3955 crediderit
2874 3904 3176 3971 protectus
3197 3918 3231 3958 a
3261 3917 3395 3974 rege
3418 3901 3661 3959 Domino
3691 3904 3805 3960 Deo

2160 3994 2218 4045 et
2249 3989 2347 4061 qui
2380 3987 2594 4061 fugerit
2621 3989 2731 4044 sub
2762 3989 2975 4045 umbra
3000 3994 3219 4046 sanctm
3250 3990 3538 4048 Ecclesia.

2231 4100 2261 4128 ‹‹
2294 4078 2419 4134 Νοιι
2450 4077 2793 4151 caligabunt
2821 4078 2975 4135 oculi
3005 4077 3350 4149 videntium,
3383 4084 3441 4137 et
3486 4097 3661 4138 aures
3709 4099 3806 4139 au-

2158 4166 2469 4237 dientium,
2503 4190 2531 4219 ››
2565 4166 2869 4223 Christum
2898 4189 2926 4217 «
2961 4166 3278 4242 diligenter
3303 4169 3741 4238 auscultabunt,
3774 4193 3801 4222 ν

2157 4256 2381 4313 monita
2410 4257 2558 4327 ejus.
2571 4256 2848 4312 Videntes
2880 4261 2937 4312 et
2967 4258 3273 4314 audientes
3296 4257 3667 4331 appellantur
3694 4260 3803 4316 isto

2156 4346 2216 4401 in
2248 4346 2373 4402 loco
2402 4345 2675 4418 apostoli.
2712 4347 2841 4419 Ipse
2871 4346 3028 4402 enim
3060 4347 3378 4403 audierunt
3423 4364 3459 4403 a
3506 4347 3754 4405 Domino
3785 4367 3798 4406 :

2155 4459 2184 4487 ‹‹
2221 4436 2379 4492 Beati
2411 4434 2563 4493 oculi
2597 4435 2699 4508 qui
2728 4435 2930 4492 vident
2959 4452 3086 4509 quae
3115 4453 3218 4493 vos
3265 4437 3495 4506 videtis,
3528 4441 3587 4493 et
3630 4455 3804 4495 aures

2153 4540 2282 4597 qua:
2312 4524 2564 4581 audiunt
2595 4540 2724 4596 quae
2754 4539 2857 4580 vos
2886 4523 3106 4580 auditis
3134 4524 3338 4596 (Matth.
3370 4526 3513 4597 xm),
3547 4548 3576 4578 »
3608 4530 3665 4583 et
3695 4544 3801 4583 cte-

2152 4618 2297 4670 tera.
2330 4614 2477 4670 Nam
2510 4613 2666 4685 quod
2698 4612 2996 4686 prophetis
3029 4613 3439 4686 praedixerunt,
3471 4619 3530 4671 et
3550 4614 3608 4671 in
3622 4616 3804 4689 amig-

384 4703 525 4760 bent
553 4704 741 4760 sancti
769 4704 897 4776 jam
928 4704 1262 4776 compuncti
1300 4704 1547 4760 Domino
1579 4704 1639 4759 in
1688 4704 1853 4761 coelo.
1888 4706 2044 4764 Dixit
2074 4732 2121 4796 Ι)
2154 4709 2311 4759 mate
2342 4720 2408 4759 ac
2440 4702 2681 4777 speculo
2708 4702 2981 4759 viderunt
3015 4720 3027 4760 :
3063 4704 3160 4760 isti
3202 4708 3260 4760 et
3307 4704 3493 4761 oculis
3542 4704 3802 4778 corporis

381 4805 521 4865 ergo
542 4792 830 4848 Dominus
842 4792 1179 4865 cujusignis
1196 4798 1305 4859 est,
1327 4792 1384 4847 id
1408 4797 1498 4849 est
1515 4793 2043 4852 fervordilectionis

382 4880 442 4936 in
472 4881 733 4937 Ecclesia
762 4882 955 4953 posita
984 4881 1177 4936 adhuc
1208 4881 1266 4935 in
1296 4885 1543 4946 terra,et
1573 4884 1746 4955 cujus
1771 4885 2041 4942 caminus

379 4974 491 5042 est,
526 4969 585 5024 id
617 4974 707 5025 est
738 4968 1040 5042 plenitudo
1072 4969 1403 5026 dilectionis
1436 4971 1494 5025 in
1527 4971 1745 5027 caelesti
1766 4973 2039 5030 Hierusa-

379 5057 626 5125 lem,cui
652 5058 843 5113 dicere
868 5059 1056 5114 facere
1092 5063 1211 5114 est:
1244 5059 1385 5130 quia
1407 5059 1454 5114 si
1488 5061 1854 5132 projeceritis
1885 5062 2041 5119 idola

378 5152 593 5215 vestra,
611 5145 778 5201 illum
798 5147 1007 5204 vestris
1028 5148 1198 5204 bonis
1220 5148 1495 5221 operibus
1517 5148 2039 5223 placaveritis,ipse

378 5235 671 5308 pugnabit
691 5252 795 5305 pro
818 5237 1065 5303 vobis,et
1087 5237 1257 5291 cadet
1277 5240 1463 5293 Assur
1486 5238 1542 5291 in
1563 5237 1757 5309 gladio
1774 5255 1886 5293 non
1906 5240 2033 5307 viri,

379 5325 480 5379 sed
513 5323 887 5379 devorabitur
917 5326 988 5379 ab
1012 5325 1144 5397 igne
1176 5325 1637 5393 caelesti,Dicunt
1657 5327 1834 5381 etiam
1855 5326 2034 5399 aliqui

377 5411 688 5468 doctorum
710 5412 823 5468 alio
852 5414 1024 5470 modo
1048 5414 1205 5468 istud
1239 5416 1392 5487 quod
1419 5415 1662 5470 dicitur:
1688 5416 1749 5471 In
1769 5416 1859 5471 die
1876 5417 2033 5472 enim

374 5497 477 5558 illa
508 5499 776 5573 projiciet
800 5503 888 5557 vir
918 5502 1074 5558 idola
1105 5504 1329 5574 argenti
1365 5504 1604 5569 sui,hoc
1636 5509 1724 5559 est
1745 5522 1877 5560 cum
1893 5506 2036 5560 ceci-

374 5584 529 5644 derit
555 5588 742 5641 Assur
772 5587 829 5642 in
863 5589 1059 5661 gladio
1093 5607 1207 5644 non
1240 5589 1518 5659 hominis,
1552 5597 1610 5647 et
1642 5593 1901 5665 fugerint
1930 5610 2033 5665 pa-

370 5678 577 5729 ventes
608 5671 902 5746 principes
933 5676 1335 5748 ejus,abjiciet
1363 5679 1452 5733 vir
1478 5679 1637 5735 idola
1668 5680 1891 5751 argenti
1914 5682 2029 5747 sui,

371 5760 431 5815 et
457 5761 830 5817 convertetur
859 5764 932 5821 ad
962 5762 1302 5821 Dominum.
1335 5766 1453 5823 Hoc
1501 5768 1891 5842 adimpletum
1941 5774 2033 5828 est

2152 4797 2210 4849 et
2256 4793 2441 4849 oculis
2488 4792 2707 4848 mentis
2752 4791 3045 4849 viderunt.
3098 4794 3278 4849 Aures
3328 4793 3503 4849 etiam
3554 4799 3803 4867 possunt

2152 4882 2433 4955 appellari
2465 4881 2770 4957 apostolici
2803 4881 2910 4937 viri
2940 4886 2999 4938 et
3046 4883 3369 4951 credentes,
3402 4882 3504 4956 qui
3553 4882 3803 4939 libenter

2148 4973 2324 5028 verba
2351 4972 2585 5027 Domini
2616 4975 3024 5043 susceperunt.
3059 4970 3345 5027 Dominus
3381 4973 3538 5027 enim
3570 4972 3711 5028 dicit
3738 4973 3798 5029 in

2149 5061 2506 5135 Evangelio:
2556 5085 2584 5111 ‹‹
2637 5060 2745 5129 Qui
2804 5060 2980 5116 habet
3026 5077 3198 5117 aures
3256 5061 3551 5129 audiendi,
3598 5062 3799 5118 audiat

2150 5150 2301 5221 (Luc.
2332 5153 2480 5219 νιιι).
2514 5172 2542 5201 ››
2586 5149 2872 5205 Similiter
2920 5154 2977 5205 et
3024 5150 3284 5206 Joannes
3340 5150 3399 5206 in
3454 5149 3799 5223 Apocalypsi

2146 5240 2300 5312 (Cap.
2336 5256 2375 5293 ιι
2409 5244 2464 5294 et
2492 5239 2575 5311 ιιι)
2605 5256 2713 5294 sua
2741 5237 2993 5310 loquens
3015 5239 3087 5295 ad
3120 5243 3343 5312 septem
3376 5238 3671 5296 ecclesias.

2216 5351 2244 5378 ‹‹
2280 5328 2391 5383 Cor
2436 5328 2753 5384 stultorum
2795 5327 3084 5400 intelliget
3132 5327 3464 5396 scientiam,
3495 5332 3552 5384 et
3596 5327 3799 5401 lingua

2145 5417 2455 5473 balborum
2489 5417 2761 5474 velociter
2780 5418 3055 5490 loquetur
3074 5421 3131 5473 et
3150 5417 3343 5490 plane.
3370 5440 3399 5467 ››
3422 5416 3799 5489 Stultiappel-

2143 5505 2420 5562 labantur
2445 5506 2545 5579 qui
2576 5524 2693 5563 non
2726 5508 3027 5563 habebant
3053 5512 3187 5564 ante
3217 5509 3532 5564 adventum
3566 5506 3795 5562 Domini

2142 5595 2450 5651 scientiam
2473 5613 2661 5667 neque
2695 5597 2993 5664 tidem,uti
3028 5597 3265 5654 fuerunt
3297 5594 3795 5669 apostoli.Balbus

2141 5687 2231 5738 est
2261 5685 2361 5755 qui
2395 5701 2511 5739 non
2544 5689 2735 5756 potest
2758 5686 3023 5757 expedite
3053 5685 3211 5759 loqui
3223 5687 3339 5754 ,vel
3368 5686 3466 5759 qui
3490 5703 3604 5742 non
3622 5685 3797 5741 habet

2139 5771 2458 5850 perfectam
2476 5771 2675 5832 fidem.
2692 5772 2802 5832 Sed
2826 5773 2968 5852 quid
2994 5774 3130 5834 fecit
3160 5774 3447 5835 Dominus
3475 5774 3712 5833 veniens
3732 5774 3792 5833 in
