3944 6440
210 330 294 389 221
1578 336 1919 397 COMMENT
1955 339 2025 395 IN
2064 338 2223 398 GEN.

209 453 391 511 Laban
422 452 766 525 signiﬁcant
787 455 1123 513 Phariszeos
1155 461 1213 516 et
1236 457 1621 530 Sadducaeos,
1641 460 1748 535 qui
1765 461 1852 519 vi-
1882 463 1932 521 Α
1967 462 2047 520 ab
2077 463 2428 523 hominibus
2458 465 2520 524 in
2543 466 2893 540 prmsidium
2917 465 3147 535 salutis,
3179 482 3261 525 ne
3285 471 3634 540 praetermit-

205 543 479 601 debantur
494 559 753 617 praeesse
771 545 998 617 populo
1022 547 1390 619 Judaeorum,
1415 552 1593 622 quasi
1612 551 1849 611 ovibus.

202 632 366 690 Jacob
387 632 610 708 quippe
630 638 844 707 typum
865 635 1051 693 tenuit
1067 637 1406 697 Salvatoris.
1426 640 1696 711 Spatium
1712 656 1853 698 vero

203 720 360 779 trium
385 722 619 779 dierum
636 722 789 779 inter
815 739 920 781 eos
951 724 1264 796 signiticet,
1297 727 1444 799 quia
1473 727 1592 785 ﬁde
1629 733 1852 786 sanctae

201 809 499 873 Trinitatis,
522 826 630 866 seu
661 810 724 866 in
770 812 1133 883 cognitione,
1191 814 1512 891 locutione,
1563 821 1621 875 et
1670 833 1853 890 opere

199 903 576 972 peccaverunt
608 904 819 959 contra
862 903 1205 966 Dominum.
1240 904 1562 978 Sequitur:

790 1017 1019 1073 CAPUT
1056 1021 1228 1076 XXXI.

259 1134 413 1188 Vens.
441 1137 527 1189 19.
559 1165 628 1173 ——
655 1133 877 1189 Eodem
913 1140 1175 1204 tempore
1204 1136 1413 1193 Laban
1446 1140 1599 1195 ierat
1629 1140 1712 1197 ad
1728 1146 1853 1195 ton-

194 1223 401 1279 dendas
429 1239 582 1290 oves,
620 1230 673 1279 et
703 1225 935 1281 Rachel
960 1226 1182 1296 furata
1215 1232 1299 1283 est
1329 1228 1492 1284 idola
1514 1232 1714 1301 patris
1735 1232 1847 1287 sui.

197 1312 291 1367 Ubi
312 1328 467 1367 nunc
500 1313 665 1368 idola
682 1313 962 1382 legimus,
990 1313 1051 1369 in
1077 1314 1327 1371 Hebraeo
1346 1318 1689 1389 lheraphim
1713 1319 1851 1375 scri-

190 1406 345 1473 ptum
373 1407 483 1474 est,
516 1419 655 1475 quae
682 1402 898 1476 Aquila
924 1405 1177 1474 ﬁguras,
1204 1406 1295 1460 vel
1327 1408 1614 1477 imagines
1669 1409 1847 1466 inter-

190 1496 455 1562 pretatur.
490 1495 613 1547 Hoc
641 1498 841 1548 autem
873 1492 1009 1549 ideo
1040 1498 1105 1549 ut
1138 1495 1405 1550 sciamus
1429 1498 1576 1570 quid
1597 1497 1659 1554 in
1686 1499 1846 1555 Judi-

188 1594 312 1634 cum
341 1579 491 1636 libro
518 1581 689 1652 (Jud.
720 1597 838 1637 xvu
869 1586 925 1638 et
953 1584 1117 1655 xvm)
1153 1584 1495 1657 theraphim
1530 1592 1722 1655 sonet,
1754 1586 1842 1644 di-

186 1683 388 1723 limus.

248 1759 402 1813 Vens.
435 1761 527 1813 25.
549 1789 624 1798 —
650 1760 910 1830 Jamque
938 1760 1130 1815 Jacob
1152 1763 1508 1821 extenderat
1540 1765 1601 1820 in
1644 1771 1843 1821 monte

188 1846 408 1903 Galaazl
435 1847 920 1905 tabernaculum.
957 1852 1088 1905 Non
1133 1851 1299 1923 quod
1327 1868 1397 1907 eo
1427 1856 1694 1926 tempore
1726 1855 1838 1910 Ga-

186 1935 309 1990 laad
342 1953 515 1991 mons
543 1938 860 2008 diceretur,
896 1938 1005 1994 sed
1059 1955 1167 2011 per
1219 1940 1735 2014 anticipationem,
1776 1948 1842 1999 ut

184 2023 504 2098 frequenter
535 2026 824 2089 diximus,
858 2027 960 2084 illo
990 2034 1241 2085 vocatur
1264 2032 1512 2088 nomine
1560 2048 1683 2105 quo
1730 2048 1839 2105 po-

190 2119 301 2170 stea
321 2120 709 2191 nuncupatus
739 2122 844 2173 est.

251 2206 646 2274 Veneti-’16.
682 2240 750 2246 —
788 2208 951 2263 Tulit
979 2199 1181 2280 itaque
1210 2210 1398 2266 Jacob
1447 2197 1733 2283 lapidem,
1785 2218 1840 2269 et

186 2298 547 2353 erexitillum
580 2299 643 2353 in
677 2299 940 2365 titulum,
987 2300 1262 2371 dixitque
1308 2300 1613 2369 fratribus
1668 2304 1840 2359 suis:

184 2384 392 2454 A/ferte
425 2387 681 2456 lapides,
705 2390 761 2442 et
786 2387 1037 2459 reliqua.
1074 2388 1369 2448 Quaeritur
1398 2406 1588 2462 quare
1619 2391 1839 2446 consti-

185 2473 278 2527 tuit
303 2474 481 2530 Jacob
510 2474 785 2548 lapidem
813 2491 995 2548 super
1046 2476 1330 2534 titulum?
1374 2479 1488 2534 Sed
1526 2479 1840 2548 diligenter

184 2562 606 2623 advertendum
634 2566 741 2637 [Z.,
771 2566 1405 2640 animadvertendum]
1436 2574 1524 2624 est
1565 2570 1732 2641 quod
1762 2571 1837 2627 is-

181 2657 260 2707 tos
292 2654 482 2711 titulos
501 2654 570 2713 in
590 2655 672 2711 rei
693 2656 986 2729 cujusque
1013 2656 1352 2713 testimonio
1370 2659 1833 2725 constituebant,

179 2756 287 2797 non
311 2748 486 2799 uteos
513 2760 629 2817 pro
660 2743 774 2799 diis
806 2744 1085 2814 colerent,
1122 2744 1231 2801 sed
1255 2750 1315 2802 ut
1342 2747 1425 2803 eis
1470 2747 1699 2822 aliquid
1758 2748 1835 2805 si-

180 2831 535 2900 gniﬁcarent.

241 2922 395 2977 Vens.
436 2926 516 2978 t7.
549 2954 621 2962 —
656 2922 837 2991 Quem
870 2924 1101 2980 vocavit
1127 2924 1340 2982 Laban
1371 2941 1384 2979 :
1422 2925 1710 2982 Tumulus
1729 2932 1835 2982 tes-

182 3012 263 3077 tis,
295 3018 345 3068 et
373 3012 583 3079 Jacob,
612 3013 915 3070 Aeervum
949 3015 1295 3080 testimonii,
1356 3021 1605 3087 uterque
1643 3018 1833 3087 juxta

174 3102 590 3171 proprietatem
622 3102 844 3172 linguae
871 3117 1015 3159 suae.
1039 3104 1302 3158 Acervus
1332 3102 1542 3173 lingua
1588 3105 1833 3161 Hebraea

177 3189 269 3257 gal
294 3190 528 3262 dicitur,
567 3191 691 3249 aad
722 3207 861 3247 vero
883 3191 1315 3249 testimonium.
1341 3195 1597 3249 Rursum
1624 3193 1832 3265 lingua
1873 3177 1915 3235 (ἶ

181 3277 312 3350 Syra
339 3296 596 3338 acervus
630 3296 767 3353 zgar
794 3281 1154 3357 appellatur,
1187 3281 1533 3352 testimonii,
1553 3284 1828 3340 sedul/ut.

175 3367 341 3425 Jacob
368 3369 553 3441 igitur
581 3386 870 3428 acervum
904 3370 1250 3439 testimonii,
1284 3372 1399 3428 hoc
1448 3376 1540 3428 est
1594 3374 1833 3431 Galaad

174 3456 361 3528 lingua
380 3461 639 3519 Hebraea
660 3462 985 3536 appellavit
1005 3481 1017 3532 ;
1038 3462 1243 3519 Laban
1262 3478 1403 3519 vero
1414 3462 1703 3536 idipsum,
1716 3464 1833 3521 hoc

173 3552 254 3604 est
274 3566 555 3609 acervum
590 3553 931 3623 testimonii,
963 3554 1102 3626 igar
1148 3553 1403 3611 sedutha
1463 3555 1654 3625 gentis
1708 3572 1833 3611 suae

174 3652 427 3697 sermone
454 3640 719 3697 vocavit.
754 3643 888 3701 Erat
945 3642 1107 3697 enim
1150 3644 1352 3716 Syrus,
1407 3648 1465 3699 et
1517 3643 1833 3716 antiquam

172 3723 420 3793 linguam
444 3734 773 3803 parentum
824 3730 1151 3804 provinciae
1202 3730 1265 3787 in
1320 3748 1446 3807 qua
1492 3731 1828 3803 habitabat,

174 3831 429 3875 sermone
460 3834 589 3876 non
622 3824 982 3877 mutaverat.

233 3906 391 3964 Vens.
425 3913 513 3965 53.
549 3939 623 3949 —
653 3909 899 3965 Juravit
929 3909 1116 3966 Jacob
1147 3924 1257 3979 per
1299 3910 1569 3968 timorem
1630 3914 1831 3981 βαίνεις

170 3996 254 4049 sui
274 3997 463 4054 Isaac.
500 3996 662 4065 Quid
691 4003 781 4054 est
809 3998 977 4072 quod
1004 3998 1226 4070 juravit
1246 4014 1354 4072 per
1400 4000 1676 4056 timorem
1729 4017 1832 4075 pa-

170 4084 257 4138 tris
287 4086 374 4143 sui
398 4088 622 4145 Isaac?
676 4090 781 4144 I’er
812 4090 1000 4144 Deum
1056 4089 1284 4161 utique,
1346 4105 1532 4163 quem
1581 4090 1832 4149 timebat

170 4172 317 4230 Isaac
349 4181 517 4248 pater
571 4176 705 4247 ejus
753 4177 958 4248 jurare
1015 4176 1384 4248 intelligitur,
1416 4194 1603 4251 quem
1661 4179 1831 4235 timo-

168 4275 278 4317 rem
309 4264 485 4321 etiam
519 4264 802 4339 superius
845 4264 1295 4321 commendavit
1359 4283 1499 4322 cum
1558 4267 1780 4323 diceret
1812 4284 1827 4323 :

169 4351 306 4407 Deus
338 4356 541 4426 patris
602 4356 721 4411 mei
772 4355 1062 4423 Abrahae,
1118 4360 1173 4412 et
1251 4356 1431 4412 timor
1464 4358 1667 4427 patris
1717 4372 1830 4414 mei

168 4438 344 4498 Isaac.

756 4542 987 4599 CAPUT
1022 4544 1223 4599 XXXII.

230 4656 385 4713 Vens.
428 4658 578 4715 t-tO.
606 4659 1085 4730 ~Fueruntque
1111 4658 1167 4713 ei
1184 4658 1419 4714 obviam
1449 4659 1657 4729 angeli
1670 4660 1782 4715 Dei
1804 4674 1827 4716 .'

167 4760 293 4812 quos
334 4764 467 4805 cum
517 4749 786 4814 vidisset,
828 4749 915 4804 ait
970 4763 994 4804 .·
1047 4747 1266 4804 Castra
1324 4749 1438 4805 Dei
1491 4755 1633 4805 sunt
1678 4749 1824 4806 haec.

166 4834 316 4892 Nulla
344 4836 648 4894 dubitatio
681 4842 770 4894 est
796 4837 965 4911 quod
996 4837 1354 4907 angelorum
1385 4838 1578 4895 fuerat
1624 4839 1825 4895 multi-

168 4924 325 4995 tudo;
356 4943 427 4985 ea
456 4928 693 5003 quippe
722 4927 785 4984 in
846 4926 1163 5000 Scripturis
1202 4927 1420 4986 militia
1453 4930 1591 4984 caeli
1634 4928 1826 4987 nomi-

164 5014 277 5069 nari
309 5015 479 5074 solet.

225 5104 381 5162 Vens.
421 5107 507 5165 ll.
538 5137 610 5149 --
636 5107 925 5180 Dixitque
949 5104 1136 5163 Jacob
1166 5106 1248 5162 ad
1290 5107 1610 5165 Dominum
1629 5126 1641 5164 ε
1662 5108 1828 5166 Erue

166 5205 243 5247 me
266 5193 531 5254 demanu
541 5197 767 5269 fratris
785 5197 900 5252 mei
912 5197 1100 5265 Esau,
1122 5209 1267 5268 quia
1289 5196 1605 5252 valdeeum
1626 5199 1821 5254 timeo.

166 5284 335 5341 Quaeri
358 5286 508 5341 solet
539 5283 860 5359 quomodo
890 5284 1074 5339 ﬁdem
1104 5284 1386 5340 habuerit
1406 5284 1615 5350 Jacob,
1637 5302 1825 5358 quan-

166 5366 482 5442 doquidum
504 5378 748 5429 tantum
773 5372 968 5429 timuit
992 5377 1144 5429 Esau
1168 5373 1410 5429 fratrem
1439 5374 1658 5429 suum?
1674 5374 1824 5430 Satis

166 5458 303 5515 enim
334 5462 389 5517 in
422 5463 631 5519 verbis
652 5462 925 5534 ejusdem
957 5462 1167 5533 Jacob,
1200 5477 1335 5534 qute
1368 5466 1721 5534 sequuntur,
1769 5467 1827 5520 et

167 5541 411 5607 humana
438 5551 769 5608 inﬁrmitas
799 5550 1027 5607 etﬁdes
1054 5552 1290 5624 pietatis
1343 5555 1631 5623 apparet;
1685 5556 1826 5607 utet

172 5634 587 5698 iieusliberaret
601 5657 765 5707 eum,
781 5645 985 5714 etquae
1003 5640 1276 5715 promisit
1294 5639 1587 5713 impleret.
1608 5638 1824 5696 Admo-

170 5727 325 5782 mandi
339 5734 541 5787 tamen
557 5730 786 5787 fuimus
804 5730 918 5786 hoc
936 5730 1213 5804 exemplo
1229 5734 1312 5797 ut,
1327 5728 1606 5805 quamvis
1624 5728 1824 5787 creda-

172 5826 286 5871 mus
300 5818 355 5881 in
376 5823 593 5889 Deum,
620 5819 916 5879 faciamus
946 5824 1153 5878 tamen
1182 5835 1321 5893 quae
1349 5816 1629 5880 facienda
1682 5823 1824 5878 sunt

1971 557 2156 612 tentes
2186 570 2279 623 ea,
2312 558 2501 615 Deum
2528 559 2754 613 tentare
2784 555 3120 614 videamur.

2034 644 2204 701 Vens.
2231 644 2320 705 22.
2355 676 2424 686 -—
2440 642 2522 703 Et
2545 646 2828 703 transivit
2851 646 3072 705 vadum
3091 645 3299 703 Jaboc.
3319 650 3448 706 Non
3468 648 3632 706 enim

1960 729 2286 801 legendum
2316 737 2422 801 est,
2454 738 2521 793 ut
2549 733 2705 791 falso
2733 734 2796 791 in
2815 734 3185 807 quibusdam
3203 734 3515 792 codicibus
3534 737 3626 795 in-

1959 820 2196 883 venitur
2249 837 2263 880 :
2320 822 2398 879 Et
2444 824 2725 882 transivit
2773 824 2997 882 vadum
3024 823 3235 894 Jacob,
3285 824 3392 881 sed
3419 827 3627 897 Jaboc,

1961 909 2129 981 quod
2156 914 2247 967 est
2273 912 2589 985 proprium
2609 928 2835 973 nomen
2862 912 3053 984 ipsius
3076 912 3237 971 vadi.
3270 913 3497 987 Itaque.

2034 1000 2201 1055 Vens.
2234 1004 2420 1061 23-29.
2450 1032 2518 1045 --
2556 1002 3063 1074 Transductisque
3091 1002 3361 1061 omnibus
3387 1019 3520 1076 qua
3548 1007 3630 1063 ad

1961 1101 2023 1144 se
2048 1088 2452 1159 pertinebant,
2476 1091 2766 1149 remansit
2795 1091 2977 1149 solus.
3032 1091 3113 1147 Et
3142 1106 3273 1150 ecce
3302 1093 3398 1149 vir
3443 1094 3633 1153 lucta-

1964 1176 2144 1233 batur
2161 1193 2297 1236 cum
2326 1194 2394 1241 eo
2422 1195 2607 1252 usque
2634 1196 2826 1247 mane,
2846 1184 2904 1239 et
2928 1180 3159 1252 reliqua
3178 1197 3495 1255 usquequo
3525 1185 3626 1253 ait,

1962 1280 2360 1337 nequaquam,
2430 1270 2646 1341 inquit,
2691 1270 2874 1327 Jacob
2942 1271 3358 1340 appellabitur
3412 1289 3627 1332 nomen

1962 1361 2154 1424 tuum,
2182 1358 2287 1414 sed
2321 1359 2533 1416 Israel.
2551 1359 2870 1426 Quomodo
2896 1374 3040 1428 ergo
3068 1360 3253 1417 Jacob
3293 1360 3373 1417 ab
3401 1377 3474 1419 eo
3515 1379 3627 1434 po-

1960 1444 2222 1503 stulabat
2268 1447 2479 1520 [Petr.,
2506 1448 2789 1521 postulat]
2842 1447 3139 1514 benedici,
3190 1451 3285 1506 cui
3339 1449 3627 1509 luctando

1956 1535 2315 1607 praevaluit?
2341 1539 2555 1607 Magna
2570 1538 2699 1596 haec
2734 1541 2826 1595 est
2872 1536 2947 1595 de
3003 1537 3238 1595 Christo
3284 1540 3622 1612 prophetia.

1952 1624 2185 1697 Duplex
2215 1626 2377 1685 enim
2401 1626 2498 1684 hic
2519 1627 2706 1685 Jacob
2730 1626 3096 1697 intelligitur,
3128 1627 3192 1684 id
3236 1631 3326 1686 est
3368 1628 3626 1687 carnalis

1953 1716 2012 1768 et
2039 1713 2337 1785 spiritalis.
2373 1715 2692 1773 Prmvaluit
2719 1715 2881 1773 enim
2906 1715 3093 1773 Iacob
3118 1715 3375 1787 Lhristo,
3406 1716 3500 1775 vel
3520 1733 3627 1789 po-

1885 1824 1926 1883 B
1953 1802 2070 1858 tius
2096 1803 2417 1875 praevalere
2447 1804 2614 1861 visus
2644 1810 2749 1862 est.
2786 1808 2890 1862 Per
2909 1821 3013 1862 eos
3037 1805 3200 1867 enim
3250 1805 3621 1873 Israeliticos,

1953 1906 1989 1946 a
2014 1891 2239 1964 quibus
2253 1893 2575 1953 cruciﬁxus
2605 1895 2895 1961 Christus,
2929 1899 2987 1950 et
3017 1894 3097 1951 ab
3119 1910 3192 1951 eo
3248 1895 3627 1955 benedicitur

1950 1978 2011 2035 in
2044 1981 2130 2037 eis
2160 1982 2513 2052 lsraeliticis,
2540 1983 2646 2055 qui
2675 1982 3065 2040 crediderunt.
3089 1983 3151 2040 in
3176 1983 3497 2054 Christum,
3549 2000 3626 2043 ex

1950 2069 2172 2141 quibus
2203 2077 2329 2129 erat
2352 2071 2458 2144 qui
2486 2071 2726 2129 dicebat
2752 2091 2766 2133 :
2798 2073 2955 2131 Nam
2979 2078 3034 2129 et
3053 2087 3159 2143 ego
3180 2073 3461 2131 Israelita
3490 2089 3621 2133 sum

1949 2173 2025 2215 ea:
2052 2174 2269 2229 genere
2294 2160 2631 2227 Abraham,
2657 2162 2732 2218 de
2761 2161 2924 2218 tribu
2948 2162 3275 2232 Benjamin
3317 2163 3504 2231 (Rom.
3540 2179 3619 2231 χι,

1952 2250 2024 2316 t).
2062 2250 2222 2307 Unus
2251 2263 2394 2317 ergo
2417 2253 2598 2322 atque
2618 2248 2779 2307 idem
2801 2248 2987 2306 Jacob
3018 2254 3075 2305 et
3104 2248 3359 2305 claudus
3408 2254 3465 2305 et
3520 2249 3623 2308 be-

1948 2335 2222 2392 nedictus
2247 2354 2262 2405 ;
2295 2336 2549 2393 claudus
2571 2337 2631 2392 in
2652 2336 2962 2393 latitudine
2985 2336 3229 2395 femoris
3252 2342 3543 2410 tanquam
3558 2338 3621 2395 in

1949 2424 2330 2485 multitudine
2360 2427 2464 2498 [Z.,
2494 2425 2933 2498 magnitudine]
2963 2427 3221 2497 generis,
3275 2426 3350 2484 de
3395 2426 3621 2499 quibus

1946 2508 2173 2569 dictum
2205 2516 2293 2569 est
2325 2528 2337 2567 :
2369 2511 2884 2570 Claudicaverunt
2917 2527 2952 2568 a
2997 2512 3217 2569 semitis
3251 2512 3373 2566 suis
3424 2512 3615 2582 (Psal.

1944 2614 2085 2669 xvu,
2116 2603 2229 2665 46).
2260 2600 2613 2657 Benedictus
2634 2605 2837 2657 autem
2869 2602 2931 2657 in
2955 2600 3125 2655 eisde
3145 2599 3369 2674 quibus
3388 2599 3619 2658 dictum

1945 2692 2392 2762 estzﬂeliquiae
2416 2707 2529 2760 per
2548 2693 2889 2749 electionem
2938 2693 3153 2763 gratiae
3207 2692 3393 2747 salvae
3434 2691 3619 2760 factae

1943 2784 2086 2834 sunt
2108 2779 2297 2850 (Rom.
2327 2796 2409 2848 x1,
2433 2782 2510 2840 ὅ).

2019 2872 2162 2935 Quae
2192 2874 2283 2926 est
2306 2886 2493 2927 causa
2516 2869 2821 2933 immutati
2839 2869 3105 2926 nominis
3126 2868 3335 2941 Jacob,
3361 2869 3619 2930 utlsrael

1945 2965 2269 3017 vocaretur
2300 2960 2328 3019 ?
2354 2961 2529 3019 Varia
2550 2960 2736 3032 hujus
2756 2961 3019 3018 nominis
3036 2961 3446 3034 interpretatio
3467 2960 3621 3019 msti-

1945 3053 2166 3109 matur.
2193 3049 2305 3107 Sed
2336 3048 2550 3109 beatus
2576 3048 2976 3122 Hieronymus
3006 3049 3198 3107 taliter
3246 3050 3323 3109 de
3361 3050 3493 3123 ejus
3532 3050 3621 3107 in-

1945 3138 2371 3209 terpretatione
2401 3138 2551 3201 dixit
2582 3155 2594 3193 :
2625 3141 2845 3197 Sensus
2875 3139 3078 3211 itaque
3104 3138 3202 3195 hic
3230 3142 3323 3197 est
3344 3154 3501 3194 :non
3517 3154 3618 3194 νον

1942 3226 2177 3287 cabitur
2207 3242 2435 3289 nomen
2467 3232 2640 3289 tnum
2671 3225 3111 3299 supplantator,
3134 3227 3250 3283 hoc
3283 3231 3374 3283 est
3405 3225 3617 3295 Jacob,

1941 3316 2048 3371 sed
2078 3315 2393 3375 vocabitur
2421 3316 2706 3390 princeps
2738 3332 2879 3375 cum
2902 3318 3044 3385 Deo,
3102 3316 3217 3372 hoc
3272 3319 3361 3373 est
3414 3313 3614 3372 Israel.

1943 3406 2260 3473 Quomodo
2289 3406 2449 3465 enim
2481 3422 2596 3477 ego
2626 3404 2907 3479 princeps
2933 3422 3093 3473 sum,
3124 3406 3207 3461 sic
3235 3409 3318 3474 tu,
3353 3404 3459 3477 qui
3490 3421 3616 3461 me-

1943 3511 2085 3552 cum
2114 3495 2327 3557 luctari
2358 3496 2625 3569 potuisti,
2658 3496 2940 3569 princeps
2962 3495 3300 3553 vocaberis.
3327 3495 3385 3553 Si
3410 3498 3617 3553 autem

1942 3601 2206 3657 mecum,
2243 3590 2381 3654 Deo,
2419 3587 2545 3642 sive
2574 3586 3122 3659 angelo,quoniam
3168 3585 3437 3658 plerique
3453 3584 3617 3641 varie

1942 3676 2433 3748 interpretantur,
2446 3691 2719 3749 pugnare
2732 3675 2997 3748 potuisti,
3020 3679 3253 3749 quanto
3268 3674 3462 3744 magis
3475 3690 3617 3732 cum

1940 3765 2319 3837 hominibus,
2344 3766 2461 3824 hoc
2482 3770 2569 3823 est
2590 3782 2732 3821 cum
2774 3768 2933 3821 Esau
2964 3780 3238 3838 pugnare
3290 3758 3616 3821 formidare

1940 3871 2065 3913 non
2097 3856 2302 3912 debes.
2342 3855 2492 3911 Illud
2522 3860 2725 3912 autem
2754 3854 2924 3927 quod
2970 3859 3034 3910 in
3083 3853 3236 3909 libro
3288 3852 3617 3909 Nominum

1943 3947 2410 4017 interpretantur
2440 3944 2617 4003 Israel
2643 3946 2738 4001 vir
2761 3943 2967 4001 videns
3008 3944 3221 4013 Deum,
3274 3942 3398 3999 sive
3450 3956 3615 4001 mens

1943 4035 2147 4091 videns
2175 4036 2381 4104 Deum,
2409 4034 2686 4091 omnium
2708 4048 2862 4106 pene
2882 4048 3159 4091 sermone
3173 4031 3477 4098 detritum,
3491 4045 3617 4087 non

1939 4127 2066 4181 tam
2096 4139 2234 4184 vere
2277 4139 2465 4197 quam
2507 4123 2792 4181 violenter
2829 4121 2980 4179 mihi
3027 4122 3485 4195 interpretatum
3533 4119 3620 4176 vi-

1942 4212 2135 4269 detur.

2013 4300 2303 4361 Moraliter
2330 4316 2474 4359 vero
2503 4300 2781 4373 designat
2807 4300 3059 4372 angelus
3092 4304 3283 4360 Deum
3313 4303 3373 4357 et
3405 4297 3613 4373 Jacob,

1940 4390 2213 4463 quicum
2244 4390 2462 4462 angelo
2489 4391 2795 4450 contendit
2836 4391 3319 4465 uniuscujusque
3371 4387 3620 4463 perfecti

1939 4480 2050 4537 viri
2076 4484 2134 4537 et
2162 4480 2223 4543 in
2234 4480 2743 4553 contemplatione
2755 4480 2933 4554 positi
2952 4481 3227 4539 animam
3247 4478 3546 4552 exprimit.
3563 4481 3618 4535 Is

1940 4569 2102 4627 enim
2131 4569 2236 4643 qui
2248 4569 2867 4640 certatinluctamine,
2892 4570 3223 4643 aliquando
3242 4568 3618 4642 superiorem

1940 4675 2027 4730 se,
2060 4658 2546 4732 aliquandovero
2580 4676 2722 4720 eum
2743 4676 2886 4718 cum
2903 4662 3026 4732 quo
3054 4656 3361 4716 contendit
3378 4654 3617 4713 inferio.

1935 4763 2064 4805 rem
2094 4748 2343 4809 invenit.
2379 4748 2817 4815 Quiavidelicet
2835 4749 3196 4819 animaquee
3218 4742 3616 4817 contemplari

1938 4839 2127 4895 Deum
2155 4838 2384 4896 nititur.
2418 4836 2580 4897 velut
2609 4836 2672 4894 in
2700 4836 2971 4910 quodam
3022 4834 3347 4891 certamine
3395 4830 3612 4905 posita,

1936 4926 2122 4985 modo
2133 4927 2308 5000 quasi
2325 4925 2817 5000 exsuperat,quia
2829 4922 3216 4994 intelligendo
3231 4925 3289 4978 et
3301 4918 3615 4981 sentiendo

1935 5016 2012 5073 de
2037 5016 2558 5088 incircumscripto
2571 5014 2818 5073 nomine
2829 5012 3055 5085 aliquid
3081 5011 3394 5083 degustat;
3427 5009 3616 5071 modo

1935 5120 2079 5161 vero
2110 5104 2471 5173 succumbit,
2502 5103 2649 5176 quia
2680 5106 2738 5161 et
2765 5102 2840 5158 de
2866 5100 3168 5173 gustando
3206 5103 3423 5160 iterum
3470 5099 3616 5159 deti-

1937 5192 2229 5258 cit.Quasi
2261 5208 2404 5262 ergo
2439 5190 2694 5247 vincitur
2728 5188 3271 5263 angelus,quando
3311 5189 3615 5249 intellectu

1936 5281 2149 5341 intimo
2162 5281 2634 5355 apprehenditur
2646 5283 2801 5337 Deus
2835 5281 2949 5337 Sed
2993 5279 3333 5339 notandum
3348 5278 3517 5352 quod
3536 5278 3613 5336 is-

1934 5371 2077 5429 dem
2102 5371 2288 5428 victus
2326 5369 2579 5441 angelus
2615 5385 2870 5426 nervum
2907 5368 3154 5427 femoris
3190 5367 3378 5424 Jacob
3400 5367 3609 5438 tenuit,

1934 5475 2197 5532 eumque
2210 5473 2577 5518 marcessere
2608 5458 2810 5515 statim
2842 5457 2978 5515 fecit
3006 5461 3187 5530 atque
3218 5455 3297 5515 ab
3327 5472 3400 5514 eo
3425 5456 3611 5517 Jacob

1935 5553 2211 5622 tempore
2241 5564 2361 5606 uno
2390 5546 2754 5606 claudicavit
2779 5546 2955 5621 pede.
2980 5546 3131 5612 Quia
3161 5544 3384 5603 scilicet
3420 5546 3613 5606 omni-

1934 5644 2149 5711 potens
2168 5641 2339 5706 Deus,
2361 5653 2501 5694 cum
2509 5637 2640 5709 jam
2666 5654 2772 5709 per
2797 5637 3160 5695 desiderium
3175 5641 3231 5692 et
3245 5635 3609 5694 intellectum

1936 5727 2343 5798 cognoscitur,
2376 5742 2623 5783 omnem
2666 5726 2727 5783 in
2779 5726 2956 5783 nobis
2987 5726 3361 5799 voluptatem
3409 5726 3622 5791 carnis,

1939 5818 2204 5894 arefacit,
2225 5822 2286 5881 et
2303 5816 2411 5893 qui
2426 5816 2594 5892 prius
2607 5815 2784 5892 quasi
2798 5816 3041 5879 duobus
3063 5816 3327 5892 pedibus
3356 5815 3623 5883 innitens
