3960 6370
203 412 325 477 881

1286 414 1692 479 COMMENT.
1743 418 1823 480 ΙΝ
1869 418 2166 480 ISAlAM.
2201 456 2278 466 —
2309 424 2459 484 LIB.
2505 423 2584 486 Il.

3520 431 3638 492 882

206 548 393 618 (Joan.
445 546 522 617 v).
566 542 834 604 Christus
864 560 1001 621 ergo
1031 543 1091 604 in
1124 545 1438 605 solitudine
1484 549 1731 618 habitat,
1765 549 1876 608 hoc
1906 551 1962 621 Α
1991 553 2251 612 Ecclesia
2283 554 2341 612 in
2374 554 2472 613 illo
2503 561 2721 625 manet,
2756 557 2993 630 quando
3024 558 3134 615 erit
3164 559 3319 617 Deus
3359 561 3558 619 omnia
3587 561 3647 621 in

211 641 308 694 est
336 636 397 692 in
430 636 709 693 cordibus
740 637 1050 711 gentilium
1085 654 1189 710 per
1210 638 1383 694 fidem
1416 643 1473 694 et
1489 639 1881 709 dilectionem,

208 731 271 783 et
300 724 430 800 ipse
460 725 559 799 qui
583 729 673 782 est
696 726 934 798 justitia
964 731 1021 783 et
1050 726 1267 783 veritas
1299 729 1461 784 sedet
1490 727 1548 783 in
1593 730 1881 801 Chermel,

207 816 329 872 hoc
361 819 452 871 est
480 813 539 870 in
574 816 1030 889 congregatione
1063 815 1349 885 ﬁdelium,
1380 817 1481 889 qui
1526 834 1721 875 veram
1772 819 1883 876 cir-

217 904 651 962 cumcisionem
708 904 943 961 habent.
999 905 1058 961 Si
1108 905 1266 961 enim
1319 905 1462 961 dicit
1516 908 1879 979 Apostolus:

207 994 534 1067 Templum
566 994 669 1050 Dei
699 998 971 1051 sanctum
1016 998 1106 1050 est
1150 996 1305 1066 quod
1356 994 1499 1050 estis
1547 1014 1649 1052 vos
1683 999 1728 1067 (I
1755 999 1879 1054 Cor.

203 1099 301 1150 m,
333 1084 428 1155 6);
460 1084 518 1139 et
549 1099 562 1137 :
600 1082 876 1140 Habitare
905 1083 1207 1139 Christum
1240 1101 1344 1155 per
1377 1085 1549 1139 fidem
1582 1084 1639 1139 in
1690 1086 1878 1141 cordi-

200 1168 323 1229 bus
351 1172 567 1230 vestris
597 1173 813 1246 (Ephes.
849 1174 964 1246 In);
992 1178 1050 1229 et
1080 1172 1205 1245 ipse
1246 1172 1530 1230 Dominus
1562 1191 1576 1228 :
1610 1174 1715 1240 Qui
1749 1191 1879 1230 ma-

201 1268 309 1319 net
340 1263 400 1318 in
447 1278 563 1329 me,
589 1267 649 1318 et
692 1278 799 1336 ego
831 1262 889 1318 in
942 1279 1009 1318 eo
1032 1264 1209 1335 (Joan.
1241 1263 1365 1333 xv);
1398 1267 1455 1318 et
1486 1280 1590 1336 per
1636 1264 1880 1336 prophe-

198 1357 330 1409 tam
365 1366 380 1407 :
412 1350 761 1408 Inhabitabo
781 1351 841 1406 in
864 1350 982 1408 illis
1003 1356 1060 1407 et
1089 1350 1469 1407 inambulabo
1492 1354 1681 1424 (Leuit.
1702 1353 1873 1425 xxvi).

199 1462 231 1491 α
267 1440 341 1496 Et
389 1439 500 1496 erit
546 1456 696 1512 opus
734 1439 981 1511 justitice
1030 1457 1163 1514 pax,
1196 1462 1224 1489 »
1260 1440 1317 1495 id
1370 1445 1460 1496 est
1499 1441 1737 1510 Christi,
1775 1441 1875 1513 qui

198 1528 644 1586 dixitzpaeem
701 1529 968 1603 relinquo
1025 1528 1210 1596 vobis,
1271 1546 1474 1601 pacem
1545 1547 1739 1586 meam
1799 1532 1873 1586 do

197 1617 374 1675 vobis
402 1616 583 1688 (Joan.
615 1617 733 1690 xxv)
768 1634 911 1691 :pro
958 1635 1025 1674 eo
1074 1618 1231 1690 quod
1280 1623 1369 1673 est
1412 1619 1584 1674 dabo.
1620 1620 1767 1685 Quia
1799 1620 1871 1675 ad

193 1707 313 1763 hoc
343 1706 523 1775 venit,
558 1708 624 1762 ut
651 1706 942 1762 mundum
976 1724 1080 1779 per
1109 1724 1283 1763 suum
1308 1708 1656 1779 sanguinem
1690 1708 1873 1780 pasci-

199 1796 414 1851 ficaret
442 1795 561 1851 Deo
583 1793 759 1850 Patri.
794 1819 822 1845 ‹‹
855 1796 925 1851 Et
972 1794 1430 1866 cultusjustitia:
1478 1796 1802 1853 silentium.
1840 1800 1869 1848 ›ῑ

188 1882 428 1954 Cultus,
460 1882 572 1940 hoc
602 1887 691 1939 est
722 1882 923 1957 religio
957 1882 1194 1951 Christi,
1228 1885 1375 1939 fides
1421 1889 1511 1940 est
1562 1890 1621 1940 et
1660 1904 1865 1958 opera-

184 1960 277 2029 tio
309 1989 429 2029 non
461 1971 620 2028 ﬂeta.
651 1972 814 2039 Quod
850 1976 1045 2029 autem
1071 1972 1214 2028 dicit
1243 1971 1440 2029 cultus
1463 1975 1709 2046 justitize
1756 1976 1867 2032 erit

187 2060 522 2129 silentium,
554 2061 815 2117 ostendit
844 2060 985 2134 quia
1014 2061 1269 2135 gentiles
1295 2062 1397 2134 qui
1430 2063 1614 2119 Deum
1645 2063 1863 2138 ubique

184 2154 544 2225 praesentem
574 2167 703 2207 esse
757 2150 1042 2220 sentiunt,
1077 2169 1193 2207 non
1231 2152 1291 2207 in
1325 2152 1698 2225 multiloquio
1746 2171 1865 2209 cre-

183 2240 343 2297 dunt
400 2257 463 2296 se
520 2240 806 2309 exaudiri,
847 2241 1005 2296 sicut
1058 2241 1265 2297 scribae
1322 2246 1379 2296 et
1434 2241 1727 2310 Pharismi,
1761 2243 1862 2315 qui

185 2332 402 2386 amant
432 2328 493 2385 in
524 2328 761 2402 angulis
794 2328 1124 2401 platearum
1158 2335 1216 2385 et
1246 2330 1306 2385 in
1356 2331 1641 2403 competis
1676 2348 1859 2399 orare,

192 2423 264 2475 ut
293 2416 606 2474 videantur
634 2418 707 2474 ab
738 2417 1081 2475 hominibus
1113 2418 1317 2490 (Matth.
1351 2418 1451 2489 vr).
1484 2440 1511 2469 ‹‹
1548 2420 1615 2474 Et
1648 2420 1866 2475 securi-

192 2512 291 2564 tas
323 2523 514 2578 usque
540 2506 599 2562 in
633 2505 1086 2579 sempiternum.
1124 2529 1151 2555 »
1182 2508 1251 2562 Et
1280 2507 1380 2562 ubi
1412 2512 1502 2564 est
1532 2508 1675 2564 istas
1706 2527 1865 2565 secu-

195 2596 394 2653 ritas?
425 2597 490 2652 ln
522 2595 800 2665 Ecclesia,
835 2595 945 2652 hoc
977 2601 1067 2652 est
1114 2596 1174 2652 in
1224 2598 1673 2671 congregatione
1722 2601 1861 2655 fide-

193 2680 374 2741 lium.
410 2684 609 2742 Sancti
644 2685 801 2741 enim
833 2683 970 2741 licet
1008 2684 1354 2758 plerumque
1402 2688 1645 2743 adversa
1692 2689 1863 2745 istius

200 2772 406 2833 saeculi
441 2772 710 2840 tolerent,
743 2776 940 2829 tamen
974 2775 1032 2829 in
1067 2775 1380 2831 securitate
1410 2775 1698 2845 habitant,
1721 2777 1862 2833 certi

198 2865 276 2921 de
300 2880 402 2936 spe
420 2866 648 2919 azternze
665 2863 1176 2920 remunerationis.
1193 2866 1339 2930 Quia
1356 2870 1661 2921 manentes
1672 2867 1863 2923 adhuc

193 2952 259 3009 in
316 2969 512 3021 carne,
548 2950 808 3008 ccelestia
855 2957 1051 3008 mente
1082 2953 1209 3023 jam
1251 2953 1573 3024 possident,
1603 2954 1863 3009 dicentes

191 3057 336 3099 cum
385 3039 682 3113 Apostolo.
720 3062 748 3090 «
778 3040 989 3097 Nostra
1045 3042 1405 3097 conversatio
1462 3042 1520 3097 in
1561 3042 1723 3099 cmlis
1770 3046 1862 3099 est

192 3130 433 3203 (Philip.
466 3133 544 3198 v).
582 3152 610 3179 »

271 3241 300 3270 κ
324 3218 395 3275 Et
416 3218 644 3275 sedebit
670 3217 923 3292 populus
944 3235 1110 3274 meus
1129 3218 1186 3274 in
1211 3219 1648 3292 pulchritudine
1670 3220 1854 3293 pacis,

191 3312 257 3367 et
287 3308 350 3364 in
383 3288 781 3364 tabernaculis
813 3308 1060 3375 fiduciae,
1094 3311 1150 3363 et
1179 3288 1235 3364 in
1262 3308 1461 3381 requie
1493 3288 1791 3381 opulenta.
1828 3332 1855 3359 ››
1892 3288 1938 3360 C

196 3398 495 3471 Populum
518 3397 662 3454 dicit
688 3397 800 3453 isto
832 3397 890 3451 in
923 3396 1049 3453 loco
1081 3414 1194 3453 non
1225 3398 1536 3454 Judaicum
1561 3399 1659 3455 sed
1682 3398 1867 3472 genti-

192 3484 342 3555 lem,
357 3486 458 3559 qui
484 3487 659 3542 modo
680 3487 844 3541 sedet
864 3486 924 3542 in
946 3486 1208 3542 Ecclesia
1226 3486 1326 3542 ubi
1350 3492 1440 3542 est
1460 3488 1716 3543 maxima
1733 3487 1862 3559 pul-

195 3576 479 3634 chritudo
508 3575 569 3631 in
596 3576 803 3631 decore
834 3575 992 3644 fidei,
1015 3579 1071 3631 et
1100 3576 1359 3648 dignitas
1390 3580 1447 3631 et
1476 3594 1589 3649 pax
1630 3594 1865 3649 unaque

196 3664 535 3723 concordia.
563 3662 825 3720 Ecclesia
854 3680 1112 3735 namque
1138 3663 1198 3719 in
1220 3665 1659 3735 pulchritudine
1681 3666 1862 3731 sedet,

198 3754 432 3812 habens
462 3752 791 3826 episcopos,
824 3753 1217 3826 presbyteros,
1250 3752 1475 3821 levitas,
1510 3759 1866 3826 czeterosque

198 3842 426 3918 gradus
458 3841 677 3914 quibus
708 3841 1060 3910 adornatur;
1085 3845 1143 3896 et
1185 3840 1430 3913 insuper
1474 3846 1593 3897 tres
1631 3843 1867 3898 ordines

200 3931 581 4006 praelatorum
640 3929 935 4003 virginum
987 3934 1046 3985 et
1086 3930 1559 4003 conjugatorum.
1614 3932 1734 3987 Ista
1778 3937 1868 3987 est

200 4019 536 4079 clarissima
564 4018 961 4092 pulchritudo.
991 4018 1063 4073 Et
1093 4018 1153 4073 in
1185 4018 1580 4075 tabernaculis
1616 4020 1864 4076 ﬁduciae.

200 4106 423 4167 Sancta
451 4107 879 4174 Ecelesia,cum
908 4107 985 4163 sit
1014 4124 1136 4163 una
1166 4107 1227 4162 in
1259 4107 1467 4179 ﬁde,in
1490 4107 1867 4181 baptismate,

200 4198 406 4255 tamen
441 4197 657 4254 ditl‘usa
678 4200 768 4252 est
797 4212 903 4267 per
924 4199 1178 4269 quatuor
1192 4195 1365 4252 istius
1381 4195 1587 4251 mundi
1610 4196 1865 4266 climata,

200 4288 486 4345 habitans
516 4285 577 4342 in
608 4284 1004 4342 tabernaculis
1036 4285 1370 4341 fiduciaeEt
1390 4286 1758 4358 quomodoin
1780 4289 1866 4342 ta-

200 4372 544 4434 bernaculis
564 4373 832 4430 ﬁduciae?
852 4373 1001 4441 Quia
1023 4374 1081 4429 in
1096 4373 1324 4429 Christo
1350 4373 1595 4430 fundata
1616 4374 1871 4447 est,quia

200 4468 298 4524 est
326 4463 479 4537 lapis
501 4462 804 4537 angularis
827 4461 1042 4535 (Ephes.
1068 4464 1150 4531 ιι),
1175 4479 1245 4517 ex
1264 4462 1498 4518 duobus
1522 4462 1759 4536 populis
1779 4480 1869 4519 co-

205 4553 426 4630 pulans
459 4551 570 4608 sibi
603 4568 784 4608 unam
814 4550 1159 4607 Ecclesiam.
1187 4549 1288 4605 Vel
1324 4550 1499 4607 etiam
1522 4551 1582 4605 in
1606 4551 1872 4607 taberna-

205 4642 365 4700 culis
387 4641 617 4697 {iducize
646 4639 874 4696 habitat
898 4643 1091 4696 mente
1122 4655 1238 4694 non
1269 4656 1528 4711 corpore,
1552 4640 1623 4695 de
1654 4640 1871 4712 quibus
1902 4662 1948 4726 D

205 4730 360 4789 dixit
380 4729 726 4796 Dominus,«
750 4728 814 4784 In
834 4728 1007 4784 domo
1029 4727 1215 4783 Patris
1236 4727 1350 4782 mei
1373 4727 1709 4784 mansiones
1727 4728 1874 4783 mul-

204 4825 282 4877 ts:
316 4822 459 4875 sunt
488 4819 666 4887 (Joan.
699 4816 838 4889 11v).
868 4838 896 4865 »
927 4816 1080 4871 Dum
1112 4815 1270 4871 enim
1292 4816 1478 4872 sancti
1528 4816 1586 4871 in
1626 4817 1873 4873 terrenis

204 4907 294 4965 nil
327 4906 619 4973 ambiunt,
645 4906 748 4963 sed
779 4909 899 4961 toto
929 4905 1147 4961 mentis
1179 4905 1385 4961 ardore
1434 4905 1694 4961 cmlestia
1737 4924 1873 4962 con-

204 4995 470 5068 templan
481 4993 773 5068 tur,quasi
786 4995 845 5050 in
858 4993 1191 5051 coelestibus
1204 4994 1879 5051 tabernaculishabitant

206 5087 267 5141 in
292 5099 455 5157 spe.«
472 5084 543 5139 Et
564 5083 623 5137 in
647 5083 846 5155 requie
869 5082 1199 5155 opulenta,»
1227 5081 1336 5137 hoc
1355 5087 1445 5137 est
1459 5083 1671 5155 opibus
1684 5084 1874 5156 plena.

203 5176 427 5232 Sancta
448 5171 711 5229 Ecclesia
730 5173 790 5227 in
813 5172 1014 5245 requie
1036 5171 1315 5244 opulenta
1336 5172 1670 5245 sedet,quia
1690 5173 1875 5246 pasci-

205 5267 310 5321 tur
334 5262 635 5336 mysteriis
655 5260 884 5318 Veteris
915 5261 1275 5317 Testamenti
1307 5264 1365 5316 et
1394 5260 1672 5317 Novi.Vel
1696 5263 1872 5318 etiam

203 5351 267 5408 in
296 5351 501 5424 requie
531 5349 811 5424 epulenta
841 5349 1086 5418 sedebit,
1116 5365 1253 5405 cum
1297 5349 1507 5404 viderit
1555 5350 1873 5406 Dominum

206 5441 420 5498 Jesum
452 5438 755 5495 Christum
786 5439 846 5494 in
877 5436 1066 5511 gloria
1095 5443 1350 5510 paterna;-
1373 5439 1720 5510 majestatis,
1739 5457 1878 5512 quo-

210 5530 390 5586 modo
424 5529 599 5584 Pater
627 5528 687 5583 in
722 5527 867 5584 Filio
900 5532 957 5583 et
990 5526 1173 5583 Filius
1220 5528 1279 5581 in
1330 5527 1496 5583 Patre
1526 5529 1702 5597 (Joan.
1736 5533 1872 5598 xw).

211 5623 270 5676 et
301 5617 562 5691 Spiritus
594 5620 834 5673 sanctus
866 5617 925 5671 in
961 5618 1315 5688 utroque.Et
1344 5633 1479 5671 cum
1507 5616 1721 5673 viderit
1741 5635 1881 5690 quo-

216 5709 395 5766 modo
417 5705 693 5762 Christus
716 5705 776 5761 in
798 5722 1038 5778 corpore
1068 5706 1367 5778 suo,quod
1388 5710 1480 5761 est
1511 5705 1788 5776 Ecclesia,
1821 5713 1880 5765 et

1994 645 2270 700 omnibus
2302 647 2348 715 (I
2380 649 2503 703 Cor.
2527 646 2643 719 xv.)

2066 758 2092 783 (ι
2127 735 2359 791 Grande
2392 740 2585 791 autem
2609 760 2637 786 «
2671 736 2782 792 erit
2812 735 2869 791 in
2921 738 3301 795 descensione
3350 739 3558 807 saltus,
3590 745 3648 799 et

1993 822 2325 880 humilitate
2358 824 2771 881 humiliabitur
2800 826 3023 881 civitas.
3050 849 3075 874 η
3108 826 3334 884 Saltum
3364 833 3532 886 vocat
3552 831 3647 902 ju-

1991 912 2225 968 daieum
2261 913 2679 987 populum,qui
2709 915 2764 969 in
2800 914 3199 971 infidelitatem
3223 917 3488 988 gentium
3511 936 3645 976 con-

1988 1018 2194 1057 versus
2224 1007 2332 1057 est.
2382 1003 2500 1058 Hoc
2548 1005 2726 1058 etiam
2774 1004 3079 1076 impletum
3130 1010 3221 1059 est
3268 1010 3325 1061 et
3363 1006 3644 1079 impletur

1990 1091 2355 1163 quotidie,ad
2380 1096 2704 1147 extremum
2739 1093 2914 1147 etiam
2949 1092 3006 1148 in
3039 1092 3349 1164 diejudicii
3372 1094 3639 1169 implebi-

1990 1182 2108 1234 tur.
2124 1180 2377 1248 Grande,
2393 1180 2502 1235 hoc
2535 1185 2624 1235 est
2644 1185 2962 1253 tempestas
2986 1182 3380 1239 tribulationis
3408 1188 3464 1240 et
3484 1186 3638 1242 cala-

1988 1266 2212 1323 mitatis
2244 1286 2421 1341 super
2448 1270 2681 1324 Judazos
2700 1270 2857 1324 venit
2888 1287 2901 1324 :
2934 1272 3168 1342 quando
3192 1272 3476 1329 interfecti
3498 1279 3640 1330 sunt

1986 1374 2021 1412 a
2050 1357 2351 1423 Romanis,
2383 1363 2439 1413 et
2469 1357 2673 1413 civitas
2705 1375 2770 1413 ac
2802 1358 3084 1431 templum
3124 1359 3359 1416 illorum
3403 1380 3640 1419 succen-

1985 1463 2119 1502 sum
2152 1450 2260 1511 est,
2293 1447 2522 1519 ipsique
2577 1452 2988 1501 remanserunt
3034 1466 3099 1503 ac
3148 1466 3251 1520 per
3297 1451 3638 1509 universum

1986 1535 2191 1592 mundi
2223 1536 2511 1591 ambitum
2545 1537 2807 1592 distracti
2832 1538 3178 1593 sunt.Medo
3208 1538 3386 1595 etiam
3415 1542 3638 1613 grando

1982 1624 2359 1680 miseriarum
2394 1642 2573 1698 super
2603 1624 2734 1679 illos
2764 1626 3030 1697 est,quia
3059 1627 3118 1681 in
3149 1627 3486 1683 servitutem
3503 1646 3637 1702 gen-

1979 1713 2129 1768 tium
2163 1713 2383 1769 redacti
2414 1715 2659 1769 sunt.Et
2688 1716 2844 1785 quod
2876 1714 3111 1785 gravius
3140 1720 3247 1784 est,
3266 1715 3437 1771 alieni
3462 1734 3497 1772 a
3519 1718 3635 1780 Deo

1978 1802 2315 1867 existentes,
2342 1801 2603 1873 quotidie
2660 1801 3002 1857 miscrrimm
3060 1802 3296 1859 illorum
3338 1803 3546 1861 anima:
3599 1823 3634 1862 a

1978 1889 2213 1945 diabolo
2237 1889 2627 1961 captivantur.
2644 1890 2705 1944 In
2739 1889 2833 1945 die
2855 1891 3491 1965 autemjudicii,super
3511 1910 3632 1950 om-

1975 1996 2078 2033 nes
2102 1977 2447 2049 quiDomini
2467 1978 2935 2049 prcedicationem
2960 1979 3477 2052 apostolorumque
3498 1982 3629 2053 ejus

1974 2068 2363 2138 despexerunt
2384 2070 2441 2121 et
2461 2066 2521 2121 in
2551 2065 2914 2121 infidelitatis
2944 2084 3134 2123 errore
3154 2075 3626 2140 permanserunt,

1974 2155 2061 2211 ira
2091 2160 2147 2210 et
2178 2156 2467 2211 sententia
2496 2155 2596 2211 Dei
2619 2156 3037 2227 omnipotentis
3066 2157 3393 2230 superillos
3413 2159 3624 2229 veniet,

1972 2246 2393 2317 tradenturque
2423 2245 2543 2317 igni
2576 2246 3191 2318 perpetuo,cruciandi
3222 2247 3279 2302 in
3312 2253 3629 2320 corporeet

1973 2334 2032 2389 in
2057 2335 2275 2389 anima.

2046 2447 2074 2473 «
2109 2424 2263 2478 Beati
2299 2424 2397 2495 qui
2432 2423 2737 2478 seminatis
2771 2441 2947 2495 super
2971 2443 3175 2480 onmes
3197 2427 3625 2498 aquas,immit-

1973 2517 2165 2569 tentes
2195 2514 2400 2585 pedem
2437 2513 2601 2568 bovis
2654 2518 2711 2567 et
2741 2513 2964 2567 asini.»
3000 2515 3257 2570 Locutus
3300 2519 3389 2571 est
3436 2533 3628 2573 sermo

1974 2602 2209 2657 divinus
2241 2602 2525 2657 hactenus
2556 2602 2626 2657 de
2655 2602 3033 2656 subversionc
3064 2607 3120 2657 et
3143 2602 3379 2658 miseria
3398 2604 3628 2660 διιᾶωο-

1974 2708 2137 2757 rum;
2169 2691 2455 2745 convertit
2486 2708 2546 2746 se
2568 2690 2782 2745 iterum
2806 2692 2875 2744 ad
2901 2691 3195 2762 apostolos
3218 2694 3274 2745 et
3293 2693 3628 2764 praedicato-

1973 2795 2065 2833 res
2099 2778 2472 2850 sanetos,qui
2504 2779 2577 2833 ad
2612 2779 2785 2832 fidem
2817 2778 3404 2843 vocaverunt,dicens
3428 2796 3441 2835 :
3469 2781 3628 2837 Beati

1971 2868 2072 2939 qui
2092 2867 2399 2923 seminatis
2419 2867 2660 2922 verbum
2679 2866 2974 2937 Evangelii
2999 2883 3175 2937 super
3193 2884 3397 2923 omnes
3419 2884 3626 2939 aquas,

1971 2956 2029 3011 id
2061 2960 2149 3010 est
2180 2972 2359 3029 super
2386 2957 2562 3011 corda
2610 2956 2876 3011 omnium
2925 2955 3213 3026 gentium,
3240 2955 3629 3016 immittentes

1971 3046 2199 3118 pedem,
2233 3044 2341 3099 hoc
2374 3049 2464 3099 est
2494 3044 2780 3100 actionem
2814 3043 2976 3099 bovis
3000 3049 3056 3098 et
3085 3044 3236 3099 asini
3283 3044 3344 3101 in
3391 3045 3628 3103 vincula

1970 3137 2390 3208 praceptorum
2422 3133 2543 3189 Dei.
2576 3134 2684 3188 Per
2731 3134 2957 3198 bovem,
2986 3124 3153 3205 quod
3193 3138 3284 3189 est
3331 3135 3625 3192 mundum

1974 3220 2192 3276 animal
2211 3224 2267 3275 et
2275 3220 2341 3291 ju
2350 3237 2489 3293 gum
2504 3220 2727 3290 trahit,j
2736 3219 2980 3275 udaicus
2994 3219 3245 3293 populus
3257 3221 3624 3295 designatur,

1975 3310 2114 3382 quia
2145 3314 2430 3381 praecepta
2473 3309 2573 3364 Dei
2616 3308 2796 3381 longa
2844 3326 2948 3381 per
2994 3314 3259 3381 tempora
3286 3312 3628 3371 custodiens

1974 3400 2235 3454 mundus
2262 3395 2575 3464 exstitit,et
2600 3414 2771 3469 grave
2786 3400 3002 3469 jugum
3034 3398 3179 3471 legis
3201 3400 3630 3458 sustinuit.Asi-

1973 3505 2087 3543 nus
2110 3487 2435 3559 autem,qui
2456 3488 2801 3542 immundus
2823 3487 3235 3560 est,significat
3255 3489 3627 3563 gentiles,qui

1974 3594 2079 3649 per
2109 3576 2450 3632 idololatria:
2482 3576 2705 3631 cultum
2741 3576 3031 3631 immundi
3064 3580 3120 3631 et
3165 3576 3353 3650 iniqui
3398 3578 3629 3635 exstite-

1977 3671 2115 3721 runt
2149 3683 2161 3719 :
2192 3665 2363 3738 longe
2387 3667 2593 3720 semoti
2616 3682 2649 3719 a
2672 3664 3001 3737 cognitione
3020 3670 3077 3720 et
3099 3666 3331 3722 servitio
3353 3668 3634 3724 Dei.Dicit

1975 3772 2113 3826 ergo
2144 3771 2337 3809 sermo
2368 3754 2601 3808 divinus
2637 3770 2649 3807 :
2676 3754 2832 3808 Beati
2858 3753 3067 3819 estis,o
3090 3756 3275 3809 sancti
3298 3756 3635 3827 praedicato-

1978 3844 2195 3916 res,qui
2221 3843 2548 3898 doctrinam
2573 3840 2864 3913 Evangelii
2890 3847 2946 3896 et
2963 3843 3203 3896 verbum
3223 3843 3355 3897 fidei
3376 3843 3630 3898 semina-

1978 3932 2054 3986 tis
2078 3949 2253 4002 super
2272 3930 2452 3985 corda
2472 3930 2811 3984 Judaaorum
2828 3934 2884 3984 et
2913 3928 3630 4000 gentilium,immitentes,

1975 4021 2086 4075 hoc
2143 4023 2232 4073 est
2290 4018 2723 4073 introducentes
2782 4018 3070 4071 actionem
3126 4022 3184 4072 et
3235 4019 3632 4089 operationem

1974 4108 2208 4164 illorum
2245 4107 2305 4162 in
2334 4104 2568 4160 vincula
2597 4110 3017 4177 praeceptorum
3070 4105 3416 4176 cmlestium,
3451 4112 3517 4162 ut
3564 4124 3634 4163 ex

1977 4197 2208 4252 duobus
2266 4194 2499 4268 populis
2549 4210 2728 4248 unam
2778 4197 3045 4249 sanctam
3093 4199 3150 4249 et
3190 4194 3632 4253 immaculatam

1974 4283 2297 4341 Ecclesiam
2327 4282 2577 4339 Domino
2610 4281 2895 4337 aedificare
2926 4282 3186 4353 possitis.

2549 4422 2782 4479 CAPUT
2820 4422 3064 4500 xum.

2050 4575 2079 4602 «
2110 4551 2207 4607 Va;
2239 4551 2337 4623 qui
2370 4549 2881 4623 praedaris,nonne
2912 4553 2970 4603 et
2999 4549 3123 4621 ipse
3152 4549 3546 4621 praedaberis?
3566 4550 3639 4607 Et

1980 4640 2082 4709 qui
2108 4640 2569 4712 spernis,nonne
2590 4641 2647 4693 et
2678 4638 2803 4709 ipse
2833 4638 3167 4709 sperncris?
3200 4660 3228 4685 ››
3258 4638 3472 4694 Contra
3493 4640 3636 4695 Sen-

1981 4728 2260 4785 nachcrib
2279 4728 2451 4782 modo
2472 4726 2753 4798 loquitur.
2768 4726 2914 4781 Nam
2940 4726 3063 4798 ipse
3085 4743 3289 4781 omnes
3310 4726 3638 4799 provincias

1983 4822 2041 4874 et
2055 4818 2321 4890 regiones
2346 4833 2473 4888 quae
2498 4815 2557 4869 in
2579 4813 2827 4869 circuitu
2850 4831 2955 4870 suo
2977 4818 3142 4870 erant
3157 4816 3513 4887 depradatus
3526 4820 3637 4887 est,

1984 4911 2042 4964 et
2068 4906 2311 4978 insuper
2330 4906 2531 4960 decem
2562 4904 2774 4975 tribus,
2790 4905 2859 4958 ad
2893 4903 3166 4958 ultimum
3200 4920 3405 4960 omnes
3435 4905 3637 4962 civita-

1984 4995 2251 5051 tesJudae
2279 4997 2336 5049 et
2367 4994 2671 5065 Benjamin
2693 4996 2901 5065 praeter
2917 4991 3276 5049 Hierusalem
3311 5010 3324 5048 :
3357 4998 3533 5066 atque
3563 4995 3638 5051 ob

1988 5082 2400 5155 hujuscemodi
2422 5098 2663 5137 causam
2693 5081 2881 5136 elatus
2914 5082 2971 5135 in
2995 5081 3332 5154 superbiam
3354 5081 3639 5155 gloriaba-

1988 5178 2087 5230 tur
2108 5190 2217 5229 sua
2244 5171 2459 5227 virtute
2488 5175 2546 5226 ct
2564 5171 2826 5242 potentia
2856 5171 3055 5226 omnia
3092 5171 3212 5227 hzec
3256 5171 3487 5238 fecisse,
3520 5189 3637 5228 non

1983 5262 2245 5319 recolens
2269 5262 2423 5334 quod
2444 5263 2682 5332 propter
2702 5264 2941 5331 peccata
2954 5277 3155 5315 eorum
3178 5260 3520 5316 tradidisset
3538 5277 3638 5318 eos

1983 5351 2271 5408 Dominus
2302 5350 2361 5405 in
2384 5348 2821 5405 conculcatione
2845 5366 2858 5403 :
2881 5349 3124 5419 ideoque
3154 5348 3640 5421 dirigiturcontra

1984 5458 2119 5496 eum
2139 5458 2330 5497 sermo
2353 5439 2586 5494 divinus
2612 5455 2624 5493 :
2646 5438 2689 5493 Ο
2708 5438 3101 5493 Sennachcrib
3122 5437 3638 5510 superbissime,tu

1986 5530 2087 5603 qui
2119 5529 2399 5602 praedaris
2431 5528 2597 5596 alios,
2632 5526 2834 5599 utique
2867 5526 3218 5599 praedaberis
3265 5527 3338 5583 ab
3382 5526 3532 5583 aliis.
3566 5526 3638 5585 Et

1987 5619 2087 5693 qui
2118 5619 2367 5692 spernis,
2399 5618 2508 5673 hoc
2537 5619 2627 5673 est
2652 5616 2904 5688 despicis
2931 5632 3135 5671 omnes
3157 5621 3378 5689 gentes,
3399 5632 3635 5691 sperne-

1989 5711 2070 5766 ris
2090 5713 2147 5766 et
2168 5705 2582 5766 contemneris.
2610 5728 2638 5757 ‹‹
2661 5707 2803 5762 Cum
2826 5707 3327 5763 consummaveris
3347 5704 3637 5780 depraeda-
