3960 6382
358 359 477 424 883

734 363 1137 443 HAYMONIS
1183 363 1725 465 ilALBEltSTA'l‘.
1774 362 2022 424 EPISC.
2073 361 2245 423 OPP.
2296 363 2498 425 PAltS
2543 364 2593 424 Ι.
2642 397 2717 407 --
2762 362 3176 425 COMMENT.
3222 361 3421 424 BIBL.

3672 365 3791 427 884

357 496 578 554 tionem
611 518 638 545 »
674 495 920 568 Egypti,
936 494 1023 550 vel
1055 494 1477 561 Judzeae,etiam
1499 497 1726 566 partem
1750 494 2021 550 Ilierusa-
2047 494 2103 563 Α
2133 501 2285 551 rant.
2312 497 2445 553 Ideo
2468 500 2665 551 autem
2688 495 2829 551 dicit
2853 514 2865 551 :
2895 496 2981 551 Ab
3003 493 3353 552 exultatione
3374 498 3496 564 tua,
3520 494 3786 565 Domine,

358 586 474 642 lem
531 603 709 658 quam
750 586 946 640 Sobna
995 584 1259 638 tradidit.
1298 608 1319 633 α
1366 584 1826 655 Deprazdaberis,
1881 602 2018 653 cum

360 676 638 747 fatigatus
660 673 901 729 desieris
925 678 1315 740 contemnere,
1341 674 1795 728 contemneris.»
1818 676 1889 730 Et
1913 675 2021 731 hoe

360 765 745 837 adimpletum
786 768 895 829 est,
928 762 1083 818 sicut
1112 761 1206 816 hic
1238 763 1576 834 praedicitur
1607 764 1693 835 (IV
1721 766 1851 837 Reg.
1880 770 2017 834 xix).

362 855 663 927 Siquidem
696 870 831 908 eum
862 853 1085 909 veniret
1116 851 1394 925 fatigatus
1424 853 1494 907 de
1526 854 1769 925 Egypto
1814 854 1886 909 ob
1923 860 2019 909 tae-

360 945 524 1000 dium
557 942 877 998 multorum
911 959 1088 1014 super
1118 941 1482 1006 Hierusalem
1512 947 1569 997 ct
1600 948 1805 998 contra
1826 962 2020 1017 regem

363 1031 695 1097 Ezechiam,
724 1049 999 1105 egressus
1030 1031 1276 1103 angelus
1324 1031 1555 1086 Domini
1598 1033 1682 1103 (ut
1715 1034 2024 1105 sequentia

361 1124 588 1189 docent)
613 1122 905 1177 interfecit
927 1122 984 1177 in
1016 1120 1409 1177 castrisillius
1440 1127 1677 1177 centum
1726 1124 2024 1197 octoginta

361 1212 622 1284 quinque
645 1210 833 1267 millia
852 1210 1181 1266 hominum.
1199 1211 1397 1265 Potest
1417 1211 1591 1267 etiam
1616 1217 1672 1266 et
1694 1211 1802 1267 hoc
1821 1212 2021 1268 referri

361 1303 432 1357 ad
467 1318 675 1357 omnes
706 1301 804 1374 qui
839 1300 1018 1373 impie
1050 1304 1252 1371 agunt,
1286 1304 1343 1356 et
1373 1302 1787 1372 depraedantur
1817 1302 2021 1357 domos

364 1408 691 1463 pauperum
722 1394 780 1445 et
810 1389 1193 1462 pupillorum,
1228 1394 1285 1444 et
1315 1390 1387 1444 ad
1415 1388 1610 1461 ipsum
1642 1392 1886 1464 insuper
1907 1392 2025 1447 dia-

365 1480 587 1537 bolum.
614 1480 721 1547 Qui
754 1479 912 1535 cnim
944 1478 1213 1550 rapinam
1251 1497 1483 1550 semper
1511 1485 1779 1536 exercent
1828 1486 1884 1536 et
1920 1499 2025 1536 su—

366 1569 632 1643 perbiam
667 1572 988 1633 sectantur,
1013 1567 1259 1639 aliisque
1290 1566 1462 1622 malis
1494 1568 1777 1640 implicati
1809 1570 2025 1638 sunt,si

368 1661 596 1713 fructus
628 1657 838 1729 dignos
892 1656 1243 1729 pcenitentiaa
1290 1675 1405 1711 non
1456 1659 1700 1713 fecerint
1730 1660 1878 1731 (Luc.
1916 1665 2023 1727 ιιι),

366 1745 501 1802 licet
535 1747 593 1801 in
626 1744 901 1817 praesenti
952 1744 1354 1816 temporaliter
1402 1763 1516 1801 non
1568 1748 1910 1819 puniantur,
1938 1755 2023 1803 ta-

2131 586 2410 657 dispersm
2441 590 2580 642 sunt
2609 590 2814 658 gentes
2849 602 2862 640 :
2899 585 3039 657 quia
3070 582 3443 656 omnipotens
3463 584 3623 641 Deus
3652 589 3787 641 tunc

2130 674 2418 730 exaltatus
2441 680 2531 729 est
2560 680 2617 730 et
2637 692 2890 747 magnus
2909 673 3285 746 praedicatus,
3301 673 3374 728 ab
3391 673 3668 729 omnibus
3691 673 3786 747 qui

2131 766 2449 821 audierunt
2472 765 2626 837 quod
2652 781 2758 819 sua
2778 763 2990 819 virtute
3015 768 3101 818 tot
3122 762 3311 819 millia
3334 762 3642 819 hominum
3665 780 3793 819 con-

2131 858 2223 909 tra
2275 872 2335 909 se
2388 853 2882 926 superbientium,
2926 870 3030 925 per
3060 870 3246 908 unum
3297 852 3573 925 angelum
3618 870 3788 908 suum

2133 944 2422 999 straverit.
2439 944 2604 998 Tunc
2628 942 3002 1014 omnipotens
3024 942 3179 998 Deus
3212 939 3531 1013 aliquando
3552 940 3791 997 exaltari

2132 1032 2368 1099 dicitur,
2385 1050 2519 1087 eum
2553 1050 2614 1087 se
2639 1031 2942 1087 ulciscitur
2963 1031 3033 1086 de
3056 1030 3326 1087 hostibus
3348 1030 3472 1087 suis
3498 1046 3510 1086 :
3535 1029 3675 1101 quia
3693 1030 3791 1101 qui

2134 1122 2448 1177 noluerunt
2470 1120 2639 1176 illum
2663 1138 3012 1192 cognoscere
3035 1123 3295 1191 tempore
3329 1118 3787 1191 tranquillitatis,

2133 1217 2487 1285 cognossent
2516 1216 2777 1281 tempore
2807 1208 3227 1265 tribulationis.

2204 1327 2229 1351 (ι
2268 1303 2336 1357 Et
2366 1300 2884 1373 eongregabuntur
2899 1298 3087 1370 spolia
3105 1301 3298 1354 vestra
3321 1297 3474 1353 sicut
3494 1295 3785 1369 colligitur

2133 1390 2419 1459 bruchus,
2451 1390 2611 1447 velut
2658 1408 2793 1445 cum
2843 1389 3011 1445 fossae
3061 1388 3246 1461 plenae
3285 1386 3501 1443 fuerint
3532 1387 3603 1442 de
3633 1404 3720 1454 eo,
3758 1410 3783 1434 »

2136 1483 2199 1538 In
2234 1481 2594 1553 quibusdam
2625 1477 2927 1534 codicibus
2958 1477 3245 1550 reperitur
3266 1475 3453 1550 spolia
3472 1480 3692 1532 nostra.
3725 1474 3783 1532 Si

2135 1570 2458 1627 dixerimus
2490 1569 2678 1642 spolia
2707 1572 2919 1637 vestra,
2954 1567 3066 1623 erit
3114 1583 3327 1623 sensus
3361 1582 3374 1622 :
3409 1566 3453 1622 Ο
3486 1564 3682 1621 miseri
3731 1570 3788 1620 et

2136 1659 2546 1733 superbissimi
2588 1657 2831 1731 Assyrii,
2865 1672 3001 1712 eum
3032 1655 3308 1712 veneritis
3338 1659 3542 1712 contra
3589 1654 3787 1710 Hieru-

2137 1750 2342 1816 salem,
2359 1748 2877 1821 congregabuntur
2898 1744 3085 1818 spolia
3101 1750 3292 1801 vestra
3313 1762 3347 1801 a
3368 1743 3669 1811 Judmis,et
3689 1742 3790 1798 im-

368 1852 502 1936 men
528 1840 658 1936 post
680 1833 924 1936 finitum
938 1834 1117 1933 hujus
1135 1834 1260 1888 vitae
1285 1836 2030 1936 cursum,humiliabuntur
2056 1871 2106 1936 B
2137 1839 2458 1913 plebuntur
2474 1855 2675 1893 eorum
2691 1838 2882 1892 donus
2901 1834 3103 1909 spoliis
3133 1851 3144 1889 :
3171 1834 3325 1890 sicut
3345 1830 3790 1905 Impleturfossa

366 1923 679 1990 sententia,
715 1928 772 1979 et
793 1923 1005 1995 judicii
1030 1940 1235 1995 poenas
1259 1923 1575 1980 exsolvent.

437 2039 463 2063 ‹‹
500 2013 766 2079 Domine,
784 2012 1061 2067 miserere
1084 2012 1291 2080 nostri,
1318 2018 1371 2068 te
1389 2016 1853 2086 exspectavimus
1873 2034 1886 2072 :
1903 2022 2027 2073 esto

361 2103 671 2160 brachium
696 2107 964 2158 nostrum
992 2101 1048 2156 in
1074 2119 1265 2169 mane,
1283 2107 1339 2157 et
1371 2102 1534 2158 salus
1558 2110 1758 2160 nostra
1780 2106 1838 2160 in
1874 2111 2027 2162 tem-

362 2210 502 2265 pore
524 2190 988 2247 tribulationis.»
1017 2191 1305 2263 Loquitur
1336 2193 1510 2247 modo
1534 2193 1714 2249 Isaias
1745 2195 2030 2266 propheta

359 2300 429 2337 ex
461 2299 711 2354 persona
742 2280 941 2353 populi
974 2280 1362 2347 Hierusalem,
1398 2281 1497 2353 qui
1531 2282 1914 2339 obsidebatur
1954 2285 2026 2339 ab

358 2360 618 2427 exercitu
649 2369 1138 2436 Sennacherib,et
1170 2373 1368 2424 exorat
1404 2370 1736 2438 Dominum,
1772 2372 1974 2429 dicens
2009 2391 2021 2428 :

362 2458 632 2528 Domine,
666 2457 942 2513 miserere
974 2456 1180 2523 nostri,
1202 2461 1259 2511 et
1287 2456 1470 2512 libera
1502 2475 1609 2513 nos
1642 2459 1712 2513 de
1754 2460 2030 2517 manibus

364 2547 765 2621 Assyriorum,
798 2552 855 2602 et
899 2545 1193 2600 civitatem
1244 2546 1416 2600 istam
1469 2552 1702 2620 protege
1739 2564 1750 2604 :
1788 2549 1927 2621 quia
1974 2556 2031 2606 te

368 2636 842 2708 exspectavimus
867 2635 923 2691 in
947 2635 1060 2689 lide
1085 2639 1148 2689 ut
1171 2652 1276 2689 nos
1294 2633 1493 2689 libere.
1520 2636 2031 2709 Nosqumsivimus

368 2725 530 2783 idola
551 2729 607 2781 et
635 2723 1097 2798 seulptilia,quia
1127 2742 1240 2779 non
1268 2730 1515 2795 possunt
1539 2726 1710 2780 nobis
1732 2727 2029 2798 prodesse,

373 2817 476 2872 sed
509 2819 564 2870 te
596 2816 696 2887 qui
728 2832 790 2870 es
822 2814 983 2870 solus
1004 2815 1384 2886 potens.Esto
1416 2814 1722 2871 brachium
1746 2833 1948 2873 eorum
1974 2818 2030 2871 iu

372 2921 568 2961 mane.
597 2904 792 2977 Aliqui
843 2904 1072 2960 codices
1111 2903 1331 2958 habent
1378 2903 1683 2959 brachium
1738 2912 2029 2962 nostrum.

370 2993 485 3050 Sed
520 2993 568 3049 si
599 2993 940 3057 dixerimus,
960 2993 1285 3048 secundum
1309 2993 1545 3047 beatum
1570 2992 1987 3067 Hieronymum
2015 3014 2027 3052 :

369 3088 497 3138 esto
531 3083 837 3139 brachium
872 3083 1225 3152 eorum,erit
1248 3099 1458 3137 sensus
1493 3099 1505 3137 ε
1540 3084 1677 3138 Esto
1699 3083 2029 3154 brachium,

369 3173 428 3228 id
461 3174 918 3246 estexpugnatio
949 3190 1153 3228 eorum
1177 3176 1235 3226 et
1257 3171 1534 3243 repulsio.
1555 3172 1615 3227 Si
1652 3178 1846 3228 autem
1872 3174 2029 3231 dixe-

367 3262 559 3317 rimus
593 3267 883 3329 nostrum,
918 3261 1028 3315 erit
1065 3278 1275 3315 sensus
1309 3277 1321 3314 :
1360 3262 1497 3315 Esto
1548 3261 1856 3317 brachium
1891 3282 2029 3319 nos—
2064 3244 2107 3311 C

369 3356 555 3418 trum,
586 3350 696 3406 hoc
729 3355 817 3406 est
850 3349 1128 3404 fortitudo
1161 3354 1218 3403 et
1264 3349 1525 3403 defensio
1575 3354 1796 3418 nostra,
1822 3356 1876 3407 et
1926 3354 2030 3409 de-

370 3441 543 3495 fende
574 3456 681 3494 nos
712 3443 815 3493 tua
858 3438 1073 3492 virtute
1124 3442 1180 3492 et
1224 3438 1503 3508 potentia.
1532 3438 1659 3491 Non
1690 3444 1779 3493 est
1832 3447 2028 3499 autem

372 3525 965 3598 prietermittendum,
1000 3540 1181 3595 quare
1213 3523 1371 3577 dicat
1392 3523 1450 3577 in
1471 3540 1662 3579 mane.
1684 3530 1826 3581 Cum
1849 3527 2027 3583 inter-

372 3614 561 3670 fectus
593 3618 682 3669 est
703 3612 988 3668 exercitus
1007 3612 1378 3684 Assyriorum
1403 3629 1469 3665 eo
1505 3613 1677 3667 modo
1703 3631 1817 3685 quo
1850 3635 2027 3689 snpe-

374 3705 500 3759 rius
523 3703 745 3758 dictum
777 3706 889 3770 est,
910 3701 989 3755 illi
1024 3700 1124 3773 qui
1156 3704 1559 3755 remanserant
1583 3719 1650 3755 ex
1698 3704 2028 3762 Sennaehe-

374 3793 464 3849 rib
498 3810 611 3847 non
640 3794 1037 3863 cognoverunt
1085 3790 1238 3862 quod
1289 3791 1505 3843 factum
1558 3795 1683 3845 erat
1728 3791 1788 3847 in
1822 3796 2030 3852 castris

372 3898 600 3948 eorum,
636 3896 946 3952 quousque
978 3895 1149 3933 mane
1175 3882 1505 3950 surgerent,
1540 3882 1596 3933 et
1619 3879 1880 3938 viderent
1909 3902 2031 3941 om-

371 3970 470 4025 nia
502 3987 745 4042 corpora
774 3968 1102 4024 combusta.
1129 3968 1294 4023 Tunc
1327 3965 1506 4022 nimio
1540 3968 1746 4025 timore
1776 3974 2027 4043 perculsi

371 4060 649 4132 fugerunt
680 4059 738 4114 in
771 4064 985 4114 terrain
1017 4074 1208 4113 suam.
1244 4058 1313 4111 Et
1357 4057 1484 4133 ideo
1535 4059 1676 4130 quia
1728 4061 1807 4116 illi
1860 4081 2031 4122 mane

370 4152 769 4219 cognoverunt
800 4149 950 4219 quod
982 4151 1105 4202 erat
1134 4151 1461 4219 gestum,ct
1492 4164 1664 4203 mane
1697 4150 1897 4222 fugam
1930 4171 2028 4225 pe-

369 4236 607 4303 tierunt,
641 4237 786 4293 dicit
833 4236 1117 4309 propheta
1149 4253 1161 4291 :
1194 4237 1331 4290 Esto
1373 4235 1679 4292 brachium
1729 4257 1933 4296 eorum
1968 4242 2026 4298 in

370 4344 562 4389 mane,
597 4326 707 4381 hoc
736 4330 826 4380 est
853 4325 1205 4397 expugnatio
1230 4328 1286 4379 et
1309 4324 1585 4395 repulsio,
1617 4330 1675 4382 et
1706 4327 1868 4385 salus
1901 4350 2031 4388 nos-

369 4420 460 4471 tra
491 4416 549 4471 in
572 4414 992 4470 tribulationis.

442 4528 468 4553 ‹‹
501 4506 547 4560 Α
576 4521 712 4559 voce
762 4503 951 4575 angeli
996 4504 1273 4575 fugerunt
1314 4503 1533 4575 populi,
1570 4505 1641 4561 ab
1684 4507 2027 4566 exaltrtione

2137 1946 2207 1984 ex
2231 1927 2611 1983 multitudine
2632 1925 3013 1981 bruehorum.
3031 1924 3090 1980 Si
3114 1927 3309 1979 autem
3330 1922 3645 1995 legerimus
3667 1938 3791 1993 spo-

2137 2016 2216 2073 lia
2266 2022 2486 2081 nostra,
2520 2015 2631 2071 erit
2680 2032 2892 2069 sensus
2928 2031 2939 2069 :
2976 2013 3019 2069 Ο
3067 2012 3255 2069 Judaei
3287 2011 3387 2084 qui
3424 2009 3703 2067 habitatis
3733 2010 3788 2065 in

2142 2106 2523 2172 Hierusalem,
2542 2104 2719 2159 nolite
2750 2104 2953 2159 timere
2981 2120 3015 2158 a
3036 2101 3181 2158 facie
3202 2100 3597 2174 Assyriorium
3623 2117 3636 2155 :
3658 2098 3793 2172 quia

2140 2197 2340 2251 omnia
2371 2195 2558 2267 spolia
2585 2199 2642 2249 et
2671 2210 2876 2249 omnes
2908 2190 3121 2248 divitiae
3152 2190 3387 2247 illorum
3410 2190 3539 2262 jam
3586 2193 3791 2245 nostrae

2138 2291 2297 2353 sunt,
2317 2289 2374 2340 et
2393 2283 2742 2355 eolligentur
2766 2301 2799 2338 a
2829 2281 2999 2338 nobis
3022 2281 3175 2337 sicut
3195 2278 3488 2353 colligitur
3508 2277 3789 2336 bruchus.

2141 2376 2220 2430 Ex
2250 2374 2477 2430 locusta
2499 2371 2762 2428 nascitur
2792 2371 3075 2430 bruchus.
3099 2369 3200 2443 qui
3224 2370 3304 2425 ita
3324 2372 3566 2424 vocatur
3585 2384 3794 2439 quous-

2141 2482 2255 2536 qne
2281 2464 2405 2519 alas
2426 2463 2657 2518 habeat.
2675 2463 2786 2517 Sed
2810 2478 2945 2516 cum
2989 2458 3271 2533 coeperint
3291 2458 3344 2515 ei
3362 2459 3489 2530 jam
3528 2456 3629 2513 ala:
3659 2473 3787 2511 suc-

2142 2570 2402 2609 crescere
2434 2570 2498 2608 ac
2532 2552 2699 2606 nisus
2733 2550 2911 2606 fuerit
2940 2549 3204 2614 volitare,
3235 2552 3476 2603 vocatur
3506 2544 3792 2602 athelech.

2142 2643 2289 2699 Cum
2319 2660 2452 2697 vero
2484 2641 2826 2713 plenissime
2851 2639 3063 2711 poterit
3083 2635 3296 2713 volare,
3317 2635 3566 2692 efficitur
3585 2636 3795 2690 iterum

2141 2731 2476 2788 locusta.Et
2506 2734 2596 2783 est
2618 2728 2802 2783 multo
2831 2728 3063 2800 gravior
3094 2726 3355 2781 bruchus
3378 2740 3553 2797 quam
3576 2723 3798 2779 locusta

2142 2825 2199 2876 et
2230 2819 2519 2885 athelech,
2554 2818 2694 2890 quia
2725 2818 2939 2872 desunt
2966 2815 3017 2871 ei
3044 2814 3148 2871 alae
3187 2832 3291 2871 nee
3334 2812 3648 2886 potesteito
3679 2829 3797 2867 am-

2144 2909 2346 2965 bulare
2371 2926 2383 2963 :
2412 2908 2658 2978 ideoque
2682 2907 3019 2977 ubicunque
3043 2902 3528 2975 venerit,penitus
3548 2900 3797 2957 comedit

2144 3000 2363 3071 fruges.
2385 2996 2586 3053 Solent
2609 3001 2806 3051 autem
2831 2993 3102 3050 homines
3132 2992 3364 3048 illarum
3397 2990 3695 3063 regionum
3720 2991 3791 3045 ad

2143 3106 2293 3160 quas
2324 3086 2560 3142 locusta)
2591 3084 2851 3151 veniunt,
2885 3102 2984 3139 eas
3008 3097 3360 3155 congregare
3409 3080 3467 3135 in
3500 3080 3705 3144 fossas,
3736 3084 3793 3133 et

2141 3177 2367 3249 operire
2399 3177 2579 3231 humo
2615 3192 2627 3231 :
2664 3181 2729 3230 ut
2757 3174 2806 3229 ci
2842 3174 2951 3229 hoc
2982 3171 3202 3229 venerit
3231 3174 3521 3243 quatenus
3565 3186 3599 3224 a
3623 3174 3792 3223 vento

2141 3266 2528 3340 projieiantur
2557 3264 2615 3319 in
2650 3281 2830 3329 mare,
2864 3269 2913 3318 et
2969 3263 3042 3318 ab
3089 3260 3265 3316 undis
3314 3258 3693 3332 projiciantur
3733 3256 3791 3311 in

2140 3362 2379 3421 terram,
2400 3358 2457 3410 et
2487 3354 2725 3409 ﬂetibus
2746 3352 2979 3409 illarum
3002 3349 3268 3406 oriantur
3286 3345 3611 3405 bruchi.Sic
3632 3344 3788 3401 enim

2142 3463 2292 3518 saepe
2325 3446 2390 3499 ﬁt
2421 3447 2484 3499 ut
2507 3461 2575 3498 ex
2605 3442 2727 3497 ovis
2762 3445 3100 3510 nascantur,
3117 3456 3243 3512 quae
3277 3437 3467 3494 adhuc
3508 3436 3566 3491 in
3596 3441 3792 3491 ventre

2141 3534 2348 3590 matris
2379 3538 2566 3587 erant.

2214 3647 2240 3673 ‹‹
2269 3622 2678 3694 Magniﬁcatus
2699 3623 2786 3675 est
2807 3618 3114 3684 Dominus,
3129 3614 3409 3690 quoniam
3431 3611 3711 3671 habitavit
3732 3612 3789 3667 in

2139 3711 2423 3768 excelso.»
2443 3708 2852 3781 Magnificatus
2875 3708 3044 3773 est,id
3068 3711 3159 3762 est
3180 3721 3429 3779 magnus
3450 3701 3790 3775 praedicatus

2140 3807 2197 3857 et
2218 3800 2495 3855 laudatus
2518 3799 2592 3854 ab
2606 3798 3015 3864 Ezechia,etab
3037 3795 3154 3852 illis
3174 3794 3275 3868 qui
3295 3792 3589 3849 victoriam
3606 3790 3792 3846 Domi-

2140 3891 2199 3946 ni
2224 3890 2497 3945 viderunt
2518 3889 2588 3943 de
2608 3887 2879 3942 hostibus
2904 3886 3028 3941 suis
3043 3885 3465 3957 (IVlteg.xvm).
3484 3881 3545 3936 In
3567 3878 3785 3936 excelso

2141 3986 2336 4036 autem
2351 3976 2754 4044 habitabit,ch
2782 3977 2837 4030 in
2862 3974 3078 4047 templo
3095 3973 3291 4048 gloria:
3314 3971 3517 4036 δαῖε,ἱο
3531 3969 3788 4026 Hierusa-

2139 4069 2253 4125 lem
2282 4069 2351 4140 (ll
2374 4066 2563 4122 Paral.
2592 4068 2767 4133 xxix).
2792 4065 2896 4121 Vel
2928 4064 3104 4119 etiam
3136 4064 3195 4117 in
3226 4059 3449 4118 excelso
3489 4058 3782 4124 ccelorum,

2138 4158 2223 4214 vel
2254 4158 2312 4212 in
2345 4155 2622 4212 cordibus
2644 4152 3102 4224 electorum,qui
3125 4152 3198 4207 ad
3219 4148 3477 4206 emlestia
3491 4147 3782 4204 anhelant.

2143 4271 2169 4298 ‹‹
2204 4244 2468 4319 Implevit
2499 4245 2634 4301 Sion
2657 4243 2883 4313 judicio
2914 4246 2971 4298 et
2992 4240 3227 4314 justitia
3259 4257 3272 4294 :
3310 4262 3337 4288 »
3368 4235 3785 4311 quiaEzechias

2139 4355 2237 4392 rex
2276 4337 2438 4406 jusle
2476 4331 2766 4403 judicavit
2812 4331 3099 4405 populum
3132 4328 3497 4385 habitantem
3530 4324 3589 4380 in
3624 4323 3782 4391 Sion,

2138 4425 2247 4480 hoc
2270 4422 2445 4479 estin
2470 4420 3138 4486 Hierusalem,revocans
3161 4417 3329 4473 illum
3350 4416 3421 4471 ad
3440 4413 3660 4470 cultum
3684 4412 3783 4468 Dei

2139 4515 2210 4569 ab
2232 4510 2579 4568 idololatria.
2616 4510 2684 4564 Et
2716 4526 2818 4582 per
2856 4508 2964 4563 hoc
3005 4509 3296 4563 internam
3345 4502 3783 4576 inspirationem

368 4598 471 4648 tua
497 4594 775 4665 dispersa:
809 4598 949 4649 sunt
978 4598 1197 4665 gentes.
1238 4616 1265 4641 ››
1298 4593 1575 4648 Nonnulli
1607 4595 1881 4667 angelum
1923 4600 2027 4654 Mi-
2061 4616 2106 4681 D
2138 4606 2336 4658 actum
2361 4605 2471 4669 est,
2496 4604 2561 4654 ut
2589 4598 2715 4670 ipse
2739 4599 2901 4669 juste
2932 4597 3168 4663 viveret,
3200 4598 3257 4649 et
3287 4593 3511 4666 plebem
3554 4590 3784 4646 Domini

366 4683 629 4738 chaclem
662 4687 975 4738 autumant
1005 4682 1203 4745 fuisse,
1225 4681 1326 4753 qui
1358 4683 1716 4738 constitutus
1746 4692 1833 4741 est
1863 4690 2023 4760 prin-

366 4787 503 4843 ceps
535 4770 765 4826 Judaici
799 4771 1019 4843 populi,
1045 4771 1198 4825 sicut
1223 4771 1280 4824 in
1309 4770 1604 4826 volumine
1630 4773 1887 4831 Danielis
1921 4784 2024 4836 ha-

365 4859 538 4914 betur
569 4876 581 4914 :
616 4860 798 4914 Nemo
823 4865 933 4928 est,
970 4857 1182 4930 inquit,
1199 4858 1435 4929 adjutor
1458 4877 1624 4915 meus
1656 4862 1712 4915 in
1746 4866 2025 4928 omnibus

362 4944 478 5016 his,
512 4947 624 5001 nisi
659 4947 903 5003 Michael
937 4948 1208 5020 princeps
1238 4953 1430 5003 vester
1460 4949 1618 5019 (Dan.
1652 4957 1728 5020 x).
1773 4956 2021 5021 Quidam

359 5051 495 5091 vero
530 5036 734 5090 dicunt
764 5036 1093 5092 Gabrielcm
1128 5036 1329 5103 fuisse,
1357 5038 1455 5109 qui
1489 5039 1587 5093 Dei
1624 5041 1902 5099 fortitudo
1934 5046 2022 5100 in-

358 5124 734 5195 terpretatur,
754 5140 819 5178 eo
851 5125 1006 5195 quod
1041 5125 1163 5195 ipse
1196 5125 1394 5195 praesit
1414 5126 1940 5201 populis.Idipsum
1967 5140 2024 5190 et

358 5211 627 5268 doctores
648 5212 984 5267 Judzeorum
1010 5214 1489 5285 al‘lirmant,quod
1520 5214 1644 5285 ipse
1669 5222 2023 5287 percusserit

351 5295 453 5353 illa
486 5304 571 5352 tot
604 5299 788 5354 millia
810 5301 1202 5372 Assyriorum,
1228 5306 1285 5355 et
1307 5302 1541 5357 illorum
1567 5306 1742 5359 corda
1776 5326 1903 5379 qua)
1930 5328 2017 5364 rc-

355 5392 706 5440 manserunt
735 5393 952 5444 terrore
986 5389 1164 5445 nimio
1210 5389 1539 5462 impleverit
1571 5394 1673 5457 (Ill
1720 5397 1842 5465 Reg.
1875 5405 2012 5468 XIX).

354 5470 424 5526 Et
454 5473 567 5526 hoc
594 5478 854 5545 estquod
889 5476 1099 5542 dicit,a
1128 5497 1264 5533 voce
1287 5479 1501 5551 angeli,
1525 5481 1577 5535 id
1612 5489 1700 5536 est
1732 5502 1765 5538 a
1797 5490 2014 5543 terrore

354 5558 645 5612 Gabrielis
678 5562 952 5631 fugerunt
987 5566 1205 5635 populi,
1243 5568 1297 5621 id
1332 5575 1419 5622 est
1449 5571 1648 5625 dei-em
1702 5574 1879 5629 duces
1912 5575 2010 5647 qui

355 5655 779 5715 remanserant,
801 5651 898 5721 qui
924 5651 1096 5708 etiam
1123 5672 1255 5711 cum
1279 5656 1405 5729 ipso
1431 5658 1824 5716 Sennacherib
1850 5680 2012 5721 vene-

2127 4689 2627 4765 justejudicaret.
2662 4687 2823 4753 Quod
2856 4691 3052 4741 autem
3084 4683 3245 4741 addit
3274 4681 3591 4755 propheta:

2206 4804 2233 4831 ‹‹
2268 4780 2337 4834 Et
2366 4777 2476 4832 erit
2507 4777 2651 4831 ﬁdes
2682 4776 2740 4830 in
2776 4773 3038 4846 temporil
3068 4790 3137 4829 us
3166 4772 3342 4840 tuis,»
3372 4768 3590 4842 duplici
3613 4768 3784 4824 modo

2132 4866 2377 4940 intelligi
2401 4869 2610 4939 potest.
2627 4865 2876 4932 Quidam
2900 4863 3056 4919 enim
3078 4862 3307 4918 codices
3330 4860 3545 4915 habent
3563 4858 3617 4912 in
3645 4864 3785 4914 tem-

2132 4959 2375 5031 poribus
2408 4955 2680 5011 suis.Sed
2708 4954 2755 5009 si
2790 4952 3111 5007 dixerimus
3161 4949 3426 5016 tuis,erit
3453 4964 3684 5015 sensus,
3718 4953 3783 5001 ut

2131 5047 2468 5117 alloquatur
2488 5043 2770 5117 propheta
2789 5040 3093 5096 Ezechiam
3120 5056 3132 5096 :
3159 5040 3202 5096 Ο
3224 5036 3486 5103 Ezechia,
3505 5053 3637 5092 cum
3660 5053 3783 5108 per-

2132 5134 2383 5190 cusserit
2403 5134 2556 5188 Deus
2580 5132 2852 5186 inimicos
2894 5129 3170 5198 tuos,erit
3201 5126 3489 5193 fides,hoc
3520 5129 3627 5192 est,
3650 5141 3778 5197 pro-

2133 5222 2436 5278 babilnrin
2462 5219 2827 5291 temporibus
2845 5219 2989 5274 suis.
3006 5219 3064 5274 Si
3084 5222 3278 5274 autem
3299 5215 3610 5288 legerimus
3633 5215 3776 5281 suis,

2129 5312 2237 5367 erit
2259 5329 2469 5367 sensus
2496 5328 2507 5364 :
2544 5310 2688 5365 Cum
2722 5308 3052 5364 liberaverit
3080 5308 3236 5364 Deus
3280 5303 3647 5376 omnipotens
3680 5321 3777 5377 po-

2126 5401 2332 5472 pulum
2358 5418 2531 5454 snum
2563 5418 2596 5454 a
2618 5399 2827 5453 timore
2848 5398 3128 5469 hostium,
3148 5394 3492 5468 probabitur
3513 5393 3656 5449 fides
3677 5395 3775 5449 ob-

2125 5490 2271 5545 sessi
2292 5488 2487 5560 populi
2512 5489 2567 5541 in
2596 5488 2957 5560 temporibus
2980 5486 3122 5542 suis.
3144 5488 3203 5543 In
3228 5487 3336 5542 hoc
3357 5485 3512 5541 enim
3538 5483 3778 5555 probata

2122 5584 2229 5643 est.
2251 5578 2388 5649 quia
2410 5578 2806 5649 relinquentes
2831 5577 2986 5632 idola
3015 5576 3339 5633 servierunt
3361 5573 3604 5630 Domino
3640 5589 3773 5627 cum

2120 5666 2421 5721 devotione
2452 5668 2686 5723 mentis.
2714 5691 2740 5715 «
2770 5667 2993 5741 Divitiae
3026 5666 3233 5723 salutis
3260 5690 3285 5717 ››
3317 5664 3547 5720 Judicia
3572 5663 3771 5737 populi
