3960 6368
166 418 296 489 889

1220 428 1626 489 COMMENT.
1677 428 1752 487 IN
1798 424 2098 489 lSAlAM.
2147 464 2224 473 —
2264 428 2412 491 LIB.
2460 432 2535 492 ll.

3485 442 3610 507 890

169 560 340 619 ditur
369 559 668 630 funiculis,
692 561 801 617 hoc
823 566 930 629 est,
956 561 1286 618 divmornm
1308 561 1672 635 eloquiorum
1708 562 1835 618 fun-
1858 557 1918 627 Α
1948 559 2245 650 auferetur
2273 562 2346 618 ab
2378 581 2445 620 eo
2476 563 2753 639 iniquitat
2775 570 2906 642 ejus
2928 588 2996 628 ex
3016 568 3126 630 hoc
3151 573 3323 641 facto,
3347 576 3488 650 quia
3509 563 3611 636 Do.

170 653 354 708 datis.

251 766 279 792 «ι
312 743 459 810 Quia
488 743 568 798 ibi
594 765 621 792 »
645 743 755 799 hoc
785 746 894 810 est,
921 743 977 798 in
1020 742 1293 799 cordibus
1333 743 1648 799 electorum
1692 764 1827 801 suo-

173 836 335 899 rum,
352 856 379 884 ‹‹
398 833 751 905 magnificus
773 838 862 889 est
879 833 1161 889 Dominus
1180 838 1327 888 Deus
1351 839 1549 888 noster
1568 851 1616 889 τι)
1634 839 1831 890 etnon

169 923 233 979 in
266 922 692 979 conventiculis
721 923 1149 989 hmreticorum,
1185 939 1373 994 neque
1412 922 1469 977 in
1517 925 1834 995 synagngis

168 1012 515 1068 Iudaeorum
540 1035 568 1063 «
600 1011 766 1068 locus
798 1014 1132 1079 fluviorum,
1162 1038 1187 1061 ››
1211 1014 1497 1069 subaudis
1538 1018 1626 1068 est
1674 1014 1749 1069 ibi
1781 1018 1840 1069 et

1945 648 2087 705 mini
2120 650 2436 709 vindictam
2469 657 2753 713 exercuit.

2513 799 2752 857 CAPUT
2790 802 3031 860 XXXIV.

2020 942 2046 967 (‹
2081 922 2367 989 Accedite,
2403 930 2627 995 gentes.
2661 930 2719 981 et
2758 928 2987 995 audite;
3020 934 3077 985 et
3117 931 3314 1004 populi
3356 936 3607 992 attendi-

1950 1012 2025 1063 te.
2056 1033 2081 1057 ››
2120 1011 2193 1065 De
2225 1012 2317 1067 die
2339 1014 2552 1085 judicii
2587 1017 2878 1086 generalis
2912 1021 3203 1076 sententia
3233 1021 3516 1095 loquitur,
3551 1030 3609 1081 et

174 1108 206 1152 lc
240 1101 349 1157 rivi
383 1100 658 1157 altissimi
693 1105 749 1157 et
778 1107 1063 1175 patentes.
1090 1128 1116 1152 ››
1142 1103 1371 1159 Fluvios
1410 1103 1664 1175 appellat
1703 1121 1839 1175 pro-
1948 1100 2121 1153 vocat
2145 1118 2348 1156 omnes
2394 1108 2597 1174 gentes
2630 1110 2695 1159 ut
2723 1107 2967 1163 audiant
3001 1109 3228 1180 justam
3269 1112 3606 1170 retributio-

172 1189 392 1263 phetas
431 1194 489 1245 et
531 1190 848 1262 apostolos,
874 1192 971 1265 qui
1007 1209 1041 1247 a
1067 1210 1201 1248 vero
1252 1192 1407 1248 fonte
1459 1197 1843 1264 sumpserunt

174 1289 310 1352 qua:
330 1278 502 1335 nobis
526 1279 917 1352 protulerunt.
948 1282 1120 1337 Rivos
1146 1286 1341 1337 autem
1367 1287 1651 1354 patentes,
1676 1300 1844 1353 expo-

175 1368 393 1425 sitores
424 1373 762 1425 sanctarum
795 1371 1255 1443 Scripturarum,
1283 1372 1381 1443 qui
1417 1370 1587 1426 nobis
1616 1388 1684 1427 ea
1715 1389 1839 1444 quze

175 1474 210 1515 a
246 1459 549 1532 prophetis
579 1464 638 1515 et
669 1460 948 1533 apostolis
978 1462 1225 1516 obscure
1265 1460 1491 1533 prolata
1536 1464 1693 1528 sunt,
1730 1461 1839 1533 ipsi

175 1552 450 1622 patenter
496 1548 778 1615 fecerunt,
822 1552 886 1603 ut
935 1549 1753 1622 Hieronymus,Augustinus,
1787 1552 1844 1603 et

175 1628 519 1709 Gregorius.
546 1662 573 1686 ι(
603 1638 728 1693 Non
764 1638 1040 1693 transibit
1070 1655 1171 1709 per
1199 1655 1356 1706 eum,
1387 1662 1406 1685 κ
1441 1638 1727 1694 subaudis
1757 1642 1841 1693 ta-

173 1723 591 1793 bernaculum,
618 1728 771 1799 quod
796 1732 885 1783 est
915 1726 1286 1799 congregatio
1317 1727 1659 1794 electorum,
1682 1752 1709 1777 ‹‹
1746 1745 1844 1783 na-

171 1813 266 1872 vis
327 1814 721 1888 remigium,»
754 1816 808 1871 id
861 1819 970 1885 est,
1022 1815 1314 1883 diabolus,
1340 1839 1366 1865 ‹‹
1404 1833 1591 1889 neque
1647 1817 1841 1873 trieris

174 1921 400 1979 magna
422 1904 857 1978 transgreditur
877 1922 1071 1973 eum,»
1098 1905 1381 1960 subaudis
1405 1905 1685 1979 populum
1714 1924 1843 1961 san—
1874 1924 1925 1994 Β

175 1998 342 2051 ctum
374 1992 497 2050 Dei.
530 1993 750 2050 Trieris
796 1994 959 2049 navis
991 1999 1081 2050 est
1119 1998 1238 2050 tres
1280 1996 1515 2051 ordines
1545 2013 1843 2051 remorum

175 2072 431 2140 habens.
455 2082 766 2157 Significat
792 2083 1093 2140 diabolum
1116 2085 1175 2139 in
1202 2085 1312 2140 isto
1338 2084 1461 2140 loco
1492 2090 1729 2159 propter
1754 2104 1849 2142 su-

178 2164 472 2248 perbiam,
496 2173 595 2245 qui
628 2176 746 2229 tres
778 2178 970 2248 partes
1000 2173 1173 2229 istius
1203 2175 1382 2242 orbis,
1409 2176 1628 2246 Asiam,
1665 2176 1845 2231 Euro-

182 2266 351 2336 pam,
382 2260 757 2335 Africamque
789 2267 923 2318 ante
974 2264 1288 2319 adventum
1323 2264 1547 2319 Domini
1580 2283 1686 2320 suo
1735 2266 1846 2321 sub

184 2348 439 2424 imperio
470 2352 820 2424 subjugatas
851 2351 1123 2407 habebat.

263 2464 293 2491 ς(
329 2440 613 2495 Dominus
644 2439 799 2497 enim
842 2441 1026 2514 judex
1074 2445 1291 2508 noster,
1316 2442 1598 2499 Dominus
1646 2442 1849 2517 legifer

188 2533 414 2596 noster,
427 2530 713 2586 Dominus
742 2548 838 2585 rex
868 2535 1083 2601 noster,
1110 2531 1234 2603 ipse
1268 2531 1515 2588 salvabit
1544 2552 1670 2601 nos,
1692 2559 1712 2587 ι
1742 2553 1845 2590 su-

186 2618 405 2675 baudis
436 2636 471 2673 a
499 2606 881 2674 diabolo.Vox
912 2618 1228 2675 electorum
1253 2620 1309 2675 in
1335 2621 1640 2692 pcenitenti
1662 2623 1849 2679 Eccle-

188 2707 278 2765 sia
304 2708 497 2764 adhuc
521 2708 1034 2763 commorantium.
1052 2708 1240 2765 Judex
1264 2714 1462 2765 noster
1481 2710 1635 2766 Deus
1658 2712 1846 2767 omni-

186 2800 399 2870 potens
420 2799 529 2862 est,
551 2794 690 2869 quia
711 2796 836 2869 ipse
857 2798 945 2853 est
966 2797 1250 2853 discretor
1271 2797 1502 2869 judicii,
1526 2802 1584 2856 et
1608 2800 1731 2873 ipse
1756 2802 1849 2874 ju-

183 2880 413 2942 dicabit
433 2886 632 2941 orbem
656 2884 997 2941 universum
1020 2885 1077 2941 in
1102 2886 1394 2958 aequitate.
1423 2888 1651 2961 Legifer
1670 2890 1845 2945 etiam

185 2968 391 3032 noster
421 2979 511 3030 est
543 2974 685 3047 quia
713 2975 837 3047 ipse
869 2974 1030 3031 dedit
1061 2974 1229 3031 nobis
1273 2973 1463 3049 legem
1495 2977 1844 3051 naturalem,

186 3082 318 3139 quae
352 3067 441 3120 est
465 3081 478 3119 :
506 3064 669 3130 Quod
700 3063 804 3119 tibi
838 3082 953 3119 non
990 3064 1079 3119 vis
1120 3065 1265 3131 ﬁeri,
1293 3065 1392 3120 alii
1426 3082 1497 3121 ne
1528 3066 1755 3121 feceris.
1778 3068 1849 3123 Et

185 3153 380 3226 legem
414 3170 519 3225 per
549 3152 771 3208 Mosen.
804 3154 887 3208 Ad
922 3158 1246 3209 extremum
1277 3171 1410 3210 vero
1455 3154 1643 3229 legem
1674 3171 1846 3212 evan-

184 3241 387 3317 gelicae
414 3239 696 3297 veritatis.

1952 1200 2085 1242 nem
2116 1188 2336 1245 Judmis
2372 1192 2681 1249 redditam.
2713 1194 2895 1251 Vocat
2933 1197 3110 1253 etiam
3144 1202 3359 1255 terram
3390 1206 3448 1257 et
3477 1202 3605 1274 ple-

1951 1274 2279 1332 nitudinem
2314 1280 2461 1348 ejus,
2484 1279 2541 1335 id
2568 1287 2677 1349 est,
2703 1300 2907 1340 omnes
2939 1285 3227 1355 homines,
3252 1293 3308 1343 et
3337 1289 3516 1345 dicit:

2027 1387 2053 1413 ‹‹
2087 1366 2233 1431 Quia
2262 1367 2645 1441 indignatio,»
2670 1372 2724 1426 id
2756 1376 2865 1438 est,
2898 1373 3156 1431 vindicta
3194 1397 3215 1425 ε
3250 1377 3482 1434 Domini
3514 1397 3608 1435 su-

1953 1470 2055 1525 per
2074 1473 2277 1510 omnes
2300 1462 2563 1527 gentes.»
2584 1461 2704 1515 Non
2731 1479 2909 1534 super
2924 1469 3127 1535 gentes
3151 1466 3207 1520 in
3227 1483 3612 1541 quascunque

1953 1544 2287 1616 Specialiter
2316 1545 2401 1602 ira
2434 1548 2660 1603 Domini
2695 1551 2966 1606 desmviet
3006 1553 3065 1607 in
3105 1554 3201 1609 die
3236 1555 3471 1626 judicii,
3509 1556 3609 1612 sed

1953 1650 2130 1705 super
2160 1651 2365 1689 omnes
2396 1638 2695 1708 reprobos.
2722 1641 2885 1705 Quod
2918 1644 3116 1697 autem
3150 1643 3314 1699 addit
3337 1661 3389 1699 :«
3418 1646 3487 1700 Et
3516 1646 3607 1700 fu-

1952 1738 2049 1777 ror
2078 1738 2255 1793 super
2288 1722 2619 1780 universam
2662 1726 2937 1783 militiam
2968 1745 3193 1797 eorum,
3223 1752 3250 1779 »
3272 1728 3330 1786 id
3380 1736 3488 1800 est,
3523 1748 3611 1788 re-

1952 1809 2368 1882 proborum,de
2386 1812 2609 1884 angelis
2631 1814 2905 1887 malignis
2927 1815 3373 1890 intelligendum
3391 1819 3609 1893 est,qul

1956 1914 2058 1970 per
2087 1899 2276 1969 spatia
2308 1900 2459 1955 aeris
2503 1901 2675 1958 istius
2707 1903 3069 1975 discurrunt,
3101 1910 3158 1961 et
3206 1924 3340 1963 cum
3392 1909 3610 1981 quibus

1956 1986 2269 2058 Apostolus
2292 1988 2433 2043 dicit
2458 2006 2564 2043 nos
2596 1990 2808 2046 habere
2840 1990 3136 2049 luctamen
3160 1995 3373 2066 (Ephes.
3392 1999 3494 2065 v1).
3521 1998 3614 2053 In-

1958 2076 2182 2130 terfecit
2223 2093 2323 2133 eos
2354 2077 2623 2133 Christus
2674 2081 2967 2137 sententia
3017 2100 3126 2139 sua
3169 2084 3372 2142 dicens
3406 2102 3417 2141 :
3447 2108 3474 2137 ‹‹
3507 2086 3612 2158 Ite,

1957 2164 2273 2231 maledicti,
2298 2166 2356 2220 in
2382 2165 2575 2239 ignem
2601 2172 2883 2224 aeternum
2905 2170 3341 2243 (Mauh.xxv).»«
3358 2174 3429 2229 Et
3450 2172 3613 2231 dedit

1956 2252 2041 2307 eis
2070 2254 2444 2332 occisionem,
2473 2279 2499 2304 ››
2531 2257 2641 2312 hoc
2672 2262 2761 2313 est
2800 2258 2884 2314 ire
2925 2260 3195 2332 permisit
3232 2261 3293 2317 in
3334 2266 3611 2319 aeternam

1956 2330 2419 2400 damnationem.

2035 2452 2056 2479 ι
2085 2432 2374 2489 Interfecti
2403 2452 2605 2491 eorum
2640 2437 3023 2509 projicientur
3048 2462 3074 2487 »
3102 2439 3158 2493 in
3188 2436 3485 2497 infernum
3508 2464 3536 2491 ‹‹
3560 2440 3617 2498 et

1957 2520 2029 2576 de
2072 2523 2453 2579 cadaveribus
2493 2542 2695 2580 eorum
2736 2527 3015 2583 ascendet
3054 2528 3218 2585 fetor.
3247 2551 3274 2578 »
3297 2530 3453 2595 Quos
3491 2530 3615 2586 dia-

1957 2609 2128 2665 bolus
2160 2614 2463 2669 suadendo
2493 2618 2551 2670 et
2581 2615 2721 2671 mali
2762 2616 3033 2673 homines
3073 2618 3225 2673 male
3262 2619 3527 2689 vivendo,
3560 2618 3619 2677 et

1957 2701 2152 2772 pravis
2184 2701 2466 2774 exemplis
2497 2704 2760 2761 docendo
2791 2705 3209 2762 interfecerunt
3245 2725 3362 2765 non
3395 2708 3455 2764 in
3485 2726 3617 2765 cor-

1956 2805 2095 2861 pore
2126 2791 2225 2845 sed
2252 2791 2309 2845 in
2331 2791 2548 2860 anima,
2578 2793 2960 2865 projieientur
2981 2795 3039 2849 in
3058 2794 3375 2866 diejudicii
3398 2797 3619 2869 pariter

1957 2894 2092 2931 cum
2123 2876 2217 2933 his
2248 2896 2278 2933 a
2304 2880 2523 2950 quibus
2554 2881 2779 2953 decepti
2806 2886 2947 2938 sunt
2978 2883 3036 2937 in
3067 2884 3343 2938 aeternam
3376 2885 3616 2940 damna-

1955 2965 2174 3021 tionem
2208 2967 2505 3023 cruciandi
2536 2986 2550 3024 :
2576 2973 2631 3024 et
2660 2970 2885 3025 dabunt
2913 2987 2982 3026 ex
3012 2987 3073 3026 se
3104 2969 3326 3026 malum
3348 2972 3614 3043 odorem,

1957 3055 2096 3127 quia
2124 3059 2182 3110 et
2211 3054 2268 3109 in
2302 3072 2540 3129 corpore
2570 3062 2626 3113 et
2655 3056 2714 3113 in
2748 3057 2945 3114 anima
2975 3058 3418 3116 cruciabuntur.

2031 3166 2058 3193 ‹‹
2076 3145 2401 3201 Tabeseent
2423 3150 2653 3202 montes
2675 3164 2709 3202 a
2728 3147 3015 3220 sanguine
3036 3164 3261 3219 eorum,
3280 3152 3337 3204 et
3350 3146 3613 3206 tabescet

1961 3232 2154 3288 omnis
2201 3232 2412 3289 militia
2455 3233 2755 3290 ccelorum.
2786 3257 2812 3285 »
2836 3234 3062 3291 Montes
3093 3234 3349 3309 appellat
3393 3237 3453 3293 in
3496 3237 3613 3295 isto

263 3352 293 3382 (ι
315 3329 519 3387 Laxati
542 3334 682 3385 sunt
705 3329 949 3385 funiculi
980 3330 1088 3402 tui,
1108 3333 1207 3388 sed
1233 3351 1345 3388 non
1378 3333 1791 3406 przevalebunt.
1819 3359 1838 3385 )1

2020 3339 2086 3378 eo
2108 3340 2274 3396 rcges
2297 3327 2352 3379 et
2382 3323 2677 3396 principes
2707 3329 2765 3381 et
2792 3328 3071 3397 tyrannos
3100 3323 3274 3381 istius
3304 3326 3523 3396 seaculi,
3548 3330 3615 3384 'ut

186 3411 487 3478 Hactenus
533 3418 766 3475 locutus
796 3424 886 3475 est
917 3421 987 3476 de
1026 3421 1393 3478 Hierusalem
1433 3423 1670 3492 ccelesti,
1695 3427 1750 3480 et
1777 3426 1848 3482 de

182 3496 450 3566 Ecclesia
479 3509 785 3581 praasentis
817 3508 1034 3564 saeculi.
1059 3510 1225 3566 Nunc
1256 3529 1390 3568 vero
1434 3513 1745 3569 revertitur
1774 3514 1847 3571 ad

184 3588 483 3655 terrenam
518 3596 903 3665 Hierusalem,
929 3598 1174 3670 loquens
1193 3601 1263 3656 de
1290 3618 1358 3657 ea
1387 3602 1497 3657 sub
1530 3603 1720 3675 specie
1751 3622 1851 3659 na-

183 3687 298 3742 vis.
325 3684 525 3743 Laxati
559 3690 699 3741 sunt
728 3686 973 3743 funiculi
998 3687 1105 3753 tui,
1130 3706 1233 3760 pro
1265 3706 1330 3745 eo
1358 3693 1511 3763 quod
1538 3697 1627 3747 est
1654 3693 1849 3749 omnis

186 3774 473 3832 fortitudo
505 3774 707 3850 populi
737 3775 822 3831 tui
853 3775 1166 3845 laxabitur,
1191 3782 1247 3833 et
1268 3781 1633 3854 extendetur,
1655 3782 1848 3838 nitens

188 3880 453 3937 pugnare
477 3866 683 3920 contra
704 3864 1003 3922 Romanos
1028 3883 1039 3921 :
1067 3866 1167 3922 sed
1191 3886 1306 3923 non
1330 3870 1681 3940 praevalebit,
1711 3871 1851 3944 quia

186 3944 479 4010 Dominus
513 3952 767 4009 adducet
792 3970 891 4009 eos
930 3955 1002 4010 ad
1050 3954 1136 4011 tui
1186 3955 1667 4013 internecionem.
1692 3983 1719 4009 ‹‹
1756 3961 1847 4017 Sic

186 4042 302 4099 erit
332 4040 528 4098 malus
554 4045 754 4107 tuus,»
775 4042 885 4098 hoc
909 4046 998 4097 est
1027 4043 1312 4117 templum
1344 4044 1624 4119 inclytum
1653 4052 1845 4116 tuum,

180 4122 249 4186 in
296 4147 413 4203 quo
470 4130 769 4202 quondam
826 4131 1161 4202 pendebant
1216 4130 1343 4187 vela
1398 4133 1845 4205 pretiosissima.

186 4242 215 4270 ‹‹
246 4212 323 4275 Ut
353 4216 600 4276 dilatare
644 4217 881 4292 signum
927 4236 1043 4275 non
1074 4236 1276 4292 queas,
1300 4240 1327 4273 υ
1364 4220 1423 4276 id
1472 4225 1583 4289 est,
1617 4225 1681 4277 ut
1730 4240 1846 4280 non

183 4310 471 4381 appareat
500 4306 561 4362 in
593 4324 710 4381 quo
760 4306 886 4364 loco
936 4307 1213 4380 primitus
1260 4313 1664 4366 constructum
1716 4312 1845 4381 fuit,

183 4395 328 4470 quia
362 4413 477 4451 non
528 4393 895 4469 relinquetur
940 4413 1007 4452 ex
1037 4413 1103 4453 eo
1144 4396 1295 4470 lapis
1342 4416 1521 4472 super
1566 4398 1843 4473 lapidem.

176 4486 214 4536 ’κ
240 4485 467 4553 Tunc,»
490 4484 548 4540 id
579 4490 688 4554 est,
714 4486 848 4542 cum
878 4485 1243 4543 Hierusalem
1275 4487 1450 4544 fuerit
1480 4507 1763 4546 succensa
1791 4494 1850 4547 et

178 4560 539 4647 templumm
559 4573 897 4631 dividentur
916 4574 1104 4648 spolia
1124 4577 1452 4650 praedarum
1477 4577 1796 4635 multarum
1815 4602 1843 4630 »

1959 3412 2069 3467 fuit
2100 3413 2659 3485 Nabuchodonosor,
2691 3413 2791 3487 qui
2827 3413 3148 3471 multarum
3180 3417 3442 3490 gentium
3474 3434 3610 3473 san-

1957 3502 2195 3575 guinem
2230 3520 2408 3576 super
2446 3504 2782 3575 subjectum
2826 3500 2939 3560 sibi
2985 3504 3271 3578 populum
3320 3506 3515 3562 fudit:
3550 3511 3619 3563 ut

1958 3592 2197 3647 fuerunt
2220 3592 2618 3649 interfectores
2636 3598 2975 3649 sanctorum
2993 3594 3617 3668 martyrum.Militiam

1955 3697 2091 3736 vero
2123 3681 2249 3737 caali
2283 3682 2529 3756 angulos
2576 3683 2750 3738 istius
2782 3683 2933 3737 aeris
2972 3682 3073 3755 qui
3121 3682 3376 3757 singulis
3424 3685 3620 3758 regnis

1958 3770 2389 3843 principantur,
2441 3771 2595 3827 sicut
2642 3771 2701 3826 in
2753 3770 3011 3827 Danielis
3060 3770 3208 3827 libro
3257 3776 3398 3844 (cap.
3432 3773 3489 3845 x)
3518 3790 3617 3828 co-

1957 3876 2237 3932 gnoscere
2269 3876 2609 3931 possumus,
2633 3859 2691 3914 in
2715 3877 2831 3932 quo
2862 3859 3077 3932 legitur
3100 3856 3171 3915 de
3200 3859 3464 3931 principe
3494 3860 3621 3916 Per-

1958 3966 2155 4003 sarum
2190 3950 2247 4002 et
2275 3948 2538 4020 principe
2567 3949 2923 4004 Graecorum.
2945 3949 3015 4002 Et
3042 3946 3315 4020 egregius
3348 3947 3619 4020 praedica-

1957 4042 2051 4093 tor
2082 4054 2096 4092 :
2131 4037 2254 4092 Non
2306 4040 2396 4091 est
2444 4035 2682 4107 (inquit)
2733 4034 2905 4090 nobis
2952 4033 3287 4090 colluctatio
3336 4037 3616 4093 adversus

1958 4143 2191 4183 carnem
2215 4129 2271 4181 et
2292 4125 2666 4197 sanguinem,
2695 4125 2795 4179 sed
2822 4125 3102 4179 adversus
3124 4124 3422 4198 principes
3442 4130 3501 4182 et
3519 4142 3615 4200 po-

1954 4219 2217 4283 testates,
2242 4214 2524 4270 adversus
2570 4213 2778 4269 mundi
2823 4216 3076 4269 rectores
3099 4213 3315 4286 (Ephes.
3334 4214 3433 4286 vi).
3457 4210 3614 4271 Deli:-

1957 4305 2115 4360 cient
2145 4304 2302 4359 enim
2354 4320 2519 4376 reges
2550 4319 2654 4375 pro
2693 4301 2867 4359 malis
2917 4302 3319 4373 subjectorum
3368 4306 3611 4359 suorum

1957 4394 2097 4466 quia
2128 4393 2239 4466 ipsi
2272 4392 2510 4448 fuerunt
2556 4393 2824 4447 auctores
2872 4390 3256 4463 iniquitatem
3288 4406 3491 4447 eorum
3516 4407 3531 4447 :
3556 4394 3615 4448 et

1957 4482 2232 4538 deficient
2276 4482 2571 4536 dzemones
2600 4479 2896 4553 principes
2926 4480 3290 4536 diversarum
3322 4479 3609 4553 gentium,

1957 4586 2210 4645 quorum
2242 4569 2398 4626 malo
2431 4568 2676 4626 consilio
2707 4573 2766 4624 et
2794 4570 3041 4641 deceptu
3066 4571 3124 4624 et
3153 4574 3320 4642 reges
3348 4584 3614 4641 peccave-

183 4679 221 4718 a
251 4659 561 4732 Romanis,
593 4658 704 4719 hoc
748 4667 840 4720 est
877 4681 1083 4720 omnes
1115 4664 1326 4721 divitiae
1358 4670 1413 4722 et
1443 4672 1655 4723 cuncta
1692 4668 1847 4725 bona
1954 4668 2092 4721 runt
2112 4666 2169 4718 et
2191 4659 2441 4734 subjecti
2464 4659 2820 4732 perierunt.«
2842 4660 2912 4714 Et
2932 4657 3444 4730 complicabuntur
3458 4656 3614 4715 sicut

179 4734 588 4807 Judzeorumm
611 4751 817 4808 Claudi
841 4751 1118 4825 diripient
1142 4752 1421 4826 praedam,
1443 4772 1547 4810 nec
1578 4756 1731 4813 dicet
1759 4758 1846 4812 vi-

182 4838 703 4911 cinus,Elangui,»
718 4839 775 4896 id
795 4844 903 4907 est,
921 4858 1036 4896 non
1060 4841 1215 4898 dicet
1235 4841 1536 4900 Romanus
1558 4844 1843 4914 Romano,

177 4918 466 4983 Infirmus
489 4932 621 4983 sum
643 4944 655 4982 :
678 4929 815 5002 quia
832 4928 1102 4985 Christus
1119 4930 1479 4987 ministrabit
1497 4933 1582 4987 eis
1604 4934 1848 5002 vires,ut

181 5008 420 5088 p’ossint
440 5015 632 5073 delere
662 5022 896 5090 gentem
922 5018 1301 5075 inimicando.
1327 5018 1529 5075 Claudi
1555 5022 1849 5094 appellan-

172 5094 580 5173 itur'Romani,
606 5123 723 5161 non
751 5107 909 5178 quod
944 5105 1136 5162 claudi
1164 5108 1380 5176 essent,
1414 5110 1514 5164 sed
1547 5110 1658 5166 hoc
1688 5112 1843 5183 quod

181 5194 392 5265 contra
410 5192 646 5249 Judzeos
677 5199 922 5267 egerunt
948 5213 1062 5251 non
1096 5197 1220 5252 suis
1242 5196 1466 5253 viribus
1497 5196 1640 5254 illud
1665 5200 1845 5255 adim-

178 5280 516 5354 ‘pleverunt,
545 5283 644 5339 sed
679 5282 781 5338 Dei
825 5284 1106 5356 potentia.
1132 5308 1159 5335 «
1195 5285 1471 5359 Populus,
1502 5310 1527 5335 υ
1560 5288 1846 5345 subaudis

180 5366 670 5443 Romanus,«qui
694 5372 923 5427 habitat
945 5373 1002 5427 in
1028 5390 1097 5429 ea
1115 5397 1143 5423 ››
1171 5378 1341 5443 terra,
1366 5374 1475 5431 hoc
1496 5380 1583 5430 est
1603 5377 1700 5449 qui
1734 5379 1843 5434 sub

182 5466 294 5515 Sua
324 5460 615 5531 potestate
650 5462 814 5517 tenet
861 5479 990 5517 eam
1023 5463 1339 5519 redactam.
1364 5487 1391 5513 «
1416 5465 1723 5520 Auferetur
1769 5467 1843 5522 ab

170 5542 251 5603 eo
286 5542 633 5619 iniquitas.»
654 5548 725 5604 Et
757 5553 846 5605 est
874 5567 1120 5606 sensus:
1147 5551 1206 5607 Si
1246 5552 1502 5625 populus
1544 5554 1843 5611 Romanus

182 5635 404 5708 dignus
436 5640 591 5691 esset
620 5641 678 5692 et
717 5637 952 5711 aliquod
986 5644 1289 5711 peccatum
1331 5642 1537 5698 exinde
1580 5643 1840 5713 haberet,

181 5724 343 5796 quod
376 5724 616 5781 Judaeos
646 5725 937 5783 interfecit
976 5732 1031 5783 et
1079 5745 1281 5785 eorum
1318 5734 1533 5786 terram
1576 5731 1838 5801 incoluit,

1948 4752 2105 4809 liber
2134 4750 2285 4818 coeli,
2305 4752 2362 4805 et
2382 4747 2576 4805 omnis
2598 4745 2825 4803 malitia
2845 4760 3105 4815 eorum,»
3128 4746 3416 4803 subaudis
3446 4744 3614 4803 ecclo-

1952 4838 2111 4909 rum,
2133 4864 2161 4889 ‹‹
2197 4838 2433 4906 deﬂuet,
2465 4838 2620 4894 sicut
2652 4835 2859 4892 deffuit
2900 4835 3103 4892 folium
3134 4835 3206 4892 de
3235 4836 3405 4891 vinea
3440 4838 3498 4890 et
3538 4829 3610 4890 de

1955 4932 2128 5000 ficu,»
2152 4926 2661 5001 appropinquante
2682 4925 2943 4998 hyeme,«
2972 4923 3251 4996 quoniam
3282 4923 3611 4980 inebriatus

1953 5024 2044 5077 est
2074 5020 2133 5074 in
2166 5017 2309 5073 ccelo
2343 5016 2576 5089 gladius
2609 5031 2798 5071 meus.
2831 5038 2857 5063 ››

2025 5106 2315 5165 Pluralem
2334 5122 2647 5161 numerum
2671 5103 2869 5176 posuit
2887 5120 2991 5176 pro
3010 5103 3293 5177 singulari
3312 5116 3446 5160 cum
3464 5102 3611 5160 dixit

1953 5198 2250 5270 ceeli,quia
2269 5178 2338 5251 de
2358 5194 2470 5250 isto
2493 5210 2622 5249 aere
2643 5193 2753 5249 hoc
2782 5191 3231 5266 intelligendum
3253 5195 3360 5248 est.
3383 5190 3605 5248 Ccelum

1953 5287 2109 5344 enim
2142 5283 2470 5359 appellatur
2490 5299 2589 5338 aer
2618 5281 2836 5338 usitato
2868 5297 3050 5337 more.
3075 5280 3237 5337 Unde
3259 5282 3317 5337 et
3342 5279 3607 5337 volucres

1953 5376 2080 5433 coeli
2113 5375 2386 5431 dicimus.
2406 5371 2614 5428 Militia
2635 5370 2761 5428 C(eli
2786 5371 3021 5439 delluet,
3049 5370 3107 5425 id
3130 5374 3239 5438 est,
3264 5369 3349 5425 sol
3379 5373 3436 5425 et
3463 5369 3607 5425 luna

1952 5470 2009 5522 et
2040 5464 2242 5531 stellae,
2266 5462 2354 5518 vel
2388 5461 2566 5517 etiam
2600 5459 2843 5533 maligni
2877 5460 3142 5532 spiritus.
3167 5459 3293 5515 Non
3324 5458 3482 5514 enim
3504 5450 3603 5516 de-

1953 5556 2133 5610 ﬂuent
2165 5553 2246 5607 ita
2265 5552 2458 5607 sidera
2480 5553 2544 5603 ut
2575 5549 2806 5625 cadant,
2831 5550 2933 5604 sed
2957 5548 3299 5604 adveniente
3317 5562 3455 5603 vera
3475 5545 3604 5605 luce

1949 5643 2183 5699 Christo
2213 5637 2757 5696 obtenebrabuntur
2786 5635 2885 5692 illa
2914 5654 2927 5692 :
2961 5637 3116 5692 Unde
3145 5640 3202 5693 et
3231 5636 3494 5693 Salvator
3522 5634 3606 5693 di-

1951 5732 2031 5789 cit
2064 5747 2076 5787 :
2107 5755 2133 5781 ‹‹
2159 5727 2347 5786 Stellae
2388 5726 2596 5783 cadent
2627 5725 2698 5780 de
2737 5725 2879 5782 coelo
2910 5726 3113 5800 (Matth.
3136 5728 3311 5799 xxxv),
3338 5748 3365 5776 »
3400 5720 3459 5785 id
3490 5731 3599 5797 est,
