3960 6378
377 393 490 458 89!

754 397 1166 460 I-IAYMONIS
1208 396 1755 457 HALBERSTAT.
1803 393 2024 456 EPlSC

2208 394 2271 454 P.
2319 395 2518 456 PARS
2562 395 2610 456 Ι.
2657 428 2738 442 -
2779 396 3185 459 COMMENT.
3233 397 3428 460 BIBL.

3682 399 3792 460 892

377 531 584 588 cadere
612 531 988 588 videbuntur.
1024 529 1278 602 Spiritus
1309 547 1440 586 vero
1475 529 1716 603 maligni
1749 531 2028 586 defluent.
2061 526 2115 594 Α
2136 528 2348 601 judicii
2382 530 2580 602 Sion,»
2607 531 2896 588 subaudis
2925 530 3137 588 veniet.
3163 532 3280 588 Ista
3310 549 3438 606 qua:
3468 531 3564 590 hic
3594 532 3790 592 dicun-

378 624 516 696 quia
549 622 820 678 amittent
839 637 1072 676 omnem
1097 624 1466 691 potestatem,
1492 625 1548 677 et
1578 621 1955 677 recludentur
1975 620 2033 675 in

377 712 626 768 inferno.
651 707 1111 781 Complicabitur
1139 707 1294 764 enim
1330 709 1438 766 iste
1469 728 1585 777 aer,
1611 711 1752 781 quia
1789 709 1924 782 igne
1945 709 2033 764 in-

375 800 656 866 volvetur,
675 803 733 855 et
760 798 1054 854 videbitur
1083 799 1420 871 complicari
1454 800 1609 856 sicut
1632 799 1801 855 liber.
1825 800 2034 855 Videa-

377 907 510 946 mus
541 893 600 944 et
631 887 801 944 aliter
831 889 902 943 de
930 889 1377 960 eomplicatione
1408 889 1708 944 caelorum.
1734 894 1859 944 Non
1892 888 2036 944 dicit

374 977 612 1034 interire
664 977 861 1045 ecnlos,
905 979 1007 1034 sed
1063 978 1400 1051 complicari
1461 980 1631 1051 quasi
1690 978 2037 1034 librumzut

374 1073 690 1142 postquam
718 1068 917 1124 omnia
939 1073 1176 1140 peccata
1207 1075 1409 1141 aperta
1429 1070 1666 1134 fuerint,
1691 1069 2037 1141 complican-

374 1159 582 1231 turqui
605 1157 768 1231 prius
784 1159 968 1231 aperti
989 1159 1239 1226 fuerant,
1257 1163 1320 1214 ut
1337 1176 1710 1231 nequaquam
1731 1159 1884 1213 ultra
1901 1157 2038 1212 seri-

374 1248 592 1303 bantur
608 1247 668 1303 in
689 1247 775 1304 eis
787 1247 1002 1303 delicta
1019 1247 1334 1303 malorum.
1353 1253 1426 1304 De
1444 1247 1850 1318 hujuscemodi
1869 1246 2037 1303 libris

372 1337 574 1394 Daniel
598 1335 742 1392 dicit
762 1341 905 1408 (cap.
920 1340 1083 1405 vn):«
1103 1337 1404 1392 Judicium
1428 1339 1598 1402 sedit,
1617 1342 1675 1392 et
1695 1337 1826 1392 libri
1852 1335 2035 1408 aperti

372 1430 537 1494 sunt,
559 1425 620 1480 in
645 1425 864 1498 quibus
885 1425 1185 1498 descripta
1205 1431 1372 1481 erant
1401 1444 1576 1497 opera
1603 1425 2032 1497 singulorum.»

371 1515 503 1572 Haec
533 1519 732 1571 autem
765 1514 968 1570 omnia
996 1516 1138 1570 fient
1167 1515 1308 1587 quia
1339 1516 1666 1571 inebriatus
1695 1520 1804 1579 est,
1834 1515 1890 1570 id
1923 1519 2034 1580 est,

371 1604 633 1676 repletus
661 1607 754 1659 est
783 1602 1017 1676 gladius
1050 1604 1109 1658 in
1139 1603 1284 1659 emlo
1317 1621 1508 1670 meus,
1536 1604 1646 1660 hoc
1691 1610 1780 1660 est
1830 1604 1888 1659 in
1923 1603 2036 1658 isto

367 1709 521 1762 aere,
556 1694 628 1748 ad
660 1694 992 1766 perdendos
1033 1695 1330 1749 daemones
1374 1697 1432 1748 et
1479 1712 1684 1750 omnes
1733 1693 2034 1765 reprobos,

369 1781 612 1838 Gladius
643 1781 882 1854 (inquit)
915 1799 1084 1837 meus
1115 1783 1444 1838 inebriatus
1475 1787 1566 1840 est
1595 1783 1826 1839 malitia
1855 1779 2038 1838 homi-

2146 622 2262 684 tur,
2286 637 2398 675 non
2435 619 2727 691 pertinent
2754 623 2827 676 ad
2851 621 3174 694 superiora.
3208 623 3344 678 Post
3367 623 3697 696 generalem
3719 629 3794 684 to:

2145 707 2266 763 tius
2295 709 2456 764 orbis
2485 710 3081 779 consummationem,
3107 711 3418 767 revertitur
3441 729 3633 768 sermo
3663 731 3795 786 pro-

2145 796 2418 868 pheticus
2449 799 2520 854 ad
2556 799 2944 868 Hierusalem,
2969 799 3064 856 cui
3095 800 3152 855 in
3183 805 3444 872 tempore
3475 800 3572 857 illo
3603 801 3794 874 loque-

2147 887 2340 954 batur,
2361 891 2420 942 et
2440 888 2828 944 vastationem
2855 890 2984 960 ejus
3015 888 3186 962 pleno
3213 907 3482 946 sermone
3505 891 3794 965 describit,

2145 994 2274 1046 quae
2306 994 2340 1031 a
2372 977 2653 1032 Romanis
2686 980 2840 1034 facta
2869 983 2979 1033 est.
3009 979 3145 1034 Dies
3179 978 3422 1035 ultionis
3452 980 3682 1036 Domini
3715 987 3798 1039 est

2143 1064 2460 1120 vindicatio
2493 1065 2802 1138 sanguinis
2823 1067 3060 1122 Christi.
3084 1069 3319 1124 Annum
3353 1068 3796 1127 retributionum

2137 1153 2349 1224 judicii
2399 1154 2560 1222 Sion,
2596 1155 2853 1227 appellat
2881 1173 3054 1212 omne
3087 1161 3324 1229 tempus
3373 1157 3796 1228 praedicationis

2145 1241 2380 1310 Christi,
2417 1243 2526 1298 hoc
2557 1249 2646 1300 est
2693 1245 2874 1300 trium
2929 1262 3219 1302 annorum
3268 1251 3327 1302 et
3375 1245 3601 1302 dimidii
3638 1264 3651 1302 :
3686 1265 3796 1321 quo

2146 1337 2408 1403 tempore
2437 1338 2920 1406 contempserunt
2964 1334 3324 1391 habitatores
3355 1335 3492 1392 Sion
3545 1336 3794 1409 recipere

2146 1419 2492 1477 salvatorem
2513 1441 2687 1478 suum
2710 1429 2767 1480 et
2787 1422 3327 1496 legislatorem,quo
3344 1425 3521 1480 etiam
3539 1430 3797 1498 tempore

2147 1511 2321 1566 morti
2355 1528 2490 1566 cum
2541 1512 2930 1568 tradiderunt.
2965 1513 3078 1570 Iste
3109 1517 3200 1570 est
3247 1531 3461 1582 annus,
3494 1514 3565 1570 de
3595 1531 3712 1587 quo
3742 1515 3798 1572 in

2147 1600 2650 1672 subsequentibus
2697 1601 2840 1656 dicit
2891 1602 3074 1658 Isaias
3111 1604 3246 1674 (Inf.
3281 1602 3392 1675 LXI)
3434 1619 3504 1658 ex
3553 1620 3799 1674 persona

2148 1688 2279 1744 Filii
2303 1689 2402 1744 Dei
2430 1707 2480 1746 :«
2505 1689 2759 1762 Spiritus
2782 1689 3014 1746 Domini
3043 1709 3222 1764 super
3243 1709 3336 1748 me
3357 1709 3423 1748 eo
3445 1693 3600 1764 quod
3623 1709 3798 1748 unxe-

2148 1776 2223 1832 rit
2265 1795 2379 1848 me,
2411 1778 2809 1851 evangelizare
2857 1781 3214 1852 pauperibus
3263 1779 3426 1838 misit
3474 1799 3587 1848 me,
3618 1785 3678 1838 et
3706 1798 3799 1839 vo-

366 1888 534 1938 num,
567 1871 676 1927 hoc
707 1889 770 1926 es
801 1872 1095 1928 sententia
1140 1872 1230 1928 vel
1291 1871 1436 1928 ultio
1495 1873 1615 1929 sive
1665 1872 1926 1928 vindicta
1955 1872 2025 1927 ad
2058 1899 2107 1965 Β
2147 1883 2279 1922 care
2310 1885 2532 1923 annum
2565 1867 2983 1940 acceptabilem
3015 1869 3285 1926 Domino.
3311 1892 3339 1920 ››

365 1960 694 2034 perdendos
725 1961 1007 2031 reprobos
1035 1966 1448 2018 consummata
1475 1967 1586 2018 est.
1615 1985 1644 2012 «
1677 1963 1821 2019 Ecce
1852 1978 2031 2034 super

365 2051 684 2106 ldumaaam
698 2051 1015 2107 descendet
1031 2049 1264 2123 gladius
1283 2056 1533 2117 meus,et
1549 2069 1727 2124 super
1741 2051 2027 2124 populum

364 2137 790 2196 interfectionis
813 2156 954 2196 meae
985 2140 1058 2196 ad
1084 2140 1436 2212 judicium,»
1463 2141 1749 2197 subaudis
1775 2143 2026 2197 damna-

361 2229 540 2285 tionis
584 2227 794 2286 veniet.
830 2228 1108 2296 Idumaza,
1143 2246 1271 2300 quae
1312 2229 1733 2300 interpretatur
1770 2235 2024 2294 terrena,

363 2318 661 2391 signiﬁcat
689 2317 847 2372 hunc
879 2319 1192 2372 mundum.
1222 2319 1528 2374 Damnatis
1559 2319 1713 2374 enim
1744 2320 2025 2374 daemoni-

363 2409 477 2464 bus
499 2408 558 2462 in
589 2423 743 2470 aere,
766 2405 958 2462 veniet
976 2406 1237 2462 vindicta
1261 2424 1440 2479 super
1461 2408 1740 2478 reprobos
1766 2408 1824 2462 in
1849 2413 2022 2462 terra.

437 2519 465 2546 α
489 2494 792 2562 Gladius,»
815 2495 874 2549 id
898 2497 1006 2561 est,
1029 2493 1308 2564 vindicta,
1331 2518 1358 2546 ‹‹
1385 2495 1618 2550 Domini
1651 2495 1906 2566 repletus
1935 2501 2026 2552 est

363 2583 672 2658 sanguine,
702 2605 730 2631 »
761 2583 870 2638 hoc
899 2586 989 2638 est
1033 2583 1288 2654 peccatis
1318 2583 1649 2638 hominum.
1675 2607 1702 2633 «
1731 2584 2023 2639 Incrassa—

362 2678 484 2740 tus,
513 2695 534 2722 ι
561 2672 620 2727 id
650 2676 757 2739 est,
810 2671 1092 2744 repletus.
1121 2695 1148 2721 ‹‹
1172 2672 1378 2743 Adipe,
1405 2695 1433 2721 »
1454 2671 1512 2727 id
1565 2676 1674 2738 est,
1714 2671 2025 2744 iniquitate

367 2786 390 2814 ι
419 2761 801 2833 [mpiorum,»
820 2759 878 2816 id
900 2763 1048 2827 est,«
1064 2761 1135 2816 de
1152 2760 1440 2832 sanguine
1457 2778 1742 2833 agnorum
1763 2765 1820 2816 ct
1840 2761 2024 2817 hirco-

363 2869 520 2918 rum,
543 2872 570 2901 »
597 2849 886 2906 subaudis
917 2849 1177 2922 repletus
1207 2853 1316 2905 est.
1341 2849 1487 2922 Agni
1509 2855 1792 2906 vocantur
1819 2849 1878 2904 in
1913 2850 2024 2906 islo

361 2941 488 2996 loco
517 2957 634 2996 non
657 2939 954 2994 mansueti
977 2943 1035 2994 et
1054 2939 1234 3010 justi,
1257 2940 1356 2994 sed
1381 2939 1734 3010 impotentes
1753 2943 1809 2994 et
1830 2939 2026 3008 vulga-

362 3047 457 3086 res
487 3028 777 3084 homines.
812 3027 967 3083 llirci
1019 3033 1216 3084 autem
1260 3027 1634 3100 appellantur
1671 3033 1939 3100 potentes
1969 3033 2028 3083 et

363 3118 660 3192 principes
683 3117 858 3174 istius
879 3116 1107 3184 saeculi;
1131 3115 1189 3173 id
1212 3121 1320 3184 est,
1346 3118 1665 3190 quodquod
1691 3117 2022 3189 subjungit,

361 3209 435 3264 de
452 3207 740 3281 sanguine
757 3205 1356 3262 medullatorum.Sed
1375 3223 1477 3278 per
1493 3206 1688 3262 hircos
1706 3223 1946 3277 possum
1956 3223 2025 3262 us

2208 1980 2236 2006 ‹‹
2272 1957 2341 2012 Et
2372 1962 2785 2013 convertentur
2807 1962 3092 2015 torrentes
3119 1960 3248 2030 ejus
3279 1959 3339 2015 in
3365 1958 3578 2032 picem,
3600 1963 3658 2017 et
3687 1959 3798 2018 hu-

2137 2064 2272 2103 mus
2295 2047 2424 2117 ejus
2447 2047 2504 2102 in
2528 2046 2838 2120 sulphur.»
2860 2048 3101 2120 Propter
3121 2048 3367 2106 nimiam
3398 2050 3795 2106 Romanorum

2137 2136 2420 2192 saevitiam
2462 2141 2520 2192 et
2557 2137 2762 2193 crebra
2818 2137 3116 2207 incendia,
3148 2138 3370 2211 quibus
3410 2139 3606 2196 omnis
3645 2143 3801 2196 terra

2136 2225 2611 2296 repromissionis
2635 2225 2851 2281 vallata
2877 2230 2967 2282 est
2991 2243 3004 2282 :
3030 2227 3274 2300 insuper
3293 2232 3350 2283 et
3376 2228 3582 2284 civitas
3609 2229 3713 2285 sed
3743 2233 3800 2286 et

2134 2314 2424 2386 templum
2447 2314 2581 2386 igne
2598 2318 3017 2387 consumptum
3040 2321 3166 2372 est:
3187 2321 3476 2374 torrentes
3501 2323 3558 2374 et
3578 2317 3800 2376 humus

2133 2403 2264 2473 ejus
2307 2403 2588 2458 dicuntur
2615 2419 2896 2459 conversa
2923 2420 3053 2460 esse
3082 2403 3143 2459 in
3185 2405 3376 2478 picem
3425 2410 3482 2462 et
3524 2406 3796 2480 sulphur.

2133 2514 2162 2542 «
2192 2491 2261 2546 Et
2289 2491 2400 2546 erit
2427 2495 2580 2546 terra
2603 2493 2734 2564 ejus
2757 2492 2815 2546 in
2847 2491 3036 2564 picem
3064 2493 3390 2563 ardentem,
3416 2498 3586 2550 nocte
3617 2499 3676 2551 et
3710 2496 3800 2554 die

2133 2597 2248 2634 non
2283 2579 2750 2652 exstinguetur.»
2774 2580 2880 2636 Per
2910 2584 3140 2636 noctem
3163 2585 3220 2638 et
3239 2581 3398 2637 diem
3431 2583 3797 2641 continuatio

2131 2668 2416 2740 temporis
2448 2667 2831 2742 intelligenda
2867 2673 2976 2724 est.
3009 2669 3346 2725 Notandum
3395 2675 3616 2739 autem,
3639 2674 3796 2745 quod

2133 2775 2248 2812 non
2282 2757 2410 2812 ideo
2440 2756 2550 2812 hoc
2581 2757 2724 2813 dicit
2756 2761 2820 2813 ut
2851 2757 2952 2814 illa
2982 2762 3140 2814 terra
3163 2775 3400 2831 semper
3428 2760 3665 2816 ardeat:
3693 2761 3794 2818 sed

2133 2851 2370 2919 prepter
2390 2845 2634 2901 nimiam
2662 2845 3103 2902 tribulationem
3122 2847 3484 2914 Judaeorum,
3500 2853 3556 2904 et
3576 2849 3796 2906 desola-

2131 2934 2352 2990 tionem
2384 2933 2546 2990 illius
2576 2940 2764 2990 terrae.
2795 2957 2822 2986 κ
2844 2936 2906 2991 In
2941 2936 3368 3008 sempiternum
3399 2938 3675 2994 ascendet
3705 2939 3794 2993 fu-

2134 3041 2268 3079 mus
2298 3025 2428 3094 eius
2453 3047 2480 3073 »
2505 3025 2613 3079 hoc
2647 3029 2736 3078 cst
2767 3025 3004 3096 signum
3037 3025 3370 3080 exterminii
3398 3031 3457 3082 et
3482 3025 3789 3082 calamita-

2134 3113 2211 3168 tis
2235 3111 2469 3167 illorum
2493 3135 2521 3162 ‹‹
2546 3131 2579 3168 a
2599 3112 2976 3184 generatione
2993 3135 3022 3164 »
3044 3112 3145 3168 illa
3165 3131 3283 3186 qua
3314 3113 3432 3170 hazc
3457 3115 3606 3172 facta
3627 3119 3788 3185 sunt,

2136 3225 2162 3251 α
2189 3202 2248 3256 in
2275 3200 2711 3274 generationem
2736 3223 2764 3250 »
2790 3199 3078 3270 ultimam,
3105 3202 3391 3258 subaudis
3411 3202 3668 3259 vindicta
3687 3204 3788 3260 Dei

363 3269 1216 3368 intelligerelibidinosos.Dies
1233 3269 1609 3366 eninijudieii
1630 3269 2024 3366 superomnes
2053 3269 2098 3336 (ἶ
2136 3269 2556 3362 omnipotentis
2589 3289 2879 3346 habitabit
2899 3269 3078 3362 super
3106 3289 3259 3347 illos.
3280 3315 3308 3342 «
3333 3292 3701 3349 Desolabitur
3730 3293 3789 3347 in

363 3384 752 3450 conditiones,
778 3387 837 3439 et
865 3400 1044 3455 super
1074 3382 1274 3438 omnia
1301 3401 1516 3454 genera
1535 3383 1726 3440 veniet
1755 3401 1932 3456 super
1962 3383 2026 3438 li-

364 3474 538 3530 beros
567 3477 626 3528 et
657 3488 876 3538 servos,
912 3488 1091 3542 super
1135 3488 1301 3543 reges
1353 3472 1763 3544 principesque
1794 3489 1860 3526 ac
1890 3473 2026 3528 sub-

357 3562 571 3634 jectos,
603 3576 780 3630 super
810 3563 1076 3630 potentes
1105 3564 1164 3613 et
1195 3557 1568 3630 impotentes,
1601 3565 1657 3614 et
1687 3579 1863 3630 super
1893 3579 2024 3616 om-

366 3666 474 3706 nes
501 3647 600 3720 qui
633 3647 693 3703 in
743 3664 854 3702 sua
900 3647 1214 3719 iniquitate
1262 3649 1474 3703 mortui
1527 3653 1686 3703 sunt.
1713 3673 1740 3698 ‹‹
1773 3649 2026 3704 Victima

365 3737 524 3794 enim
556 3735 810 3802 Domini,
839 3758 867 3785 »
900 3735 959 3790 id
1015 3740 1125 3808 est,
1157 3736 1436 3792 vindicta.
1463 3760 1488 3786 «
1517 3737 1580 3792 In
1614 3738 1812 3804 Bosra,
1839 3742 1895 3792 et
1943 3737 2028 3792 in-

367 3826 628 3884 terfectio
657 3843 874 3899 magna
897 3826 954 3880 in
989 3833 1142 3881 terra
1183 3827 1387 3880 Edom.
1413 3848 1440 3876 »
1463 3827 1660 3893 Bosra,
1685 3845 1813 3898 quae
1844 3827 2025 3882 inter-

365 3920 634 3990 pretatur
664 3914 895 3970 munita
942 3914 1030 3970 vel
1092 3913 1456 3971 circumdata
1513 3915 1631 3971 sive
1691 3918 2029 3983 ﬁrmata,et

365 4006 572 4073 Edom,
598 4005 698 4078 qui
732 4004 1156 4077 interpretatur
1186 4009 1454 4060 terrenus
1485 4005 1604 4061 sive
1642 4005 2024 4078 sanguineus,

367 4095 664 4168 significat
684 4093 844 4150 hunc
864 4095 1154 4150 mundum
1177 4095 1278 4167 qui
1303 4095 1568 4149 munitus
1590 4100 1679 4150 est
1707 4100 1762 4150 et
1782 4094 2030 4150 cireum-

367 4185 543 4240 datus
573 4182 767 4256 aquis,
792 4183 1081 4240 subaudis
1127 4183 1339 4256 plenus
1383 4183 1672 4257 sanguine
1703 4187 1760 4240 et
1801 4183 2028 4240 malitia

367 4273 702 4330 hominum.

437 4387 464 4412 α
487 4364 557 4418 Et
579 4361 937 4418 descendent
952 4361 1044 4416 »in
1066 4361 1398 4416 infernumu
1415 4361 1728 4418 unicornes
1749 4379 1880 4418 cum
1907 4363 2026 4418 eis»

367 4452 439 4508 de
470 4451 690 4525 quibus
720 4449 994 4522 superius
1025 4449 1250 4504 dictum
1283 4454 1392 4518 est,
1423 4471 1450 4500 ι(
1481 4455 1540 4505 et
1569 4451 1722 4506 tauri
1753 4469 1888 4506 cum
1922 4469 2027 4522 po—

367 4540 652 4596 tentibus.
674 4562 701 4590 »
729 4539 1050 4594 Unicornes
1089 4537 1462 4610 appellantur
1491 4556 1656 4611 reges
1687 4538 1746 4594 in
1779 4540 2028 4612 impera—

2133 3379 2348 3435 saecula
2379 3378 2794 3446 sceculorum,»
2819 3379 2875 3434 id
2907 3383 3018 3444 est,
3052 3380 3111 3434 in
3144 3379 3522 3436 solitudinem
3568 3381 3790 3456 redige-

2132 3474 2231 3526 tur
2260 3485 2448 3541 usque
2493 3469 2551 3523 in
2585 3467 2802 3524 smcula
2848 3467 3220 3524 swculorum.
3246 3493 3273 3519 ‹‹
3308 3469 3434 3524 Non
3485 3469 3596 3524 erit
3641 3470 3730 3526 vir
3761 3491 3788 3520 ι)

2131 3557 2375 3614 Judaeus
2399 3581 2424 3606 α
2453 3557 2748 3612 transiens
2773 3574 2875 3628 per
2895 3574 3084 3612 eam.»
3109 3557 3276 3612 Multi
3299 3557 3540 3630 quidam
3560 3558 3790 3614 Judazo-

2133 3664 2268 3702 rum
2301 3651 2432 3718 post
2485 3644 2644 3701 illam
2676 3645 2949 3701 ultimam
2984 3647 3383 3718 captivitatem
3432 3648 3792 3704 transierunt

2135 3753 2237 3808 per
2267 3752 2420 3806 eam,
2445 3735 2546 3789 sed
2600 3734 2781 3790 libere
2829 3751 2944 3790 non
2980 3734 3136 3790 sicut
3182 3741 3356 3792 antea
3403 3735 3559 3792 soliti
3603 3742 3788 3804 erant,

2136 3841 2324 3897 neque
2354 3830 2556 3897 postea
2587 3824 2666 3880 ibi
2690 3823 3123 3880 habitaverunt.
3148 3825 3478 3882 Posuerunt
3501 3825 3654 3881 enim
3688 3827 3792 3882 Ro-

2136 3914 2296 3970 mani
2327 3913 2538 3986 legem,
2563 3917 2628 3968 ut
2672 3931 2789 3968 non
2837 3913 3244 3986 permitterent
3289 3933 3645 3988 quemquam
3687 3916 3789 3972 Ju-

2135 4004 2396 4059 dzeorum
2433 4002 2640 4058 reverti
2671 4003 2729 4058 in
2765 4007 2979 4058 terram
3014 4003 3336 4060 nativitatis
3367 4023 3507 4061 suae.

2208 4116 2234 4141 ‹‹
2260 4093 2330 4148 Et
2350 4092 2740 4164 possidebunt
2759 4091 2982 4160 illam,»
3006 4093 3313 4162 subaudis,
3335 4097 3550 4150 terram
3569 4093 3793 4150 δυόωσ-

2137 4199 2326 4238 rum.«
2354 4180 2738 4237 Onocrotalus
2767 4185 2826 4236 et
2856 4180 3086 4250 eritius,
3111 4185 3170 4237 et
3202 4181 3342 4250 ibix,
3366 4186 3424 4238 et
3453 4199 3660 4238 corvus
3689 4181 3791 4238 ha-

2137 4270 2415 4326 bitabunt
2446 4270 2504 4324 in'
2537 4285 2624 4325 ea.
2644 4292 2671 4319 »
2694 4269 3080 4326 Onocrotalus
3111 4269 3234 4326 avis
3265 4269 3536 4343 aquatica
3565 4275 3654 4326 est
3683 4269 3791 4325 ini-

2139 4359 2293 4414 mica
2322 4357 2719 4430 serpentibus,
2751 4362 3010 4414 rostrum
3042 4359 3456 4416 acutissimum
3485 4359 3706 4415 habens
3737 4362 3793 4415 et

2136 4449 2566 4521 longum,quas
2589 4447 2733 4502 dicit
2752 4447 3046 4520 Josephus
3069 4465 3103 4503 a
3127 4449 3286 4505 Mose
3307 4449 3532 4505 delatas
3561 4448 3620 4503 in
3643 4447 3792 4505 bello

2139 4543 2342 4594 contra
2368 4536 2684 4609 Ethiopes,
2709 4541 2946 4609 propter
2973 4536 3412 4594 multitudinem
3437 4537 3792 4610 serpentium

367 4633 544 4696 tores,
567 4629 667 4701 qui
704 4625 1114 4684 monarchiam
1160 4627 1344 4682 totius
1393 4628 1596 4682 mundi
1651 4628 1986 4684 habuerunt
2021 4673 2035 4710 ε
2068 4641 2115 4706 ι)
2146 4627 2362 4700 quibus
2394 4625 2614 4698 repleta
2643 4632 2768 4682 erat
2795 4630 2969 4694 terra,
2995 4643 3098 4699 per
3115 4644 3294 4699 quam
3327 4626 3595 4700 progredi
3621 4626 3792 4683 debe-

369 4721 435 4774 ut
467 4717 578 4773 fuit
601 4717 976 4783 Octavianus,
1001 4715 1170 4784 Nera,
1191 4715 1500 4788 caeterique
1522 4716 1908 4788 imperatores
1931 4718 2036 4774 Ro.

368 4822 702 4862 manorum.
730 4805 909 4861 Tauri
933 4809 1219 4860 vocantur
1247 4803 1432 4875 reguli
1458 4821 1471 4858 :
1497 4805 1760 4873 comites,
1785 4810 1843 4860 et
1874 4807 2028 4878 prin-

366 4894 546 4966 cipes.
581 4893 854 4950 Potentes
884 4909 1038 4959 vero,
1071 4891 1245 4948 amici
1277 4897 1334 4947 et
1363 4891 1683 4948 consiliarii
1712 4911 1940 4966 regum,
1974 4899 2032 4950 et

367 4982 596 5038 nobiles
627 4981 868 5054 quique.
895 4981 1081 5053 Reges
1129 4980 1285 5036 enim
1335 4985 1562 5037 terrene
1603 4982 1862 5038 viventes
1893 5000 2029 5039 eum

369 5071 494 5127 suis
517 5069 886 5142 principibus
905 5074 964 5126 et
987 5069 1194 5125 amicis
1211 5069 1302 5125 sui
1329 5069 1626 5126 similibus
1649 5071 1707 5126 in
1729 5071 2028 5128 infernum

369 5159 728 5215 descendent
753 5176 765 5214 :
794 5163 859 5214 ut
889 5159 1044 5216 sicut
1069 5161 1308 5214 fuerunt
1329 5159 1476 5214 uniti
1500 5159 1559 5214 in
1585 5159 1776 5227 malis,
1806 5162 1890 5216 sic
1912 5162 2033 5218 sint

370 5246 671 5318 conjuncti
704 5244 761 5304 in
795 5246 1007 5319 pmnis.
1033 5271 1061 5296 ‹‹
1092 5248 1422 5302 lnebriatur
1453 5251 1626 5316 terra,
1651 5273 1679 5299 ››
1704 5249 1760 5304 id
1795 5254 1903 5316 est,
1935 5250 2032 5305 iu-

370 5333 573 5390 fernus
595 5356 622 5382 ‹‹
657 5335 947 5409 sanguine
979 5354 1240 5404 eorum,»
1266 5336 1323 5390 id
1355 5341 1464 5406 est,
1496 5336 1723 5392 malitia
1751 5339 2030 5409 reprobo-

373 5437 528 5485 rum,
552 5444 578 5469 ‹‹
605 5424 664 5474 et
694 5422 916 5478 humus
943 5446 970 5474 »
997 5423 1105 5479 hoc
1135 5430 1222 5480 est
1253 5425 1594 5480 barathrum
1623 5431 1849 5482 aeterna:
1873 5428 2034 5483 dam-

371 5505 632 5561 nationis
665 5510 1004 5580 replebitur,
1021 5535 1048 5560 «
1071 5513 1299 5585 adipe,»
1322 5513 1378 5568 id
1411 5518 1517 5576 est.
1554 5515 1830 5587 superbia
1851 5541 1876 5564 ‹‹
1903 5517 2031 5588 pin-

373 5593 582 5660 guium
615 5614 642 5640 »
672 5593 1004 5654 hominum.

452 5698 474 5722 -
508 5674 659 5740 Quia
679 5681 802 5738 dies
835 5685 1076 5744 ultionis
1105 5688 1334 5746 Domini
1361 5708 1552 5747 annus
1580 5693 2033 5750 retributionum

2150 4717 2250 4772 bat
2279 4720 2482 4771 contra
2522 4715 2838 4788 Ethiopes.
2869 4715 3149 4772 Ascendit
3193 4716 3351 4772 enim
3400 4733 3576 4788 super
3620 4719 3795 4788 caput

2139 4805 2450 4877 serpentis,
2475 4808 2534 4860 et
2571 4804 2693 4860 ictu
2727 4805 2902 4862 rostri
2936 4805 3210 4861 interﬁcit
3241 4822 3396 4862 eum.
3422 4809 3517 4861 liae
3545 4822 3680 4861 aves
3708 4803 3793 4860 vel

2139 4893 2421 4950 animalia
2443 4893 2822 4951 solitudinem
2841 4899 3130 4968 quaerunt,
3146 4899 3203 4949 et
3222 4899 3355 4966 post
3377 4894 3791 4951 desolationem

2139 4982 2450 5039 hominum
2481 4983 2896 5040 habitaverunt
2941 4983 3021 5039 ibi
3072 4983 3174 5038 ubi
3221 4987 3394 5040 antea
3425 4982 3707 5056 templum
3737 4986 3793 5039 et

2141 5073 2310 5128 sedes
2368 5071 2529 5145 regia
2583 5076 2771 5128 erant.
2797 5095 2824 5122 ‹‹
2861 5073 2934 5127 Et
2961 5072 3308 5128 extendetur
3363 5089 3540 5144 super
3589 5087 3738 5139 eam,
3765 5091 3790 5120 »

2143 5161 2428 5216 subaudis
2459 5165 2699 5228 terram,
2722 5185 2749 5212 «
2777 5179 3110 5230 mensura,»
3137 5161 3196 5217 id
3217 5165 3327 5229 est,
3353 5160 3457 5217 Dei
3486 5160 3788 5225 sententia,

2141 5256 2207 5306 ut
2241 5268 2352 5305 non
2388 5251 2466 5306 sit
2491 5249 2775 5306 habitatio
2797 5250 3137 5307 Judmorum
3166 5249 3271 5316 ibi,
3295 5251 3396 5307 sed
3423 5251 3787 5306 daemonum:

2143 5345 2202 5395 at.
2233 5339 2532 5412 redigatur
2574 5340 2646 5394 ad
2687 5338 2961 5407 nihilum,
2995 5343 3052 5394 et
3091 5337 3574 5412 perpendiculum
3606 5337 3664 5392 in
3696 5338 3791 5393 de-

2144 5429 2488 5486 solationem
2524 5451 2552 5478 »
2585 5429 2872 5484 subaudis
2933 5429 3252 5502 redigatur.
3311 5425 3790 5501 Perpendiculum

2143 5523 2233 5574 est
2253 5535 2368 5590 quo
2405 5516 2761 5572 caementarii
2792 5517 3109 5572 maceriam
3155 5535 3221 5572 ac
3265 5515 3674 5572 rectitudinem
3709 5530 3790 5568 ro-

2145 5608 2389 5674 ducunt,
2413 5611 2471 5662 et
2500 5605 2600 5660 illa
2631 5609 2786 5663 terra
2809 5606 2864 5661 in
2889 5605 3132 5662 arbitrio
3155 5605 3458 5663 sententiae
3485 5603 3584 5660 Dei
3608 5602 3791 5676 posita

2145 5700 2236 5752 est
2264 5695 2324 5751 in
2356 5695 2693 5752 solitudine.
