3944 6446
289 341 396 395 223

1362 341 1720 399 ANGELOMI
1754 336 2219 395 LUXOVIENSIS
2263 337 2608 397 MONACHI.

3614 339 3728 396 224

291 465 380 517 tes
407 464 462 518 et
495 464 680 519 Deum
709 463 1068 521 videbamur
1094 480 1382 536 quaerere,
1420 470 1478 522 et
1527 463 1816 522 saeculum
1862 465 1940 518 te-
1979 471 2026 526 Α
2055 460 2373 518 aediﬁcavit
2413 463 2821 534 tabernacula,
2866 462 3000 518 ideo
3050 461 3284 518 vocavit
3328 477 3554 519 nomen
3628 481 3704 521 oc

292 565 455 618 nere,
486 556 623 623 post
650 553 1015 622 agnitionem
1049 555 1359 610 suavitatis
1383 555 1482 612 Dei
1512 570 1671 610 unus
1687 553 1748 608 in
1769 551 1944 608 nobis
2051 549 2207 606 illius
2228 553 2661 609 Tabernacula.
2686 552 2791 608 Ubi
2818 567 2928 607 nos
2950 551 3367 608 Tabernacula
3388 553 3726 616 habemus,

293 655 401 712 pes
432 655 619 696 sanus
647 646 916 698 remanet
943 647 1122 715 atque
1149 643 1300 700 alius
1332 644 1647 700 claudicat.
1673 642 1824 709 Quia
1849 655 1947 696 ne-

293 744 461 784 cesse
490 732 577 786 est
604 733 668 786 ut
695 730 1023 788 debilitatio
1049 748 1254 789 amore
1285 733 1486 789 saeculi
1504 732 1666 790 solus
1689 731 1752 787 in
1771 729 1946 786 nobis

295 833 466 874 amor
492 818 876 876 convalescat
904 821 1024 877 Dei.
1056 821 1113 878 Si
1132 822 1292 878 enim
1321 826 1594 878 tenemus
1639 819 1947 892 angelum,

293 922 416 962 uno
440 906 852 965 claudicamus
881 909 1035 982 pede
1069 928 1082 979 ;
1114 911 1260 983 quia
1289 910 1437 967 dum
1460 909 1670 967 crescit
1696 909 1758 964 in
1773 907 1950 964 nobis

293 993 573 1051 fortitudo
598 996 822 1053 amoris
862 996 1075 1067 intimi,
1129 998 1468 1056 inﬁrmatur
1500 998 1710 1072 procul
1764 997 1952 1052 dubio

292 1082 574 1139 fortitudo
605 1084 827 1141 carnis.
856 1087 1063 1142 Omnis
1091 1087 1318 1161 quippe
1343 1089 1449 1161 qui
1478 1103 1602 1143 uno
1618 1085 1771 1151 pede
1793 1084 1952 1141 clau-

294 1171 471 1241 dicat,
504 1173 612 1230 soli
637 1173 719 1230 illi
747 1174 886 1247 pedi
915 1175 1183 1232 innititur
1230 1193 1417 1250 quem
1472 1193 1688 1234 sanum
1747 1175 1949 1242 habet,

293 1261 438 1334 quia
460 1262 557 1318 hic
582 1263 679 1319 cui
702 1263 1066 1321 desiderium
1089 1270 1392 1324 terrenum
1435 1268 1565 1339 jam
1623 1265 1952 1322 arefactum

294 1351 488 1419 fuerit,
520 1351 582 1407 in
609 1351 736 1408 solo
766 1352 920 1424 pede
954 1355 1178 1410 amoris
1206 1356 1309 1413 Dei
1339 1360 1462 1414 tota
1493 1356 1705 1412 virtute
1734 1370 1797 1410 se
1827 1369 1953 1408 sus-

297 1439 461 1495 tinet.
497 1442 563 1495 Et
583 1439 642 1496 in
672 1440 806 1513 ipso
829 1445 961 1510 stat,
994 1443 1139 1516 quia
1183 1445 1400 1518 pedem
1452 1444 1675 1502 amoris
1728 1441 1949 1507 saeculi,

295 1543 481 1600 quem
506 1544 730 1600 ponere
759 1530 821 1586 in
877 1535 1033 1588 terra
1084 1538 1495 1604 consueverat,
1545 1534 1676 1604 jam
1725 1547 1762 1588 a
1799 1536 1956 1587 terra

299 1632 665 1689 suspensum
696 1623 911 1691 portat.
958 1624 1025 1677 Et
1054 1637 1164 1678 nos
1216 1638 1380 1692 ergo,
1436 1623 1484 1678 si
1541 1622 1619 1678 ad
1671 1624 1952 1693 parentes

298 1707 594 1778 proprios,
627 1707 688 1762 id
715 1713 805 1764 est
825 1709 901 1764 ad
934 1711 1224 1782 spiritales
1253 1717 1476 1784 patres,
1535 1711 1821 1777 redimus,
1865 1713 1951 1764 te-

2053 639 2114 694 in
2143 640 2388 696 Hebraeo
2412 641 2626 711 legitur
2643 641 2948 698 Sotheoth.
2979 642 3077 696 Est
3101 644 3302 696 autem
3323 657 3518 714 usque
3541 643 3728 699 hodie

2056 728 2263 786 ciVitas
2289 734 2452 787 trans
2481 731 2808 787 Jordanem
2837 731 2953 786 hoc
2990 729 3291 787 vocabulo
3337 730 3487 788 inter
3515 737 3725 805 partes

2059 818 2512 892 ScythOpoleos.

2129 909 2294 963 Vens.
2327 909 2408 964 18.
2437 940 2508 950 —-
2541 909 2960 980 Transivitque
2986 909 3047 964 in
3081 910 3305 981 Salem,
3337 910 3543 967 urbem
3575 911 3731 968 Sici-

2059 1014 2308 1064 morum,
2342 1014 2471 1070 qua?
2490 1004 2573 1055 est
2603 1000 2664 1054 in
2689 1004 2854 1055 terra
2879 999 3198 1062 Chanaan,
3235 1003 3291 1054 et
3334 999 3586 1072 reliqua.
3623 1005 3731 1057 Er-

2057 1103 2156 1142 ror
2181 1086 2484 1143 oboritur:
2526 1087 2836 1160 quomodo
2887 1087 3082 1145 Salem
3121 1089 3328 1144 civitas
3360 1090 3729 1163 appellatur,

2060 1191 2198 1230 cum
2238 1174 2631 1245 Hierusalem,
2665 1175 2726 1231 in
2781 1191 2905 1248 qua
2956 1177 3226 1245 regnavit
3273 1177 3728 1240 Melchisedech,

2059 1262 2252 1318 Salem
2307 1267 2443 1319 ante
2496 1264 2570 1320 sit
2611 1263 2817 1320 dicta?
2855 1268 2970 1319 Aut
3011 1264 3190 1334 igitur
3238 1265 3416 1321 unius
3460 1265 3732 1322 nominis

2060 1352 2202 1408 urbs
2235 1356 2486 1425 utraque
2515 1359 2620 1420 est,
2653 1353 2817 1426 quod
2845 1354 3025 1409 etiam
3065 1353 3139 1408 de
3171 1353 3445 1426 pluribus
3497 1354 3732 1410 Judaeaa

2058 1441 2203 1497 locis
2232 1457 2560 1514 possumus
2587 1441 2872 1505 invenire,
2908 1447 2972 1497 ut
3000 1440 3161 1497 idem
3193 1441 3358 1497 urbis
3385 1447 3442 1497 et
3471 1442 3586 1499 loci
3624 1459 3734 1498 no-

2064 1545 2200 1585 men
2226 1529 2286 1584 in
2317 1529 2436 1586 alia
2461 1535 2641 1602 atque
2663 1529 2780 1585 alia
2806 1529 2983 1596 tribu,
3016 1531 3097 1585 ita
3123 1534 3189 1586 ut
3214 1535 3318 1585 aut
3346 1535 3503 1586 certe
3549 1531 3734 1587 istam

2059 1618 2275 1687 Salem,
2308 1635 2444 1691 quae
2490 1634 2652 1674 nunc
2700 1633 2810 1690 pro
2865 1618 3126 1674 Sichima
3176 1618 3545 1685 nominatur,
3579 1619 3736 1675 dici-

2062 1724 2200 1762 mus
2232 1707 2326 1763 hic
2351 1707 2722 1780 interpretari
2753 1714 3245 1772 consummatam,
3275 1712 3455 1780 atque
3493 1710 3736 1778 perfec-

297 1809 552 1851 neamus
575 1797 636 1851 in
660 1796 756 1853 via
777 1799 1080 1868 angelum,
1113 1805 1176 1856 ut
1198 1801 1486 1857 suavitate
1511 1801 1721 1856 intima
1742 1815 1952 1872 appre-
1995 1825 2038 1878 Β
2066 1803 2230 1866 tam;
2280 1801 2337 1851 et
2391 1796 2553 1852 illam
2597 1812 2734 1869 quae
2781 1801 2991 1868 postea
3040 1796 3403 1853 Hierusalem
3442 1797 3600 1853 dicta
3647 1803 3740 1853 est

297 1883 637 1940 hendamus
668 1889 872 1942 Deum.
895 1889 1380 1962 Contemplativae
1397 1889 1614 1945 etenim
1632 1889 1765 1944 vitae
1789 1903 1951 1943 ama-

297 1970 434 2027 bilis
454 1971 625 2029 valde
679 1973 934 2032 dulcedo
980 1983 1086 2045 est,
1133 1995 1271 2051 qum
1329 1995 1512 2052 super
1560 1978 1952 2050 semetipsum

299 2060 567 2116 animum
596 2063 768 2134 rapit,
802 2065 1066 2122 cwlestia
1092 2067 1301 2138 aperit,
1335 2072 1568 2124 terrena
1615 2072 1816 2123 autem
1847 2065 1952 2121 de-

295 2147 438 2204 bere
475 2165 606 2205 esse
646 2155 1014 2226 contemptui
1065 2155 1340 2224 ostendit,
1393 2155 1679 2229 spiritalia
1736 2154 1952 2210 mentis

296 2236 484 2292 oculis
502 2239 800 2310 patefacit,
833 2243 1165 2315 corporalia
1191 2244 1526 2300 abscondit.
1589 2243 1752 2300 Unde
1799 2242 1953 2298 bene

298 2325 556 2382 Ecclesia
569 2327 628 2384 in
643 2331 897 2386 Canticis
919 2332 1288 2388 canticorum
1305 2333 1472 2390 dicit:
1493 2334 1619 2404 Ego
1632 2333 1883 2398 dormio,
1899 2337 1953 2387 et

298 2431 402 2471 cor
418 2431 611 2473 meum
624 2420 832 2489 vigilat
861 2421 1058 2491 (Cant.
1073 2438 1130 2493 v,
1149 2424 1224 2494 2).
1247 2423 1520 2492 Vigilanti
1535 2421 1756 2479 etenim
1774 2421 1953 2477 corde

296 2503 535 2576 dormit,
549 2507 652 2578 qui
664 2524 771 2580 per
781 2509 897 2564 hoc
907 2509 1074 2581 quod
1085 2510 1330 2566 interius
1341 2509 1809 2583 contemplando
1821 2524 1955 2582 pro-

296 2591 438 2663 ﬁcit,
471 2594 829 2668 abinquieto
844 2598 986 2653 foris
1002 2615 1182 2671 opere
1199 2599 1469 2672 quiescit.
1505 2600 1780 2670 Sequitur
1813 2616 1825 2654 :

879 2689 1107 2742 CAPUT
1145 2691 1365 2743 XXXIII.

368 2773 535 2827 Vens.
571 2777 685 2829 1-9.
710 2805 778 2814 -
791 2775 1118 2845 Divisitque
1130 2777 1310 2832 Jacob
1329 2777 1486 2845 ﬁlios
1503 2777 1626 2832 Liae
1641 2781 1694 2832 et
1709 2777 1953 2842 Rachel,

297 2857 728 2931 ambarumque
751 2862 1150 2930 famularum,
1183 2869 1237 2920 et
1262 2866 1464 2934 posuit
1503 2872 1819 2934 utramque
1847 2880 1955 2920 an-

301 2946 506 3002 cillam
528 2953 583 3002 et
616 2948 827 3004 liberos
854 2965 1058 3006 earum
1079 2953 1141 3007 in
1167 2953 1464 3022 principio
1488 2971 1502 3021 ;
1540 2954 1706 3008 Liam
1739 2968 1875 3008 vero
1903 2959 1958 3008 et

298 3035 456 3104 ﬁlios
487 3037 614 3105 ejus
638 3037 700 3093 in
723 3040 980 3095 secundo
1013 3042 1176 3110 loco;
1203 3042 1426 3099 Rachel
1439 3048 1639 3099 autem
1661 3048 1715 3099 et
1739 3042 1957 3111 Joseph

302 3125 667 3183 novissimos.
693 3127 772 3183 Et
799 3129 921 3198 ipse
933 3132 1322 3200 progrediens
1343 3131 1622 3188 adoravit
1640 3147 1873 3201 pronus
1894 3132 1955 3185 in.

304 3219 550 3284 terram,
581 3221 638 3271 et
656 3215 903 3287 reliqua.
934 3221 1080 3284 Non,
1114 3224 1179 3275 ut
1197 3219 1466 3292 plerique
1499 3219 1816 3286 aastimant,
1843 3224 1957 3274 tres

303 3307 532 3359 turmas
549 3303 702 3366 fecit,
723 3304 830 3359 sed
845 3305 1017 3362 duas.
1041 3307 1302 3381 Denique
1327 3307 1432 3364 ubi
1485 3323 1598 3365 nos
1636 3307 1955 3375 habemus,

302 3389 522 3457 divisit,
539 3391 750 3463 Aquila
761 3395 976 3466 posuit,
991 3397 1329 3453 dimidiavit
1349 3414 1363 3465 ;
1394 3401 1459 3454 ut
1472 3413 1662 3453 unum
1697 3412 1956 3453 cuneum

305 3479 523 3536 faceret
547 3481 900 3539 ancillarum
924 3501 1061 3541 cum
1086 3485 1353 3558 parvulis
1382 3487 1530 3554 suis;
1557 3490 1615 3542 et
1634 3486 1820 3543 alium
1843 3487 1957 3541 Liaa

304 3574 361 3625 et
388 3569 626 3636 Rachel,
649 3587 784 3644 quae
814 3572 1012 3628 liberae
1034 3579 1204 3631 erant
1227 3590 1367 3630 cum
1394 3574 1530 3630 ﬁliis
1561 3591 1769 3630 earum
1799 3594 1812 3642 ;
1837 3576 1958 3647 pri-

305 3673 562 3738 masque
584 3659 665 3716 ire
691 3659 912 3717 faceret
940 3662 1213 3732 ancillas,
1237 3663 1533 3720 secundas
1557 3663 1800 3731 liberas,
1831 3664 1958 3736 ipse

306 3753 508 3803 autem
529 3753 666 3805 ante
691 3754 1012 3823 utrumque
1031 3765 1294 3820 gregem,
1324 3751 1566 3808 fratrem
1596 3753 1956 3809 adoraturus

302 3843 655 3894 occurreret.

373 3929 545 3985 Vens.
584 3929 761 3985 10-16.
793 3960 862 3970 —
889 3931 1178 4002 Dixitque
1204 3931 1390 3987 Jacob
1439 3948 1452 3986 :
1513 3931 1616 3987 Sic
1651 3931 1807 3986 enim
1840 3931 1963 3986 vidi

299 4016 517 4086 faciem
549 4023 733 4081 tuam,
761 4021 937 4088 quasi
965 4020 1222 4076 viderem
1253 4021 1483 4076 vultum
1506 4020 1634 4088 Dei,
1661 4019 1961 4091 etreliqua

301 4119 494 4174 usque
520 4107 820 4172 pracedat
851 4109 1137 4163 Dominus
1165 4123 1329 4163 meus
1359 4113 1501 4164 ante
1513 4122 1745 4164 servum
1763 4124 1956 4173 suum,

302 4197 358 4248 et
386 4207 491 4262 ego
521 4208 737 4265 sequar
751 4197 1053 4263 paulatim
1083 4197 1332 4266 vestigia
1363 4200 1511 4266 ejus.
1536 4195 1688 4262 Quid
1705 4196 1960 4252 sibivult

303 4281 469 4354 quod
496 4282 681 4338 Jacob
711 4283 793 4338 ait
816 4283 980 4340 fratri
1011 4301 1120 4341 suo
1145 4302 1158 4340 :
1199 4285 1332 4341 Vidi
1351 4287 1573 4356 faciem
1597 4291 1759 4342 tuam
1788 4288 1966 4358 quasi

305 4369 560 4426 viderem
583 4371 803 4440 faciem
823 4373 931 4428 Dei
952 4377 980 4428 ?
1003 4376 1207 4429 Utrum
1232 4374 1506 4446 paventis
1535 4378 1593 4430 et
1629 4374 1960 4446 perturbati

305 4458 489 4514 animi
511 4459 694 4516 verba
721 4477 912 4534 usque
941 4462 1002 4517 in
1031 4463 1187 4518 hanc
1208 4462 1618 4520 adulationem
1673 4479 1961 4535 prorupe-

302 4548 488 4604 runt?
519 4551 651 4604 Haec
670 4549 856 4606 verba
883 4550 1143 4608 fraterna
1175 4556 1316 4607 sunt
1344 4555 1401 4608 et
1432 4551 1698 4621 benigno
1755 4552 1959 4608 animo

299 4635 478 4694 dicta.
514 4638 809 4704 Quoniam
839 4644 975 4712 post
1000 4639 1329 4709 benignam
1361 4641 1806 4713 susceptionem
1833 4657 1958 4696 me-

304 4728 397 4780 tus
423 4726 550 4800 ipse
580 4729 911 4786 transierat.
947 4732 1011 4786 Et
1039 4729 1308 4785 fortassis
1337 4731 1448 4786 Dei
1486 4745 1731 4800 nomen,
1765 4734 1822 4786 et
1857 4747 1960 4786 an-

304 4815 593 4884 gelorum,
620 4817 709 4873 vel
730 4818 993 4891 aliquem
1023 4823 1300 4874 sanctum
1325 4818 1440 4874 hoc
1467 4818 1602 4874 loco
1633 4818 1956 4888 intelligere

301 4903 616 4972 debemus,
645 4907 980 4963 secundum
1015 4907 1389 4980 Apostolum,
1420 4906 1525 4979 qui
1555 4907 1701 4963 dixit
1757 4927 1770 4963 :
1827 4909 1961 4964 Etsi

301 4999 440 5048 sunt
467 4995 574 5063 qui
599 4996 887 5052 dicuntur
913 4997 1002 5052 dii
1021 4998 1143 5052 sive
1169 4997 1234 5050 in
1277 4997 1443 5062 caelo,
1498 4997 1619 5052 sive
1661 5012 1722 5051 in
1773 5003 1955 5059 terra,

303 5083 794 5150 quemadmodum
824 5091 964 5140 sunt
995 5085 1082 5140 dii
1108 5084 1289 5140 multi
1313 5091 1366 5140 et
1411 5084 1637 5140 domini
1689 5088 1865 5143 multi
1905 5088 1966 5157 (Ι

304 5169 442 5225 Cor.
459 5185 575 5237 vm,
609 5172 684 5242 5).

376 5259 693 5323 Quomodo
721 5260 997 5333 promisit
1020 5260 1203 5316 Jacob
1233 5261 1398 5317 fratri
1425 5279 1536 5319 suo
1563 5267 1627 5320 ut
1679 5281 1959 5338 sequere-

305 5353 398 5403 tur
422 5350 675 5420 vestigia
706 5351 858 5420 ejus,
886 5367 1024 5406 cum
1055 5350 1174 5407 alio
1204 5351 1408 5408 itinere
1449 5354 1760 5410 tenderet?
1793 5359 1959 5412 Forte

305 5435 384 5492 ad
411 5437 624 5495 horam
651 5438 1036 5510 sequebatur,
1051 5439 1147 5496 vel
1166 5441 1362 5514 primo
1383 5444 1579 5499 veraci
1597 5444 1802 5500 animo
1824 5460 1959 5516 pro-

303 5525 568 5596 miserat,
599 5526 706 5582 sed
735 5526 898 5583 aliud
921 5533 1126 5600 postea
1157 5531 1474 5600 cogitando
1503 5532 1740 5603 delegit.

375 5615 546 5670 Vens.
585 5615 666 5670 17.
691 5647 759 5656 —
779 5617 859 5672 Et
875 5619 1054 5674 Jacob
1076 5622 1232 5675 venit
1251 5622 1314 5675 in
1329 5622 1571 5691 Socoth,
1585 5628 1640 5677 et
1663 5623 1960 5690 aediﬁcata

305 5703 498 5772 domo,
529 5710 581 5760 et
611 5707 750 5774 ﬁxis
765 5708 1049 5776 tentoriis,
1069 5711 1400 5778 appellavit
1425 5726 1640 5766 nomen
1665 5712 1780 5766 loci
1794 5712 1958 5766 illius

302 5791 609 5867 Socoth,id
617 5800 701 5853 est
719 5795 1150 5856 Tabernacula.
1167 5798 1318 5864 Quia
1329 5797 1490 5855 enim
1500 5798 1819 5871 pecoribus
1832 5798 1958 5856 suis

2058 1887 2316 1954 paci/ica
2388 1890 2592 1940 nostro
2649 1900 2924 1940 sermone
2994 1885 3334 1940 transferre.
3400 1889 3738 1957 Utrumque

2061 1974 2222 2029 enim
2249 1978 2499 2030 accentu
2529 1973 2740 2045 [Petr.,
2771 1974 3043 2046 acceptu]
3075 1973 3392 2046 paululum
3429 1973 3737 2030 declinato

2060 2064 2175 2119 hoc
2207 2063 2570 2119 vocabulum
2603 2068 2796 2119 sonat.
2839 2063 3092 2119 I‘radunt
3119 2063 3348 2119 Hebraei
3373 2063 3544 2136 quod
3572 2064 3737 2119 clau-

2061 2152 2314 2208 dicantis
2343 2153 2538 2207 femur
2575 2152 2762 2208 Jacob
2807 2152 2887 2207 ibi
2938 2151 3308 2208 convaluerit
3353 2157 3411 2208 et
3445 2158 3738 2208 sanatum

2061 2242 2152 2310 sit,
2188 2246 2500 2314 propterea
2531 2241 2812 2297 eamdem
2844 2241 3144 2298 civitatem
3171 2241 3360 2297 curati
3389 2246 3572 2314 atque
3601 2257 3744 2314 per-

2063 2329 2196 2387 fecti
2226 2330 2591 2387 vocabulum
2616 2336 3022 2386 consecutam.

2651 2455 2884 2512 CAPUT
2909 2457 3130 2511 XXXIV.

2136 2583 2304 2636 Vens.
2338 2579 2444 2635 1-4.
2465 2582 2813 2651 —Egressa
2842 2586 2925 2636 est
2959 2581 3116 2635 Dina
3164 2585 3232 2634 ut
3261 2579 3487 2636 videret
3525 2581 3740 2637 mulie-

2063 2684 2155 2724 res
2205 2669 2462 2737 regionis
2535 2669 2784 2737 illius,et
2840 2667 3068 2740 reliqua
3134 2683 3330 2739 usque
3388 2669 3742 2740 tristemque

2068 2757 2376 2812 blanditiis
2444 2757 2737 2812 delinivit.
2806 2756 2953 2811 Dina
3029 2755 3253 2828 quippe
3307 2759 3374 2811 ut
3453 2755 3740 2811 mulieres

2067 2847 2267 2901 videat
2291 2850 2584 2901 extraneae
2623 2845 2884 2914 regionis
2933 2845 3253 2914 egreditur,
3283 2845 3533 2917 quando
3578 2861 3737 2900 una-

2066 2950 2323 3007 quaeque
2351 2950 2539 2996 mens,
2575 2950 2685 2989 sua
2717 2933 2914 2989 studia
2951 2933 3247 3003 ngligens,
3276 2933 3542 2990 actiones
3589 2933 3739 2989 alie-

2067 3039 2176 3078 nas
2215 3038 2454 3088 curans,
2483 3027 2649 3078 extra
2700 3021 2973 3078 habitum
3019 3025 3201 3094 atque
3241 3025 3408 3077 extra
3456 3021 3739 3077 ordinem

2067 3111 2329 3184 positum
2356 3116 2659 3182 evagatur.
2683 3113 2876 3177 Quam
2891 3109 3125 3166 Sichem
3145 3111 3427 3184 princeps
3443 3115 3613 3166 terra:
3633 3126 3741 3182 op-

2070 3199 2288 3271 primit,
2313 3199 2455 3271 quia
2493 3197 2761 3254 videlicet
2803 3197 3106 3254 inveutam
3145 3198 3206 3254 in
3239 3199 3396 3254 curis
3432 3197 3740 3254 exteriori-

2067 3287 2182 3341 bus
2211 3286 2488 3342 diabolus
2511 3287 2857 3360 corrumpit.
2891 3288 2968 3342 Et
3001 3289 3390 3358 agglutinata
3417 3295 3498 3344 est
3525 3289 3740 3344 anima

2067 3377 2195 3444 ejus
2217 3392 2350 3431 cum
2383 3391 2471 3443 ea,
2503 3375 2648 3447 quia
2677 3376 2909 3431 unitam
2940 3375 3051 3431 sibi
3080 3392 3188 3449 per
3215 3376 3593 3450 iniquitatem
3613 3391 3740 3431 res-

2064 3463 2224 3536 picit,
2267 3467 2325 3520 et
2383 3465 2529 3538 quia
2585 3481 2726 3519 cum
2757 3480 2928 3520 mens
2981 3480 3018 3521 a
3079 3465 3257 3537 culpa
3302 3464 3614 3538 resipiscit,
3647 3467 3738 3519 at-

2068 3569 2185 3624 quc
2243 3553 2578 3610 admissum
2636 3554 2776 3610 ﬂere
2816 3558 3088 3622 conatur,
3142 3559 3455 3627 corruptor
3529 3559 3738 3609 autem

2069 3659 2207 3714 spes
2234 3659 2303 3698 ac
2333 3643 2676 3699 securitates
2696 3658 2923 3698 vacuas
2945 3647 3082 3700 ante
3122 3643 3330 3700 oculos
3356 3647 3554 3710 vocat,
3587 3658 3738 3715 qua-

2068 3736 2239 3787 tenus
2263 3732 2572 3788 utilitatem
2607 3733 2850 3788 tristitiae
2897 3733 3232 3799 subtrahat,
3265 3738 3420 3789 recte
3459 3732 3580 3787 illic
3624 3731 3736 3787 ad-

2062 3821 2352 3892 jungitur,
2379 3823 2722 3893 tristemque
2734 3822 3042 3878 blanditiis
3063 3822 3358 3878 delinivit.
3382 3821 3553 3879 Modo
3570 3822 3734 3876 enim

2066 3907 2321 3964 aliorum
2351 3908 2507 3964 facta
2534 3910 2830 3978 graviora,
2862 3909 3046 3965 modo
3073 3909 3220 3964 nihil
3249 3925 3378 3965 esse
3409 3908 3576 3981 quod
3597 3925 3736 3981 per-

2066 4002 2367 4069 petratum
2399 4003 2502 4065 est,
2533 3998 2714 4054 modo
2735 3998 3183 4054 misericordem
3215 3999 3405 4053 Deum
3434 3997 3734 4070 loquitur;

2067 4086 2252 4141 modo
2283 4087 2481 4142 adhuc
2511 4092 2749 4158 tempus
2782 4087 3161 4159 subsequens
3201 4086 3280 4142 ad
3323 4085 3736 4157 paenitentiam

2068 4175 2394 4248 pollicetur,
2430 4181 2495 4231 ut
2519 4175 2667 4232 dum
2699 4191 2806 4248 per
2834 4176 2961 4231 haec
2983 4176 3234 4248 decepta
3272 4191 3445 4231 mens
3473 4175 3736 4245 ducitur,

2069 4263 2145 4318 ab
2171 4264 2494 4320 intentione
2522 4265 2883 4337 paenitentiae
2931 4265 3372 4337 suspendatur:
3432 4269 3737 4336 quatenus

2072 4361 2210 4408 tunc
2233 4353 2395 4410 bona
2424 4354 2588 4410 nulla
2617 4354 2922 4427 percipiat,
2957 4370 3144 4426 quam
3169 4369 3330 4410 nunc
3369 4353 3536 4408 mala
3566 4353 3735 4407 nulla

2073 4443 2452 4499 contristant:
2505 4448 2562 4500 et
2589 4449 2731 4500 tunc
2768 4443 3005 4516 plenius
3054 4444 3346 4500 obruatur
3399 4441 3731 4515 suppliciis,

2002 4523 2044 4576 ι)
2071 4549 2206 4605 quae
2237 4548 2400 4590 nunc
2428 4535 2695 4604 gaudent
2723 4533 2903 4591 etiam
2927 4534 2988 4589 in
3017 4533 3267 4590 delictis.

2141 4645 2304 4698 Vens.
2339 4649 2390 4698 7.
2425 4673 2494 4684 --
2525 4642 2746 4698 Deinde
2785 4642 3053 4714 sequitur
3096 4640 3408 4713 quomodo
3455 4639 3580 4694 duo
3627 4639 3733 4694 filii

2065 4733 2270 4799 Jacob,
2301 4734 2540 4790 Simeon
2578 4738 2636 4789 et
2665 4732 2820 4797 Levi,
2853 4735 3098 4788 Emmor
3127 4737 3185 4788 et
3225 4732 3460 4787 Sichem
3509 4730 3734 4803 pariter

2065 4822 2502 4892 interfecerunt,
2534 4826 2591 4878 et
2618 4821 2866 4894 reliqua.

2138 4927 2454 4992 Quomodo
2483 4926 2605 4983 duo
2644 4926 2748 4982 ﬁlii
2776 4925 2958 4983 Jacob
2998 4931 3224 4982 tantam
3269 4925 3497 4981 caedem
3538 4931 3595 4980 et
3634 4925 3734 4981 de-

2064 5017 2488 5088 praacationem
2517 5032 2623 5088 per
2667 5032 2731 5070 se
2760 5016 2820 5070 in
2864 5020 3021 5071 terra
3065 5015 3259 5071 aliena
3297 5015 3489 5070 facere
3518 5021 3732 5086 potue-

2065 5107 2244 5160 runt?
2275 5106 2576 5161 Multitudo
2610 5106 2772 5161 enim
2800 5121 2922 5160 non
2956 5121 3145 5177 parva
3186 5109 3311 5160 erat
3357 5120 3493 5158 cum
3520 5103 3730 5170 Jacob,

2065 5195 2166 5268 qui
2189 5196 2515 5268 plurimum
2543 5195 2764 5251 ditatus
2797 5195 2924 5250 fuit.
2958 5194 3069 5249 Sed
3097 5193 3199 5249 ﬁlii
3241 5195 3368 5264 ejus
3400 5194 3458 5249 in
3505 5193 3621 5248 hoc
3653 5193 3733 5248 fa-

2067 5290 2160 5340 cto
2191 5285 2597 5351 nominantur,
2622 5285 2764 5356 quia
2791 5283 3062 5355 ejusdem
3084 5281 3220 5338 facti
3235 5283 3535 5355 principes
3549 5287 3732 5354 atque

2067 5379 2342 5429 auctores
2374 5372 2632 5428 fuerunt.

2664 5495 2898 5551 CAPUT
2927 5496 3150 5550 XXXV.

2137 5624 2300 5677 Vens.
2320 5625 2467 5678 1-29.
2491 5653 2537 5662 -
2579 5623 2742 5676 Dixit
2767 5621 2954 5677 Jacob
2976 5637 2998 5677 .·
3021 5621 3283 5689 Abjicite
3307 5619 3442 5674 deos
3474 5619 3727 5685 alienos,

2065 5713 2173 5783 qui
2185 5714 2247 5766 in
2268 5711 2458 5767 medio
2476 5713 2658 5767 vestri
2671 5713 2911 5766 sunt.Et
2929 5711 3218 5766 dederunt
3241 5711 3295 5767 ei
3307 5715 3510 5778 postca
3529 5724 3730 5763 omnes

2068 5800 2205 5856 deos
2230 5801 2455 5858 alienos
2486 5816 2630 5872 quos
2671 5799 2989 5871 habebant,
3023 5805 3075 5856 et
3106 5800 3350 5856 inaures
3397 5812 3532 5870 quos
3552 5803 3730 5854 erant
