3960 6368
186 455 311 516 897

1253 453 1658 518 COMMENT.
1708 456 1779 517 ΙΝ
1828 452 2117 517 ΙΞᾹΙΛΜ.
2168 492 2242 502 »-
2285 457 2433 519 LIB.
2481 457 2557 520 Il.

3493 462 3611 525 898

192 588 323 663 agri
355 587 617 655 fullonis,
652 611 680 639 »
713 587 823 644 hoc
856 592 964 655 est,
1000 588 1098 644 ubi
1134 589 1274 645 fullo
1307 590 1597 646 manebat.
1621 591 1851 645 Piscina
1880 591 1927 657 Α
1964 589 2185 645 daica.«
2224 590 2612 663 intelligimus
2642 591 2797 647 enim
2824 614 2850 642 »
2884 609 3015 648 eam
3050 592 3360 650 Hmbraice.
3388 594 3611 668 Loque-

194 676 466 749 superior
493 676 729 743 dicitur,
761 677 900 750 quia
929 682 1053 733 erat
1079 678 1157 732 ibi
1191 682 1247 733 et
1276 677 1391 733 alia
1422 680 1677 734 inferior.

271 767 377 820 «Et
406 782 681 839 egressus
710 771 800 821 est
830 767 903 822 ad
934 784 1070 822 eum
1103 766 1386 821 Eliaehim
1410 768 1507 839 qui
1531 773 1654 822 erat
1676 785 1853 840 super

195 856 441 911 domum
474 854 730 921 Domini,
770 879 793 903 ι)
827 856 935 911 hoc
967 861 1075 923 est,
1110 874 1383 911 summus
1427 858 1702 929 pontifex.
1738 860 1851 913 Iste

196 950 290 999 est
317 942 601 999 Eliachim
625 945 723 1017 qui
749 946 1034 1001 successit
1054 951 1186 1019 post
1209 947 1694 1019 superbissimum
1716 948 1853 1002 Sob-

196 1049 337 1087 nam
362 1033 420 1087 in
445 1033 754 1088 sacerdotii
787 1034 1243 1105 dignitatennde
1266 1054 1380 1107 quo
1413 1036 1682 1107 superius
1708 1034 1854 1089 dixit

196 1120 513 1176 Dominus:
530 1122 674 1176 Ecce
695 1138 801 1194 ego
826 1124 1041 1178 vocabo
1064 1122 1346 1178 Eliaehim
1374 1142 1606 1178 servum
1630 1140 1852 1191 meum,

198 1215 257 1265 et
288 1209 398 1265 erit
429 1210 573 1265 mihi
607 1212 666 1266 in
698 1213 1056 1267 sacerdotem
1089 1212 1420 1285 (Sup.xxn).
1454 1215 1737 1284 Egressus
1768 1218 1857 1268 est

198 1299 379 1355 etiam
407 1322 437 1349 ‹‹
471 1304 528 1355 et
554 1300 749 1355 Sobna
774 1301 1026 1368 scriba,»
1061 1301 1117 1355 id
1142 1306 1250 1369 est,
1280 1303 1853 1374 grammaticus.Non

198 1388 485 1444 debemus
516 1393 721 1462 putare
752 1390 907 1462 quod
947 1389 1056 1445 iste
1105 1389 1182 1446 sit
1232 1391 1428 1446 Sobna
1458 1391 1550 1446 cui
1584 1392 1855 1464 superius

198 1476 425 1532 dictum
445 1482 535 1533 est
554 1494 588 1532 a
607 1477 927 1550 propheta:
952 1478 1098 1547 Quid
1124 1484 1183 1535 tu
1217 1479 1332 1547 hic,
1365 1484 1467 1536 aut
1506 1480 1675 1552 quasi
1722 1481 1856 1551 quis

198 1564 335 1621 hic?
365 1566 650 1639 Egressus
672 1572 761 1622 est
784 1592 810 1616 ‹‹
836 1571 892 1622 et
910 1567 1013 1623 Joe
1036 1568 1192 1623 ﬁlius
1213 1569 1409 1642 Asaph
1434 1587 1468 1624 a
1497 1576 1858 1625 commenta-

201 1653 329 1709 riis.
367 1678 394 1705 ››
424 1656 469 1709 Α
498 1656 938 1712 commentariis
969 1657 1285 1712 vocabatur
1305 1658 1403 1730 qui
1448 1664 1614 1730 gesta
1661 1677 1855 1716 rerum

200 1743 630 1813 conscribebat,
665 1743 722 1799 id
754 1750 863 1815 est,
895 1744 1301 1802 cancellarius.
1336 1747 1405 1801 Et
1436 1747 1544 1801 iste
1594 1751 1651 1801 et
1691 1747 1793 1803 .loe
1824 1765 1858 1805 a

200 1830 571 1888 cancellariis
593 1831 713 1887 sive
732 1850 766 1887 a
783 1834 1222 1890 commentariis
1254 1834 1468 1907 quibus
1500 1840 1744 1909 praeerat
1763 1854 1856 1892 ve-

199 1920 392 1987 niens,
427 1920 529 1976 ivit
555 1938 689 1976 eum
722 1922 1099 1994 supradictis.

270 2032 300 2059 ‹‹
334 2010 405 2065 Et
431 2009 579 2066 dixit
607 2010 680 2064 ad
710 2027 811 2066 eos
843 2011 1133 2083 Rapsaces
1160 2030 1173 2067 ε
1202 2012 1385 2069 Dicite
1406 2013 1659 2069 Ezechia
1684 2032 1695 2069 :
1725 2014 1851 2069 Haec

194 2097 343 2153 dicit
393 2115 492 2153 rex
540 2114 796 2171 magnus
841 2100 1239 2172 Assyriorum.
1272 2121 1299 2153 ι
1336 2101 1526 2157 Verba
1574 2103 1673 2157 Dei
1725 2120 1851 2175 quae

194 2202 351 2259 saepe
381 2204 415 2242 a
443 2190 608 2259 patre
639 2205 746 2243 suo
779 2188 1044 2244 audierat
1074 2189 1300 2245 dicente
1332 2208 1345 2246 :
1381 2191 1510 2245 Herc
1543 2191 1685 2246 dicit
1736 2192 1852 2247 Do-

194 2277 665 2349 minus,propter
694 2278 966 2350 potentiae
990 2279 1333 2351 dignitatem
1360 2298 1466 2336 suo
1489 2281 1607 2352 regi
1632 2282 1809 2335 dabat
1836 2298 1849 2335 :

194 2369 253 2422 et
284 2372 348 2420 ut
381 2382 573 2421 sermo
605 2364 763 2421 illius
814 2367 1022 2439 majori
1072 2369 1420 2424 auctoritate
1460 2370 1850 2425 roboraretur.

198 2477 226 2504 α
259 2460 396 2521 Qum
428 2459 517 2510 est
544 2453 659 2510 ista
690 2456 906 2511 fiducia
939 2456 996 2510 in
1030 2474 1145 2529 qua
1175 2459 1557 2525 conﬁdis,aut
1587 2476 1703 2531 quo
1724 2477 1855 2515 cun-

195 2542 331 2599 silio
358 2542 447 2599 vel
480 2543 818 2599 fortitudine
848 2545 1125 2600 rebellare
1160 2547 1579 2619 disponis?nEx
1607 2566 1856 2621 persona

196 2630 352 2704 regis
383 2632 498 2687 ista
527 2631 878 2705 loquebatur
909 2634 1222 2706 Rapsaces.
1260 2634 1520 2691 Primum
1562 2636 1851 2708 siquidem

197 2720 389 2776 factus
410 2724 498 2774 est
518 2720 793 2777 Ezechias
816 2722 1290 2787 tributarius,sed
1312 2730 1513 2795 postea
1534 2725 1852 2796 rebellavit,

197 2808 406 2864 nolens
437 2810 677 2865 reddere
709 2811 1019 2865 tributum.
1073 2812 1209 2866 Ideo
1259 2813 1423 2881 dicit,
1477 2818 1579 2867 aut
1630 2814 1687 2868 in
1738 2832 1856 2885 qua

194 2897 544 2953 fortitudine
574 2898 855 2954 rebellare
886 2900 1153 2971 disponis
1188 2917 1200 2955 :
1236 2905 1413 2972 atque
1448 2903 1521 2957 ob
1554 2901 1703 2957 hanc
1725 2920 1856 2957 cau-

194 3003 323 3043 sam
347 2987 487 3060 quia
516 2986 589 3042 ab
619 3004 686 3042 eo
716 2987 975 3056 recessit,
1008 2989 1276 3045 veniebat
1304 2994 1507 3046 contra
1532 3008 1690 3046 eum.

269 3097 297 3125 ‹‹
324 3074 468 3131 Ecce
499 3076 746 3132 confidis
772 3094 949 3149 super
978 3077 1256 3133 baculum
1288 3079 1679 3135 arundineum
1716 3098 1854 3136 con-

190 3164 446 3219 fractum
472 3163 677 3236 istum,
713 3182 893 3237 super
921 3167 1384 3239 Egyptumuﬂb
1418 3168 1649 3240 copiam
1681 3186 1857 3241 aqua-

192 3269 326 3309 rum
348 3252 465 3308 Nili
488 3253 965 3323 ﬂuvii,subaudis
990 3255 1089 3310 ubi
1113 3254 1316 3311 multa:
1338 3255 1657 3313 arundines
1682 3263 1851 3314 sunt:

1885 1964 1933 2028 B

1960 679 2133 733 batur
2162 678 2258 735 ille
2292 680 2689 753 Perside,quia
2719 680 2778 736 in
2809 681 3011 737 schola
3040 682 3227 753 patris
3258 682 3384 739 suis
3412 683 3612 739 lsabize

1959 767 2068 822 hoc
2100 766 2400 823 didicerat.
2437 770 2568 826 ldeo
2600 770 2708 824 hoc
2738 770 3033 841 dixerunt,
3067 788 3138 825 ne
3170 770 3455 827 incuteret
3498 776 3611 827 ter-

1962 872 2149 910 rorem
2181 857 2306 911 suis
2340 859 2530 911 verbis
2563 859 2777 930 populo
2810 859 3023 914 astanti
3052 877 3230 931 super
3260 878 3519 917 murum.

2033 970 2057 993 ‹‹
2096 946 2371 1017 Nunquid
2405 948 2477 1002 ad
2512 948 2825 1003 Dominum
2858 954 3023 1004 tuum
3056 952 3113 1003 et
3144 951 3213 1005 ad
3249 954 3301 1004 te
3335 951 3497 1006 misit
3518 968 3612 1006 me

1963 1033 2249 1089 Dominus
2277 1053 2461 1103 meus,
2498 1042 2555 1091 et
2588 1056 2699 1091 non
2734 1039 2928 1109 potius
2974 1039 3046 1094 ad
3090 1039 3244 1094 viros
3276 1039 3377 1112 qui
3408 1040 3613 1096 sedent

1964 1140 2140 1196 super
2172 1142 2372 1178 muros
2406 1131 2469 1179 ut
2500 1128 2811 1180 comedunt
2842 1132 3099 1183 stercora
3142 1146 3269 1197 sua,
3318 1134 3375 1183 et
3406 1128 3612 1185 bibant

1964 1210 2194 1263 urinam
2219 1212 2435 1281 pedum
2468 1230 2713 1267 suorum
2743 1214 3084 1269 vobiscum?
3118 1238 3144 1263 ››
3178 1216 3239 1271 In
3272 1216 3611 1288 superbiam

1961 1298 2150 1353 elatus
2181 1300 2255 1354 ob
2285 1315 2488 1355 eorum
2522 1300 2938 1371 humilitatem,
2973 1321 3157 1359 unum
3188 1321 3218 1359 e
3256 1304 3613 1378 supradictis

1965 1387 2190 1441 nuntiis
2222 1387 2417 1443 taliter
2445 1387 3029 1461 alloquitur.Urinam
3060 1393 3277 1465 pedum
3307 1393 3616 1469 dieit,quia

1966 1478 2036 1531 ad
2070 1478 2247 1548 pedes
2278 1479 2483 1532 tendit.
2520 1479 2742 1535 Sensus
2775 1479 2907 1535 talis
2936 1484 3025 1535 est
3061 1497 3075 1538 :
3104 1482 3336 1537 Tandiu
3367 1483 3477 1538 erit
3512 1483 3615 1540 ob-

1966 1583 2130 1620 sessa
2158 1566 2361 1620 civitas
2405 1566 2547 1637 haec,
2590 1585 2897 1639 quousque
2942 1570 3233 1643 compulsi
3264 1572 3437 1639 fame,
3472 1575 3615 1627 ster-

1965 1670 2100 1707 cora
2132 1658 2187 1708 et
2220 1655 2450 1710 urinam
2485 1657 2700 1726 pedum
2733 1675 2974 1712 suorum
3009 1665 3361 1715 consumant
3389 1660 3447 1715 in
3478 1677 3617 1733 pro-

1966 1742 2124 1813 prios
2158 1758 2339 1798 usus:
2370 1749 2431 1797 ut
2462 1744 2561 1816 qui
2596 1763 2709 1800 non
2740 1746 2915 1800 fuerit
2943 1747 3015 1801 ab
3046 1747 3315 1804 hostibus
3346 1747 3613 1804 interem-

1966 1835 2122 1903 ptus,
2158 1831 2330 1886 famis
2360 1832 2557 1905 inopia
2578 1838 2793 1905 pereat.

2038 1944 2065 1969 ‹‹
2100 1921 2166 1974 Et
2197 1919 2488 1976 clamabat
2516 1939 2650 1976 voce
2684 1939 2908 1983 magna
2930 1948 2951 1975 ι
2979 1922 3241 1993 Judaice,
3278 1929 3343 1981 ut
3372 1930 3615 1988 terreret

1964 2007 2247 2080 populum
2283 2008 2407 2063 suis
2431 2007 2641 2065 minis:
2670 2011 2921 2066 «Audite
2952 2012 3195 2068 verbum
3227 2014 3381 2086 regis
3413 2014 3613 2087 magni

1960 2097 2354 2168 Assyriorum.
2384 2120 2411 2146 ››
2444 2099 2703 2170 Superbe
2734 2099 2842 2154 hoe
2875 2101 3137 2172 protulit,
3170 2106 3227 2157 et
3256 2120 3391 2158 cum
3431 2102 3616 2163 nimia

1962 2187 2315 2256 arrogantia.

2034 2298 2059 2322 ‹‹
2096 2274 2219 2328 Non
2265 2276 2507 2330 seducat
2555 2294 2656 2333 vos
2698 2277 2995 2348 Ezechias,
3048 2279 3186 2351 quia
3235 2298 3350 2336 non
3402 2282 3617 2354 poterit

1962 2381 2163 2417 eruere
2207 2382 2327 2431 vos,
2382 2386 2407 2411 ››
2465 2365 2833 2438 blasphemia
2883 2368 3164 2439 Rapsacis
3212 2371 3614 2426 testimonium

1965 2453 2217 2507 Ezechize
2250 2458 2357 2520 est,
2392 2456 2547 2525 quod
2598 2455 2787 2527 captis
2835 2458 3065 2511 cunctis
3107 2458 3323 2513 Judaete
3372 2459 3618 2515 urbibus

1963 2545 2221 2597 conlisus
2255 2542 2309 2596 in
2344 2543 2588 2599 Domino
2621 2545 3015 2601 sit.Audierat
3043 2546 3200 2602 enim
3228 2547 3328 2603 ille
3360 2549 3618 2621 perﬁdus

1964 2631 2118 2702 quod
2151 2632 2539 2687 confortasset
2569 2633 2847 2689 Ezechias
2880 2635 3161 2707 populum
3193 2637 3425 2692 Domini
3451 2654 3521 2692 ne
3552 2637 3620 2692 ti-

1966 2723 2149 2772 meret
2172 2738 2205 2773 a
2235 2720 2377 2775 facie
2406 2722 2776 2793 Assyriorum
2810 2723 3010 2778 dicens
3061 2741 3073 2777 :
3127 2723 3315 2779 Nolite
3360 2731 3618 2781 metuere

1965 2825 2153 2879 neque
2184 2809 2462 2879 paveatis,
2500 2809 2684 2864 multo
2715 2810 2873 2865 enim
2903 2810 3103 2881 plures
3134 2817 3277 2867 sunt
3308 2814 3615 2871 nobiscum

1963 2912 2141 2968 quam
2173 2914 2307 2951 cum
2334 2897 2471 2953 illis.
2504 2898 2650 2952 Cum
2678 2898 2794 2953 illis
2826 2902 2915 2953 est
2956 2899 3264 2955 brachium
3313 2918 3612 2970 carneum,

1964 2984 2271 3039 nobiscum
2304 2990 2499 3039 autem
2532 2985 2816 3040 Dominus
2846 2986 3001 3041 Deus
3032 2988 3357 3060 noster,qui
3378 2988 3617 3045 auxilia-

1964 3077 2054 3127 tor
2081 3072 2190 3127 erit
2220 3074 2403 3129 nostri
2437 3078 2493 3128 et
2520 3074 2809 3147 pugnabit
2838 3091 2943 3147 pro
2974 3075 3163 3131 nobis.
3185 3076 3288 3134 His
3318 3080 3375 3132 et
3404 3077 3612 3150 hujus-

1966 3163 2119 3216 modi
2152 3163 2309 3218 verbi
2343 3164 2703 3219 confortatus
2735 3168 2824 3219 est
2855 3163 3128 3236 populus.

2038 3275 2063 3300 ι(
2098 3252 2286 3307 Facite
2318 3252 2487 3307 nobis
2518 3253 3006 3322 benedictionem,
3040 3276 3066 3303 n
3098 3253 3208 3310 hoc
3239 3261 3349 3325 est,
3380 3256 3614 3314 laudate

189 3359 298 3413 per
327 3359 476 3414 quas
506 3343 927 3399 subsannando
958 3343 1228 3416 designat
1256 3345 1659 3402 fortitudinem
1690 3348 1853 3420 zEgy-
1882 3334 1925 3400 C
1964 3357 2076 3408 me,
2111 3340 2445 3396 benedicete
2478 3341 2802 3413 me.Vel,ut
2832 3343 2890 3397 in
2924 3342 3038 3399 alia
3058 3344 3311 3401 editione
3341 3345 3612 3418 habetur,

190 3433 300 3506 pti,
338 3452 367 3481 «
398 3431 484 3490 sic
516 3431 740 3488 Pharao
769 3449 869 3488 rex
897 3432 1125 3505 Egypti
1160 3455 1188 3482 ››
1220 3433 1513 3506 impotens
1542 3440 1652 3492 est.

267 3520 466 3587 «Quod
495 3520 545 3576 si
567 3520 940 3592 responderis
963 3521 1138 3577 mihi:
1161 3523 1222 3579 In
1249 3524 1491 3581 Domino
1514 3525 1631 3580 Deo
1654 3530 1853 3582 nostro

191 3608 548 3666 conﬁdimus
584 3625 596 3665 :
631 3627 823 3666 nonne
854 3614 941 3665 est
970 3610 1096 3683 ipse
1141 3611 1236 3667 cui
1286 3612 1531 3669 abstulit
1578 3614 1853 3670 Ezechias

192 3697 425 3755 excelsa
453 3702 509 3754 et
540 3697 830 3767 altaria,et
859 3698 1004 3755 dixit
1033 3700 1198 3757 Judze
1229 3706 1288 3757 et
1318 3702 1682 3759 Hierusalem
1708 3703 1852 3759 :Co—

194 3804 324 3843 ram
356 3786 526 3842 altari
557 3785 671 3843 isto
705 3788 1047 3855 adorabitis,
1081 3790 1236 3861 quod
1268 3794 1357 3846 est
1386 3791 1444 3846 in
1478 3792 1696 3865 templo
1741 3792 1851 3848 Do-

194 3875 386 3937 mini?
404 3876 534 3933 nSic
564 3877 741 3932 verba
770 3877 923 3950 regis
956 3878 1047 3933 sui
1079 3879 1355 3935 narrabat
1386 3879 1692 3953 iste,quasi
1715 3898 1855 3953 prae-

194 3982 337 4022 sens
366 3970 521 4021 esset
552 3969 798 4039 uterque
830 3983 947 4034 rex,
980 3970 1036 4021 et
1066 3968 1404 4023 conﬂictum
1427 3968 1578 4024 inter
1599 3986 1661 4025 se
1681 3969 1854 4025 habe-

193 4053 639 4111 rent.Ezeehias
660 4070 759 4109 rex
777 4072 884 4110 suo
910 4059 1169 4128 tempore
1191 4056 1478 4112 destruxit
1510 4075 1642 4113 aras
1687 4063 1744 4115 et
1773 4058 1850 4113 si-

192 4142 461 4198 mulacra
490 4159 619 4216 qua:
651 4144 865 4200 fecerat
911 4149 1078 4217 pater
1125 4146 1254 4216 ejus
1297 4145 1507 4201 Achaz.
1543 4147 1654 4202 Sed
1695 4148 1849 4219 quod

192 4232 293 4288 ille
323 4248 503 4287 causa
528 4232 830 4306 religionis
860 4228 997 4305 egit,
1049 4233 1158 4291 hoc
1208 4234 1500 4307 Rapsaces
1532 4233 1590 4290 in
1634 4235 1849 4291 malam

191 4325 423 4394 partem
456 4325 802 4377 mutaverat.

263 4432 291 4462 α
325 4409 396 4465 Et
426 4425 585 4464 nunc
615 4409 779 4465 trade
810 4414 890 4479 te,
918 4427 987 4466 »0
1020 4410 1317 4479 Ezechia,«
1355 4410 1592 4468 domino
1624 4427 1773 4482 meo,
1793 4416 1853 4469 et

189 4498 345 4555 dabo
378 4497 486 4554 tibi
516 4499 632 4555 duo
661 4498 848 4554 millia
876 4516 1185 4573 equorum,
1208 4517 1314 4556 nec
1346 4500 1564 4573 poteris
1594 4501 1851 4573 praebere

190 4604 262 4644 ex
293 4591 378 4657 te;
415 4610 444 4637 »
476 4586 586 4645 hoc
616 4592 726 4657 est,
758 4605 828 4644 ex
857 4589 978 4646 tuis
1007 4588 1335 4645 militibus<<
1372 4607 1712 4646 ascensores
1754 4608 1847 4646 eo-

190 4694 348 4777 rum,
386 4698 414 4725 »
445 4677 527 4732 Ex
553 4693 805 4777 persona
822 4677 981 4777 regis
1012 4678 1126 4777 ista
1155 4678 1550 4777 dicebat.Non
1578 4680 1652 4777 de
1675 4680 1852 4735 imbe—
1879 4713 1927 4777 Β

190 4765 413 4822 cilitate
458 4764 617 4821 venit
662 4766 876 4839 populo
924 4767 1263 4822 Judzeorum
1314 4767 1620 4840 equitandi
1651 4785 1844 4823 carere

189 4854 459 4922 scientia,
492 4855 594 4910 sed
624 4855 696 4910 de
726 4852 1127 4911 Observatione
1149 4856 1564 4912 mandatorum
1598 4856 1722 4924 Dei,
1746 4855 1846 4929 qui

187 4960 295 5017 per
313 4943 515 4999 Mosen
545 4960 725 5017 super
745 4961 939 5018 regem
966 4944 1140 5000 Israel
1167 4946 1444 5017 przecepit
1470 4945 1702 5001 dicens:
1720 4945 1844 5000 Non

187 5032 613 5105 multiplicabit
643 5032 756 5089 sibi
788 5051 969 5106 equos
1019 5038 1077 5090 et
1125 5052 1355 5100 currus,
1400 5050 1588 5105 neque
1638 5026 1844 5090 uxores

186 5121 685 5199 plurimast(De-ut.
719 5126 857 5190 xvu)
891 5140 903 5179 :
939 5124 1094 5194 quod
1127 5123 1264 5195 quia
1291 5122 1567 5178 Salomon
1597 5123 1843 5196 egit,in-

184 5211 331 5267 cidit
360 5210 420 5265 in
454 5211 601 5266 iram
636 5211 888 5267 Domini.
912 5212 1143 5268 Poterat
1173 5213 1331 5267 enim
1362 5212 1636 5268 Ezechias
1668 5212 1842 5267 habe-

182 5318 245 5356 re
277 5317 489 5356 currus
519 5304 577 5355 et
609 5317 813 5372 equos,
850 5302 950 5356 sed
985 5301 1058 5356 ob
1089 5301 1239 5356 hanc
1267 5318 1507 5357 causam
1539 5301 1753 5369 omitit,
1779 5301 1846 5356 ti-

182 5406 354 5446 mens
384 5389 642 5453 incidere
674 5389 732 5445 in
764 5394 1092 5462 peceatum.

256 5504 283 5531 ‹‹
318 5479 390 5553 Et
420 5496 599 5548 nunc,
634 5501 662 5529 »
698 5479 755 5534 id
788 5484 896 5549 est,
936 5502 964 5529 ‹‹
1007 5480 1276 5552 nunquid
1332 5479 1504 5535 modo
1553 5479 1678 5533 sine
1730 5478 1841 5534 Do-

182 5568 348 5627 mino
383 5590 412 5617 »
443 5567 555 5625 hoc
586 5572 694 5640 est,
742 5568 868 5624 sine
908 5569 1085 5640 jussu
1138 5572 1194 5625 et
1238 5567 1535 5625 voluntate
1586 5567 1840 5636 Domini,

183 5681 212 5709 ‹‹
246 5654 531 5715 ascendi?
565 5680 592 5706 υ

258 5771 287 5801 ι(
304 5747 570 5821 Loquere
591 5746 663 5804 ad
686 5764 885 5806 servos
906 5750 1037 5804 tuos
1059 5748 1202 5823 Syra
1223 5745 1545 5820 lingua,»id
1566 5745 1847 5817 est,C.hal~

1963 3429 2133 3485 facite
2165 3431 2319 3502 quod
2352 3431 2516 3487 vobis
2552 3430 2691 3487 utile
2721 3436 2831 3502 est,
2863 3436 2927 3487 ut
2976 3449 3069 3488 me
3117 3434 3461 3506 recipientes
3505 3452 3617 3508 pax

1961 3520 2127 3574 VOblS
2158 3524 2479 3576 remaneat.
2519 3544 2544 3569 ‹‹
2575 3521 2645 3575 Et
2675 3522 2961 3577 comedite
3009 3524 3419 3596 unusquisque
3466 3525 3618 3582 bona

1963 3612 2129 3663 terra:
2159 3614 2361 3665 vestrae
2393 3627 2527 3666 cum
2550 3611 3077 3681 securitate,donec
3105 3613 3616 3683 veniam,»subau.-

1964 3695 2078 3764 dis,
2110 3698 2180 3751 de
2212 3699 2458 3771 rEgypto
2491 3716 2606 3771 quo
2639 3701 2937 3756 decretum
2963 3699 3150 3757 habeo
3182 3702 3286 3759 ire.

2041 3806 2062 3832 «
2081 3786 2151 3840 Et
2169 3786 2373 3841 tollam
2394 3805 2494 3843 vos
2516 3787 2587 3842 ad
2606 3792 2822 3844 terram
2848 3806 2974 3860 quas
2996 3794 3085 3845 est
3107 3794 3167 3845 ut
3190 3794 3344 3845 terra
3363 3794 3614 3845 vestra.»

1963 3874 2087 3929 Non
2118 3875 2258 3929 dicit
2292 3892 2505 3930 nomen
2538 3876 2793 3947 regionis
2825 3894 3003 3948 quam
3035 3877 3119 3931 eis
3146 3877 3452 3948 promittit,
3477 3877 3614 3949 quia

1962 3962 2246 4035 aequalem
2272 3968 2436 4018 terrae
2455 3964 2930 4036 repromissionis
2948 3964 3203 4020 invenire
3224 3981 3338 4019 non
3361 3968 3608 4037 poterat,

1962 4052 2062 4106 sed
2096 4051 2548 4108 similitudinem
2579 4051 2905 4125 pollicetur.
2940 4051 3152 4107 Beatus
3182 4056 3376 4108 tamen
3416 4053 3609 4110 Hiero-

1961 4156 2174 4211 nymus
2196 4140 2581 4208 dicit,terram
2605 4140 2908 4195 Medorum
2939 4139 3389 4196 similitudinem
3407 4158 3612 4213 quam-

1960 4229 2094 4283 dam
2127 4228 2340 4283 habere
2374 4233 2537 4285 terrae
2568 4227 3040 4301 repromissionis
3087 4228 3146 4283 in
3186 4228 3349 4284 cultu
3379 4234 3439 4285 et
3466 4230 3606 4299 situ,

1961 4321 2018 4372 et
2046 4334 2160 4372 non
2191 4322 2282 4374 est
2311 4317 2558 4373 dubium
2591 4317 2733 4389 quin
2766 4317 2927 4372 illam
2959 4318 3043 4374 eis
3074 4318 3425 4389 promiserit.

2037 4426 2063 4458 α
2094 4405 2200 4461 Ubi
2230 4410 2320 4462 est
2348 4406 2501 4462 Deus
2531 4406 2762 4474 Emath,
2795 4410 2851 4461 et
2886 4406 3136 4480 Ephath,
3186 4404 3287 4462 ubi
3333 4409 3423 4462 est
3452 4405 3608 4463 Deus

1962 4494 2124 4550 urbis
2164 4494 2579 4567 Sepharvaim?
2610 4518 2639 4545 ››
2672 4494 2967 4551 Subaudis
3014 4495 3249 4550 contriti
3297 4500 3456 4551 sunt.
3510 4494 3606 4551 Ha:

1959 4583 2222 4640 civitates
2272 4584 2534 4640 diversos
2583 4584 2733 4640 Deos
2780 4582 3037 4639 colentes
3084 4583 3401 4656 perierunt.
3436 4584 3514 4639 Ae
3554 4584 3604 4641 si

1960 4674 2177 4729 diceret
2206 4673 2338 4729 aliis
2367 4673 2558 4729 verbis
2594 4690 2606 4729 :
2642 4673 2700 4729 Si
2725 4671 2895 4728 multi
2927 4672 3006 4727 dii
3040 4690 3155 4728 non
3186 4676 3503 4745 potuerunt
3523 4690 3606 4731 re-

1955 4763 2162 4818 sistere
2196 4762 2522 4828 mihi,unus
2554 4763 2707 4841 Deus
2728 4761 2981 4835 poterit?
3003 4763 3083 4817 Ex
3102 4761 3212 4818 hoc
3230 4769 3426 4818 autem
3448 4763 3602 4835 quod

1956 4851 2097 4907 dicit
2127 4874 2153 4900 ‹‹
2201 4852 2469 4924 nunquid
2519 4851 2880 4907 libraverunt
2928 4850 3255 4908 Samariam
3303 4851 3373 4907 de
3422 4868 3603 4909 manu

1956 4941 2127 4995 mea?
2161 4966 2182 4994 ι
2222 4942 2564 4997 Ostenditur
2592 4942 2793 4998 decem
2824 4941 3100 5009 tribus,in
3131 4958 3380 5014 quarum
3411 4942 3603 4999 medio

1955 5034 2079 5084 erat
2112 5031 2252 5085 urbs
2284 5029 2520 5102 regalis,
2551 5031 2768 5086 multos
2800 5030 2948 5086 Deos
2988 5030 3239 5087 coluisse
3287 5034 3601 5103 antequam

1954 5118 2013 5173 in
2045 5120 2443 5190 captivitatem
2476 5120 2850 5191 ducerentur,
2883 5125 2940 5176 et
2970 5120 3097 5175 ideo
3128 5120 3447 5192 perierunt.

2027 5232 2053 5257 ‹‹
2092 5210 2159 5263 Et
2188 5208 2478 5264 siluerunt
2508 5212 2565 5264 et
2596 5226 2711 5264 non
2744 5210 3169 5281 responderunt
3196 5210 3247 5264 ei
3277 5210 3536 5265 verbum.
3569 5234 3597 5262 ‹‹

1954 5300 2138 5364 Quare
2172 5316 2286 5354 non
2321 5299 2748 5370 responderunt
2774 5299 3184 5354 manifestatur
3203 5315 3337 5354 cum
3360 5299 3601 5371 subjun-

1950 5388 2127 5460 gitur.
2164 5412 2191 5436 «
2227 5388 2603 5443 Mandaverat
2634 5386 2789 5443 enim
2822 5388 2907 5443 eis
2936 5405 3052 5443 rex.
3084 5388 3165 5443 Ne
3196 5388 3599 5461 respondeatis

1952 5476 2024 5532 ei.
2061 5500 2088 5525 ››
2120 5476 2219 5531 Vel
2251 5476 2426 5532 etiam
2460 5477 2587 5531 ideo
2621 5493 2735 5531 non
2768 5478 3215 5548 responderunt,
3248 5477 3389 5549 quia
3416 5494 3601 5533 recor-

1953 5566 2071 5621 dati
2122 5569 2262 5620 snnt
2306 5564 2450 5620 illud
2502 5564 2831 5621 Salomonis
2866 5583 2878 5622 :
2913 5566 2994 5620 Ne
3039 5567 3393 5638 respondeas
3441 5566 3597 5623 sulto

1944 5657 2119 5727 juxta
2148 5654 2461 5709 stultitiam
2493 5672 2687 5723 suam,
2710 5673 2783 5710 ne
2804 5655 3053 5711 videaris
3084 5656 3213 5727 ejus
3233 5672 3361 5711 esse
3383 5655 3598 5717 similis

1954 5746 2135 5823 (Prov.
2162 5746 2338 5817 xxvx).
2397 5745 2468 5802 Et
2519 5743 2664 5801 illud
2713 5760 2727 5802 :
2780 5745 2861 5804 Ne
2909 5746 3234 5804 succendas
3291 5746 3595 5809 carbones.
