3960 6390
391 496 509 560 899

704 519 713 525 ’
766 495 1175 557 IIAYMONIS
1219 490 1764 555 IIALBERSTAT.
1813 493 2058 554 EPISC.
2108 490 2281 553 OPP.
2329 494 2532 555 PARS
2577 494 2623 555 l.
2661 532 2738 539 —-
2782 497 3191 559 COMMENT.
3240 499 3441 560 BIBL.

3688 500 3807 564 900

393 633 614 689 Idcirco
643 631 819 686 etiam
853 646 967 683 non
1000 628 1426 700 responderunt
1455 628 1607 695 ei,ne
1638 625 1806 681 illum
1830 626 1902 681 ad
1930 644 2047 681 ma-
2075 626 2131 693 Α
2164 626 2213 681 ei
2247 629 2545 683 nuntium.
2585 653 2605 678 ι)
2644 630 2705 687 In
2744 631 3243 703 subsequentibus
3290 633 3640 708 videbimus,
3672 637 3809 709 quia

382 721 573 793 jorem
604 716 1034 791 blasphemiam
1064 720 1443 788 provocarent
1471 720 1674 770 contra
1703 713 2042 783 Dominum,

388 814 446 867 et
478 826 579 864 nec
606 813 888 864 terrorem
919 806 1044 861 suis
1075 803 1267 859 verbis
1298 804 1536 859 inferret
1566 803 1782 876 populo
1803 803 1924 859 haec
1947 821 2045 858 au-

386 897 593 956 dienti.

457 1012 483 1037 ‹‹
518 988 587 1042 Et
618 986 868 1059 ingrcssi
920 990 1059 1039 sunt
1107 982 1310 1039 scissis
1358 982 1620 1036 vestibus
1653 982 1724 1036 ad
1758 998 1976 1055 regem.
2013 1005 2041 1031 ››

383 1076 760 1133 Consuetudo
790 1079 915 1130 erat
944 1073 1106 1128 illius
1136 1071 1439 1145 populi,ut
1474 1071 1522 1125 si
1555 1072 1790 1142 quando
1815 1072 2044 1125 audiret

382 1165 813 1240 blasphemiam
860 1167 1065 1219 contra
1122 1162 1461 1227 Dominum,
1521 1160 1813 1216 scinderet
1866 1160 2038 1214 vesti-

382 1261 583 1312 menta
603 1272 730 1311 sua.
766 1254 861 1309 Sic
894 1251 1142 1325 legimus
1177 1251 1384 1306 fecisse
1414 1249 1739 1322 principem
1771 1249 2040 1303 sacerdo-

381 1350 507 1402 tum
542 1345 778 1418 quando
812 1342 1101 1398 Dominus
1132 1338 1276 1394 dixit
1308 1356 1320 1395 :
1360 1360 1387 1389 «
1413 1338 1635 1393 Amodo
1664 1336 1939 1393 videbitis
1973 1338 2039 1390 ti-

378 1438 530 1493 lium
564 1432 823 1492 hominis
853 1431 1183 1487 venientem
1214 1430 1273 1484 in
1309 1428 1569 1484 nubibus
1595 1426 1801 1496 (Matth.
1824 1431 2036 1495 xva.»

381 1527 478 1583 Sic
511 1526 774 1581 fecerunt
803 1522 981 1577 etiam
1031 1519 1247 1576 Paulus
1294 1524 1352 1574 et
1401 1518 1696 1573 Barnabas
1730 1516 2038 1583 Licaoniaa,

380 1617 617 1691 quando
646 1612 729 1668 illi
762 1613 1070 1668 offerentes
1118 1610 1169 1665 ei
1218 1624 1465 1664 coronas
1495 1606 1738 1662 adorare
1767 1605 2039 1661 volebant

380 1710 445 1762 ut
476 1705 660 1760 Deum
695 1702 826 1774 (Act.
861 1700 999 1772 xw).

943 1787 1177 1843 CAPUT
1216 1785 1480 1841 XXXVII.

448 1908 475 1935 ‹‹
510 1886 580 1939 Et
611 1883 830 1937 factum
854 1883 1112 1943 cst,cum
1145 1875 1409 1930 audisset
1438 1891 1536 1929 rex
1567 1872 1842 1929 Ezechias
1861 1874 2037 1928 verba

375 1974 511 2041 ista,
556 1970 731 2027 scidit
761 1967 1113 2023 vestimenta
1142 1969 1200 2020 et
1229 1963 1540 2019 obvolutus
1569 1968 1658 2017 est
1688 1979 1878 2027 sacco,
1913 1984 1942 2011 ››
1975 1962 2032 2017 id

375 2069 600 2136 est,pro
634 2073 895 2133 purpura
922 2053 1140 2111 vilibus
1170 2052 1592 2118 vestimentis,«
1626 2054 1681 2106 et
1712 2051 1951 2104 intravit
1974 2050 2032 2105 in

376 2155 622 2209 domum
649 2145 928 2205 Domini.»
942 2142 1030 2200 Illi
1062 2143 1364 2198 sciderunt
1396 2140 1745 2195 vestimenta
1776 2155 1884 2194 sua
1906 2155 2033 2210 pro-

375 2248 505 2317 pter
533 2235 971 2309 blasphemiam
1003 2248 1183 2304 quam
1217 2230 1531 2285 audierunt
1563 2247 1575 2283 :
1610 2228 1721 2283 iste
1753 2227 1851 2299 qui
1895 2244 2031 2299 pec-

376 2332 523 2388 catis
555 2328 681 2384 suis
712 2321 1176 2396 impedientibus
1225 2319 1515 2390 reputavit
1559 2318 1926 2371 obsidionem
1975 2322 2032 2370 et

374 2418 765 2479 vastationem
798 2411 1047 2468 evenire.

457 2530 480 2558 ι
519 2510 644 2562 Ilaec
677 2503 819 2559 dicit
846 2499 1140 2556 Ezechias.
1176 2519 1203 2547 η
1240 2497 1364 2552 Non
1396 2495 1539 2551 dicit
1571 2511 1585 2550 :
1621 2495 1743 2550 hanc
1773 2494 1913 2549 dicit
1936 2511 2033 2549 rex

376 2591 818 2661 Ezechiars,sed
836 2587 1241 2645 tantummodo
1258 2602 1392 2640 cum
1412 2583 1744 2638 humilitate
1758 2582 2028 2654 protulit:

376 2688 499 2743 haec
531 2683 674 2739 dicit
705 2678 1035 2737 Ezechias:
1064 2676 1198 2731 Dies
1228 2673 1647 2739 tribulationis,
1674 2696 1700 2720 »
1722 2672 2029 2737 subaudis,

377 2775 585 2841 nostri,
622 2797 651 2823 ‹‹
685 2776 743 2827 et
773 2766 1157 2839 correptionis
1188 2764 1284 2819 Dei
1335 2769 1391 2846 et
1438 2761 1839 2833 blasphemiae,
1874 2784 1901 2810 »
1938 2762 2032 2815 ho-

375 2867 555 2923 stium
593 2885 621 2913 «
653 2862 779 2917 dies
812 2859 954 2913 haec.
984 2856 1129 2922 Quia
1149 2856 1434 2909 venerunt
1464 2850 1567 2906 filii
1597 2868 1783 2922 usque
1810 2851 1881 2905 ad
1908 2868 2034 2923 par-

373 2961 523 3022 tum,
556 2957 614 3008 et
641 2951 827 3005 virtus
850 2964 966 3003 non
998 2949 1087 3000 est
1118 2938 1381 3016 pariendi
1416 2958 1428 2996 :
1464 2941 1512 2995 si
1545 2941 1859 3012 quomodo,
1891 2962 1919 2991 »
1971 2939 2030 2995 id

372 3048 463 3102 est
491 3038 757 3099 fortassis
791 3060 820 3088 ‹‹
853 3035 1056 3092 audiat
1086 3031 1372 3088 Dominus
1406 3036 1555 3085 Deus
1586 3034 1747 3085 tuus.
1784 3052 1812 3079 »
1845 3030 1914 3083 Et.
1944 3033 2034 3086 est

373 3149 589 3191 sensus
623 3147 637 3185 :
672 3129 836 3185 Sicut
866 3124 1080 3180 mulier
1128 3128 1389 3193 tempore
1441 3119 1847 3192 parturitionis
1894 3136 2031 3174 cum

374 3222 579 3295 nequit
605 3219 870 3274 emittere
901 3215 1760 3291 partum,angustaturyareus
1786 3208 2031 3264 consilio

373 3312 516 3385 quid
549 3312 735 3366 facere
768 3302 956 3378 possit
983 3320 996 3356 :
1030 3301 1113 3356 sic
1146 3317 1252 3355 nos
1283 3300 1457 3353 modo
1505 3297 1727 3353 obsessi
1770 3298 2033 3369 undique

2153 716 2224 770 de
2253 716 2517 773 Taracha
2549 735 2680 791 rege
2712 720 3048 792 ZEthiopum
3082 722 3245 777 dixit.

2227 828 2253 854 «
2291 805 2575 862 Reversus
2606 812 2695 863 est
2725 812 2920 864 autem
2955 810 3267 883 Rapaces.»
3294 812 3543 869 Domino
3567 815 3805 886 permit-

2153 898 2311 949 tente
2338 895 2516 959 venit,
2549 902 2607 950 et
2638 896 2737 951 illo
2769 899 3137 970 praecipiente
3169 901 3411 957 recessit
3439 926 3467 952 «
3500 903 3571 958 Et
3589 903 3809 960 invenit

2152 1000 2349 1055 regem
2380 1002 2555 1039 suum
2589 986 2949 1057 prmliantem
2973 989 3253 1044 adversus
3285 990 3807 1065 Lobnam,supera-

2153 1077 2213 1126 ta
2234 1074 2362 1143 jam
2396 1074 2626 1131 Lachis.
2663 1098 2691 1123 ››
2722 1076 2922 1132 Lobna
2951 1077 3154 1133 civitas
3188 1079 3297 1134 fuit
3325 1079 3708 1136 Judaue.Nam
3742 1082 3804 1138 in

2154 1161 2363 1216 Lachis
2395 1164 2684 1219 creditum
2718 1182 2866 1232 esse,
2900 1168 3055 1222 unde
3088 1168 3309 1223 missus
3341 1170 3529 1225 fuerat
3569 1170 3639 1225 ad
3673 1171 3804 1227 Hie-

2152 1251 2408 1306 rusalem
2439 1269 2449 1307 :
2482 1254 2579 1307 sed
2606 1255 2732 1325 jam
2765 1261 3086 1312 recesserat
3130 1258 3267 1313 inde
3313 1263 3667 1332 secutusque
3716 1265 3807 1316 est

2151 1356 2284 1394 eum
2318 1339 2377 1394 in
2411 1341 2693 1398 Lobnam.

2225 1450 2254 1479 «
2279 1429 2347 1483 Et
2377 1430 2600 1485 audivit
2630 1432 3027 1490 Scnnacherib
3059 1436 3130 1491 de
3155 1437 3420 1494 Taracha
3447 1455 3599 1512 rege.
3628 1462 3654 1489 ››
3687 1441 3806 1496 Iste

2150 1520 2239 1572 est
2268 1518 2515 1573 nuntius
2545 1520 2615 1573 de
2647 1537 2763 1592 quo
2793 1521 3016 1577 dictum
3048 1528 3137 1580 est
3167 1525 3461 1598 superius.

2220 1629 2245 1654 ‹‹
2268 1606 2411 1662 Ecce
2444 1611 2508 1661 tu
2541 1608 2757 1664 audisti
2790 1611 2990 1666 omnia
3011 1629 3137 1684 quae
3163 1614 3424 1670 fecerunt
3449 1633 3614 1689 reges
3634 1620 3807 1692 Assy-

2146 1693 2367 1749 riorum
2402 1717 2429 1745 »
2465 1700 2660 1768 patres
2712 1699 2850 1767 mei,
2883 1700 2981 1773 qui
3032 1701 3251 1758 multas
3285 1703 3400 1759 Deo
3432 1706 3806 1777 permittente

2144 1789 2520 1840 vastaverunt
2550 1787 2871 1859 regiones,«
2900 1791 3108 1856 Bozan,
3129 1796 3187 1847 et
3221 1793 3392 1860 Aran,
3417 1799 3473 1849 et
3503 1812 3666 1867 reges
3695 1799 3802 1852 As-

2144 1872 2435 1945 syriorum
2465 1897 2492 1924 n
2528 1875 2765 1932 fuerunt
2794 1880 3211 1949 potentissimi,
3249 1902 3271 1929 α
3304 1887 3362 1938 et
3393 1883 3545 1939 fiiios
3575 1884 3799 1956 Eden,»

2144 1962 2429 2019 subaudis
2461 1965 2894 2022 subverterunt.
2930 1969 3083 2024 Eden
3110 1971 3269 2042 regio
3295 1976 3385 2027 est
3410 1973 3805 2032 orientis.Ana

2144 2054 2200 2105 et
2228 2053 2347 2107 Ava
2376 2057 2580 2122 gentes
2610 2053 2699 2108 vel
2730 2055 2993 2112 civitates
3024 2058 3427 2116 nobilissimae.

2217 2162 2244 2189 ‹‹
2276 2142 2345 2195 Et
2376 2141 2514 2196 tulit
2561 2143 2837 2199 Ezechias
2868 2144 3074 2211 libros,
3109 2172 3131 2199 ι
3171 2148 3229 2203 id
3261 2154 3369 2217 est,
3402 2150 3608 2223 epulas
3651 2170 3804 2226 quas

2146 2228 2389 2284 miserat
2418 2231 2487 2285 ad
2523 2248 2656 2285 eum
2686 2232 3103 2290 Sennachcrib.

2214 2342 2241 2367 ‹‹
2271 2320 2339 2373 Et
2368 2320 2633 2374 ascendit
2652 2320 2710 2374 in
2735 2321 2975 2377 domum
2998 2323 3316 2391 Domini,et
3332 2327 3517 2382 oravit
3538 2329 3803 2386 dicens.»

2145 2407 2276 2462 Ideo
2308 2407 2524 2463 dicitur
2553 2409 2885 2466 ascendisse
2921 2411 2980 2467 in
3015 2412 3257 2468 domum
3290 2415 3545 2485 Domini,
3567 2420 3710 2491 quia
3739 2420 3803 2475 in

2141 2496 2544 2568 superioribus
2573 2501 2715 2552 erat.
2751 2498 3010 2554 Primum
3044 2503 3280 2573 quando
3307 2505 3571 2561 ascendit
3603 2506 3661 2561 in
3696 2509 3803 2565 do-

2142 2603 2304 2640 mum
2337 2586 2567 2641 Domini
2596 2586 2782 2642 scissa
2810 2595 2988 2659 veste,
3023 2590 3264 2645 obsessa
3294 2592 3547 2661 civitate,
3568 2612 3686 2651 non
3717 2596 3802 2652 le-

2141 2675 2338 2747 gimus
2368 2691 2503 2730 eum
2537 2691 2735 2731 orasse
2768 2676 3105 2743 Dominum,
3130 2678 3270 2752 quia
3293 2686 3531 2753 propter
3562 2690 3804 2756 peccata

2141 2781 2249 2819 sua
2281 2765 2586 2836 reputabat
2618 2763 2724 2819 hoc
2752 2765 3001 2821 evenire.
3049 2767 3181 2822 Jam
3229 2785 3363 2824 vero
3415 2772 3678 2827 securior
3726 2775 3801 2829 de

2142 2852 2485 2909 liberatione
2518 2857 2663 2922 orat,
2699 2854 2902 2910 dicens
2936 2871 2949 2909 :

2212 2965 2240 2992 «
2278 2942 2523 2998 Domine
2553 2942 2911 3000 exercituum
2945 2944 3047 3016 qui
3078 2962 3141 3001 es
3171 2946 3457 3003 Dominus
3480 2949 3742 3005 omnium
3768 2974 3797 3000 »

2141 3034 2199 3087 et
2229 3030 2570 3104 angelorum
2605 3035 2661 3086 et
2688 3031 3053 3101 hominum,«
3082 3034 3301 3091 inclina
3331 3053 3533 3092 aurem
3556 3042 3715 3094 tuam
3738 3044 3797 3094 et

2142 3118 2304 3185 audi,
2337 3119 2494 3191 aperi
2529 3119 2728 3176 oculos
2758 3126 2890 3176 tuos
2922 3127 2978 3176 et
3003 3122 3151 3191 vide,
3186 3128 3243 3179 et
3268 3125 3521 3181 vindica.
3561 3149 3588 3176 »
3622 3127 3791 3183 Incli-

2141 3226 2283 3265 nare
2312 3210 2527 3265 dicitur
2557 3210 2713 3265 Deus
2743 3211 3115 3283 omnipotens
3145 3216 3607 3288 aurem,quando
3629 3234 3798 3272 exau-

2141 3298 2228 3354 dit
2256 3303 2511 3356 orantes.
2544 3300 2613 3356 Et
2642 3301 2866 3373 aperire
2914 3300 3114 3357 oculos
3145 3303 3382 3370 dicitur,
3414 3306 3649 3377 quando
3683 3306 3792 3361 mi-

376 3375 721 3476 ignoramus
766 3375 908 3467 quid
969 3405 1139 3462 agere
1187 3389 1524 3443 debeamus.
1561 3387 1661 3442 Vel
1713 3386 1891 3442 etiam
1916 3386 2030 3443 alio
2062 3375 2105 3442 C
2145 3388 2476 3445 miseretur.
2529 3444 2531 3447 .

375 3490 551 3547 modo
580 3504 594 3542 :
631 3485 757 3541 Filii
792 3480 975 3538 nostri
1006 3477 1254 3534 consilia
1284 3481 1424 3531 sunt
1454 3480 1673 3544 nostra,
1707 3480 1764 3530 et
1795 3477 2031 3547 quando

376 3575 745 3648 concipimus
765 3568 1077 3627 consilium
1096 3571 1152 3621 et
1170 3564 1314 3620 illud
1332 3581 1503 3636 opere
1524 3580 1639 3619 non
1658 3563 1920 3619 valemus
1937 3565 2034 3619 ad~

375 3663 642 3737 implere,
677 3660 928 3735 graviter
957 3653 1495 3729 angustiamurzsic
1517 3652 1600 3708 illi
1624 3652 1915 3709 consilum
1939 3671 2033 3725 pa-

376 3756 628 3821 riebant,
664 3750 765 3806 sed
796 3763 968 3821 opere
998 3744 1241 3816 implere
1271 3741 1514 3798 minime
1542 3742 1799 3797 valeant:
1825 3765 1853 3791 «
1886 3744 2035 3798 Leva

375 3860 514 3918 ergo
535 3840 858 3898 orationem
887 3836 958 3892 ad
992 3834 1305 3890 Dominum
1338 3832 1523 3887 Deum
1556 3837 1723 3887 tuum
1756 3849 1859 3905 pro
1901 3832 2032 3887 reli-

376 3934 559 4007 quiis,
592 3948 719 4003 qua:
752 3932 991 4000 repertae
1024 3928 1164 3980 sunt
1194 3926 1425 3977 tantum
1476 3921 1535 3976 in
1586 3921 1972 3977 Hierusalem.
2003 3942 2032 3972 »

375 4024 508 4079 Jam
530 4020 688 4076 enim
709 4019 909 4073 decem
928 4015 1119 4069 tribus
1136 4013 1323 4066 ducta:
1345 4016 1515 4067 erant
1537 4011 1594 4065 in
1614 4011 2035 4082 captivitatem,

374 4116 434 4168 et
462 4126 667 4167 omnes
698 4106 962 4162 civitates
992 4103 1155 4159 Judae
1188 4106 1245 4155 et
1277 4099 1583 4170 Benjamin
1612 4103 1871 4154 vastatis.
1898 4100 2036 4154 Pars

375 4202 553 4257 etiam
587 4197 827 4254 inferior
855 4192 1107 4249 civitatis
1142 4190 1353 4245 tradita
1384 4190 1574 4244 fuerat
1604 4187 1664 4243 in
1699 4205 1910 4243 manus
1932 4187 2038 4244 ho—

376 4291 557 4347 stium
590 4306 691 4361 per
718 4301 959 4341 manum
992 4282 1199 4337 Sobnm
1230 4278 1567 4350 impiissimi
1602 4278 2036 4352 pontificis,qui

368 4392 495 4463 jam
528 4373 887 4434 sacerdotale
918 4371 1183 4427 ofﬁcium
1214 4369 1626 4441 compleverat.
1666 4369 1916 4441 Ideoque
1952 4370 2039 4425 di-

378 4462 458 4524 cit
491 4485 595 4540 pro
629 4463 895 4537 reliquiis
927 4479 1057 4534 quae
1089 4464 1329 4531 repertae
1360 4462 1519 4513 sunt.

448 4581 475 4608 ‹‹
509 4558 579 4612 Et
610 4556 894 4611 venerunt
942 4549 1090 4607 servi
1139 4549 1292 4621 regis
1341 4546 1595 4602 Ezechia:
1628 4548 1699 4603 ad
1736 4546 1971 4605 Isaiam.
2012 4572 2039 4599 »

376 4646 509 4702 Jam
543 4644 683 4701 dicti
714 4642 821 4698 viri
853 4641 1003 4697 servi
1036 4643 1337 4694 vocantur.
1374 4638 1594 4692 Revera
1631 4636 1787 4692 enim
1838 4656 2045 4695 omnes

2212 3501 2239 3528 «
2274 3479 2345 3534 Et
2375 3479 2664 3534 dederunt
2694 3478 2835 3536 deos
2865 3496 3068 3535 eorum
3119 3481 3262 3553 igni,
3312 3504 3339 3532 »
3389 3481 3445 3537 id
3496 3487 3605 3551 est,
3641 3483 3794 3539 idola

2140 3572 2376 3640 propter
2406 3584 2532 3640 quas
2566 3568 2951 3639 perierunte,«
2985 3586 3101 3624 non
3124 3570 3281 3626 enim
3313 3576 3479 3627 erant
3509 3572 3654 3627 dii.»
3683 3573 3791 3628 Ex-

2141 3644 2307 3730 ponit
2335 3673 2517 3729 quare
2547 3657 2845 3729 perierint.
2871 3658 3144 3731 Despexit
3174 3676 3273 3715 eos
3304 3660 3721 3717 Sennacherib.

2215 3768 2243 3795 «
2278 3745 2676 3801 Subsannavit
2706 3750 2781 3814 te,
2817 3768 2845 3797 »
2886 3746 2945 3801 id
2993 3753 3082 3802 est
3127 3748 3333 3816 irrisit,
3364 3753 3422 3805 te
3464 3750 3625 3823 virgo
3674 3751 3793 3806 filia

2144 3836 2304 3891 Sion.
2336 3858 2364 3886 «
2398 3834 2532 3889 Post
2562 3838 2616 3890 te
2648 3840 2825 3908 caput
2856 3836 3035 3891 movit
3066 3836 3185 3891 filia
3212 3837 3592 3895 Hierusalem.
3629 3861 3657 3889 ››
3690 3839 3791 3895 Po-

2144 3924 2321 3998 pulus
2354 3923 2917 3996 Hierosolymitanus
2961 3925 3087 3980 ideo
3133 3925 3293 3998 virgo
3343 3927 3690 4000 appellatur,
3738 3934 3795 3985 et

2146 4014 2286 4080 tilia,
2321 4013 2459 4085 quia
2491 4012 2719 4068 cunctis
2748 4014 3022 4086 gentibus
3052 4014 3368 4070 simulacra
3413 4017 3793 4072 adorantibus

2147 4108 2512 4159 mortuorum
2544 4102 2876 4169 hominum,
2909 4102 3019 4158 iste
3048 4104 3407 4159 conservavit
3438 4104 3598 4161 solus
3628 4106 3795 4161 casti-

2146 4196 2324 4248 tatem
2358 4191 2658 4265 religionis
2679 4191 2867 4260 Dei,et
2895 4192 3072 4248 unius
3102 4193 3203 4247 Dei
3225 4192 3796 4265 cultum.Virginitas

2147 4282 2305 4337 enim
2337 4298 2451 4337 non
2485 4279 2676 4337 solum
2719 4280 2998 4353 corporis,
3044 4298 3244 4336 verum
3295 4281 3467 4337 etiam
3500 4286 3556 4337 et
3586 4283 3798 4337 mentis

2150 4375 2260 4425 est.
2292 4372 2458 4426 Tunc
2489 4370 2757 4442 dexpexit
2778 4372 2836 4424 et
2861 4369 3049 4424 irrisit
3082 4370 3177 4425 ille
3204 4369 3457 4443 populus
3479 4371 3802 4427 Sennache-

2151 4461 2239 4515 rib
2272 4465 2331 4515 et
2359 4459 2873 4532 Assyrios,quanto
2896 4458 3178 4515 Eliachim
3200 4464 3257 4514 et
3277 4458 3464 4515 caeteri
3488 4459 3652 4516 missi
3674 4460 3802 4516 Eze-

2152 4549 2296 4605 chias
2328 4566 2445 4605 non
2478 4549 2907 4620 responderunt
2934 4548 3160 4603 nuntiis
3192 4548 3584 4604 illius.Postea
3605 4552 3798 4604 autem

2154 4638 2474 4694 interfectis
2504 4636 2776 4710 Assyriis,
2830 4642 2888 4693 et
2935 4637 3213 4693 redeunte
3264 4636 3615 4693 Senacberib
3664 4654 3798 4693 cum

378 4736 558 4790 duces
588 4733 738 4789 servi
767 4733 1071 4793 vocantur,
1102 4726 1359 4798 exceptis
1390 4725 1743 4781 consiliariis
1767 4727 1867 4798 qui
1901 4729 2042 4783 ami-
2071 4747 2116 4811 ι)
2156 4728 2502 4801 ignominia,
2544 4727 2857 4799 captivavit
2896 4726 3011 4782 ﬁlia
3066 4727 3203 4782 Sion
3250 4726 3369 4782 sive
3419 4725 3796 4792 Hierusalem,

378 4823 431 4879 ci
462 4822 615 4895 regis
646 4825 947 4877 vocantur.
1000 4817 1161 4872 Unde
1210 4832 1346 4870 cum
1395 4814 1614 4869 dicitur
1649 4833 1661 4870 :
1698 4816 1886 4880 Quare
1920 4835 2034 4872 non

379 4911 477 4968 isti
511 4929 646 4966 cum
679 4910 868 4965 amico
902 4910 1042 4962 tuo?

454 5024 476 5051 α
516 5001 586 5055 Et
616 4998 763 5053 dixit
791 4997 861 5052 ad
896 5014 993 5052 eos
1027 4992 1552 5050 lsaias.»l’ra2venit
1582 4994 1867 5066 propheta
1892 5013 2037 5051 nun-

380 5089 493 5146 tios
526 5086 854 5158 illius,quia
876 5104 977 5157 per
1007 5084 1278 5155 spiritum
1310 5101 1425 5155 quo
1459 5084 1657 5137 t'utura
1687 5085 2040 5154 praedicebat

379 5177 653 5251 cognovit
685 5166 1055 5247 quid'actum
1088 5176 1263 5241 esset,
1296 5171 1437 5243 quid
1474 5173 1758 5243 Bapsacos
1792 5174 2039 5241 dixerat,

378 5274 435 5321 et
467 5264 612 5338 quid
644 5266 693 5319 ei
718 5282 815 5319 rex
848 5262 1186 5318 mandabat.
1230 5283 1256 5310 «
1288 5261 1417 5315 H1130
1448 5259 1653 5315 dicetis
1682 5259 1923 5316 Domine
1946 5280 2039 5318 vc-

375 5360 520 5419 stro,
560 5374 587 5401 ››
623 5352 927 5422 subaudis,
962 5368 1076 5404 non
1111 5366 1259 5404 meo.
1316 5372 1341 5398 ‹‹
1395 5350 1525 5402 Hzec
1576 5348 1717 5402 dicit
1755 5349 2040 5406 Dominus

374 5458 574 5499 meus.
612 5462 637 5487 ››
672 5440 839 5496 Pueri
872 5443 1153 5497 vocantur
1182 5438 1363 5493 duces
1415 5453 1658 5507 regnum
1708 5439 1807 5509 qui
1858 5440 2039 5495 obsae-

367 5530 651 5598 quuntur
681 5532 916 5604 regibus
951 5528 1096 5585 suis.

433 5638 469 5663 ‹‹
514 5613 661 5665 Ecce
695 5634 800 5690 ego
830 5620 981 5674 dabo
1014 5617 1063 5671 ei
1098 5616 1371 5688 spiritum
1425 5636 1451 5661 »ι
1499 5618 1557 5668 et
1604 5623 1922 5673 revertetur
1968 5618 2042 5673 ad

357 5701 606 5754 terram
640 5715 833 5772 suam,
869 5708 976 5761 hoc
1006 5710 1115 5771 est,
1146 5706 1205 5757 in
1237 5704 1589 5771 Chaldaeam,
1621 5706 1769 5762 dabo
1802 5707 1853 5762 ei
1879 5707 2047 5781 spiri-

341 5781 501 5839 tum
544 5790 661 5836 non
696 5800 969 5850 sanctum
1001 5793 1100 5848 sed
1129 5791 1576 5865 malignum,«et
1608 5794 1809 5853 audire
1832 5796 2043 5854 faciam

2148 4817 2570 4874 subsannando
2600 4820 2657 4871 ct
2680 4815 3143 4872 inconculcando
3174 4816 3244 4871 ei.

2216 4932 2243 4958 ‹‹
2278 4906 2382 4963 Cui
2422 4905 2778 4978 exprobasti,
2839 4910 2897 4962 et
2949 4921 3122 4977 quem
3157 4904 3603 4977 blasphemasti,
3644 4928 3664 4952 ι
3700 4921 3799 4976 per

2147 5014 2344 5053 servos
2376 4996 2548 5051 tuos?
2578 4995 2699 5050 Vox
2728 4994 2982 5051 Ezechiae
3028 4996 3137 5050 sub
3172 4994 3439 5051 irrisione
3470 4994 3542 5049 ad
3575 4994 3795 5050 Senna-

2147 5084 2408 5141 cheribm
2438 5087 2626 5157 Super
2655 5101 2828 5157 quem
2864 5083 3064 5140 levasti
3098 5083 3466 5140 altitudinem
3496 5081 3792 5139 oculorum

2149 5178 2385 5229 tuorum
2417 5175 2489 5229 ad
2522 5179 2791 5228 sanctum
2826 5173 3023 5238 Israel,
3061 5196 3087 5221 ››
3129 5173 3185 5228 id
3241 5177 3349 5243 est,
3383 5176 3585 5228 contra
3614 5172 3792 5226 Deum

2150 5265 2635 5335 omnipotentem,
2674 5279 2788 5318 non
2819 5268 3021 5318 contra
3053 5280 3166 5317 me.
3191 5262 3307 5318 Hoc
3339 5261 3571 5335 proprie
3601 5277 3792 5333 super-

2151 5353 2359 5408 borum
2391 5358 2501 5418 est,
2535 5356 2598 5407 ut
2630 5351 2942 5423 supercilia
2968 5351 3214 5424 erigant.

2223 5466 2251 5492 ‹‹
2286 5441 2589 5512 Dixisti,»o
2622 5440 3398 5507 Sennacherib,«ascendam
3421 5438 3790 5495 Altitudinem

2153 5530 2465 5597 montium,
2493 5530 2641 5602 juga
2699 5528 2926 5593 Libani,
2976 5534 3033 5584 ct
3082 5527 3380 5583 succidam
3437 5524 3684 5592 excelsa,
3743 5528 3792 5580 et

2151 5619 2432 5674 thronum
2463 5622 2615 5691 ejus,
2647 5623 2705 5673 et
2732 5618 2945 5673 electas
2978 5618 3196 5673 abietes
3227 5616 3448 5671 illius.»
3467 5614 3571 5670 Per
3601 5614 3790 5669 cedrus

2154 5708 2548 5781 metaphorice
2579 5712 2637 5763 et
2667 5707 3419 5779 abietes,suporbia,regna,
3444 5708 3501 5760 et
3530 5719 3694 5777 reges
3711 5701 3790 5757 di-

2150 5812 2453 5856 versarum
2482 5797 2744 5872 gentium
2776 5797 2877 5874 qui
2906 5797 3016 5855 sub
3061 5798 3190 5873 ejus
3234 5793 3494 5854 dominio
3523 5791 3789 5852 constite-
