3960 6396
155 513 268 574 901

1214 511 1622 571 COMMENT.
1673 512 1748 572 lN
1796 513 2092 574 ISAIAV.
2142 551 2213 556 ——
2263 515 2408 575 HD.
2457 517 2531 576 ll.

3463 523 3578 582 902

162 649 322 712 runt,
355 645 765 717 designantur.
800 643 906 697 Per
939 643 1226 698 Libanum
1262 648 1452 697 autem
1483 650 1537 696 et
1570 647 1815 699 summi-
1847 649 1896 713 Α
1934 654 2062 700 runt
2101 666 2341 714 messes,
2367 648 2576 713 vineta,
2605 655 2659 703 et.
2682 649 2889 704 oliveta
2915 653 3216 706 eorum.Et
3239 653 3312 706 ob
3336 655 3579 712 nimiam

161 740 344 790 tatem
372 733 459 788 vel
495 733 867 788 altitudinem
891 733 1018 801 ejus
1047 731 1406 786 llierusalem
1429 738 1482 786 et
1509 733 1816 804 templum,

164 825 238 879 ad
275 824 429 895 quod
455 822 579 894 ipse
605 821 787 875 voluit
815 821 1148 874 ascendere.
1179 821 1284 874 Per
1305 821 1518 874 saltum
1545 823 1816 889 Carmeli,

166 913 420 986 populus
453 912 1034 982 llierosolymitanus.

242 1024 269 1051 ‹‹
301 1003 419 1072 Ego
453 1000 568 1054 fodi
602 1006 657 1053 et
681 999 796 1053 bibi
824 1004 1129 1070 aquam,et
1151 1001 1432 1053 exsiccavi
1465 1000 1705 1068 vestigio
1732 1019 1820 1072 pe-

163 1091 257 1146 dis
289 1090 400 1144 mei
435 1107 641 1143 ornnes
673 1089 825 1142 rivos
858 1105 1161 1158 aggerum.
1201 1111 1224 1134 η
1258 1089 1444 1142 Tanta
1477 1089 1583 1142 fuit
1619 1090 1816 1142 multi-

163 1180 310 1235 tudo
342 1178 632 1234 exercitus
665 1177 842 1241 illius,
869 1183 933 1230 ut
957 1176 1153 1230 omnia
1181 1180 1395 1230 lliu-nta
1421 1183 1583 1230 terrm
1603 1179 1816 1231 Judan'e

165 1267 542 1323 exsiccaverit
568 1283 578 1320 :
605 1271 660 1319 et
684 1267 809 1320 ideo
832 1265 1116 1336 compulsi
1145 1272 1352 1336 puteos
1382 1267 1490 1319 sibi
1526 1267 1817 1320 faiideruut.

168 1354 562 1428 Metaphorice
584 1360 776 1408 autem
801 1372 900 1425 per
918 1355 1068 1408 rivos
1087 1353 1381 1408 alveorum
1407 1359 1461 1408 et
1485 1373 1583 1425 per
1606 1373 1817 1425 aquam

167 1446 454 1499 debemus
487 1443 809 1514 intelligere
855 1461 1034 1514 regna
1083 1447 1137 1496 et
1187 1443 1451 1513 regii-mes
1500 1462 1647 1514 quas
1698 1446 1819 1515 ipse

167 1532 501 1597 exsiccavit,
536 1532 967 1586 habitatoribus
993 1549 1192 1584 earum
1228 1531 1566 1586 interfectis.

241 1646 267 1671 ι(
303 1620 579 1692 Nunquid
613 1637 726 1673 non
758 1620 996 1685 audisti,
1037 1643 1061 1665 η
1094 1620 1148 1672 id
1184 1624 1270 1672 est
1303 1619 1711 1690 nunquid.non
1741 1621 1817 1673 in-

166 1710 464 1777 tellexisti,
494 1727 526 1762 0
558 1708 727 1773 Isaia,
765 1733 790 1755 ‹‹
827 1726 952 1779 qua:
985 1707 1122 1762 olim
1160 1707 1391 1761 fecerim
1425 1708 1495 1770 ei,
1528 1732 1552 1753 ››
1578 1708 1683 1762 hoc
1708 1716 1814 1775 est,

165 1817 297 1872 quae
330 1799 380 1853 ei
416 1797 944 1869 prmdestinaverim
964 1797 991 1850 ?
1018 1796 1130 1850 Vox
1155 1797 1247 1850 Dei
1274 1797 1344 1850 ad
1381 1797 1723 1867 prophetam
1750 1799 1818 1851 de

165 1887 588 1944 Sennacherib.
623 1911 648 1934 ‹‹
686 1887 766 1940 Ex
798 1886 1004 1940 diebus
1031 1885 1309 1955 antiquis,
1341 1909 1362 1932 ››
1391 1886 1443 1938 id
1479 1891 1626 1948 est,a
1660 1888 1816 1956 prin-

164 1978 320 2050 cipio
351 1980 754 2032 creaturarum
778 2000 802 2023 ‹‹
834 1992 938 2044 ego
973 1974 1252 2045 plasmavi
1289 1974 1454 2041 illud,
1482 1998 1508 2022 »
1535 1976 1818 2029 subaudis

167 2067 420 2134 malum,
451 2065 606 2136 quod
641 2063 1037 2118 Sennaclierib
1082 2064 1153 2117 ab
1207 2062 1495 2117 universis
1545 2065 1820 2132 gentibus

166 2156 399 2211 illatum
420 2157 529 2208 est.
551 2177 576 2201 ‹‹
598 2154 667 2207 Et
687 2169 840 2206 nunc
867 2177 889 2196 ι)
909 2152 1064 2223 quod
1089 2152 1143 2204 in
1166 2152 1671 2222 pra-destinatione
1693 2171 1820 2206 mea

165 2249 294 2300 erat
328 2266 356 2292 ‹‹
389 2242 603 2297 adduxi
640 2264 666 2288 n
699 2259 874 2311 super
906 2257 1062 2304 eum,
1097 2246 1160 2293 ut
1191 2240 1386 2311 qualia
1420 2241 1717 2302 fecit,talia
1743 2258 1820 2295 re-

166 2333 368 2405 cipiat.
395 2356 421 2380 ‹‹
453 2331 694 2386 Factum
729 2335 814 2384 est
840 2353 863 2378 υ
892 2328 1033 2383 illud
1071 2329 1292 2383 malum
1329 2352 1354 2378 ‹‹
1389 2329 1444 2382 in
1477 2330 1818 2384 eradiCatio-

166 2441 302 2479 nem
337 2420 575 2476 collium
609 2418 1105 2491 impugnantium,
1138 2423 1186 2473 et
1223 2418 1522 2472 civitatum
1568 2420 1819 2473 munita-

166 2530 323 2568 rum.
365 2534 390 2558 ››
427 2511 530 2566 Per
558 2508 734 2563 colles
765 2525 929 2577 reges
961 2512 1016 2560 et
1041 2507 1331 2578 principes
1355 2506 1453 2577 qui
1479 2509 1548 2560 ab
1575 2509 1818 2561 invicem

166 2603 320 2657 inter
345 2617 404 2655 se
427 2599 731 2663 dimicant,
751 2598 1034 2650 debemus
1059 2596 1379 2665 intelligere
1407 2596 1533 2649 illos
1559 2615 1703 2667 quos
1730 2615 1819 2648 ve-

165 2689 336 2744 niens
359 2685 752 2741 Sennacherib
777 2683 1020 2738 Domino
1045 2684 1437 2755 permittente,
1456 2702 1566 2737 non
1591 2690 1824 2756 propter

166 2778 342 2832 istius
375 2776 603 2842 merita,
640 2774 739 2828 sed
776 2791 877 2844 pro
927 2790 1128 2828 eorum
1175 2774 1437 2843 peccatis
1487 2774 1819 2826 eradicavit.

170 2867 232 2922 ln
264 2865 725 2920 eradicationom
758 2863 932 2916 etiam
966 2862 1264 2916 civitatum
1296 2863 1657 2916 munitarum
1694 2863 1820 2916 fuit.

243 2978 270 3002 ‹‹
310 2952 676 3008 Habitatores
730 2968 930 3006 carum
964 2973 993 2999 ι)
1027 2956 1311 3004 terrarum
1374 2951 1460 3005 vel
1521 2952 1822 3005 civitatum

171 3069 197 3094 ‹‹
233 3042 496 3098 breviata
529 3058 706 3095 manu
739 3043 1241 3098 contremuerunt.
1272 3063 1297 3086 ››
1332 3039 1520 3105 idest,
1549 3058 1662 3093 non
1691 3059 1827 3112 pra)-

175 3134 349 3187 bente
380 3148 473 3185 me
505 3147 666 3184 more
696 3128 865 3183 solito
900 3129 1015 3182 illis
1038 3128 1402 3192 auxilium,et
1428 3134 1671 3183 retracto
1697 3147 1824 3182 meo

174 3220 470 3292 adjutorio
501 3220 570 3275 ab
603 3219 740 3285 illis,
779 3242 806 3266 «
839 3219 1064 3273 confusi
1097 3222 1236 3272 sunt
1273 3242 1296 3265 ››
1321 3223 1373 3271 et
1407 3218 1462 3272 in
1498 3219 1622 3273 suis
1655 3219 1826 3273 malis

173 3309 534 3381 consumpti.
569 3309 702 3363 Ideo
732 3325 847 3362 non
895 3312 1313 3379 comparantur
1358 3307 1515 3362 olivae
1562 3313 1616 3362 et
1647 3308 1824 3362 vinea}

174 3398 616 3469 fructuosisque
648 3396 956 3452 arboribus
991 3413 1001 3450 :
1038 3397 1137 3450 sed
1172 3397 1301 3451 feno
1333 3401 1386 3450 et
1418 3396 1669 3468 gramini
1703 3397 1824 3450 ἰων-

170 3491 405 3560 bisque,
421 3505 548 3559 qua:
573 3486 840 3557 frugibus
869 3485 1290 3556 impedimenta
1313 3490 1672 3556 prrrstant,et
1695 3493 1825 3542 ante

170 3580 548 3634 marcescunt
576 3591 750 3647 quam
785 3575 854 3628 ad
888 3574 1288 3628 maturitatem
1312 3574 1701 3645 perveniant.«
1732 3576 1828 3629 l’a—

168 3669 250 3724 cit
282 3670 425 3721 sunt
450 3688 476 3712 »
500 3664 858 3718 habitatores
891 3662 1114 3718 scilicet
1145 3681 1344 3717 earum
1369 3664 1670 3717 civitatum
1697 3688 1720 3712 ‹‹
1749 3663 1825 3718 si-

169 3761 272 3812 cut
304 3757 502 3811 fenum
538 3753 660 3826 agri
692 3758 746 3807 et
777 3769 1017 3825 gramen
1070 3770 1320 3824 pascurn,
1358 3758 1414 3808 et
1445 3753 1597 3807 sicut
1646 3753 1827 3808 herba

169 3851 482 3902 tectorum.
511 3867 538 3892 ››
562 3845 809 3898 Gramen
833 3842 887 3896 in
909 3843 1014 3896 hoc
1036 3842 1160 3898 loco
1183 3843 1364 3897 herba
1386 3847 1492 3909 est,
1521 3860 1644 3914 qum
1669 3843 1824 3914 apud

172 3952 280 3990 nos
311 3933 510 3989 trinua
539 3935 798 3986 vocatuJ.
834 3931 939 3985 Per
969 3932 1167 3985 fenum
1202 3937 1257 3985 et
1289 3931 1516 4002 reliqua
1564 3949 1690 4002 quae
1733 3932 1826 3987 hic

169 4022 470 4086 dicuntur,
495 4019 777 4073 debemus
803 4018 1125 4090 intelligere
1148 4019 1413 4090 populos,
1431 4020 1528 4089 qui
1554 4021 1668 4073 cito
1694 4037 1822 4090 pec-

169 4111 315 4167 catis
361 4107 822 4180 impedientibus
873 4108 1189 4179 perierunt,
1225 4113 1539 4178 antequam
1590 4112 1824 4179 tempus

171 4200 379 4255 mortis
410 4215 611 4253 eorum
645 4197 994 4264 advenisset,
1029 4197 1226 4251 traditi
1265 4197 1318 4250 in
1354 4214 1564 4251 manus
1598 4199 1823 4251 Senna-

169 4289 391 4344 cherib.
408 4311 434 4336 ‹‹
464 4285 887 4342 llabitationem
910 4290 1094 4340 tuam.
1118 4308 1144 4335 »
1163 4285 1513 4357 Babylonem
1532 4285 1819 4354 videlicet,

168 4375 436 4448 cognovi,
471 4392 503 4430 0
534 4373 951 4443 Sennacherib,
979 4397 1004 4422 ‹‹
1033 4379 1088 4429 et
1109 4391 1412 4446 egressum
1443 4377 1610 4427 tuum
1636 4396 1662 4423 ››
1690 4374 1823 4429 inde

168 4489 194 4515 ‹‹
229 4469 288 4519 et
310 4462 620 4518 introitum
649 4467 819 4516 tuum
842 4484 868 4509 ››
891 4461 950 4515 in
972 4466 1189 4516 terram
1224 4461 1694 4533 repromissionis
1717 4486 1742 4511 ‹‹
1767 4467 1824 4517 et

167 4552 464 4609 insaniam
497 4555 661 4606 tuam
686 4572 714 4601 ››
739 4549 847 4605 hoc
880 4554 968 4605 est
1001 4551 1357 4606 dementiam
1383 4574 1410 4600 «
1436 4556 1640 4606 contra
1672 4569 1823 4606 me.»

167 4645 334 4698 Tunc
369 4639 666 4708 insanivit,
702 4640 937 4711 quando
988 4640 1135 4694 dixit
1168 4657 1179 4695 :
1219 4639 1358 4705 Quis
1409 4641 1561 4695 Deus
1612 4642 1824 4712 poterit

162 4749 267 4787 vos
298 4730 546 4785 liberare
577 4730 648 4783 de
680 4746 859 4783 manu
892 4730 1067 4784 mea?

237 4844 263 4869 ‹‹
305 4819 522 4873 Ponam
551 4835 688 4890 ergo
721 4817 1006 4872 circulum
1041 4817 1097 4871 in
1122 4819 1363 4873 naribus
1389 4819 1563 4873 tuis.»
1589 4819 1692 4872 Per
1718 4820 1824 4872 fre-

163 4925 311 4964 num
342 4911 400 4963 et
431 4907 1068 4978 circulum,potentiam
1093 4907 1415 4962 divinitatis
1439 4909 1718 4962 debemus
1743 4907 1816 4961 in-

161 4997 446 5069 telligere.
475 4997 554 5050 Ac
577 4995 625 5049 si
650 4996 868 5050 diceret
892 4994 1226 5050 aliisverbis
1243 5013 1254 5049 :
1272 4996 1347 5050 Os
1363 5001 1530 5050 tuum
1547 4995 1819 5067 blasphe-

158 5103 330 5142 mum
365 5085 624 5156 potentia
651 5084 885 5138 virtutis
917 5101 1057 5138 mea:
1099 5085 1423 5151 int'renabo,
1460 5088 1515 5138 et
1548 5086 1820 5140 reducam

159 5181 216 5230 te
250 5175 324 5229 ab
361 5171 722 5227 Hierusalem
756 5172 813 5224 in
843 5177 1055 5226 terram
1090 5177 1252 5226 tuam
1294 5187 1427 5226 cum
1473 5173 1817 5243 ignominia.

235 5287 262 5312 ‹‹
299 5261 430 5316 Tibi
465 5266 684 5330 autem,
720 5283 748 5309 »
782 5277 814 5314 ο
846 5261 1110 5315 Ezechia.
1143 5285 1169 5310 ‹‹
1207 5264 1319 5315 lloc
1361 5262 1470 5315 erit
1520 5263 1756 5333 signum
1795 5284 1819 5308 ››

161 5351 376 5407 salutis
405 5356 540 5404 tuae.
575 5350 909 5421 Alloquitur
941 5351 1224 5422 propheta
1256 5350 1557 5405 Ezechiam
1602 5368 1818 5420 regem,

160 5441 306 5513 quid
336 5456 507 5511 agere
538 5439 762 5495 debeat.
792 5463 819 5488 ‹‹
843 5440 1090 5494 Comede
1121 5439 1229 5494 hoc
1261 5457 1433 5506 anno,
1463 5445 1523 5494 tu
1553 5444 1609 5492 et
1635 5457 1818 5510 popu-

158 5531 256 5586 lus
288 5535 448 5599 tuus,
466 5545 594 5599 qua:
625 5533 830 5599 sponte
857 5534 1198 5594 nascuntur,
1224 5552 1250 5577 ››
1270 5529 1326 5583 id
1357 5534 1463 5594 est,
1495 5546 1622 5599 quin
1656 5529 1820 5599 prius

159 5635 395 5674 severas
428 5634 606 5688 quam
636 5617 858 5671 veniret
878 5618 1152 5688 Assyrius
1176 5642 1201 5666 ‹‹
1228 5617 1361 5672 etin
1385 5635 1536 5672 anno
1561 5618 1817 5672 secundo

157 5708 357 5781 pomis
414 5723 666 5761 vescere.
705 5705 867 5761 »1110
920 5711 1181 5778 tempore
1230 5725 1364 5762 cum
1408 5709 1534 5778 jam
1584 5711 1818 5778 tempus

158 5795 481 5855 messionis
508 5794 773 5868 instaret,
807 5801 1092 5853 venerunt
1121 5797 1340 5874 Assyrii
1364 5801 1419 5853 et
1451 5795 1820 5854 conculcave-

1855 3383 1896 3448 C

1855 4753 1899 4816 D

1931 737 2328 790 obsessionem
2362 737 2602 791 vastatis
2644 740 2959 808 segetibus,
2994 742 3147 811 quod
3201 745 3579 812 postmodum

1929 845 1992 877 ex
2027 826 2224 894 granis
2259 833 2590 898 reparatum
2620 835 2707 880 est
2741 829 3072 883 habuerunt
3106 831 3296 900 primo
3334 850 3489 886 anno
3521 833 3577 886 in

1929 913 2167 978 vietum,
2205 915 2476 969 similiter
2507 935 2658 970 anno
2691 919 2947 971 secundo
2983 937 2994 972 :
3031 920 3172 989 quia
3204 937 3354 974 anno
3386 922 3582 976 obses-

1929 1004 2110 1056 sionis
2144 1021 2330 1056 serere
2357 1022 2467 1057 nou
2506 1011 2817 1075 potuerunt
2849 1024 2973 1077 qum
3007 1013 3347 1078 repererunt
3376 1028 3442 1063 ex
3467 1012 3579 1064 fru-

1929 1093 2100 1161 gibus
2133 1099 2184 1146 et
2221 1094 2408 1163 ponus
2440 1101 2840 1164 sumpserunt.
2877 1121 2899 1142 (ι
2943 1097 3001 1150 1η
3037 1114 3189 1151 anno
3231 1103 3423 1152 autem
3459 1104 3576 1154 ter-

1930 1181 2029 1240 tio,
2055 1205 2077 1227 n
2102 1182 2436 1251 fugatojam
2461 1185 2694 1254 Assyrio
2718 1202 2850 1238 cum
2888 1187 3221 1253 securitate,
3247 1208 3273 1238 α
3295 1187 3576 1242 seminate

1928 1275 1980 1322 ct
2015 1271 2231 1331 metite,
2258 1277 2308 1322 et
2337 1271 2590 1340 plantate
2621 1272 2819 1327 vineas
2849 1297 2872 1320 η
2899 1273 3108 1328 iterum
3142 1293 3290 1347 quas
3318 1281 3574 1331 vastave-

1932 1363 2064 1410 runt
2098 1364 2152 1410 et
2184 1361 2626 1414 eradicaveruut
2658 1363 2900 1432 Assyrii.

2006 1469 2031 1492 ‹‹
2067 1447 2133 1500 Et
2166 1448 2378 1514 mittet,
2415 1471 2440 1496 ››
2477 1450 2761 1503 subaudis
2794 1469 2978 1522 genus
3007 1452 3335 1523 hominum,
3363 1479 3387 1503 ‹‹
3424 1455 3577 1525 quod

1931 1534 2216 1589 salvatum
2245 1538 2428 1590 fuerat
2457 1562 2480 1584 ››
2501 1557 2531 1591 a
2557 1539 2802 1593 Domino
2828 1565 2852 1587 «ι
2880 1541 2950 1594 de
2975 1541 3148 1596 domo
3169 1542 3404 1606 Juda,et
3424 1543 3580 1614 quod

1932 1624 2221 1694 reliquum
2256 1632 2342 1679 est
2378 1627 2566 1680 mittet
2600 1629 2851 1682 radicem
2889 1629 3174 1695 deorssm,
3201 1635 3256 1684 et
3281 1631 3447 1684 faciet
3472 1632 3584 1685 fru-

1929 1717 1978 1765 ct
1995 1731 2086 1765 um
2110 1732 2368 1768 sursum.
2396 1739 2418 1760 ιι
2439 1717 2599 1770 Sicut
2623 1717 2796 1770 arbor
2815 1718 3088 1771 deorsum
3125 1719 3303 1772 mittit
3326 1719 3578 1773 radicem

1930 1819 2034 1853 suo
2069 1808 2346 1873 teu'ipom,
2384 1810 2437 1856 et
2472 1804 2659 1874 pomis
2695 1805 2947 1876 l‘tf‘plt‘illl‘
2979 1824 3214 1860 sursum
3244 1823 3255 1860 :
3283 1807 3364 1860 sic
3388 1808 3580 1861 omnis

1930 1894 2080 1942 terra
2113 1890 2361 1943 duarum
2397 1891 2654 1944 tribuum
2689 1909 2755 1945 ex
2789 1909 2960 1962 parvo
2985 1891 3199 1963 populo
3223 1891 3441 1963 repleta
3463 1897 3574 1947 est.

1931 1977 2062 2030 Ideo
2094 1983 2288 2031 autem
2323 1979 2485 2032 addit.
2518 1996 2530 2032 :

2002 2089 2024 2111 (ι
2063 2066 2140 2119 De
2170 2066 2306 2119 Sion
2338 2071 2393 2119 et
2422 2067 2490 2120 de
2522 2067 2883 2122 Hierusalem
2919 2068 3204 2122 exbibunt
3252 2068 3512 2141 reliquize
3551 2092 3578 2118 ››

1931 2155 2067 2224 quia
2100 2155 2296 2208 decem
2335 2156 2522 2210 tribus
2552 2162 2605 2210 et
2637 2173 2841 2211 omnes
2875 2158 3135 2212 civitates
3157 2159 3322 2212 Judzn
3346 2163 3579 2212 vastata:

1930 2248 2115 2302 erant.
2153 2268 2175 2289 ‹‹
2212 2243 2378 2297 Zelus
2413 2245 2700 2311 Domini,»
2728 2246 2779 2299 id
2815 2247 3121 2311 est,fervor
3151 2247 3371 2301 amoris
3400 2253 3456 2301 et
3479 2247 3583 2301 mi-

1931 2332 2276 2395 sericordize,
2313 2357 2335 2379 ‹‹
2377 2334 2546 2387 faciet
2595 2334 2746 2388 istud
2789 2358 2812 2379 υ
2847 2336 3002 2405 quod
3055 2336 3326 2406 superius
3357 2337 3581 2390 dictum

1931 2426 2039 2490 est,
2075 2440 2186 2474 non
2223 2422 2452 2476 illorum
2489 2425 2787 2477 meritum.

2005 2535 2028 2556 υ
2066 2512 2186 2563 Non
2223 2512 2462 2566 intrabit
2493 2513 2787 2565 civitatein
2823 2513 2994 2566 hanc.
3026 2535 3050 2558 ι)
3074 2513 3315 2568 Obsedit
3348 2514 3585 2585 quidem

1932 2616 2083 2664 eam,
2119 2601 2214 2652 sed
2253 2619 2363 2652 non
2401 2601 2642 2653 intrabit
2675 2601 2730 2654 in
2767 2601 2949 2654 illam.
2976 2625 2999 2646 ‹‹
3039 2603 3162 2655 Non
3199 2601 3367 2656 faciet
3401 2603 3475 2656 ibi
3501 2620 3588 2657 sa-

1932 2689 2138 2757 gittam
2175 2710 2200 2734 n
2239 2693 2301 2741 ut
2332 2689 2642 2742 interficiat
2675 2689 2749 2742 ibi
2786 2690 3065 2760 aliquem.

2005 2800 2029 2821 ‹‹
2070 2778 2126 2828 ΕΙ
2166 2782 2464 2846 protegam
2505 2776 2794 2830 civitatem
2847 2778 3042 2842 istam,
3080 2783 3143 2830 ut
3191 2778 3406 2831 salvom
3457 2795 3584 2832 eam

1934 2870 2171 2934 propter
2204 2881 2313 2926 me,
2351 2887 2376 2912 υ
2413 2883 2526 2918 non
2557 2871 2792 2934 preptcr
2823 2871 3078 2918 vestrum
3111 2866 3408 2934 meritum,
3430 2890 3454 2914 ‹‹
3484 2867 3585 2920 5-εά

1936 2957 2169 3022 propter
2200 2952 2374 3005 David
2411 2970 2640 3006 servum
2675 2970 2892 3006 meum.
2930 2976 2956 3000 »
2989 2953 3131 3006 Cum
3165 2953 3306 3007 dicit
3352 2959 3588 3025 propter

1936 3041 2135 3105 David,
2171 3041 2425 3094 ostendit
2454 3040 2682 3110 aliquos
2715 3041 2792 3094 ibi
2824 3059 2951 3095 esse
2982 3041 3081 3112 qui
3135 3041 3430 3096 habebant
3479 3041 3584 3096 ali-

1937 3129 2070 3200 quid
2110 3129 2301 3182 meriti
2333 3134 2389 3183 et
2420 3129 2548 3183 lidei
2585 3129 2783 3196 David,
2818 3134 2873 3183 et
2907 3146 3009 3199 per
3030 3130 3137 3184 hoc
3163 3131 3337 3184 datur
3368 3130 3584 3185 intelli-

1935 3218 2011 3289 gi,
2048 3217 2183 3288 quia
2216 3235 2317 3287 pro
2347 3217 2514 3271 bonis
2548 3223 2778 3288 patrum
2813 3218 3124 3273 miseretur
3153 3219 3438 3274 Dominus
3463 3236 3588 3274 om-

1939 3307 2206 3378 nipotens
2240 3306 2411 3360 malis
2445 3305 2600 3362 filiis.

2010 3417 2036 3443 ‹‹
2070 3396 2350 3466 Egressus
2383 3400 2468 3449 est
2491 3400 2683 3450 autem
2709 3396 2952 3466 angelus
2978 3396 3276 3461 Domini,»
3301 3397 3587 3452 subaudis

1937 3501 1969 3537 a
2003 3483 2124 3537 loco
2185 3501 2312 3548 suo,
2350 3508 2375 3533 ‹‹
2408 3490 2463 3539 et
2512 3486 2808 3555 percussit
2864 3487 3237 3557 Assyriorum
3295 3486 3589 3558 octoginta

1938 3573 2196 3645 quinque
2241 3574 2444 3628 millia.
2485 3598 2510 3622 ››
2542 3575 2667 3628 Non
2712 3575 2906 3645 gladio
2955 3575 3243 3630 materiali
3296 3574 3587 3630 interfecit

1937 3679 2055 3729 eos,
2092 3663 2192 3717 sed
2227 3663 2324 3717 Dei
2362 3663 2635 3734 potentia.
2673 3664 2810 3718 Sine
2841 3663 3075 3718 vulnere
3105 3663 3392 3718 interfecti
3429 3668 3586 3729 sunt,

1937 3757 1990 3804 et
2022 3751 2235 3806 redacti
2271 3753 2326 3805 in
2362 3752 2635 3806 cinerem.
2666 3775 2693 3800 «
2723 3753 2791 3806 Et
2823 3758 3201 3807 surrexerunt
3232 3769 3423 3816 mane,
3453 3774 3480 3799 »
3501 3751 3592 3806 vi-

1935 3840 2144 3894 delicet
2176 3841 2571 3895 Sennaclierib
2605 3857 2738 3894 cum
2767 3841 2994 3910 paucis,
3028 3842 3228 3895 decem
3263 3839 3485 3892 scilicet
3506 3839 3588 3891 vi-

1937 3931 2015 3983 ris
2037 3929 2465 3988 tantummodo,
2489 3934 2550 3981 ut
2567 3928 2749 3982 Judrei
2771 3930 3031 3994 tradunt,
3054 3952 3079 3976 ‹‹
3101 3931 3156 3980 et
3173 3943 3303 3981 ecce
3330 3943 3534 3980 omnes
3561 3949 3588 3975 ››

1934 4017 2017 4070 illi
2053 4016 2340 4071 interfecti
2373 4021 2539 4070 erant
2570 4039 2594 4063 (ι
2632 4015 2913 4069 cadavera
2946 4019 3333 4068 mortuorum.
3368 4036 3393 4061 υ

2009 4130 2034 4154 ‹‹
2071 4108 2137 4159 Et
2170 4122 2441 4177 egressus
2472 4110 2559 4157 est
2590 4102 2983 4158 Sennacherib
3006 4104 3076 4156 de
3098 4103 3316 4156 finibus
3337 4100 3588 4166 Judze,et

1935 4194 2077 4247 abiit
2108 4194 2163 4247 in
2201 4200 2413 4248 terram
2449 4210 2615 4247 suam
2649 4192 2892 4246 Niniven
2925 4191 3236 4246 civitatem.
3263 4193 3332 4246 Et
3366 4193 3585 4246 factum

1933 4289 2021 4337 est
2053 4301 2186 4337 cum
2221 4283 2487 4336 adoraret
2517 4282 2574 4335 in
2611 4281 2824 4352 templo
2856 4281 3111 4336 Nesracli
3158 4281 3334 4335 deum
3386 4298 3584 4349 suum,

1932 4371 2310 4426 Adramelech
2331 4377 2388 4425 et
2406 4372 2648 4426 Sarasar
2671 4370 2770 4423 filii
2798 4371 2925 4441 ejus
2949 4375 3367 4440 percusserunt
3390 4387 3585 4424 eum.»

1935 4460 2241 4524 Quzeritur,
2268 4476 2449 4530 quare
2476 4475 2586 4511 non
2614 4457 2786 4528 periit
2807 4474 2941 4511 cum
2968 4457 3182 4528 populo
3205 4456 3298 4510 cui
3319 4461 3583 4527 praeerat,

1934 4567 2066 4603 cum
2099 4548 2332 4602 illorum
2366 4547 2592 4601 malitia
2622 4547 2692 4600 ob
2716 4563 2893 4617 quam
2916 4547 3398 4617 perieruntjussu
3425 4544 3586 4601 illius

1937 4642 2086 4693 facta
2118 4642 2292 4692 esset.
2319 4638 2400 4690 Ad
2434 4636 2588 4707 quod
2623 4634 3105 4706 dicendum,quia
3128 4633 3185 4688 in
3208 4634 3316 4689 hoc
3339 4634 3587 4705 nequior

1933 4733 2209 4782 ostensus
2239 4730 2348 4792 est,
2384 4727 2537 4797 quod
2574 4743 2688 4779 non
2722 4725 2831 4779 fuit
2860 4724 3074 4797 dignus
3124 4723 3270 4777 mori
3323 4723 3381 4777 in
3430 4728 3586 4778 terra

1934 4816 2187 4880 Domini,
2222 4817 2323 4870 sed
2347 4815 2404 4869 in
2440 4833 2566 4882 sua,
2599 4820 2655 4868 et
2688 4831 2883 4869 coram
2935 4815 3040 4869 deo
3091 4830 3196 4868 suo
3229 4830 3263 4867 a
3293 4812 3428 4866 ﬁliis
3460 4812 3584 4867 suis

1931 4905 2303 4960 intertiei.Sic
2321 4910 2376 4959 et
2397 4905 2617 4960 Pharao
2635 4903 2786 4959 inter
2808 4903 3006 4958 decem
3033 4902 3235 4973 plagas
3258 4905 3584 4956 reservatus

1932 5001 2040 5061 est,
2064 4999 2126 5048 ut
2144 4994 2428 5048 Dominus
2453 4992 2707 5065 amplius
2731 4989 3378 5065 gloriﬁcaretur.Qua3ri
3403 4990 3580 5044 etiam

1932 5089 2142 5155 potest,
2179 5102 2305 5155 qum
2338 5101 2516 5137 causa
2545 5083 2850 5148 exstiterit,
2887 5087 2950 5136 ut
2981 5099 3013 5136 a
3047 5079 3182 5135 filiis
3214 5080 3339 5135 suis
3370 5080 3586 5133 interﬁ-

1932 5175 2200 5228 ceretur?
2237 5174 2605 5226 Hebraeorum
2639 5172 2873 5226 traditio
2896 5177 2981 5227 est
3004 5169 3280 5225 habuisse
3302 5186 3433 5223 eum
3461 5167 3587 5239 plu-

1934 5263 2114 5316 rimas
2147 5279 2374 5327 uxores,
2411 5279 2478 5316 ex
2509 5262 2724 5332 quibus
2756 5265 2873 5315 tres
2908 5261 3055 5315 filios
3088 5260 3340 5314 habebat
3365 5274 3376 5311 :
3401 5259 3581 5312 Adra-

1934 5352 2177 5418 melech,
2214 5356 2270 5405 et
2302 5352 2574 5417 Sarasan,
2599 5355 2651 5404 et
2675 5349 3151 5405 Assaradon.Scd
3177 5349 3316 5418 quia
3335 5351 3581 5401 matrem

1930 5442 2260 5496 Assaradon
2296 5459 2410 5511 pra:
2445 5440 2667 5494 carteris
2700 5439 3001 5512 diligebat,
3037 5438 3289 5493 decrevit
3323 5435 3488 5490 illum
3522 5436 3581 5490 in

1933 5547 2176 5601 regnum
2211 5530 2521 5583 succedere
2553 5528 2685 5582 sibi.
2720 5528 2996 5582 Videntes
3036 5531 3231 5582 autem
3260 5527 3342 5580 illi
3376 5528 3492 5581 duo
3521 5543 3584 5582 se

1929 5617 2768 5682 exhzeredatosjnterfecerunt
2787 5622 3008 5687 patrem
3026 5616 3582 5687 suum.thuiajam

1929 5707 2328 5780 gubernacula
2362 5707 2520 5779 regni
2546 5706 2780 5760 tenebat
2800 5707 3129 5760 Assaradon
3155 5706 3334 5760 frater
3353 5721 3578 5772 eorum,

1928 5799 2206 5871 fugerunt
2237 5797 2296 5853 in
2331 5802 2545 5855 terram
2566 5796 2807 5865 Ararad,
2833 5813 2962 5872 (11183
2985 5799 3074 5852 est
3096 5795 3252 5869 regio
3274 5793 3578 5852 Armeniae.
