3960 6374
390 452 508 514 903

934 582 1167 639 CAPUT
1204 581 1493 639 XXXVIII.

461 705 491 733 ι(
525 680 589 736 Ιιι
614 676 821 733 diebus
842 673 961 729 illis
985 696 1012 722 »
1037 672 1252 745 quibus
1273 671 1617 729 interfectus
1636 676 1725 728 est
1742 672 2038 745 Assyrius,

396 791 420 823 ι
452 766 751 843 ωετοῐιινίῐ
781 762 1057 820 Ezechias
1087 760 1437 835 gravissima
1475 761 1840 818 inﬁrmitate.
1874 786 1901 813 ››
1937 761 2042 818 Hic

389 878 504 919 non
538 856 970 921 manifestatur,
1002 869 1183 926 quare
1215 851 1596 924 mgrotaverit,
1631 851 1715 906 vel
1747 867 1929 924 quare
1958 851 2042 906 in-

389 950 655 1007 ﬁrmatus
685 945 780 1002 sit.
806 944 918 1000 Sed
951 943 1012 999 in
1042 942 1192 997 libro
1215 942 1439 1014 Regum
1466 945 1523 995 et
1554 940 2039 1013 Paralipomenon

386 1039 645 1113 apertius
676 1034 1011 1092 ostenditur
1039 1032 1169 1089 ideo
1199 1048 1334 1087 eum
1365 1036 1697 1104 mgrotasse,
1732 1032 1889 1103 quod
1923 1048 2040 1087 non

382 1127 641 1185 cantavit
669 1125 919 1183 Domino
956 1122 1163 1179 laudes
1194 1137 1381 1194 neque
1412 1120 1611 1176 retulit
1635 1120 1684 1175 ei
1717 1120 1937 1192 gratias
1968 1120 2040 1175 de

382 1218 626 1277 victoria
657 1215 771 1273 sibi
801 1216 874 1278 ab
904 1212 1005 1268 illo
1054 1210 1286 1279 collata,
1319 1209 1422 1265 sed
1472 1209 1531 1264 in
1582 1210 1921 1283 superbiam
1975 1226 2039 1265 se

381 1308 564 1365 erexit
593 1308 683 1377 (IV
712 1307 843 1376 Reg.
865 1321 973 1371 xx;
995 1302 1045 1356 Il
1062 1301 1250 1357 Paral.
1274 1299 1471 1371 nx").
1496 1323 1522 1350 «
1548 1299 1803 1373 Dispone
1835 1299 2039 1356 domui

382 1402 519 1467 tuae,
554 1420 583 1447 »
614 1397 673 1452 id
705 1399 814 1463 est,
846 1392 1074 1460 ordina,
1107 1390 1206 1462 qui
1240 1389 1348 1446 tibi
1378 1389 1689 1445 succedere
1738 1389 1947 1445 debeat
1976 1388 2035 1444 in

383 1502 652 1562 regnum.

454 1599 483 1628 ιι
515 1576 587 1631 Et
613 1572 898 1630 convertit
926 1570 1135 1628 faciem
1166 1585 1337 1626 suam
1360 1568 1433 1624 ad
1454 1566 1796 1641 parietem,»
1824 1567 2036 1630 domus

382 1683 507 1734 sua;
529 1663 620 1721 vel
649 1661 875 1734 templi,
897 1677 968 1716 ne
1000 1677 1034 1715 a
1063 1658 1588 1714 circumstantibus
1620 1656 1922 1713 audiretur
1943 1672 2035 1728 ge-

381 1756 563 1821 mitus
593 1754 744 1824 ejus,
776 1756 834 1807 et
863 1750 1199 1805 viderentur
1228 1747 1518 1819 lacrymai.

454 1866 483 1894 ιι
516 1843 581 1909 In
627 1841 871 1909 veritate
926 1836 1225 1909 ambulavi
1270 1852 1468 1892 coram
1518 1838 1593 1903 te,
1630 1858 1659 1885 »
1691 1835 1800 1890 hoc
1830 1840 1940 1904 est,
1970 1834 2033 1892 in

376 1932 541 1990 cultu
573 1928 876 2003 religionis
893 1952 921 1978 ‹‹
944 1927 1004 1982 ἰιι
1026 1926 1199 1981 corde
1223 1925 1533 1998 perfecto,»
1558 1941 1673 1979 non
1691 1924 2032 1982 claudicans

376 2026 512 2097 post
541 2019 719 2077 idola.
754 2018 918 2086 Quod
951 2017 1172 2072 bonum
1202 2014 1313 2070 fuit
1339 2013 1396 2071 in
1421 2012 1608 2069 oculis
1640 2014 1872 2069 Domini
1895 2014 2029 2083 feci,

376 2112 517 2185 quia
544 2107 704 2165 idola
731 2124 860 2181 qua:
891 2110 1057 2179 pater
1084 2104 1214 2176 ejus
1241 2104 1457 2159 fecerat
1480 2103 1863 2159 destruxit.Et
1880 2103 2032 2160 ostia

374 2203 591 2259 domus
620 2197 1009 2268 Domini,quze
1041 2193 1334 2250 clauserat
1362 2191 1580 2266 impius
1612 2192 1848 2266 genitur
1875 2194 2026 2264 ejus,

373 2291 500 2366 ipse
517 2288 829 2362 aperuit,et
843 2288 1177 2357 serpentem
1193 2299 1419 2339 aeneum
1438 2282 1539 2355 qui
1556 2282 1752 2339 eratin
1766 2282 2028 2353 Gabaon,

373 2398 552 2454 quem
582 2376 767 2435 Judaei
799 2374 1145 2441 adorabant,
1178 2372 1519 2428 minutatim
1567 2372 1853 2445 confregit
1882 2376 1939 2426 et
1968 2370 2028 2427 in

370 2474 601 2535 ventem
632 2466 868 2540 sparsit.
901 2487 928 2514 «
964 2464 1033 2518 Et
1063 2463 1220 2517 ﬁevit
1246 2462 1384 2517 ﬁetu
1414 2478 1628 2534 magno
1664 2460 1961 2516 Ezechias.
1994 2482 2024 2510 »

373 2561 509 2624 Ideo
542 2558 738 2626 ﬁebat,
769 2553 907 2627 quia
938 2552 1063 2608 sine
1094 2550 1233 2606 ﬁliis
1263 2551 1484 2606 erat.Et
1503 2549 1735 2605 videbat
1755 2549 1815 2605 in
1842 2567 1905 2605 se
1927 2550 2025 2605 de-

372 2649 561 2724 perire
590 2648 826 2721 pr0pter
844 2646 1083 2716 peccata
1102 2658 1211 2696 sua
1230 2638 1681 2713 promissionem
1706 2639 2026 2712 illam,quae

372 2741 446 2801 ad
482 2738 658 2797 David
690 2753 725 2792 a
746 2733 992 2791 Domino
1013 2733 1168 2787 facta
1188 2736 1278 2786 est
1302 2747 1314 2786 :
1344 2754 1369 2779 ‹‹
1394 2732 1536 2786 Cum
1556 2730 1869 2786 dormieris
1889 2746 2024 2786 cum

370 2828 640 2902 patribus
656 2820 1103 2892 tuis,suscitabo
1120 2836 1320 2876 semen
1337 2823 1507 2874 tuum
1524 2820 1681 2891 quod
1699 2819 2028 2892 egredietur

370 2918 444 2977 de
459 2916 680 2977 lumbis
698 2912 841 2983 tuis,
860 2916 918 2969 et
932 2926 1148 2984 ponam
1171 2908 1317 2965 illud
1339 2926 1516 2981 super
1544 2908 1821 2964 thronum
1847 2908 2025 2965 Israel

372 3010 432 3065 in
464 3005 910 3080 sempiternum.
944 3002 1015 3058 Et
1043 2999 1154 3055 erit
1184 2998 1328 3054 mihi
1361 2997 1422 3053 in
1463 2997 1675 3064 ﬁlium,
1708 3002 1766 3053 et
1795 3015 1900 3070 ego
1927 3015 2026 3059 ero

370 3097 457 3157 illi
487 3096 548 3153 in
579 3099 807 3168 patrem
838 3092 886 3161 (ι
911 3090 1100 3155 Paral.
1132 3105 1283 3157 xxn;
1316 3088 1368 3143 II
1394 3088 1523 3159 Reg.
1554 3105 1669 3156 vn;
1703 3087 1864 3143 Hebr.
1897 3087 1960 3159 ι).
1992 3110 2022 3139 ››

443 3210 471 3237 ‹‹
505 3186 648 3242 Ecce
677 3199 783 3255 ego
815 3179 1093 3253 adjiciam
1123 3195 1302 3251 super
1329 3177 1456 3234 dies
1503 3180 1638 3234 tuos
1687 3176 2025 3249 quindecim

371 3291 579 3333 annos.
616 3296 637 3323 ι
676 3274 741 3327 In
768 3267 1293 3342 praedestinatione‘
1308 3263 1410 3339 Dei
1440 3266 1700 3338 primum
1732 3266 1853 3322 dati
1886 3269 2028 3322 sunt

760 450 1171 511 HAYMONIS
1218 448 1754 510 HALBERS'I‘A'I‘.
1804 448 2049 511 EPISC.
2097 451 2270 513 OPP.
2316 454 2521 516 PARS
2567 457 2613 516 Ι.
2662 493 2740 502 ——
2786 460 3194 523 COMMENT.
3242 464 3440 526 BIBL.

2061 1969 2110 2051 Β

3684 469 3795 530 9οι

2068 588 2122 656 Α
2151 586 2321 642 audis
2355 588 2554 661 potius
2586 592 2824 662 moriar,
2848 598 2905 649 et
2935 595 3031 651 ibo
3052 596 3125 652 ad
3147 596 3465 657 infernum.
3483 598 3625 657 Illuc
3646 601 3796 661 enim

2150 680 2389 731 noverat
2421 694 2626 735 omnes
2656 685 2791 738 ante
2823 683 3141 740 adventum
3172 686 3405 743 Domini
3430 688 3795 758 descendere,

2151 762 2253 819 sed
2285 763 2452 821 aliter
2482 767 2629 840 pios,
2663 768 2832 827 aliter
2862 771 3095 847 impior.

2220 876 2247 902 «
2283 855 2529 919 Ωιιωείνί
2561 857 2862 915 residuum
2895 878 3184 918 annorum
3219 881 3507 931 meorum,
3544 888 3572 915 »
3602 866 3660 922 id
3691 871 3797 939 est,

2150 940 2387 1011 quaesivi
2405 946 2627 999 orando
2643 946 2909 1004 sublatos
2928 949 3071 1005 mihi
3093 952 3166 1006 ob
3187 958 3493 1024 peccatum
3515 955 3797 1026 superbia

2150 1044 2336 1085 annos
2367 1049 2400 1086 a
2431 1032 2568 1089 Deo.
2603 1058 2631 1084 «
2666 1035 2789 1091 Dixi
2830 1060 2855 1087 ι»
2889 1040 3044 1111 apud
3077 1057 3191 1108 me,
3226 1042 3453 1114 positus
3475 1042 3534 1097 in
3559 1043 3798 1099 inﬁrmi-

2150 1120 2285 1173 tate.
2312 1142 2337 1168 ‹‹
2364 1120 2490 1177 Non
2511 1122 2719 1179 videbo
2742 1125 2927 1181 Deum
2952 1128 3136 1185 Deum
3161 1129 3221 1185 in
3246 1134 3401 1189 terra
3418 1132 3799 1189 viventium.»

2221 1231 2247 1255 ‹‹
2283 1208 2409 1264 Νοιι
2439 1212 2725 1284 aspiciam
2766 1214 3066 1271 hominem
3120 1217 3296 1289 ultra,
3328 1224 3385 1274 et
3412 1219 3799 1279 habitatorem

2147 1295 2383 1366 quietis.
2410 1320 2439 1348 »
2472 1299 2721 1366 Quidam
2751 1304 2981 1361 codices
3002 1304 3222 1362 habent
3245 1308 3556 1369 Dominum
3579 1315 3759 1367 Deum
3782 1328 3795 1369 :

2146 1385 2248 1474 sed
2280 1385 2427 1442 falso
2456 1389 2744 1462 scriptum
2770 1396 2878 1449 est.
2898 1394 2995 1453 Bis
3012 1396 3170 1453 enim
3194 1397 3376 1469 repeti
3397 1398 3571 1455 debet
3592 1404 3795 1474 Deum,

2146 1473 2301 1529 sicut
2331 1475 2539 1535 beatus
2569 1478 2959 1559 Hieronymus
2988 1482 3151 1540 dicit.
3185 1484 3434 1554 Quidam
3454 1486 3632 1545 etiam
3655 1473 3795 1545 divi-

2144 1561 2294 1618 dunt
2314 1563 2431 1620 ita:
2458 1565 2583 1622 Non
2614 1568 2899 1641 aspiciam
2931 1570 3229 1630 hominem
3252 1574 3491 1644 ultra,et
3509 1576 3796 1634 habitato-

2146 1666 2290 1720 rem,
2323 1654 2710 1713 terminantes
2737 1656 2818 1714 ibi
2850 1676 3121 1718 versum:
3156 1666 3214 1719 et
3235 1663 3307 1721 ad
3339 1664 3644 1739 sequentia
3660 1654 3800 1738 jun-

2143 1746 2294 1813 gunt
2317 1758 2330 1796 :
2356 1743 2582 1809 Quievit
2601 1748 2898 1818 generatio
2920 1767 3070 1806 mea.
3089 1751 3160 1807 Et
3180 1752 3389 1811 beatus
3412 1755 3652 1828 quidem
3676 1757 3800 1813 Hie-

2142 1846 2426 1921 ronymus
2454 1839 2692 1908 propter
2722 1836 3169 1910 ambiguitatem
3216 1842 3375 1898 verbi
3426 1844 3685 1921 primum
3718 1846 3797 1903 ita

2142 1919 2465 1989 transtulit,
2491 1923 2592 1979 sed
2623 1929 2827 1996 postea
2855 1928 3105 1984 correxit
3134 1919 3525 1991 habitatorem
3557 1932 3792 2013 quietis.

2142 2007 2363 2066 Sensus
2393 2009 2575 2084 hujus
2603 2014 2875 2072 versiculi
2908 2016 3045 2075 talis
3074 2022 3165 2075 est
3192 2035 3205 2075 :
3238 2019 3297 2076 Si
3338 2007 3690 2080 descendere
3721 2024 3795 2081 ad

2139 2096 2353 2155 inferni
2381 2100 2658 2172 claustra,
2682 2108 2739 2160 et
2767 2103 2849 2160 ibi
2880 2105 3201 2165 damnatus
3222 2109 3386 2167 fuero
3407 2115 3644 2186 propter
3663 2129 3796 2169 mea

2139 2186 2394 2247 scelera:
2420 2207 2536 2247 non
2565 2192 2772 2250 videbo
2804 2195 3138 2265 Dominum,
3173 2197 3231 2253 id
3264 2203 3372 2268 est,
3397 2200 3583 2257 Deum
3604 2201 3793 2259 omni-

2137 2281 2439 2348 potentem
2468 2279 2529 2334 in
2558 2285 2714 2338 terra
2741 2283 3082 2352 viventium,
3114 2286 3225 2342 hoc
3255 2293 3365 2361 est,
3388 2288 3449 2345 in
3479 2291 3679 2367 requie
3695 2292 3794 2365 ju-

2138 2370 2365 2422 storum
2392 2371 2449 2426 .et
2479 2368 2541 2424 in
2572 2370 2797 2435 coalesti
2829 2372 3212 2431 beatitudine.
3238 2377 3364 2437 Non
3394 2378 3682 2451 aspiciam
3702 2380 3799 2436 bo-

2136 2453 2357 2509 minem
2391 2453 2565 2525 ultra,
2587 2457 2636 2513 si
2660 2459 2976 2518 damnatus
3005 2462 3168 2518 fuero
3199 2465 3554 2525 aeternaliter
3582 2468 3645 2527 in
3670 2486 3795 2542 pce-

2136 2543 2229 2599 nis
2244 2542 2458 2600 inferni
2485 2562 2498 2601 :
2524 2562 2640 2602 non
2658 2548 2865 2605 videbo
2888 2553 3265 2625 postmodum
3287 2556 3584 2626 quomodo
3606 2557 3792 2614 Filius

2136 2631 2368 2705 Dei,qui
2391 2634 2559 2691 nobis
2588 2638 2981 2709 repromissus
3011 2646 3120 2710 est,
3144 2659 3318 2697 verus
3348 2643 3503 2700 Deus
3532 2648 3590 2700 et
3619 2662 3791 2703 verus

2135 2720 2312 2804 homo
2360 2724 2665 2781 consistat.
2694 2726 2796 2782 Vel
2828 2727 3003 2784 etiam
3045 2748 3160 2785 non
3210 2732 3418 2787 videbo
3467 2734 3793 2811 quemlibet

2136 2817 2476 2868 sanctorum
2508 2813 2565 2868 in
2599 2814 2784 2888 gloria
2813 2819 3174 2875 azternitatis.
3209 2821 3334 2877 Non
3374 2822 3581 2878 videbo
3611 2824 3790 2880 etiam

2135 2900 2524 2958 habitatorem
2558 2905 2796 2976 quietis.
2827 2906 2977 2963 Vera
3005 2908 3174 2980 quies
3203 2913 3260 2966 et
3294 2927 3432 2968 vera
3477 2911 3791 2969 exsultatio

2134 2987 2262 3058 vitae
2289 2994 2514 3046 (eterna:
2552 2997 2665 3060 est,
2696 2994 3113 3067 contemplatio
3156 3001 3215 3053 et
3264 2996 3410 3053 visio
3459 2998 3785 3055 Trinitatis.

2135 3076 2277 3144 Quis
2305 3084 2394 3134 est
2424 3079 2719 3139 habitator
2747 3088 2972 3139 aeternae
3003 3085 3154 3153 vitae,
3180 3085 3295 3141 nisi
3328 3086 3453 3159 ipse
3484 3087 3637 3149 Deus
3666 3103 3787 3143 om-

2136 3165 2406 3238 nipotens
2436 3172 2493 3223 et
2518 3168 2683 3229 electi
2714 3170 2918 3229 illius?
2947 3173 3073 3229 Non
3103 3174 3309 3239 videbo
3332 3175 3566 3249 (inquit)
3590 3193 3787 3249 quem-

2133 3253 2275 3320 libet
2304 3261 2573 3315 sanctum
2604 3258 2997 3318 habitatorem
3028 3262 3263 3336 quietis,
3291 3265 3390 3339 qui
3414 3264 3492 3321 ibi
3513 3264 3785 3335 habitans

368 3364 479 3435 illi,
499 3363 601 3419 sed
621 3357 899 3431 superbia
913 3361 973 3413 et
986 3356 1243 3430 peccatis
1265 3354 1390 3411 suis
1407 3355 1867 3427 impedientibus
1887 3357 2022 3421 sub-
2060 3344 2105 3415 Β
2133 3360 2168 3400 θο
2200 3344 2373 3403 malis
2403 3348 2681 3417 omnibus
2709 3351 3045 3422 requiescit.

372 3450 543 3510 tracti
573 3453 714 3506 sunt
738 3448 814 3514 ei,
846 3451 1084 3518 propter
1111 3444 1508 3500 humilitatem
1538 3461 1709 3513 suam
1739 3462 1873 3511 vero
1905 3464 2025 3505 res-

370 3539 551 3599 tituti.
584 3538 798 3593 Dicunt
824 3534 1090 3607 quidam,
1123 3534 1280 3605 quod
1313 3532 1547 3589 duobus
1597 3532 1788 3590 modis
1836 3539 2029 3621 potest

371 3629 548 3695 homo
579 3625 902 3697 anticipare
933 3622 1255 3687 terminum
1301 3621 1431 3678 vitae
1462 3639 1602 3691 suae,
1626 3622 1716 3679 vel
1762 3622 1913 3691 male
1942 3624 2025 3680 vi-

368 3718 556 3775 vendo
587 3719 652 3775 ut
682 3718 921 3788 propter
950 3717 1188 3786 peccata
1218 3730 1328 3769 sua
1356 3728 1471 3766 non
1504 3717 1799 3768 mereatur
1828 3730 2025 3786 perve-

368 3807 495 3865 nire
525 3807 598 3862 ad
631 3804 803 3861 illum
836 3820 850 3860 :
884 3802 974 3861 vel
1002 3802 1181 3858 etiam
1216 3804 1281 3857 ut
1309 3802 1457 3857 bene
1488 3807 1545 3857 et
1573 3803 1738 3872 juste
1785 3803 2026 3860 vivendo

367 3903 425 3954 et
454 3898 716 3970 seipsum
765 3893 1085 3966 afﬂigendo
1135 3896 1269 3948 ante
1320 3896 1554 3962 tempus
1601 3893 1729 3948 vita:
1777 3910 1918 3966 suae,
1951 3894 2025 3953 ob

366 3986 608 4061 praemia
637 3984 984 4042 meritorum
1016 3999 1259 4039 suorum
1290 3981 1483 4037 vocari
1532 3988 1825 4040 mereatur
1855 4001 1889 4039 a
1914 3984 2025 4040 Do-

366 4076 528 4133 mino
559 4076 629 4131 ad
662 4073 883 4147 gaudia
910 4072 1041 4128 vitae
1072 4076 1319 4127 internae.

436 4188 468 4219 υ
492 4166 608 4222 Hoc
632 4162 735 4221 tibi
763 4163 875 4221 erit
900 4162 1159 4234 signum.
1176 4184 1204 4212 »
1218 4159 1408 4216 Judaei
1432 4178 1665 4233 semper
1685 4161 1855 4236 signa
1875 4180 2027 4235 quai-

365 4258 522 4312 runt.
549 4276 576 4303 ‹‹
614 4253 685 4309 Et
717 4268 985 4311 reversus
1015 4254 1106 4305 est
1135 4247 1223 4305 sol
1257 4250 1456 4305 decem
1489 4248 1720 4307 lineis.»
1741 4251 1825 4308 Ab
1849 4254 2028 4310 unde-

364 4342 513 4403 cima
545 4340 636 4398 vel
667 4340 900 4397 decima
927 4339 1073 4395 hora
1102 4338 1298 4395 subito
1338 4339 1511 4396 rediit
1556 4340 1616 4394 in
1666 4340 1942 4413 primam,
1969 4348 2027 4409 et

364 4446 512 4504 pene
543 4426 845 4500 duplicata
872 4430 962 4484 est
991 4426 1137 4483 dies.

439 4541 469 4572 ‹‹
499 4517 807 4591 Scriptura
834 4515 1114 4583 Ezechiae,
1139 4533 1276 4572 cum
1321 4520 1661 4588 aagrotasset
1708 4523 1767 4575 et
1815 4537 2015 4578 conva-

362 4606 574 4667 luisset
604 4607 677 4662 de
698 4605 1042 4663 inﬁrmitate
1074 4622 1240 4661 sua.»
1263 4605 1326 4660 In
1351 4607 1725 4679 septuaginta
1747 4608 2027 4682 interpre-

364 4697 525 4755 tibus
554 4695 805 4755 habetur
832 4694 1040 4763 oratio,
1066 4695 1164 4750 sed
1197 4695 1396 4766 potius
1426 4696 1540 4751 ista
1569 4702 1659 4751 est
1683 4697 1897 4755 veritas
1916 4700 2022 4769 rei,
2054 4720 2101 4786 ι)

366 4785 509 4858 quia
536 4784 837 4841 veritatem
868 4787 1104 4839 narrat:
1129 4783 1275 4838 Cum
1307 4783 1681 4856 omnipotens
1711 4786 1867 4842 Deus
1889 4786 2022 4860 pius

364 4880 423 4931 et
440 4874 778 4934 misericors
794 4871 1097 4933 victoriam
1114 4871 1371 4929 dedisset
1387 4873 1640 4929 Ezechiae
1659 4875 1730 4931 de
1752 4874 2023 4934 hostibus

366 4963 492 5022 suis
524 4964 652 5020 sine
690 4961 888 5034 aliquo
939 4961 1158 5029 labore,
1190 4966 1249 5016 et
1278 4961 1329 5017 ei
1360 4963 1584 5035 gratias
1628 4982 1732 5037 pro
1780 4983 2023 5025 munere

365 5052 480 5109 sibi
513 5050 724 5107 collato
764 5068 879 5111 non
913 5050 1229 5118 retulisset,
1266 5051 1325 5106 in
1358 5050 1761 5110 inﬁrmitatem
1793 5056 2025 5115 devenit

364 5145 435 5200 ut
463 5141 564 5214 qui
594 5139 783 5196 noluit
813 5141 884 5195 de
914 5140 1298 5211 prosperitate
1328 5141 1638 5198 decantare
1668 5142 1894 5212 laudes,
1919 5147 2025 5202 de-

365 5233 663 5301 promeret
693 5230 1071 5301 postmodum
1102 5230 1174 5285 de
1215 5246 1324 5285 sua
1372 5229 1727 5287 calamitate.
1764 5234 1833 5288 Et
1864 5241 2022 5307 post-

365 5335 548 5390 quam
579 5317 893 5390 convaluit,
917 5317 1065 5373 dixit
1086 5318 1227 5390 quid
1260 5335 1459 5375 secum
1491 5321 1764 5392 cogitarit
1795 5325 2025 5394 positus

364 5402 424 5467 in
455 5404 753 5475 angustia.

438 5516 467 5544 u
492 5494 614 5562 Ego
634 5493 774 5562 dixi,
793 5493 1123 5551 nsubaudis
1143 5498 1405 5567 tempore
1427 5492 1713 5571 angustia:
1736 5517 1937 5558 meze.«
1958 5502 2022 5559 In

359 5577 617 5640 dimidio
647 5579 875 5638 dierum
906 5600 1171 5638 meorum
1197 5601 1210 5639 :
1236 5586 1444 5641 vadam
1477 5588 1550 5643 ad
1571 5593 1771 5660 portas
1793 5590 2019 5647 inferi.»

355 5663 491 5731 Non
527 5667 833 5737 complebo
856 5687 1167 5726 numerum
1192 5689 1459 5730 meorum
1479 5676 1805 5743 dierum,ut
1823 5697 2023 5752 perve-

349 5754 533 5809 niam
566 5749 637 5803 ad
668 5761 1031 5815 senectutem
1063 5758 1278 5818 bonam
1308 5762 1462 5820 sicut
1491 5769 1688 5837 patres
1708 5749 1863 5827 mei:
1888 5770 2022 5833 sub

2207 3457 2235 3485 «
2271 3435 2579 3494 Generatio
2609 3455 2740 3495 mea
2771 3439 2965 3497 ablata
2994 3446 3082 3498 est
3113 3461 3147 3499 a
3175 3460 3288 3513 me,
3322 3466 3351 3495 »
3386 3443 3495 3500 hoc
3543 3449 3652 3519 est,
3678 3443 3784 3501 ﬁlii

2136 3523 2237 3595 qui
2268 3524 2414 3580 mihi
2447 3527 2759 3586 succedere
2807 3530 3153 3599 debuerant,
3184 3550 3302 3590 non
3332 3538 3472 3591 sunt
3500 3558 3527 3589 ‹‹
3560 3539 3618 3591 et
3646 3551 3781 3590 con-

2134 3611 2334 3682 voluta
2361 3619 2451 3673 est
2483 3634 2518 3672 a
2547 3635 2640 3675 me
2670 3619 2841 3692 quasi
2890 3621 3335 3679 tabernaculum
3384 3629 3722 3699 pastorum;
3752 3647 3781 3675 »

2136 3702 2299 3759 Sicut
2348 3706 2796 3766 tabernaculum
2843 3708 3116 3783 plicatur,
3149 3717 3206 3769 et
3262 3715 3604 3788 magnitudo
3653 3716 3783 3787 ejus

2136 3810 2251 3849 non
2282 3799 2442 3865 patet
2473 3812 2487 3851 :
2521 3797 2606 3853 sic
2636 3801 2982 3872 magnitudo
3012 3803 3243 3874 generis
3276 3803 3390 3859 mei
3421 3804 3612 3878 periit,
3644 3804 3785 3878 quia

2136 3882 2350 3939 desunt
2377 3883 2482 3941 ﬁlii
2512 3885 2611 3959 qui
2642 3904 2773 3944 eam
2803 3890 3240 3949 administrent.

2207 3995 2235 4024 «
2272 3973 2519 4031 Praecisa
2565 3980 2655 4032 est
2709 3977 2870 4036 velut
2900 3996 2934 4035 a
2963 3983 3190 4038 texente
3240 3983 3361 4038 vita
3416 4000 3565 4040 mea.
3598 4006 3628 4037 ››
3677 3986 3786 4057 Dat

2134 4061 2313 4133 aliam
2343 4066 2859 4138 comparationem.
2891 4069 2962 4124 Et
2980 4074 3069 4126 est
3088 4088 3300 4129 sensus
3323 4089 3336 4127 :
3362 4072 3524 4130 Sicut
3543 4073 3786 4147 ﬂemina

2135 4152 2311 4219 telam
2343 4154 2770 4230 imperfectam,
2803 4174 2981 4230 quam
3015 4161 3292 4232 perﬁcere
3320 4162 3618 4225 debuerat.
3630 4180 3784 4237 pra:-

2133 4243 2278 4300 cidit
2311 4261 2325 4299 :
2361 4244 2445 4301 sic
2475 4262 2609 4302 mea
2636 4251 2778 4303 aztas
2810 4248 3151 4320 imperfecta
3189 4252 3524 4325 praeciditur
3552 4257 3607 4311 et
3636 4254 3784 4310 sub-

2134 4333 2390 4393 trahitur
2412 4351 2446 4391 a
2477 4351 2591 4405 me,
2624 4335 2684 4393 in
2706 4336 2953 4407 juvenili
2982 4344 3150 4396 aetate
3178 4341 3371 4398 adhuc
3400 4342 3610 4416 posito.
3642 4365 3671 4395 α
3703 4344 3787 4409 De

2134 4440 2308 4481 mane
2340 4441 2528 4498 usque
2558 4426 2631 4481 ad
2661 4443 2964 4500 vesperam
2995 4430 3164 4487 ﬁnies
3194 4447 3308 4504 me,
3344 4454 3372 4483 ››
3406 4432 3562 4489 More
3606 4433 3785 4489 febri-

2134 4512 2372 4571 citantis
2402 4512 2489 4571 vel
2534 4514 2787 4588 alicujus
2834 4518 3035 4591 aagroti
3065 4523 3156 4589 (ut
3203 4519 3284 4576 ait
3328 4521 3535 4580 beatus
3585 4522 3784 4579 Hiero-

2133 4608 2372 4679 nymus)
2410 4603 2645 4662 locutus
2692 4610 2829 4662 est:
2866 4607 2968 4680 qui
3015 4625 3189 4665 mane
3234 4610 3488 4668 afflictus
3532 4611 3673 4677 dicit
3722 4612 3784 4683 in

2133 4693 2307 4748 corde
2338 4709 2445 4749 suo
2471 4710 2484 4749 :
2507 4693 2786 4751 Veniente
2816 4704 3185 4769 vespere,aut
3208 4701 3561 4771 moriar,aut
3590 4706 3784 4769 muta-

2133 4782 2297 4838 bitur
2324 4782 2640 4841 inlirmitas
2688 4802 2839 4842 mea.
2871 4786 2942 4842 Et
2989 4789 3255 4847 veniente
3301 4808 3560 4864 vespere,
3592 4782 3780 4847 dicit:

2135 4874 2305 4931 Mane
2348 4877 2451 4929 aut
2494 4874 2732 4943 moriar,
2766 4880 2870 4931 aut
2916 4876 3280 4935 tolerabilius
3328 4879 3474 4936 mihi
3519 4880 3653 4935 erit.
3686 4880 3783 4950 Sic

2132 4963 2244 5021 iste
2275 4962 2506 5019 dicebat
2534 4964 2762 5036 positus
2793 4965 2851 5019 in
2884 4964 3245 5038 inﬁrmitate,
3280 4986 3415 5038 cum
3444 4969 3662 5025 diceret
3691 4986 3705 5025 :

2206 5076 2232 5103 ‹‹
2269 5052 2589 5126 Sperabam
2621 5071 2807 5126 usque
2838 5055 2910 5110 ad
2943 5073 3135 5125 mane,
3176 5059 3347 5130 quasi
3375 5057 3463 5115 leo
3512 5058 3595 5115 sic
3643 5075 3780 5113 con-

2133 5142 2292 5211 trivit
2321 5142 2519 5197 omnia
2549 5160 2686 5199 ossa
2714 5160 2866 5199 mea.
2903 5167 2930 5195 »
2965 5145 3138 5201 Leoni
3172 5151 3473 5221 comparat
3507 5148 3779 5214 Ezechias

2133 5232 2320 5290 Deum
2351 5232 2835 5305 omnipotentem.
2869 5232 3034 5289 Sicut
3072 5234 3162 5291 leo
3204 5235 3540 5310 (inquiens),
3572 5242 3778 5295 cuncta

2135 5320 2487 5377 comminuit
2516 5321 2741 5377 edendo
2774 5338 2890 5378 non
2920 5322 3113 5380 solum
3146 5342 3371 5395 carnes,
3401 5326 3776 5393 verumetiam

2132 5416 2191 5469 et
2220 5427 2355 5467 ossa
2388 5426 2402 5464 :
2436 5410 2519 5466 sic
2551 5428 2657 5484 ego
2683 5428 2801 5467 non
2850 5412 3046 5469 solum
3095 5416 3354 5488 corporis
3399 5416 3776 5473 verumetiam

2132 5501 2283 5557 vires
2322 5500 2576 5557 amissas
2621 5500 2809 5559 habeo
2858 5503 3085 5558 ossium
3140 5522 3257 5576 pra:
3314 5505 3474 5579 gravi
3531 5503 3775 5561 inﬁrmi-

2132 5593 2272 5649 tate.

2205 5705 2233 5732 «
2268 5686 2343 5737 De
2375 5696 2546 5737 mane
2578 5698 2765 5753 usque
2795 5681 2868 5737 ad
2899 5700 3201 5754 vesperam
3230 5684 3403 5751 ﬁnies
3432 5700 3547 5743 me.
3581 5706 3610 5735 »
3639 5683 3775 5740 Sus-

2132 5787 2353 5847 pensus
2382 5770 2787 5846 eloquebatur.
2819 5772 2899 5830 Ac
2930 5772 2979 5830 si
3011 5772 3228 5833 diceret
3260 5791 3275 5831 :
3304 5776 3422 5834 Aut
3468 5789 3639 5841 mane
3680 5774 3776 5841 aut
