3960 6404
202 460 325 523 905

1264 454 1667 525 COMMENT.
1714 463 1791 524 ΙΝ
1838 460 2129 524 ISAIAM.
2166 497 2244 509 --
2273 460 2415 525 LlB.
2470 465 2544 526 Il.

3508 452 3625 529 906

202 612 444 668 vespere
474 596 651 685 tinem
703 593 847 685 mihi
884 595 1089 685 dabis,
1120 617 1147 645 «
1181 595 1345 685 Sicut
1407 595 1604 685 pullus
1654 596 1856 652 hirun-
1889 599 1943 665 Α
1973 596 2205 651 teternis
2236 597 2594 653 cruciatibus
2626 603 2765 654 sunt
2805 598 3029 671 traditi,
3062 617 3177 685 non
3211 588 3430 657 habent
3458 620 3621 685 spem

202 686 365 740 dinis
412 685 498 741 sic
545 684 844 752 clamabo;
880 684 908 733 ὸ)
938 678 1098 739 velut
1144 684 1362 740 clamat
1410 684 1607 756 pullus
1655 685 1859 739 hirun-

182 764 363 831 dinis
393 775 465 830 ad
498 777 725 847 patrem
765 778 824 828 et
862 777 1133 845 matrem,
1167 779 1232 829 ut
1281 774 1554 829 audiatur
1582 779 1637 827 et
1668 774 1857 845 perci-

198 864 326 936 piat
354 879 570 930 escam,
604 867 664 919 et
704 863 859 919 sicut
913 863 1098 935 gemit
1152 863 1472 918 columba:
1509 863 1592 917 sic
1642 879 1748 933 ego
1796 861 1856 916 in

196 948 457 1009 clamore
486 957 545 1008 et
576 938 800 1029 gemitu
848 952 1078 1025 perstiti
1127 953 1199 1007 ad
1248 953 1453 1019 Deum,
1498 956 1561 1006 ut
1594 952 1860 1006 redderet

197 1041 349 1097 mihi
382 1043 716 1098 sanitatem.

273 1154 301 1180 ‹‹
334 1130 632 1186 Attenuati
664 1134 806 1187 sunt
834 1130 986 1186 oculi
1033 1129 1171 1197 mei,
1198 1153 1224 1178 n
1256 1130 1365 1185 hoc
1399 1134 1507 1197 est,
1538 1132 1743 1185 tenues
1773 1131 1854 1183 et-

198 1220 336 1276 fccti
368 1223 527 1288 sunt,
572 1220 715 1275 dum
766 1220 1157 1293 prospicerem
1193 1219 1251 1274 in
1283 1219 1494 1275 emtum
1543 1221 1615 1275 ad
1669 1218 1855 1274 Deum

196 1296 423 1375 meum,
446 1308 548 1382 qui
579 1325 674 1365 me
703 1310 828 1365 suis
857 1309 1156 1364 attriverat
1187 1308 1453 1380 ﬂagellis.

273 1422 301 1448 «
326 1397 595 1465 Domine,
616 1397 734 1453 vim
758 1397 1014 1470 patior.»
1035 1397 1156 1451 Vox
1180 1396 1543 1452 obsecrantis
1564 1398 1653 1451 est
1675 1412 1687 1451 :
1715 1395 1854 1450 Plus

194 1502 380 1560 quam
409 1487 628 1559 dignus
658 1485 771 1542 sim
804 1472 1035 1561 affligar
1062 1490 1119 1542 et
1150 1486 1303 1542 ultra
1341 1502 1517 1559 quam
1548 1486 1700 1540 vires
1730 1486 1851 1540 suf-

195 1577 351 1632 ferre
380 1575 629 1648 possint.
654 1598 681 1625 ‹‹
715 1576 950 1648 Sponde
999 1592 1104 1648 pro
1156 1591 1269 1631 me.
1296 1598 1323 1624 ››
1346 1574 1593 1641 Quidam
1621 1574 1851 1629 codices

192 1665 419 1721 habent
438 1664 725 1737 responde
747 1679 852 1737 pro
874 1678 987 1732 me,
1012 1666 1112 1720 sed
1138 1664 1281 1720 falso
1303 1664 1585 1737 scriptum
1609 1667 1717 1717 est.
1742 1663 1855 1718 Me-

188 1754 315 1810 lius
336 1756 427 1809 est
444 1753 603 1809 enim
634 1752 1028 1825 sponde,quia
1047 1752 1131 1809 sic
1152 1752 1388 1826 exponit
1418 1753 1625 1808 beatus
1648 1752 1852 1807 Hiero-

192 1859 433 1916 nymus.
457 1842 537 1898 Ac
568 1841 618 1898 si
650 1842 868 1899 diceret
898 1859 912 1898 :
948 1843 997 1899 si
1032 1843 1172 1915 quid
1205 1841 1412 1910 erravi,
1443 1846 1749 1897 convertar
1778 1841 1849 1896 ad

193 1929 441 1998 melius;
464 1935 528 1985 tu
561 1930 784 2003 sponde
813 1946 916 2021 pro
939 1947 1059 2000 me;
1084 1930 1192 1986 hoc
1213 1936 1322 1998 est,
1347 1931 1430 1986 sis
1453 1930 1595 1985 mihi
1620 1930 1891 2017 tidejus-j

194 2037 317 2090 sor,
341 2023 399 2075 et
428 2020 626 2091 accipe
656 2034 751 2075 me
788 2018 848 2073 in
890 2019 1003 2075 ﬁde
1041 2024 1097 2074 et
1133 2019 1488 2091 protectione
1520 2023 1640 2073 tua.
1667 2040 1693 2067 ‹‹
1728 2018 1853 2073 Non

195 2114 287 2164 est
313 2108 471 2164 enim
500 2107 770 2178 volentis,
804 2125 993 2180 neque
1038 2108 1351 2174 currentis,
1385 2108 1485 2162 sed
1520 2107 1855 2163 miserentis

196 2200 298 2255 Dei
322 2199 497 2268 (Rom.
514 2199 654 2272 1a).»
676 2220 703 2250 ε(
726 2197 875 2265 Quid
897 2198 1149 2264 dicam,»
1167 2198 1453 2253 subaudis
1477 2198 1676 2252 {actori
1701 2213 1850 2264 meo,

195 2305 333 2345 cum
356 2289 521 2359 juste
550 2276 877 2343 sustineam
908 2287 1061 2343 ista?
1082 2310 1111 2337 «
1143 2290 1259 2342 Aut
1297 2287 1436 2359 quid
1478 2285 1855 2358 respondebit

195 2366 345 2433 mihi
370 2399 399 2426 ι»
422 2376 532 2432 iste
554 2376 656 2449 qui
678 2376 815 2432 fecit
836 2392 949 2445 me,
969 2380 1027 2431 et
1055 2377 1211 2449 quod
1231 2376 1416 2431 voluit
1436 2376 1641 2431 tribuit
1665 2374 1808 2430 mihi
1826 2374 1854 2430 ‘I

198 2465 558 2523 Sustinenda
586 2482 724 2539 ergo
756 2468 898 2521 sunt
940 2465 1083 2521 mihi
1128 2466 1328 2521 omnia
1358 2481 1722 2538 quaecunque
1755 2465 1852 2521 dc-

197 2555 466 2611 creverit.
610 2625 617 2633 ,
982 2574 985 2579 ν

269 2667 297 2693 ‹‹
324 2642 677 2717 Recogitabo
698 2643 804 2699 tibi
826 2658 1029 2700 omnes
1052 2659 1236 2699 annos
1267 2659 1489 2709 meos,»
1510 2644 1619 2699 hoc
1642 2648 1751 2712 est,
1781 2644 1852 2698 ad

197 2732 545 2790 memoriam
578 2733 855 2789 reducam
888 2748 1092 2789 omnes
1122 2733 1247 2789 dies
1276 2732 1569 2788 felicitatis
1604 2748 1763 2800 mem,
1797 2736 1855 2787 et

196 2822 582 2879 considerabo
603 2838 810 2878 omnes
830 2822 1010 2878 fuisse
1036 2839 1289 2889 amaros,
1311 2822 1450 2894 quia
1471 2837 1727 2893 praesens
1747 2820 1851 2875 tri-

197 2906 424 2965 bulatio
454 2907 536 2987 nil
566 2908 703 2964 boni
737 2909 916 2965 sentit
943 2926 1013 2965 ex
1056 2908 1150 2965 his
1197 2909 1493 2987 omnibus.
1516 2909 1753 2976 Revera,
1788 2912 1855 2963 ut

197 2998 408 3058 beatus
438 2984 828 3075 Hieronymus
857 2998 1002 3054 dicit
1027 3015 1040 3053 :
1065 2984 1327 3053 humana
1354 2997 1600 3054 felicitas
1632 2995 1852 3054 nullius

198 3090 290 3143 est.
319 3086 675 3163 securitatis.
1844 3155 1849 3160 .

263 3198 293 3225 κ
326 3175 594 3239 Domine,
622 3174 705 3231 sic
733 3174 1005 3232 vivitur.»
1028 3174 1277 3243 Quidam
1304 3175 1533 3231 codices
1551 3175 1772 3231 habent
1802 3174 1851 3231 si

194 3264 280 3321 sic
300 3263 531 3333 vivitur,
556 3264 657 3320 sed
681 3281 796 3320 non
820 3268 912 3321 est
938 3264 1072 3321 ista.
1099 3264 1552 3336 Philosophatus
1583 3269 1673 3319 est
1693 3254 1852 3319 enim
1884 3322 1889 3327 η

1971 685 2274 741 revocandi
2307 688 2377 741 ad
2410 703 2673 759 superos,
2708 688 2879 760 positi
2911 689 2968 743 in
3002 683 3491 761 desperationem.

2042 798 2067 821 ‹‹
2105 775 2316 830 Vivens
2354 776 2550 831 vivens
2612 777 2735 849 ipse
2783 772 3157 833 confitebitur
3210 778 3337 847 tibi,
3367 803 3394 829 ››
3424 778 3482 835 id
3512 785 3621 847 est,

1969 861 2093 935 ipse
2123 863 2386 920 laudabit
2418 870 2492 921 te.
2527 867 2595 920 Et
2623 872 2711 921 est
2742 883 2951 921 sensus
2978 883 2990 923 :
3017 866 3117 940 qui
3151 868 3232 924 ita
3262 868 3400 924 vivit
3429 870 3488 925 in
3521 875 3625 927 tua

1970 953 2327 1023 protectioue
2356 955 2415 1010 in
2448 955 2647 1027 requie
2695 960 2995 1027 perpetua,
3030 961 3095 1012 ut
3144 972 3249 1029 ego
3280 957 3515 1031 quietus
3548 952 3621 1013 ab

1969 1038 2258 1109 hostibus,
2285 1041 2549 1097 laudabit
2578 1046 2701 1110 te,u
2733 1043 2885 1098 sicut
2916 1047 2971 1099 et
2999 1061 3105 1118 ego
3137 1043 3308 1101 hodie
3336 1067 3362 1092 »
3392 1044 3448 1119 in
3482 1040 3626 1117 pra:-

1966 1130 2117 1184 senti
2150 1129 2324 1186 laudo
2353 1134 2410 1185 et
2453 1131 2714 1203 glorifico
2747 1135 2818 1186 te.
2845 1156 2871 1181 «
2911 1132 3076 1187 Pater
3105 1132 3295 1187 bonus
3327 1130 3462 1188 filiis
3494 1122 3619 1207 siiis

1937 1213 1940 1217 ’
1966 1223 2165 1273 notam
2198 1219 2370 1275 faciet
2398 1219 2699 1275 veritatem
2731 1225 2952 1288 tuam,»
2982 1220 3089 1277 hoc
3120 1225 3237 1291 est,
3258 1238 3458 1277 verum
3492 1216 3623 1277 reli-

1963 1306 2157 1379 gionis
2188 1307 2413 1363 cultum
2436 1308 2683 1363 docebit.
2714 1307 2819 1363 Per
2849 1313 3072 1380 patrem
3106 1308 3241 1365 boni
3268 1310 3431 1383 reges
3456 1306 3623 1383 intel-

1964 1394 2251 1468 liguntur,
2276 1401 2342 1451 ut
2390 1396 2595 1464 David,
2636 1396 2932 1452 Ezechias.
2959 1397 3059 1469 qui
3093 1399 3423 1469 docuerunt
3470 1394 3624 1455 ﬁli'os

1964 1502 2105 1540 suos
2135 1502 2362 1540 servare
2392 1485 2580 1557 legem
2614 1484 2985 1555 Domini;vel
3019 1486 3198 1542 etiam
3231 1482 3418 1563 sancti
3452 1491 3510 1545 et
3540 1509 3628 1563 re-

1962 1572 2153 1644 ligiosi
2175 1573 2411 1645 viri,qui
2437 1574 2691 1630 subditis
2718 1591 2843 1631 suis
2867 1580 3065 1631 notam
3090 1562 3619 1650 faciuntjustitiam

1963 1661 2218 1717 Domini.
3318 1729 3325 1735 ᾔ
3546 1730 3552 1739 ⁸

2034 1774 2060 1801 ‹‹
2089 1750 2353 1821 Domine,
2389 1751 2637 1821 salvum,
2672 1769 2765 1808 me
2798 1753 2887 1809 fac
2921 1776 2950 1804 »
2985 1770 3019 1809 α
3058 1752 3476 1824 Sennacherib,
3501 1758 3558 1812 et
3588 1773 3623 1813 a

1963 1843 2149 1894 morte
2169 1844 2404 1908 aeterna,
2419 1862 2440 1887 ι
2455 1846 2512 1896 et
2533 1840 2793 1914 psalmos
2814 1848 3045 1899 nostros
3063 1840 3433 1899 cantabimus
3450 1843 3615 1899 tibi.»

1962 1926 2227 1998 Domine,
2252 1927 2415 1984 sime
2441 1934 2498 1984 et
2519 1929 2803 2002 populum
2838 1948 3035 1987 meum
3059 1931 3392 2007 salvaveris,
3418 1924 3616 2001 canta-

1967 2017 2163 2073 bimus
2193 2017 2298 2073 tibi
2332 2018 2555 2075 laudes.
2579 2020 2740 2086 Quod
2768 2038 2951 2093 usque
2972 2020 3145 2077 hodie
3164 2022 3349 2077 Judaei
3372 2023 3617 2093 fociunt,

1962 2104 2097 2161 licet
2126 2124 2241 2161 non
2271 2108 2456 2179 prosit
2491 2107 2630 2164 illis.
2663 2111 2936 2165 Attamen
2974 2127 3141 2165 versa
3168 2111 3291 2167 vice
3325 2110 3523 2167 ﬁdeles
3554 2106 3615 2167 in

1962 2201 2166 2251 sancta
2195 2196 2452 2251 Ecclesia
2481 2214 2669 2270 usque
2699 2197 2870 2252 hodie
2908 2198 3148 2254 faciunt.
3566 2212 3571 2217 '

2037 2306 2064 2335 ‹‹
2095 2285 2164 2339 Et
2198 2284 2383 2356 jussit
2415 2286 2595 2340 Isaias
2628 2308 2654 2335 »
2691 2286 2982 2343 ministris
3013 2287 3167 2359 regis
3190 2311 3216 2337 ‹‹
3252 2291 3318 2343 ut
3344 2278 3618 2345 tollerent

1964 2392 2221 2429 massam
2247 2375 2316 2429 de
2348 2374 2493 2442 ficis,
2513 2379 2569 2430 et
2590 2374 3084 2448 cataplasmarent
3106 2392 3283 2449 super
3299 2368 3538 2444 vulnus,
3560 2364 3620 2435 'et

1962 2467 2291 2518 sanaretur.
2311 2486 2337 2511 η
2360 2462 2798 2536 Cataplasmare
2827 2468 2917 2519 est
2939 2463 3254 2521 calefacere
3275 2464 3362 2521 vel
3394 2466 3615 2522 fomen-

1963 2556 2107 2608 tare.
2140 2552 2292 2608 Dicit
2339 2553 2547 2609 beatus
2591 2552 2998 2627 Hieronymus,
3035 2556 3189 2627 quod
3223 2556 3426 2612 morbo
3459 2548 3616 2631 regio

1962 2639 2329 2710 laboraverit,
2355 2642 2449 2696 cui
2480 2642 2773 2697 contraria
2801 2659 2928 2698 esse
2951 2640 3228 2699 dicuntur
3257 2643 3475 2711 omnia,
3500 2640 3618 2701 sive

1961 2730 2021 2785 in
2051 2730 2200 2798 cibo,
2236 2732 2354 2786 sive
2394 2729 2452 2785 in
2503 2735 2661 2785 tactu
2695 2730 2909 2786 dulcia.
2932 2731 3042 2787 Sed
3091 2738 3158 2787 ut
3206 2732 3306 2788 Dei
3355 2722 3621 2805 potentia

1962 2819 2153 2875 notior
2181 2820 2363 2887 fieret,
2393 2819 2702 2874 contrariis
2732 2824 2972 2874 curatus
3021 2824 3111 2874 est
3162 2821 3403 2875 docente
3443 2809 3614 2878 Isaia.

1961 2907 2064 2964 Hic
2096 2912 2293 2962 autem
2337 2907 2662 2961 notandum
2695 2911 2802 2973 est,
2828 2908 2983 2979 quod
3024 2924 3142 2971 non
3185 2912 3372 2963 totum
3403 2912 3618 2983 corpus

1958 2995 2095 3052 inde
2126 2994 2615 3063 tomentaverunt,
2650 2995 2752 3051 sed
2784 2997 3194 3052 tantummodo
3225 2996 3439 3061 vulnus
3460 2997 3619 3069 quod

1960 3085 2012 3141 ei
2033 3088 2261 3140 tantum
2290 3088 2469 3139 erata
2495 3084 2758 3153 Domino,
2773 3088 3008 3157 excepto
3030 3086 3235 3141 morbo
3259 3085 3417 3159 regio
3439 3064 3617 3159 quem

1960 3172 2279 3246 aeruginem
2309 3172 2585 3228 dicimus.
3132 3234 3135 3237 .

2031 3285 2058 3312 ‹‹
2084 3263 2154 3317 Et
2180 3261 2325 3316 dixit
2371 3261 2682 3317 Ezechias:
2713 3263 2876 3329 Quod
2917 3262 3029 3318 erit
3074 3262 3334 3337 signum,
3355 3250 3493 3337 quia
3522 3252 3613 3337 as-

193 3354 293 3409 rex
323 3352 394 3408 de
426 3355 583 3409 statu
613 3352 795 3431 hujus
824 3355 975 3425 vitae,
999 3356 1067 3409 ut
1101 3354 1311 3409 beatus
1342 3354 1729 3426 Hieronymus
1760 3353 1847 3408 di-
1881 3337 1924 3403 C
1956 3351 2201 3407 cendam
2228 3350 2299 3406 ad
2324 3351 2565 3406 domum
2589 3351 2879 3407 Domini.»
2905 3351 3057 3408 Ordo
3080 3336 3471 3426 praeposterus
3498 3336 3608 3410 est.
3706 3344 3713 3349 ’

194 3442 295 3497 cit.
323 3463 351 3491 ‹‹
374 3440 653 3519 Domine,
675 3432 760 3498 Sic
783 3442 1027 3523 vivitur,
1050 3464 1078 3491 ››
1098 3441 1157 3497 id
1201 3445 1311 3510 est,
1363 3444 1484 3497 tam
1530 3442 1762 3527 fragilis
1791 3447 1850 3500 et
1954 3444 2099 3498 Ante
2129 3439 2287 3496 enim
2320 3439 2433 3515 ista
2479 3437 2707 3512 prolata
2751 3440 2912 3507 sunt,
2947 3456 3125 3513 quam
3158 3440 3260 3527 illa
3291 3458 3418 3515 qua:
3466 3432 3612 3527 prai-

192 3530 415 3586 caduca
438 3535 527 3586 est
554 3530 817 3609 humana
843 3528 1111 3598 felicitas,
1140 3554 1169 3580 «
1194 3531 1473 3604 corripies
1495 3526 1587 3587 me
1611 3555 1638 3581 ››
1660 3531 1719 3587 in
1744 3536 1848 3588 tuo

191 3616 447 3691 ﬂagello,
470 3642 499 3669 α
534 3622 593 3676 et
620 3610 943 3676 viviﬁ'cabis
973 3626 1086 3690 me,
1116 3641 1144 3669 »
1168 3620 1466 3676 reddendo
1497 3620 1643 3675 mihi
1670 3620 1847 3677 vitam

191 3710 250 3763 et
279 3708 617 3765 sanitatem.
792 3696 797 3699 ’

264 3819 293 3847 α
326 3795 470 3853 Ecce
499 3796 561 3854 in
599 3812 761 3870 pace,
787 3818 816 3848 »
840 3792 1127 3854 subaudis
1164 3784 1529 3856 Hierusalem
1561 3804 1618 3856 et
1648 3797 1848 3872 populi

192 3884 330 3955 mei,
345 3886 449 3958 qui
471 3887 645 3943 modo
667 3902 783 3965 non
806 3887 1234 3965 impugnantur
1253 3889 1325 3944 ab
1353 3888 1645 3955 hostibus,
1670 3889 1851 3945 tribu-

190 3974 335 4053 latio
366 3989 499 4030 mea
526 3975 670 4031 mihi
702 3976 1095 4055 importabilis
1123 3983 1232 4032 est.
1259 3977 1391 4057 Ideo
1424 3977 1565 4033 dicit
1596 3979 1653 4033 in
1685 3992 1846 4051 pace,

188 4064 353 4141 quia,
371 4064 499 4135 jam
529 4066 808 4139 percuSso
830 4066 1088 4139 Assyrio,
1114 4072 1226 4138 pax
1254 4080 1473 4138 magna
1501 4070 1625 4121 erat
1650 4067 1710 4121 in
1741 4080 1848 4139 po-

190 4151 356 4225 pulo.

263 4262 293 4291 «
317 4240 404 4297 Tu
427 4245 623 4299 autem
642 4243 848 4301 eruisti
870 4242 1133 4300 animam
1163 4259 1356 4299 meam
1384 4265 1411 4292 »
1436 4258 1507 4299 ne
1538 4244 1648 4299 iret
1676 4245 1850 4300 modo

189 4329 265 4385 ad
303 4328 520 4387 inferos
550 4318 789 4404 propter
826 4330 1168 4404 superbiam
1199 4336 1256 4389 et
1287 4336 1524 4404 peccata
1555 4349 1685 4389 mea
1714 4332 1850 4405 plu-

187 4418 371 4487 rima;
395 4442 422 4468 ‹‹
448 4420 746 4497 projecisti
780 4423 914 4494 post
936 4424 1167 4494 tergum
1195 4426 1364 4476 tuum
1387 4421 1585 4477 omnia
1614 4425 1854 4495 peccata

187 4521 344 4575 mea,
372 4529 400 4557 »
422 4506 532 4589 hoc
579 4514 690 4577 est,
716 4509 1019 4589 abstulisti
1052 4502 1275 4565 malum
1309 4514 1476 4589 a'tua
1518 4510 1851 4583 praesentia,

186 4598 248 4653 et
277 4586 528 4683 posuisti
558 4586 905 4667 retrorsum,
938 4615 1010 4655 ne
1041 4592 1215 4654 modo
1249 4586 1670 4655 condemnares
1700 4616 1814 4655 me.

1957 3534 2261 3588 cesserunt
2302 3529 2372 3585 de
2417 3529 2665 3586 sanitate
2697 3534 2753 3585 et
2783 3529 2853 3585 de
2883 3529 3146 3589 oratione
3197 3522 3470 3605 superius
3518 3517 3613 3588 ext-

1958 3620 2170 3694 posita.
2922 3680 2931 3686 ,
3274 3604 3283 3605 ί
3474 3680 3477 3681 ν
3562 3604 3590 3633 ’⁵

2537 3709 2772 3765 CAPUT
2808 3705 3045 3765 XXXIX.
3130 3770 3136 3777 ,

2030 3823 2057 3850 ι(
2084 3800 2149 3854 In
2172 3803 2432 3870 tempore
2454 3796 2614 3864 illo,»
2634 3800 2944 3870 postquam
2969 3799 3308 3855 interfectus
3332 3804 3420 3855 est
3440 3788 3613 3873 Assy-

1960 3888 2104 3955 rius,
2120 3893 2177 3944 et
2199 3887 2512 3943 sanitatem
2535 3888 2783 3957 adeptus
2802 3890 2891 3942 est
2908 3888 3237 3954 Ezechias,«
3260 3886 3423 3942 misit
3437 3884 3614 3943 Mero-

1960 3977 2108 4033 dach
2135 3975 2415 4044 Baladan,
2430 3974 2588 4029 {ilius
2606 3973 2893 4030 Baladach
2916 3992 3013 4030 rex
3035 3964 3354 4045 Babilonis,
3373 3962 3614 4045 libros,‘»

1958 4066 2068 4122 hoc
2100 4068 2189 4121 est
2217 4062 2517 4137 epistolas,
2544 4084 2572 4113 «
2594 4067 2655 4118 et
2691 4077 2939 4127 munera
2967 4063 3037 4123 ad
3079 4052 3404 4147 Ezechiam.
3436 4086 3466 4147 η
3498 4050 3613 4147 Su}

1959 4155 2159 4228 perius
2203 4152 2427 4208 dictum
2459 4155 2566 4220 est,
2600 4152 2755 4223 quod
2804 4153 3159 4220 Assaradon,
3187 4140 3344 4209 ﬁlius
3378 4136 3614 4235 'Se'n‘nai—

1960 4242 2178 4313 cherib,
2204 4241 2301 4314 qui
2337 4239 2666 4313 imperabat
2695 4239 2950 4313 Assyriis
2990 4245 3050 4297 et
3092 4232 3448 4315 Babyloniis,
3481 4232 3614 4315 suc}

1960 4331 2137 4389 cessit
2158 4306 2307 4404 patri
2329 4329 2385 4383 in
2411 4306 2677 4402 regnum.
2693 4330 2765 4384 Et
2785 4306 3120 4393 bicdicitur
3142 4306 3281 4415 quia
3302 4306 3613 4419 Merodadll

1961 4420 2217 4477 Baladan
2250 4418 2414 4474 misit
2440 4418 2499 4472 in
2530 4416 2896 4481 Hierusalem
2918 4406 3254 4481 nuntiosad
3285 4406 3612 4498 Ezechia'ijii,

1959 4510 2185 4566 vivente
2204 4507 2394 4564 adhuc
2406 4506 2866 4579 Assaradon,qui
2887 4496 2986 4569 rex
3006 4513 3130 4564 erat
3142 4492 3614 4589 Babyloniorum.

1961 4600 2074 4656 Sed
2108 4598 2417 4655 sciendum
2450 4600 2541 4652 est
2569 4588 2630 4651 in
2664 4596 2776 4651 isto
2809 4594 2958 4664 loco,
2981 4582 3234 4652 divisum
3264 4582 3406 4663 tunc
3436 4586 3619 4665 fuisse

262 4708 290 4736 ‹‹
315 4676 461 4765 Quia
481 4703 599 4763 non
631 4686 902 4765 infernus
924 4688 1304 4769 confitebitur
1332 4687 1459 4767 tibi,
1483 4702 1672 4760 neque
1696 4696 1854 4743 mors
1888 4707 1935 4771 Ι)
1968 4704 2215 4761 regnum
2243 4686 2615 4759 Assyriorum
2649 4701 2715 4740 ac
2756 4682 3227 4771 Babyloniorum,
3253 4676 3621 4771 etfregnab'at

186 4760 464 4831 laudabit
494 4760 608 4832 te.»
632 4777 740 4833 Per
767 4762 1064 4833 infernum
1100 4777 1159 4832 in
1185 4776 1293 4833 hoc
1320 4764 1446 4832 loco
1479 4778 1755 4850 reprobos
1776 4776 1858 4833 ia-

188 4862 566 4937 telligamus;
600 4881 705 4938 per
726 4852 976 4922 merteni
1000 4883 1135 4923 vero
1156 4864 1480 4921 diabolum.
1505 4866 1571 4921 Hi
1607 4875 1861 4938 namque

192 4952 296 5024 qui
330 4953 403 5008 ad
426 4953 642 5032 inferni
675 4954 941 5011 claustra
962 4955 1347 5022 descendunt,
1372 4956 1690 5009 damnandi
1723 4960 1863 5010 sunt

187 5040 322 5097 sine
354 5042 489 5098 ﬁne.
522 5043 650 5099 Non
704 5048 896 5121 agunt
943 5044 1346 5116 paenitentiam
1390 5043 1488 5111 ibi,
1515 5061 1619 5099 nec
1669 5047 1864 5099 ferunt

192 5130 405 5187 laudes
429 5132 820 5205 omnipotenti
843 5130 961 5188 Deo
985 5150 997 5189 :
1024 5134 1163 5205 quia
1184 5150 1297 5188 non
1320 5138 1410 5189 est
1440 5132 1704 5205 speciosa
1733 5128 1863 5189 latis

190 5219 252 5274 in
287 5235 387 5275 ore
432 5222 787 5299 peccatoris.
813 5245 839 5271 «
864 5222 992 5278 Non
1032 5221 1451 5294 exspectabant
1481 5221 1582 5293 qui
1615 5223 1863 5277 descen-

187 5308 345 5364 dunt
377 5308 436 5364 in
475 5308 694 5379 lacum,
721 5333 749 5361 »
784 5310 895 5366 hoc
927 5315 1016 5366 est
1058 5310 1119 5365 in
1158 5310 1474 5380 infernum,
1499 5334 1527 5360 «
1564 5312 1866 5367 veritatem

184 5400 391 5466 tuam;
422 5419 451 5447 »
476 5399 693 5456 veritas
726 5399 907 5478 Filius
951 5399 1053 5478 Dei
1083 5402 1174 5455 est
1203 5399 1303 5471 qui
1335 5400 1481 5454 dixit
1507 5417 1555 5455 :«
1584 5401 1701 5473 Ego
1731 5418 1864 5456 sum

186 5486 412 5543 veritas
445 5487 624 5557 (Joan.
648 5474 831 5565 x1v).»'
850 5474 1052 5545 Sancti
1095 5488 1195 5561 qui
1236 5491 1368 5544 ante
1406 5488 1720 5543 adventum
1753 5489 1865 5545 Do-

193 5576 345 5632 mini
381 5575 820 5657 descendebant
851 5579 910 5634 in
943 5579 1264 5645 infernum,
1296 5578 1367 5632 ad
1400 5576 1719 5657 secretiora
1739 5578 1866 5635 loe'a

191 5654 705 5743 praestolabantur
753 5669 1072 5724 adventum
1126 5667 1318 5743 illius,
1382 5656 1457 5721 ut
1500 5654 1867 5723 mererentur

178 5752 429 5813 liberari
477 5771 513 5811 a
558 5755 922 5814 cruciatibus
968 5753 1477 5834 gebeunw.1mpii
1525 5756 1726 5813 autem
1760 5757 1859 5832 qui

513 5880 790 5946 PATROL.
840 5883 1050 5949 CXVI.

1966 4774 2376 4848 unusquisque
2406 4774 2466 4829 in
2494 4792 2621 4830 suo.
2648 4775 2865 4830 Ferunt
2893 4770 3150 4829 biStorize
3172 4775 3327 4847 quod
3359 4768 3468 4830 iste
3500 4766 3618 4830 Me-

1970 4865 2182 4921 rodach
2209 4864 2463 4920 Baladan
2487 4864 2660 4919 fuerit
2681 4868 2847 4936 pater
2866 4856 3409 4933 Nabuchodonosor.
3420 4853 3621 4936 poten-

1968 4954 2186 5011 tissimi
2219 4954 2392 5026 regis,
2418 4953 2518 5027 qui
2550 4957 2753 5025 postea
2783 4952 2983 5007 omnia
3014 4950 3114 5008 illa
3134 4970 3314 5027 regna
3344 4946 3455 5008 sibi
3489 4952 3623 5008 sub-

1962 5043 2193 5117 jugavit
2213 5046 2269 5098 et
2292 5040 2496 5109 univit,
2512 5046 2575 5095 ut
2593 5041 2819 5096 fuerant
2842 5040 3026 5112 prius.
3050 5041 3118 5096 Et
3139 5059 3318 5113 quare
3338 5033 3623 5123 venerth

1970 5133 2052 5188 illi
2086 5128 2276 5187 nuntii
2310 5131 2382 5185 ad
2415 5129 2761 5185 Ezechiam?
2791 5130 3028 5201 Propter
3073 5134 3412 5202 portentum
3464 5122 3620 5202 quod

1970 5222 2235 5278 viderant
2266 5220 2323 5275 in
2355 5218 2495 5275 sole.
2520 5220 2699 5273 Erant
2728 5216 2883 5273 enim
2915 5216 3214 5291 astrologi.
3238 5219 3310 5274 Et
3339 5235 3473 5273 cum
3505 5208 3621 5275 non

1974 5314 2217 5384 possent
2246 5324 2592 5382 cognoscere
2613 5324 2715 5377 per
2735 5323 2904 5362 suam
2927 5311 3134 5378 artem,
3159 5323 3338 5379 quare
3368 5305 3478 5362 hoc
3500 5297 3626 5363 cve—

1976 5399 2128 5456 nerit
2151 5404 2214 5453 ut
2234 5415 2267 5453 a
2289 5397 2516 5452 decima
2545 5395 2688 5450 hera
2717 5394 3214 5469 retrograderetur
3241 5396 3313 5473 ad
3345 5387 3620 5468 primani,

1970 5492 2254 5545 venerunt
2274 5486 2334 5541 in
2364 5484 2745 5552 Hierusalem,
2771 5487 2889 5538 uta
2910 5483 3212 5556 prophetis
3231 5482 3315 5541 vel
3342 5504 3376 5541 a
3399 5476 3625 5558 sapien-

1973 5560 2133 5649 tibus
2156 5574 2370 5631 scirent
2391 5591 2518 5646 qua:
2548 5589 2726 5628 causa
2754 5568 3059 5627 exstiterit.
3340 5640 3365 5645 __
3432 5636 3439 5644 ι

2048 5691 2076 5719 ‹‹
2108 5667 2176 5722 Et
2205 5662 2461 5720 ostendit
2490 5661 2573 5733 eis
2600 5659 2806 5716 cellam
2839 5660 3228 5717 aromatum.»
3260 5652 3625 5736 Epiphanius

1971 5756 2219 5835 Cyprius
2240 5752 2415 5811 dicit:
2438 5750 2643 5810 cellam
2664 5746 2995 5808 aromatum
3019 5746 3295 5828 magnam
3317 5757 3375 5811 et
3393 5742 3628 5828 praecla.

3219 5881 3300 5944 29
