3960 6374
404 412 524 476 907

405 652 569 710 gum,
594 640 651 693 ct
679 639 847 692 erant
875 634 934 689 in
969 634 1256 705 sepulcris
1284 652 1487 689 eorum
1528 638 1586 689 et
1619 650 1799 705 super
1829 637 1886 687 et
1909 631 2065 687 circa

408 724 597 781 multa
622 727 942 780 aromata.«
966 724 1235 779 Ostendit
1255 724 1429 778 etiam
1453 724 1537 778 eis
1560 722 1785 795 argenti
1807 726 1865 776 et
1887 721 2012 776 auri
2036 743 2063 769 »

407 813 694 871 subaudis
713 813 1022 868 thesauros
1041 837 1067 861 ‹‹
1088 817 1146 867 ct
1168 814 1480 867 odoramen
1493 818 1684 867 torum
1710 836 1734 860 »
1749 826 1875 883 qua:
1897 815 2064 866 erant

406 903 560 977 apud
592 901 725 958 illos
750 906 892 958 tunc
922 902 1205 974 temporis
1237 901 1445 969 multa,
1472 925 1499 951 «
1524 906 1581 955 et
1611 901 1928 973 apothecas
1955 923 1981 947 »
2006 899 2061 954 id

403 996 494 1051 est
523 991 761 1049 cellaria
816 992 1159 1048 substantia:
1214 1010 1405 1046 summ
1442 992 1568 1056 Non
1628 989 1739 1044 fuit
1795 989 2088 1057 verbum,‘

403 1080 559 1153 quod
583 1096 701 1136 non
722 1079 981 1136 ostendit
1000 1078 1143 1136 eis.»
1159 1080 1284 1135 Mos
1304 1084 1392 1135 cst
1411 1096 1587 1135 sacrae
1612 1077 1840 1150 Scripta
1851 1095 1924 1131 rae
1945 1094 2066 1131 ver-

402 1168 548 1225 bum
580 1184 797 1242 poncre
829 1185 981 1240 saepe
1026 1185 1130 1241 pro
1158 1185 1238 1237 re,
1264 1172 1330 1223 ut
1362 1168 1473 1222 isto
1506 1167 1565 1222 in
1598 1166 1744 1221 loco.
1785 1167 1844 1221 In
1890 1167 2063 1220 domo

400 1276 513 1317 sua
540 1258 706 1328 dicit,
731 1258 791 1314 in
814 1257 1109 1314 thesauris
1133 1258 1287 1325 suis;
1314 1257 1373 1311 in
1397 1259 1681 1328 potestate
1712 1259 1905 1311 autem
1931 1272 2060 1324 sua,

778 414 1189 476 HAYMONIS
1236 411 1781 473 HALBERSTAT.
1825 409 2072 471 EPISC.
2120 408 2294 469 OPP.
2342 407 2544 469 PARS
2589 407 2762 476 I.,-—
2804 406 3213 470 COMMENT.
3260 406 3460 470 BIBL.

405 564 534 605 ram
564 561 695 604 esse
724 547 987 613 domum,
1012 546 1072 600 in
1097 562 1217 617 qua
1245 543 1683 618 sepeliebantur
1707 560 1951 616 corpora
1980 558 2064 597 re-
2089 543 2147 611 Α

3707 406 3822 468 908

2819 595 3052 652 CAPUT
3090 595 3183 651 ΧΙ.

2250 743 2276 770 ‹‹
2304 721 2723 790 Consolamini,
2763 720 3149 777 consolamini
3203 718 3418 792 popule
3466 735 3656 788 meus,
3685 719 3823 774 dicit

2175 810 2461 866 Dominus
2491 816 2699 866 vester.
2728 834 2754 859 »
2787 812 2856 866 Et
2885 815 2976 866 est
3005 826 3253 866 sensus:
3280 809 3325 864 O
3354 807 3565 881 populc
3597 808 3696 863 Dei
3727 808 3821 881 qui

2174 900 2317 955 estis
2349 902 2652 956 credentes
2682 918 2750 956 ex
2781 900 3024 968 Judaeis,
3047 897 3434 954 consolamini
3471 898 3524 953 in
3558 896 3820 953 Christo:

2174 988 2314 1060 quia
2345 1007 2442 1045 rex
2469 994 2663 1046 vester
2693 1006 2809 1045 non
2839 988 3197 1062 compatitur
3217 1004 3323 1047 nec
3351 986 3486 1055 sibi,
3508 1003 3612 1042 nec
3641 985 3821 1042 vobis.

2174 1078 2372 1135 Potest
2393 1083 2449 1135 et
2469 1080 2541 1135 ad
2564 1084 2768 1153 gentes
2799 1077 3019 1147 referri,
3044 1078 3116 1133 de
3142 1076 3361 1150 quibus
3382 1075 3523 1132 dicit
3542 1075 3823 1133 Dominus

2174 1184 2276 1239 per
2303 1169 2643 1223 Zachariam
2679 1185 2747 1223 ;‹‹
2780 1169 2924 1223 Ecce
2972 1182 3078 1239 ego
3128 1166 3494 1239 congregabo
3543 1163 3821 1237 populum

2173 1256 2452 1325 Orientis,
2486 1262 2544 1312 et
2573 1261 2747 1313 erunt
2776 1256 2924 1313 mihi
2954 1256 3013 1311 in
3059 1254 3365 1329 populum,
3398 1257 3455 1311 et
3482 1270 3587 1326 ego
3618 1252 3736 1309 illis
3763 1252 3819 1308 in

399 1347 463 1405 in
492 1346 788 1405 thesauris
822 1348 1034 1403 domus
1062 1346 1317 1414 Domini,
1342 1346 1401 1399 in
1434 1362 1550 1417 quo
1582 1344 1845 1400 offendit.

474 1460 503 1489 «
528 1436 679 1503 Quid
702 1435 976 1492 dixerunt
995 1435 1101 1491 viri
1133 1435 1229 1490 isti
1261 1439 1318 1490 ct
1349 1435 1506 1489 unde
1525 1437 1811 1488 venerunt
1831 1433 1903 1488 ad
1937 1433 2059 1488 te?»

2172 1345 2358 1401 Deum
2393 1346 2575 1419 ζΖαεΙι.
2598 1349 2743 1415 vm).
2772 1371 2794 1398 ι

2246 1458 2273 1485 ‹‹
2296 1434 2629 1507 Loquimini
2653 1436 2723 1491 ad
2749 1452 2850 1491 cor
2867 1432 3320 1501 Hierusalem,ct
3341 1432 3615 1488 advocate
3636 1446 3821 1487 eam.»

400 1523 530 1581 Duo
550 1524 875 1596 interrogat
897 1524 1205 1596 PrOpheta,
1221 1523 1321 1579 sed
1347 1539 1696 1594 responsum
1720 1526 1810 1577 est
1830 1521 1880 1577 ei
1905 1522 2059 1594 quod
2169 1523 2504 1597 Alloquitur
2522 1524 2809 1598 propheta
2824 1522 3492 1593 Eliacbim,cmterosque
3511 1518 3712 1576 ﬁdeles
3724 1518 3822 1592 qui

400 1613 655 1687 pertinet
674 1614 747 1669 ad
774 1613 1111 1686 superbiam
1134 1614 1480 1680 humanam,
1507 1629 1621 1667 non
1647 1612 1802 1683 quod
1827 1612 1898 1666 ad
1929 1611 2061 1665 lau~
2172 1613 2272 1669 illo
2304 1619 2566 1687 tempore
2595 1612 2903 1670 erant.Vel
2926 1612 3106 1668 etiam
3127 1610 3425 1683 apostolos
3445 1610 3825 1682 doctoresque

401 1703 537 1759 dem
568 1701 670 1759 Dei
701 1719 805 1776 pro
837 1706 1105 1774 portento
1136 1706 1373 1775 propter
1402 1701 1555 1773 quod
1594 1704 1892 1756 venerant.
1917 1723 1945 1751 «
1980 1700 2062 1756 De
2171 1702 2457 1777 gentium,
2492 1708 2550 1759 et
2598 1702 2777 1758 dicit:
2804 1701 2847 1759 Ο
2888 1700 3196 1768 Eliachim,
3246 1697 3553 1771 eaeterique
3603 1696 3822 1765 ﬁdeles,

399 1795 557 1848 terra
577 1790 903 1864 longinqua
921 1795 1206 1847 venerunt
1228 1792 1301 1846 ad
1326 1807 1439 1857 me,
1464 1791 1534 1845 de
1558 1788 1905 1861 Babylone,»
1932 1806 2059 1861 quae
2167 1792 2255 1848 vel
2289 1792 2559 1865 apostoli,
2598 1791 2910 1864 loquimini
2940 1790 3013 1846 ad
3054 1806 3154 1845 cor
3182 1786 3569 1845 Hierusalem.
3600 1787 3686 1842 Ad
3728 1802 3828 1841 cor

399 1880 819 1987 petentissiina.
841 1884 929 1935 est
959 1881 1460 1987 urbs.."l"crra‘ru‘m
1500 1878 1804 1987 proliiitas
1854 1894 2059 1950 super-
2089 1920 2140 1987 B
2170 1881 2452 1954 loquitur,
2468 1882 2568 1955 qui
2602 1885 2879 1987 mwstum
2900 1879 2989 1936 vel
3022 1874 3829 1987 tristjemﬁblandeﬁlloqgitur

399 1969 560 2026 biam
606 1973 665 2025 et
713 1970 933 2025 fastum
984 1969 1340 2025 auxit.Dieit
1392 1969 1599 2023 beatus
1649 1968 2150 2040 Ilieronymus,”.

399 2058 541 2131 quia
564 2075 698 2115 cum
731 2058 1047 2131 supercilio
1087 2058 1402 2131 legendum
1442 2063 1529 2112 est
1571 2056 1754 2123 istud,
1777 2057 1932 2129 quod
1967 2073 2063 2112 rex

402 2148 660 2227 superba
688 2146 955 2220 protulit,
980 2147 1181 2203 dicens
1206 2164 1218 2203 :
1249 2151 1324 2203 De
1354 2151 1509 2202 terra
1539 2145 1863 2217 longinqua
1892 2162 2062 2201 vene-

400 2240 540 2293 runt
569 2236 644 2293 ad
666 2252 781 2293 me.
808 2237 1096 2291 Debuerat
1116 2236 1309 2291 dicere
1333 2252 1346 2290 :
1370 2236 1453 2290 Ad
1479 2235 1844 2290 laudandum
1877 2235 2061 2289 Deum

397 2329 686 2382 venerunt
716 2341 822 2397 pro
853 2324 1263 2396 magnitudine
1295 2322 1470 2396 signi.

472 2437 501 2465 «
527 2412 740 2469 Omnia
760 2429 888 2485 quae
912 2412 971 2466 in
996 2413 1171 2467 domo
1202 2429 1332 2466 mea
1353 2415 1512 2477 sunt,
1541 2410 1832 2478 viderunt,
1858 2434 1886 2460 »
1914 2411 2059 2465 sub-

398 2499 572 2559 audis
601 2500 876 2572 pretiosa.
902 2524 929 2550 ‹‹
963 2500 1087 2555 Non
1118 2500 1228 2554 fuit
1249 2518 1340 2555 res
1361 2521 1387 2550 »
1415 2499 1853 2571 quantumlibet
1884 2499 2064 2554 chara

398 2595 456 2650 et
486 2591 734 2647 honesta
754 2612 783 2640 ‹‹
808 2606 986 2661 quam
1018 2606 1132 2644 non
1165 2589 1521 2645 ostenderim
1556 2588 1640 2644 eis
1672 2589 1729 2643 in
1764 2588 2060 2644 thesauris

397 2679 608 2735 meis.»
628 2678 803 2735 Siluit
828 2679 899 2733 de
924 2677 1215 2732 thesauris
1246 2677 1458 2731 domus
1491 2676 1720 2731 Domini
1755 2693 1904 2749 quos
1936 2694 2059 2731 ma-

397 2767 696 2825 nifestavit
743 2766 1109 2839 alienigenis,
1140 2766 1199 2820 in
1232 2782 1347 2837 quo
1408 2766 1668 2833 oﬁ‘endit,
1714 2766 1931 2821 timens
1988 2783 2061 2821 ne

398 2856 549 2914 forte
580 2874 616 2912 a
644 2856 934 2929 Propheta
964 2854 1509 2927 reprehenderetur.

471 2970 500 2998 «
522 2947 669 3002 Ecce
691 2945 817 3001 dies
836 2945 1136 3011 veniunt,»
1154 2943 1295 2999 dicit
1324 2944 1632 3011 Dominus,
1656 2967 1683 2993 «
1709 2948 1766 2998 et
1792 2944 2057 2999 auferen-

396 3037 497 3094 tur
516 3034 717 3091 omnia
741 3051 870 3106 quae
912 3034 971 3088 in
994 3034 1169 3088 domo
1207 3038 1311 3088 tua
1343 3037 1482 3087 sunt
1529 3031 1589 3086 in
1628 3032 2002 3105 Babylonem,
2029 3055 2057 3082 »

399 3140 530 3197 quae
561 3140 679 3180 non
709 3127 811 3179 tuo
854 3122 1053 3178 labore
1083 3126 1437 3195 congregata
1466 3125 1628 3189 sunt,
1670 3122 1770 3176 sed
1822 3125 2056 3193 patrum

397 3216 660 3269 tuorum.
676 3212 1019 3267 Praedicitur
1039 3212 1344 3267 retributio
1364 3209 1693 3277 sceleris,ut
1713 3210 1811 3282 qui
1834 3214 2057 3266 secreta

400 3300 634 3359 Domini
657 3300 865 3357 alienis
886 3301 1229 3366 nudaverat,
1255 3300 1328 3354 ab
1351 3300 1552 3355 eadem
1576 3303 1748 3370 gente
1769 3304 1826 3354 et
1846 3300 2061 3356 domus
2091 3287 2135 3354 C

399 3391 531 3462 ejus
560 3389 624 3446 in
654 3389 1070 3446 exterminium
1104 3393 1258 3445 esset
1291 3389 1466 3456 itura,
1493 3405 1628 3443 cum
1656 3388 1935 3444 omnibus
1968 3388 2064 3443 bo-

401 3478 496 3536 nis
525 3482 760 3552 patrum
801 3476 1129 3549 priscorum
1153 3495 1279 3549 qum
1310 3478 1550 3531 tenebat
1580 3481 1637 3532 ct
1667 3476 1829 3532 suis:
1856 3493 2061 3532 verum

399 3567 579 3624 etiam
609 3571 669 3623 et
698 3566 910 3622 domus
932 3565 1164 3622 Domini
1196 3571 1434 3638 propter
1458 3571 1761 3637 peccatum
1786 3566 1948 3621 illius
1970 3584 2065 3639 po-

400 3655 527 3730 puli
558 3655 938 3712 destruenda.
968 3677 996 3706 ‹‹
1028 3655 1155 3712 Non
1206 3654 1575 3726 relinquetur
1622 3655 1947 3728 quidquam
1996 3674 2064 3712 cx

400 3746 508 3814 eis,
530 3744 674 3801 dicit
701 3744 1010 3801 Dominus.
1039 3767 1066 3793 »
1099 3746 1243 3800 Ecce
1274 3745 1386 3799 ﬁxa
1418 3746 1730 3799 sententia.

471 3856 501 3886 «
534 3834 606 3890 Et
633 3834 705 3890 de
735 3833 875 3890 ﬁliis
901 3833 1021 3889 tuis
1044 3833 1145 3905 qui
1179 3834 1424 3889 exibunt
1448 3835 1616 3890 dcte.
1647 3856 1674 3885 »
1709 3834 1820 3890 hoc
1850 3834 2065 3907 est,qui

400 3924 474 3981 de
504 3912 767 3998 germine
796 3927 897 3979 tuo
930 3926 1159 3990 erunt,«
1189 3922 1395 3978 tollent
1428 3928 1485 3978 et
1515 3924 1973 4004 eruntpunucbi
2006 3924 2065 3979 in

369 4012 619 4087 ,palatio
648 4012 804 4085 regis
835 4010 1169 4085 Babylonis.
1199 4034 1225 4061 »
1256 4013 1473 4067 Ferunt
1498 4012 1718 4067 Hebraei
1751 4012 1903 4069 hanc
1934 4030 2066 4086 pro-

398 4101 662 4175 phetiam
684 4100 989 4174 impletam
1011 4100 1070 4156 in
1092 4100 1282 4156 tribus
1304 4099 1523 4173 pueris,
1542 4106 1599 4156 et
1620 4101 1861 4156 Danielc
1883 4102 1981 4173 qui
2007 4101 2065 4157 in

398 4209 467 4250 eo
489 4195 988 4249 commemoratur
1006 4190 1177 4258 libro,
1194 4192 1430 4262 quando
1457 4194 1663 4263 captus
1685 4195 1775 4246 est
1797 4191 2066 4247 Joacbim

399 4281 559 4340 ﬁlius
579 4279 840 4349 Josize,et
856 4280 1068 4335 ductus
1086 4284 1174 4335 est
1193 4278 1449 4351 populus
1470 4279 1529 4333 in
1551 4279 1907 4352 Babylonem
1933 4297 2066 4335 cum

398 4371 619 4445 quibus
649 4368 853 4425 Daniel
888 4372 946 4424 et
976 4367 1119 4423 socii
1148 4368 1278 4438 ejus
1311 4368 1524 4435 ierunt,
1561 4368 1660 4439 qui
1696 4372 1899 4440 postea
1934 4369 2069 4424 facti

399 4465 543 4519 sunt
572 4457 830 4516 eunuchi
860 4458 918 4512 in
952 4456 1171 4529 palatio
1202 4456 1376 4529 regis.
1408 4457 1531 4511 Non
1557 4461 1645 4511 est
1671 4458 1829 4513 enim
1866 4463 2071 4530 putan-

2173 1976 2231 2027 ct
2262 1972 2617 2027 consolatur.
2651 1971 2816 2026 Sicut
2859 1969 3110 2043 legimus
3141 1967 3213 2025 de
3243 1966 3457 2023 Sicben
3496 1964 3615 2020 ﬁlio
3654 1965 3829 2020 Emor

2173 2062 2408 2133 quando
2426 2059 2904 2134 corrupitDinam
2928 2076 2976 2115 ;‹‹
2996 2058 3254 2113 Locutus
3274 2060 3364 2112 est
3380 2059 3576 2112 autem
3594 2052 3827 2109 Sicbem

2173 2151 2247 2206 ad
2278 2167 2378 2206 cor
2407 2167 2558 2222 ejus,
2587 2154 2645 2205 et
2694 2147 3032 2204 consolatus
3083 2149 3174 2202 est
3221 2161 3351 2201 eam
3386 2143 3537 2216 (Gen.
3560 2134 3772 2211 xxxiv).
3801 2163 3827 2189 υ

2172 2240 2510 2295 Notandum
2536 2242 2730 2294 autem
2755 2238 2910 2309 quod
2934 2236 3114 2292 dicit:
3139 2236 3430 2292 Advocate
3458 2248 3609 2300 eam,
3638 2229 3833 2285 Hieru-

2173 2327 2355 2384 salem
2379 2326 2605 2383 scilicet
2623 2325 2709 2382 vel
2737 2323 3151 2398 gentilitatem,
3175 2322 3653 2379 subaudiendum
3684 2320 3773 2375 est
3795 2334 3834 2374 a

2171 2415 2554 2471 tribulatione
2575 2413 2663 2471 vel
2692 2413 2934 2469 tristitia
2963 2413 3035 2468 ad
3058 2410 3364 2485 gaudium,
3389 2427 3423 2466 a
3444 2409 3601 2466 malo
3632 2409 3705 2466 ad
3735 2408 3835 2464 bo-

2170 2523 2337 2575 num,
2372 2505 2443 2560 ab
2475 2501 2806 2560 idololatria
2844 2502 2917 2558 ad
2955 2501 3183 2557 luctum
3216 2498 3592 2573 pmnitentiaa.
3620 2520 3650 2548 ‹‹
3675 2499 3833 2563 Quo-

2171 2595 2332 2651 niam
2365 2591 2656 2666 completa
2683 2596 2771 2648 est
2803 2590 3032 2647 malitia
3060 2590 3245 2661 ejus.»
3273 2586 3498 2643 Malitia
3525 2603 3643 2642 non
3677 2602 3838 2641 sem-

2172 2700 2275 2756 per
2299 2701 2403 2755 pro
2436 2686 2668 2755 peccato
2691 2680 2954 2754 ponitur,
2977 2679 3079 2735 sed
3100 2696 3207 2750 pro
3231 2675 3570 2732 afflictione.
3594 2673 3669 2731 Ut
3690 2672 3838 2729 illud

2170 2772 2327 2845 quod
2352 2772 2632 2826 Dominus
2652 2769 2797 2825 dixit
2819 2786 2922 2841 per
2944 2766 3295 2840 Prophetam
3323 2781 3371 2820 ;‹‹
3400 2763 3461 2821 Si
3493 2766 3584 2820 est
3612 2761 3839 2818 malum

2168 2861 2229 2916 in
2247 2859 2611 2927 civitate,»id
2639 2861 2728 2913 est
2749 2854 3049 2924 al‘llictio,«
3073 2855 3232 2927 quod
3255 2852 3543 2910 Dominus
3565 2868 3679 2908 non
3701 2850 3843 2906 fecit

2169 2951 2370 3032 (Amos.
2396 2949 2536 3021 111).»
2565 2946 2865 3019 Completa
2894 2949 2986 3002 est
3035 2961 3172 3018 ergo
3218 2941 3445 3032 malitia
3473 2941 3624 3013 ejus,
3649 2940 3706 2995 id
3746 2943 3841 2996 est

2168 3038 2409 3096 afflictio
2441 3035 2871 3110 persecutionis
2902 3051 3029 3107 quas
3078 3032 3270 3090 evenit
3296 3031 3358 3088 in
3403 3034 3589 3087 morte
3618 3032 3839 3101 marty-

2166 3145 2321 3195 rum,
2346 3130 2403 3183 ct
2432 3127 2606 3183 modo
2639 3126 2755 3181 Deo
2786 3125 2963 3180 dante
2991 3124 3215 3179 abest.«
3235 3120 3494 3177 Dimissa
3512 3123 3602 3176 est
3621 3117 3837 3190 iniqui-

2166 3219 2260 3275 tas
2281 3217 2500 3283 illius,»
2522 3216 2632 3272 hoc
2653 3219 2743 3271 est
2768 3232 2782 3271 :
2805 3214 2854 3270 si
2877 3212 3195 3286 aliquando
3216 3210 3493 3284 peccavit,
3510 3206 3828 3264 dimissum

2173 3312 2263 3366 est
2291 3307 2366 3376 ei,
2390 3310 2447 3363 et
2492 3305 2745 3378 pertinet
2790 3304 2901 3361 hoc
2948 3300 3181 3375 proprie
3200 3300 3273 3356 ad
3323 3296 3570 3372 gentiles
3601 3294 3687 3353 vel
3718 3295 3827 3352 Ju-

2173 3400 2349 3465 daeos,
2374 3396 2497 3469 qui,
2521 3395 2593 3452 ad
2616 3395 2793 3450 ﬁdem
2824 3390 3055 3448 Domini
3085 3390 3404 3455 venientes,
3426 3404 3531 3460 per
3550 3383 3836 3458 baptismi

2174 3484 2675 3559 regenerationem
2713 3481 2984 3538 mandati
3024 3483 3185 3537 sunt.
3205 3476 3308 3534 Vel
3336 3477 3397 3532 in
3426 3474 3701 3548 martyrio
3732 3473 3837 3530 ubi

2174 3577 2260 3633 sic
2291 3574 2540 3631 dimissa
2569 3575 2710 3629 sunt
2757 3570 2876 3627 illis
2917 3572 3176 3643 peccata,
3203 3565 3360 3623 velut
3405 3564 3466 3621 in
3516 3563 3836 3636 baptismo.

2176 3690 2203 3717 ‹‹
2237 3664 2507 3736 Suscepit
2535 3664 2608 3718 de
2656 3678 2838 3716 manu
2888 3657 3120 3716 Domini
3179 3654 3457 3729 duplicia,
3486 3676 3513 3703 »
3546 3651 3836 3710 subaudis

2175 3759 2489 3811 tormenta.
2526 3752 2584 3808 Si
2617 3751 2689 3807 ad
2727 3747 3087 3806 Hierusalem
3120 3746 3229 3802 hoc
3270 3744 3615 3814 referamus,
3641 3740 3835 3813 dupli-

2176 3844 2267 3901 cia
2298 3843 2515 3915 recepit
2540 3860 2573 3897 a
2597 3839 2881 3895 Cbaldmis
2902 3842 2961 3894 et
2983 3834 3282 3904 Romanis,
3308 3837 3366 3889 et
3391 3832 3567 3906 periit
3596 3846 3836 3903 corpore

2176 3939 2234 3991 et
2264 3933 2481 3989 anima.
2507 3931 2567 3988 Si
2600 3930 2673 3986 ad
2717 3927 3039 3984 Ecclesiam
3079 3923 3392 3998 dupliciter
3425 3939 3460 3978 a
3497 3922 3836 3994 persecuto-

2177 4024 2342 4080 ribus
2374 4021 2610 4094 recepit,
2633 4019 2774 4092 quia
2795 4033 3036 4090 corpore
3060 4014 3323 4073 cruciata
3345 4016 3435 4069 est
3464 4014 3521 4067 et
3549 4010 3609 4065 in
3639 4008 3836 4065 animo

2178 4112 2515 4185 angustiam
2548 4108 2879 4167 sustinebat
2905 4112 3171 4179 tempore
3200 4098 3650 4177 persecutionis,
3678 4096 3833 4153 ideo-

2178 4220 2292 4276 que
2325 4199 2569 4257 dimissa
2596 4202 2687 4255 est
2715 4196 3001 4269 iniquitas
3032 4196 3184 4266 ejus.

2250 4316 2278 4343 ‹‹
2305 4291 2428 4346 Vox
2453 4286 2823 4355 clamantis,»
2847 4284 3135 4342 subaudis
3156 4280 3371 4339 Christi
3399 4296 3502 4353 per
3525 4278 3828 4343 Joannem,

2184 4407 2205 4433 «ι
2234 4382 2292 4437 in
2316 4381 2544 4435 deserto
2571 4400 2598 4425 »
2624 4376 2860 4432 Judzeae.
2897 4374 3155 4429 Joannes
3187 4388 3296 4427 vox
3325 4366 3670 4442 appellatur,
3695 4362 3833 4436 quia

2176 4472 2420 4527 verbum
2453 4465 2771 4540 prmcessit.
2794 4462 2895 4519 Vel
2925 4462 3100 4519 etiam
3132 4478 3241 4518 vox
3262 4456 3474 4516 Christi
3506 4456 3577 4511 ad
3609 4456 3834 4526 aposto-

398 4550 543 4605 dum
575 4546 731 4620 quod
776 4545 1031 4602 truncati
1075 4546 1331 4601 fuissent
1369 4562 1629 4616 corpore,
1666 4546 1767 4601 sed
1799 4547 1976 4618 positi
2009 4546 2061 4602 in

2248 4578 2269 4616 s
2298 4555 2610 4614 clamantis
2642 4554 2699 4609 in
2744 4555 2974 4609 deserto
3024 4552 3363 4608 Judteorum
3412 4544 3500 4601 vel
3545 4541 3829 4617 gentium.

400 4645 730 4704 ministerio
773 4644 918 4701 casti
971 4643 1341 4699 exstiterunt.
1371 4643 1451 4697 De
1510 4641 1730 4698 talibus
1780 4642 2068 4701 Dominus
2097 4658 2144 4723 D
2177 4651 2343 4710 Sicut
2370 4646 2527 4702 enim
2585 4645 2843 4700 Joannes
2899 4643 3140 4697 desertae
3172 4656 3239 4695 ac
3271 4636 3563 4694 destituta:
3618 4630 3832 4688 Judaei?

400 4735 544 4792 ἀίοίῑ
571 4736 631 4790 in
661 4733 973 4806 Evangelio
1008 4750 1055 4788 τί(
1092 4732 1259 4787 Mum
1296 4749 1358 4787 80
1394 4736 1802 4787 CﬂStPaVGI‘UUt
1832 4737 2070 4804 Propter
2100 4722 2103 4723 ν
2179 4738 2491 4806 clamabat,
2509 4732 2914 4807 pcnnitentiam
2937 4730 3091 4804 agite
3113 4746 3126 4785 :
3147 4728 3231 4785 sic
3253 4724 3502 4799 apostoli
3525 4723 3583 4778 in
3606 4722 3833 4777 deserto

403 4840 653 4899 regnum
686 4823 783 4879 Dei
817 4822 1022 4895 (ΜαῑίῘιο
1045 4824 1222 4891 κνιλ»
2175 4825 2484 4904 gentilium
2516 4821 2913 4895 praedicabant
2933 4820 3177 4875 verbum
3209 4816 3439 4881 salutis,
3464 4811 3768 4870 audientes
3798 4825 3833 4904 a

473 4936 501 4964 «ι
536 4912 663 4969 Fiat
683 4916 916 4969 tantum
947 4928 1115 4983 pax,»
1143 4914 1205 4966 ut
1233 4911 1375 4966 dum
1399 4910 1589 4967 vixero
1615 4929 1728 4966 non
1753 4911 2067 4984 impugner

400 5019 437 5060 a
466 5000 885 5069 Sennacherib,
912 5023 939 5050 ‹‹
974 5004 1031 5055 et
1060 4999 1297 5067 veritas,
1325 5021 1346 5049 ι
1377 4999 1432 5053 id
1478 5004 1566 5054 est
1595 5016 1767 5055 verus
1809 5000 1907 5055 Dei
1942 5000 2063 5056 cul-

403 5094 521 5160 tus,
547 5113 574 5140 «
610 5074 669 5144 in
702 5089 908 5162 diebps
942 5089 1109 5144 meis.
1138 5112 1164 5138 »
1190 5092 1313 5144 Non
1365 5092 1538 5144 recte.
1576 5089 1865 5145 Debuerat
1905 5090 2062 5145 enim

402 5177 667 5237 conﬁteri
698 5183 1006 5251 peccatum
1028 5195 1203 5234 suum
1236 5182 1301 5233 ut
1332 5178 1535 5245 David,
1560 5182 1615 5233 et
1647 5178 1794 5233 iram
1829 5178 2061 5235 Domini

402 5283 670 5325 amovere
692 5284 727 5323 a
756 5268 1009 5340 posteris
1042 5267 1186 5335 suis,
1212 5272 1314 5321 aut
1343 5267 1620 5337 compati,
1645 5271 1708 5321 ut
1740 5267 1929 5323 Moses
1960 5286 2060 5341 po-

399 5355 812 5428 pulo,quando
835 5356 1026 5411 delere
1048 5373 1109 5411 se
1136 5355 1301 5428 petiit
1323 5356 1393 5410 de
1425 5354 1573 5410 libro
1604 5356 1733 5410 vitm
1766 5357 1839 5411 ob
1872 5358 2062 5413 scelus

396 5440 603 5517 populi
626 5444 698 5499 ad
722 5450 970 5500 mortem
996 5444 1295 5512 destinati,
1324 5444 1596 5516 inquiens
1622 5460 1671 5501 :«
1693 5447 1809 5501 Aut
1830 5447 2063 5504 dimitte

394 5533 483 5588 eis
512 5529 668 5585 hanc
698 5550 930 5601 noxam,
966 5537 1067 5587 aut
1096 5533 1225 5589 delc
1257 5549 1349 5587 me
1390 5533 1459 5588 de
1510 5534 1659 5589 libro
1710 5552 1884 5606 quem
1918 5537 2061 5592 scri-

297 5674 301 5678 .
392 5612 576 5687 psisti
602 5616 790 5685 (Exod.
814 5623 1050 5689 xxxn).»
1082 5621 1334 5693 Ideoque
1366 5640 1479 5676 non
1518 5625 1821 5695 respondit
1849 5626 1899 5680 ei
1934 5627 2064 5682 Pro-

372 5702 598 5781 pheta,
622 5708 725 5762 sed
753 5726 961 5767 versus
990 5709 1063 5764 ad
1097 5709 1381 5786 populum
1411 5712 1557 5767 dixit
1591 5729 1603 5768 :

2175 4896 2423 4975 Domino
2469 4931 2535 4968 ;‹‹
2590 4912 2831 4978 Euntcs,
2883 4908 3195 4981 prmdicate
3246 4902 3623 4977 Evangelium
3672 4896 3829 4954 omni

2175 5010 2454 5063 creaturae
2473 5002 2657 5075 (Marc.
2676 5003 2849 5068 xvn).»
2873 5019 2899 5050 α
2922 4998 3126 5052 Parate
3146 4996 3298 5051 viam
3323 4990 3616 5058 Domini,»
3639 4987 3694 5042 id
3720 4988 3826 5041 est.

2175 5094 2356 5153 talem
2379 5090 2778 5165 operationem
2810 5086 2979 5143 facite
3012 5088 3076 5141 ut
3104 5084 3221 5140 Deo
3252 5082 3500 5155 placeat,
3525 5081 3678 5134 recte
3708 5091 3830 5130 cre-

2174 5184 2365 5240 dendo
2385 5184 2439 5237 et
2460 5181 2607 5235 bene
2631 5177 2949 5250 operando,
2964 5180 3030 5231 ut
3048 5174 3175 5247 ipse
3196 5172 3387 5245 possit
3401 5169 3597 5225 venire
3620 5165 3691 5222 ad
3706 5179 3827 5219 vos.

2173 5296 2201 5323 ‹‹
2230 5273 2440 5328 Rcctas
2474 5268 2644 5324 facile
2676 5267 2733 5322 in
2758 5264 3135 5331 solitudine,»
3159 5263 3216 5318 id
3241 5265 3349 5329 est,
3376 5260 3433 5315 in
3454 5259 3680 5315 deserto
3700 5268 3834 5326 gen-

2174 5362 2371 5418 tilium
2396 5383 2421 5409 ‹‹
2451 5358 2694 5414 semitas
2716 5355 2815 5411 Dei
2844 5356 3084 5410 nostri.»
3102 5354 3357 5408 Possunt
3379 5366 3494 5405 non
3517 5347 3831 5415 incongrue

2178 5468 2283 5524 per
2314 5449 2558 5505 semitas
2587 5443 2972 5519 cogitationes
3003 5441 3274 5514 intelligi,
3300 5439 3454 5496 sicut
3473 5441 3531 5493 et
3559 5451 3659 5508 per
3678 5431 3830 5524 viam

2173 5520 2457 5605 actiones,
2482 5541 2540 5592 ct
2580 5534 2659 5591 sit
2703 5551 2915 5590 sensus
2940 5549 2952 5588 :
2979 5536 3044 5587 ut
3074 5531 3159 5586 illi
3192 5529 3293 5603 qui
3323 5527 3621 5584 Christum
3660 5520 3729 5576 ad
3772 5535 3831 5574 se

2170 5626 2368 5686 venire
2388 5629 2614 5699 optant,
2632 5641 2745 5679 non
2771 5622 2963 5680 solum
2990 5622 3111 5677 sint
3133 5619 3338 5676 mundi
3359 5625 3829 5688 corpore,verum

2172 5716 2349 5777 etiam
2381 5714 2573 5773 corde.
2600 5711 2939 5788 Praecipitur
2971 5715 3171 5769 autem
3211 5709 3322 5769 hoc
3365 5706 3483 5764 illis
3512 5702 3612 5779 qui
3642 5700 3703 5757 in
3734 5699 3829 5775 de-
