3960 6444
423 436 536 517 9.1!

800 432 1211 495 HAYMONIS
1255 432 1795 492 HALBERSTAT.
1842 430 2093 492 EPIST.
2138 432 2292 501 ΟΡΡ
2333 432 2540 493 PARS
2586 433 2635 492 Ι.
2685 465 2764 475 -
2807 430 3218 494 COMMENT.
3264 430 3467 491 BIBL.

3762 428 3896 491 912

424 568 614 626 forma
642 565 917 640 pastoris,
950 564 1104 619 sicut
1134 563 1257 635 ipse
1289 562 1434 617 dicit
1468 579 1480 617 :
1518 585 1545 613 ‹‹
1578 562 1697 633 Ego
1731 579 1864 617 sum
1889 565 2090 634 pastor
2112 573 2173 644 Α
2203 562 2389 618 Sicuti
2421 563 2655 620 modica
2680 562 3087 621 stillaasitula
3114 561 3440 619 decidensa
3458 563 3753 634 portante
3784 576 3899 633 pro

426 654 798 727 bonus(Joan.
833 652 909 724 ι).
946 674 975 701 ››
1008 652 1138 723 Ipse
1170 655 1259 706 est
1288 650 1446 705 enim
1495 654 1698 721 pastor
1747 651 1940 707 bonus
1991 653 2094 723 qui
2205 651 2389 708 nihilo
2420 652 2674 721 ducitur,
2712 674 2740 703 «
2767 657 2825 709 et
2854 653 3008 709 sicut
3037 654 3405 709 momentum
3433 651 3895 721 stateraanquod

426 762 583 805 nunc
614 741 790 799 faciat
818 740 1033 796 electos
1065 758 1204 795 suos
1238 757 1340 812 per
1379 738 1595 794 mentis
1643 739 2093 811 contemplatio-

425 851 563 891 nem
594 848 608 887 :
640 835 784 886 tunc
814 846 949 884 vero
982 828 1225 883 satiabit
1255 829 1513 899 perfecta
1554 828 1800 897 visione,
1834 829 2089 900 primum

2203 739 2312 795 levi
2344 741 2599 813 pondere
2632 740 2691 796 in
2723 740 2899 796 aliam
2919 744 3146 813 partem
3171 739 3524 796 declinatur:
3550 738 3637 796 sic
3657 754 3899 795 omnes

2202 833 2408 900 gentes
2439 829 2746 885 aeternitati
2781 829 2883 885 Dei
2915 832 3266 902 comparatae
3296 846 3401 902 pro
3434 828 3652 885 nihilo«
3686 845 3892 900 repu-

422 921 709 989 docendo,
741 922 876 993 post
906 918 1341 973 introducendo
1372 918 1443 972 ad
1476 918 1695 989 gaudia
1724 923 1996 972 azterna.«
2030 917 2091 971 1n
2201 920 2457 973 tantur.»
2484 919 2850 974 Momentum
2884 936 2917 975 a
2949 924 3113 975 motu
3147 917 3489 975 dicitur.Est
3517 922 3729 973 autem
3762 934 3899 973 mo-

420 1009 662 1070 brachio
692 1025 822 1076 suo,
857 1030 885 1059 n
922 1008 1032 1063 hoc
1066 1011 1179 1075 est,
1208 1007 1267 1062 in
1306 1006 1647 1062 fortitudine
1679 1024 1807 1078 sua,
1855 1024 2093 1074 congre-

418 1098 585 1174 gabit
614 1113 821 1171 agnos,
850 1119 878 1146 »
909 1095 967 1151 id
1000 1100 1087 1152 est
1120 1095 1361 1168 colliget
1392 1095 2086 1168 simplices,mansnetos,

414 1194 480 1248 et
507 1189 874 1259 innocentes,
896 1190 953 1241 et
984 1185 1212 1241 noviter
1233 1186 1303 1241 ad
1342 1186 1517 1240 ﬁdem
1550 1202 1720 1240 suam
1749 1185 2046 1240 venientes
2071 1201 2085 1240 :

422 1296 539 1336 non
572 1276 860 1349 superbos
894 1280 951 1329 et
982 1275 1309 1329 tumidos.«
1341 1275 1402 1329 In
1438 1274 1571 1329 sinu
1605 1274 1886 1339 suo,»hoc
1917 1272 2084 1329 estin

422 1366 783 1442 protectiene
815 1381 925 1419 sua
954 1388 980 1413 «
1015 1364 1232 1419 levabit
1262 1362 1580 1418 nsubaudis
1611 1362 1825 1418 electos
1858 1380 1996 1418 suos
2014 1362 2085 1417 ad

423 1455 711 1525 coelestia,
737 1454 839 1527 qui
873 1452 1272 1509 innocentiam
1306 1452 1441 1525 agni
1472 1451 1782 1507 imitantur
1813 1469 1827 1508 :
1863 1475 1890 1502 ‹‹
1919 1452 2086 1506 Fetas

422 1546 553 1621 ipse
579 1543 857 1621 portabit.
876 1566 903 1593 ››
936 1543 1043 1599 Per
1075 1542 1223 1598 fetas
1251 1558 1732 1613 oves,possumus
1762 1540 2088 1613 intelligere

422 1633 723 1709 apostolos
753 1635 811 1689 et
840 1630 1189 1704 apostolicos
1219 1629 1540 1703 viros,quid
1576 1629 1912 1702 spiritualcs
1935 1629 2087 1687 ﬁlios

420 1722 688 1799 quotidie
717 1721 777 1776 in
798 1719 1057 1776 Ecclesia
1077 1720 1316 1792 pariunt
1330 1736 1441 1775 sua
1462 1717 2087 1792 praedicationc,exem-

419 1811 538 1888 plis
568 1814 627 1885 et
644 1808 1034 1876 miraculis,et
1053 1807 1245 1863 adhuc
1266 1808 1607 1882 parturiunt
1626 1807 1877 1862 salutem
1901 1806 2085 1879 pluri-

419 1902 742 1969 morum,et
773 1897 979 1954 dicunt
1010 1914 1145 1952 cum
1175 1896 1453 1968 Apostolo
1488 1913 1501 1951 :
1539 1917 1569 1946 «
1602 1895 1747 1951 Fioli
1780 1896 1893 1952 mei
1934 1913 2084 1968 quos

416 1974 636 2051 iterum
669 1987 931 2062 parturio
963 1986 1105 2058 (Gal.
1140 1991 1240 2054 ιν).
1279 2008 1305 2034 ››
1338 1986 1407 2040 Et
1436 1987 1652 2040 iterum
1691 2001 1743 2040 :«
1777 1985 1884 2040 Per
1906 1986 2085 2041 Evan-

410 2077 668 2155 gelium,
700 2076 913 2149 inquit,
946 2091 1052 2149 ego
1080 2092 1183 2129 vos
1214 2074 1388 2147 genui
1426 2074 1477 2146 (Ι
1505 2075 1635 2130 Cor.
1667 2073 1765 2145 ιν).
1803 2096 1831 2123 ››

492 2166 670 2233 «Quis
692 2182 935 2221 mensus
967 2169 1056 2220 cst
1086 2163 1309 2237 pugillo
1348 2180 1556 2234 aquas,
1577 2167 1635 2218 et
1657 2162 1833 2218 cmlos
1855 2161 2082 2234 psalmo

417 2254 805 2332 ponderavit?
838 2277 866 2304 ››
900 2253 1196 2326 Pugillum
1230 2252 1548 2308 contractis
1580 2251 1784 2325 digitis
1815 2267 2081 2324 pugnum

412 2347 694 2411 dicimus.
749 2343 989 2401 Palmus
1034 2346 1233 2398 autem
1284 2348 1374 2397 est
1425 2344 1658 2397 extenta
1697 2357 1928 2407 manus,
1981 2356 2085 2413 per

416 2441 826 2499 transversum
881 2451 915 2490 a
962 2431 1307 2489 summitate
1338 2429 1570 2502 pollicis
1603 2446 1792 2502 usque
1822 2430 1895 2485 ad
1918 2445 2081 2485 sum-

414 2508 691 2591 mitatem
750 2523 983 2580 minimi
1034 2521 1227 2594 digiti.
1282 2520 1564 2576 Praedicta
1610 2524 1699 2575 est
1746 2517 1927 2592 igitur
1982 2536 2081 2575 su-

416 2633 530 2691 pra
564 2613 790 2672 vocatio
838 2611 1128 2688 gentium,
1178 2613 1236 2665 et
1283 2608 1588 2664 retributio
1639 2625 1862 2664 carum.
1916 2607 2083 2663 Nunc

414 2722 580 2772 vero,
629 2720 701 2760 ne
748 2701 964 2775 aliquis
1014 2700 1306 2756 difﬁderet
1352 2700 1423 2755 de
1473 2698 1769 2755 vocatione
1822 2697 2080 2766 illarum,

416 2794 518 2861 his
567 2791 762 2851 verbis
809 2789 1156 2863 magnitudo
1206 2787 1470 2845 vocantis
1517 2786 1883 2860 exprimitur.
1917 2786 2081 2853 Quod

416 2887 622 2955 autem
677 2879 941 2955 pugillus
999 2878 1247 2935 Domino
1296 2876 1685 2949 omnipotenti
1734 2879 1791 2932 et
1847 2874 2083 2947 palmus

415 2954 777 3040 ascribitur,
811 2985 929 3025 non
980 2971 1070 3024 est
1118 2965 1568 3039 intelligendum
1629 2965 1785 3037 quod
1833 2963 1931 3020 ille
1980 2963 2082 3036 qui

413 3060 669 3139 spiritus
697 3062 789 3115 est
815 3058 1079 3113 humana
1108 3056 1325 3111 habeat
1374 3055 1569 3111 ofﬁcia
1616 3055 2018 3110 membrorum
2065 3069 2079 3108 :

415 3152 524 3221 sed
556 3149 826 3226 quaedam
859 3151 948 3204 est
976 3145 1327 3214 similitudo,
1363 3145 1434 3200 ad
1485 3143 1926 3217 exprimendam
1980 3159 2082 3215 po-

416 3240 619 3317 tentia:
648 3239 778 3315 ejus
810 3234 1453 3310 magnitudinem.Quis
1483 3233 1641 3290 enim
1666 3231 1861 3290 metiri
1892 3234 2085 3306 potest

2201 1011 2467 1064 mentum
2493 1008 2739 1064 minima
2760 1007 3061 1063 inclinatio
3086 1008 3333 1077 lihrze,et
3352 1006 3659 1063 celerrima
3678 1005 3755 1062 in
3783 1006 3897 1062 ali-

2199 1110 2378 1167 quam
2409 1101 2792 1168 parlem,quaa
2823 1097 2890 1152 ﬁt
2918 1114 2988 1152 ex
3017 1112 3193 1169 parvo
3225 1096 3498 1169 pondere.
3533 1118 3560 1145 «
3592 1095 3758 1151 Ecce
3796 1094 3894 1150 in-

2198 1183 2341 1239 sulae
2376 1207 2404 1234 ››
2435 1185 2703 1241 omnium
2730 1190 3022 1242 terrarum
3055 1203 3183 1258 qua:
3216 1185 3273 1240 in
3306 1183 3651 1241 ﬂuminibus
3692 1188 3888 1250 sunt,

2195 1270 2283 1326 vel
2312 1288 2517 1327 omnes
2547 1276 2771 1345 gentes,
2822 1276 2888 1329 ut
2937 1290 3039 1345 per
3086 1271 3313 1329 insulas
3339 1275 3541 1345 gentes
3568 1270 3895 1343 intelliga-

2197 1377 2387 1431 mus,«
2423 1362 2591 1434 quasi
2622 1362 2814 1435 pulvis
2845 1362 3094 1435 exiguus
3124 1361 3594 1434 »comparatione
3620 1361 3886 1432 Dei,qui

2193 1449 2256 1505 in
2287 1450 2448 1507 radio
2476 1452 2617 1507 solis
2648 1451 2897 1519 videtur,
2947 1456 3005 1508 et
3051 1452 3248 1524 potius
3289 1450 3541 1509 sentitur
3572 1449 3630 1505 in
3661 1449 3885 1506 oculis

2195 1555 2375 1611 quam
2405 1540 2693 1597 videatur.

2268 1651 2296 1678 ‹‹
2329 1629 2401 1684 Et
2450 1628 2709 1686 Libanus
2758 1647 2875 1686 non
2927 1629 3183 1687 sufﬁciet
3229 1630 3301 1686 ad
3353 1629 3752 1698 succendum,
3823 1632 3890 1685 et

2195 1716 2475 1774 animalia
2502 1719 2633 1791 ejus
2664 1719 2737 1775 ad
2771 1714 3203 1776 holocaustum.
3229 1739 3258 1769 »
3294 1718 3368 1777 Ut
3398 1722 3623 1776 revocet
3649 1722 3886 1791 gentes

2142 1838 2161 1847 -
2194 1806 2268 1863 ab
2301 1805 2650 1876 idololatria,
2684 1808 2814 1864 ideo
2866 1806 3010 1865 talia
3057 1807 3341 1881 loquitur.
3392 1806 3649 1865 Libanus
3680 1822 3884 1865 mons

2194 1898 2286 1951 est
2306 1895 2470 1951 mirae
2494 1896 3269 1968 magnitudinis,uberrimis
3293 1895 3530 1969 pascuis
3544 1895 3882 1955 abundans

2194 1983 2366 2056 cujus
2396 1984 2558 2057 ligna
2585 1983 2783 2041 omnia
2812 1989 2871 2041 et
2890 2002 3103 2058 pecora
3127 1984 3208 2041 ibi
3242 1985 3687 2058 pascentiamon
3709 1985 3880 2043 satis

2197 2090 2327 2128 esse
2359 2078 2585 2145 queunt
2616 2074 2850 2130 Domini
2899 2074 3228 2131 sacriﬁciis.
3274 2075 3344 2131 Et
3390 2077 3479 2131 est
3528 2072 3883 2130 similitudo

2193 2162 2485 2235 quaedam.
2516 2163 2650 2219 Acsi
2686 2163 2905 2220 diceret
2933 2163 3067 2220 aliis
3094 2163 3287 2220 verbis
3318 2181 3332 2220 :
3366 2163 3556 2221 Etiam
3588 2163 3638 2220 si
3654 2163 3879 2221 omnia

2191 2250 2473 2307 animalia
2501 2251 2967 2323 immolaveritis,
3000 2256 3059 2309 et
3099 2252 3262 2325 ligna
3308 2250 3732 2310 succenderitis
3788 2252 3873 2309 ad

2191 2341 2592 2396 comburenda
2620 2340 2986 2412 holocausta,
3019 2358 3137 2398 non
3186 2341 3483 2403 sufﬁcient
3510 2343 3583 2400 ad
3610 2340 3869 2415 placan-

2191 2429 2328 2485 dam
2360 2433 2535 2485 tantae
2568 2429 2900 2502 majestatis
2929 2431 3275 2503 potentiam.
3594 2466 3599 2469 -

2262 2541 2291 2569 «
2323 2517 2542 2575 Omnes
2570 2522 2796 2591 gentes,
2826 2538 2855 2572 ι
2892 2518 3177 2576 subaudis
3210 2536 3337 2593 quae
3366 2519 3478 2577 sub
3508 2517 3651 2576 etslo
3684 2525 3861 2587 sunt,

2196 2627 2224 2659 α
2254 2608 2425 2680 quasi
2458 2624 2574 2663 non
2604 2607 2746 2676 sint,
2777 2606 2863 2665 sic
2890 2612 3032 2666 sunt
3075 2624 3276 2667 coram
3320 2625 3408 2678 eo,
3444 2629 3473 2659 »
3504 2608 3613 2665 hoc
3640 2613 3751 2681 est,
3793 2608 3864 2665 in

2192 2696 2629 2769 comparatione
2658 2696 2819 2753 illius
2850 2697 2950 2770 qui
2982 2697 3185 2757 omnia
3213 2697 3439 2772 implet.

2266 2808 2296 2837 ιι
2327 2784 2432 2841 Cui
2462 2802 2599 2859 ergo
2632 2784 2889 2842 similem
2920 2785 3142 2845 fecistis
3172 2786 3689 2855 Deumnvivum,«o
3708 2803 3865 2861 gen-

2190 2873 2344 2944 tiles,
2360 2892 2429 2931 ex
2455 2874 2735 2931 omnibus
2765 2874 3102 2937 simulacris
3127 2875 3647 2946 mannfactis,aaut
3667 2892 3860 2949 quam

2192 2963 2511 3037 imaginem
2544 2964 2775 3037 ponetis
2806 2964 2857 3020 ei
2907 2987 2937 3016 »
2985 2965 3263 3024 omnibus
3310 2964 3425 3025 diis
3465 2964 3694 3036 vestris,
3745 2965 3861 3037 qui

2192 3053 2439 3126 spiritus
2472 3053 2598 3110 est?

2269 3166 2298 3194 «
2331 3142 2611 3215 Nunquid
2642 3142 2916 3216 sculptile
2945 3143 3217 3201 conﬂavit
3264 3142 3464 3200 faber?
3490 3146 3594 3203 aut
3622 3142 3862 3201 aurifex

2192 3231 2468 3305 figuravit
2494 3230 2642 3288 illud
2676 3254 2704 3281 ››
2736 3231 3122 3289 simulacrum
3155 3249 3318 3300 auro,
3351 3236 3418 3288 ut
3449 3231 3631 3303 possit
3654 3230 3859 3288 simile

416 3345 628 3405 omnes
658 3344 864 3400 aquas,
889 3329 993 3382 aut
1020 3324 1079 3380 in
1112 3325 1365 3397 pondere
1388 3323 1599 3379 coelum
1632 3326 1967 3394 terramque
1999 3337 2081 3376 re-
2110 3328 2154 3395 (ι
2192 3336 2321 3376 esse
2349 3320 2467 3376 Deo
2511 3320 2613 3392 qui
2664 3320 2882 3393 ubique
2929 3324 3053 3379 est?
3099 3321 3233 3378 Acsi
3272 3320 3493 3378 diceret
3523 3337 3536 3376 :
3565 3321 3857 3393 Nunquid

416 3415 658 3495 digere?
686 3414 899 3472 Nullus
930 3412 1043 3469 nisi
1093 3414 1142 3467 is
1191 3413 1291 3485 qui
1340 3430 1407 3467 ex
1458 3410 1642 3466 nihilo
1673 3410 1873 3466 omnia
1921 3410 2077 3465 fecit.

420 3530 449 3573 «ε
484 3504 628 3574 Quis
657 3503 940 3577 appendit
986 3501 1178 3557 tribus
1222 3500 1424 3573 digitis
1473 3499 1687 3555 molem
1738 3503 1926 3568 terrae,
1964 3521 1991 3548 »
2019 3498 2079 3554 id

421 3596 515 3659 est
544 3591 681 3665 quis
711 3589 1023 3663 suspendit
1054 3594 1270 3645 terram
1303 3594 1481 3661 super
1528 3588 1803 3656 nihilum,
1838 3587 1951 3643 nisi
1984 3605 2082 3660 po-

420 3684 607 3738 testas
639 3678 970 3750 Trinitatis,
1004 3678 1172 3734 Patcr
1218 3681 1275 3732 et
1323 3677 1502 3733 Filius
1535 3680 1592 3733 et
1621 3676 1874 3749 Spiritus
1906 3693 2079 3732 sanc-

423 3770 564 3831 tus?
607 3791 638 3821 (ι
687 3768 759 3825 Et
800 3766 934 3840 quis
982 3766 1237 3834 libravit,
1294 3790 1319 3815 ››
1364 3766 1419 3822 id
1468 3771 1558 3823 est
1601 3765 1910 3839 suspendit
1943 3788 1963 3815 ι
2019 3765 2079 3821 in

420 3858 678 3935 pondere
725 3860 974 3927 montes,
1027 3860 1085 3912 et
1132 3855 1309 3912 colles
1358 3856 1417 3911 in
1468 3859 1702 3925 statera,
1742 3878 1768 3904 ››
1803 3855 1860 3909 id
1899 3855 2079 3912 estin

420 3948 655 4023 pondus
676 3945 937 4020 redegit?

492 4060 522 4090 «
566 4036 709 4105 Quis
759 4034 985 4109 adjuvit
1026 4034 1301 4107 spiritum
1366 4033 1622 4102 Domini,
1674 4034 1735 4089 in
1784 4033 2079 4090 creatione

415 4127 641 4186 scilicet
667 4125 863 4183 omnis
910 4129 1212 4196 creaturae,
1258 4142 1385 4197 qua:
1436 4125 1589 4180 trina
1636 4126 1941 4197 majestate
1989 4127 2080 4179 est

414 4216 608 4283 facta?
636 4214 869 4273 Nullus.
923 4214 1024 4271 Ille
1061 4214 1218 4271 enim
1252 4214 1353 4286 qui
1386 4215 1486 4270 dat
1531 4214 1937 4270 fortitudinem
1969 4211 2075 4268 fel-

415 4307 513 4379 lis,
553 4290 777 4364 nullius
824 4303 1050 4378 indiget
1094 4304 1331 4360 auxilio.
1389 4324 1410 4353 ι
1458 4306 1574 4359 Aut
1619 4302 1755 4375 quis
1802 4301 2075 4360 consilia-

414 4396 540 4457 rius
570 4396 701 4470 ejus
730 4394 844 4450 fuit
873 4392 1023 4467 (Sep.
1057 4410 1149 4460 1x;
1184 4394 1335 4449 Rom.
1368 4393 1470 4464 χι),
1526 4416 1554 4442 ››
1599 4393 1658 4447 id
1708 4397 1798 4448 est
1828 4391 2075 4464 Spiritui

416 4486 646 4552 sancto,
677 4503 706 4532 «
740 4485 800 4537 et
828 4479 1086 4536 ostendit
1116 4479 1221 4548 illi,
1253 4500 1277 4532 η
1318 4481 1606 4536 subaudis
1659 4480 1801 4552 quid
1835 4477 2077 4554 ageret?

416 4571 629 4653 Nullus
661 4569 777 4627 nisi
810 4569 979 4625 Pater
1009 4573 1067 4625 et
1099 4568 1302 4635 Filius,
1334 4587 1587 4642 quorum
1620 4586 1739 4625 una
1783 4575 1872 4625 est
1910 4572 2072 4649 pote-

416 4646 562 4731 stas,
594 4658 1010 4732 inseparabilis
1042 4659 1238 4714 Deitas
1273 4676 1286 4714 :
1322 4664 1379 4714 et
1409 4659 1506 4731 qui
1541 4664 1659 4714 tres
1691 4659 1749 4713 in
1782 4646 2069 4730 personis,

417 4765 606 4808 unum
639 4752 785 4805 sunt
810 4747 869 4802 in
901 4747 1540 4803 Deitate.Consiliarius
1559 4753 1645 4804 est
1677 4748 1919 4819 Spiritui
1944 4764 2074 4802 san-

416 4822 531 4908 eto,
565 4837 667 4911 qui
698 4835 784 4892 illi
812 4836 913 4892 dat
938 4836 1173 4893 salubre
1225 4836 1559 4905 consilium,
1595 4838 1652 4892 in
1700 4854 1814 4908 quo
1845 4836 2074 4893 habitat

416 4914 575 4986 idem
608 4924 866 4999 Spiritus
896 4929 1159 4981 sanctus.

493 5036 516 5066 ι
551 5014 699 5073 Cum
730 5030 845 5086 quo
877 5008 1012 5069 iniit
1038 5013 1398 5069 consilium»
1430 5014 1527 5070 1110
1559 5016 1813 5087 Spiritus
1833 5020 2074 5072 sanctus

417 5102 672 5177 qualiter
701 5103 929 5176 operari
981 5102 1301 5172 debuisset,
1341 5124 1366 5156 υ
1396 5107 1454 5156 et
1483 5103 1760 5159 instruxit
1790 5110 1847 5159 et
1878 5103 2078 5160 docuit

416 5207 555 5251 eum
587 5191 861 5251 semitam
885 5190 1193 5263 justitizn,»
1228 5190 1285 5244 id
1319 5196 1407 5245 est
1438 5192 1847 5247 rectitudinem
1880 5209 2077 5263 opera-

414 5280 619 5351 tionis,
657 5303 679 5331 ιι
715 5284 773 5337 et
802 5279 1057 5337 erudivit
1085 5295 1222 5334 eum
1255 5279 1610 5347 scientia,-et
1638 5281 1789 5335 viam
1823 5281 2073 5353 pruden-

414 5354 510 5425 tiae
541 5368 801 5425 ostendit
830 5367 959 5423 illi?
996 5389 1022 5416 ››
1054 5366 1283 5423 Nullus.
1320 5367 1633 5424 Prudentia
1670 5373 1760 5424 est
1803 5369 1861 5423 in
1894 5386 2071 5443 appe-

413 5456 613 5537 tendis
644 5455 835 5523 bonis,
868 5461 926 5512 et
951 5456 1206 5511 vitandis
1239 5455 1431 5513 malis.

482 5567 516 5597 α
551 5543 700 5599 Ecce
728 5549 933 5615 gentes
958 5566 986 5593 ››
1017 5542 1172 5600 idola
1203 5544 1478 5614 colentes,
1506 5545 1593 5601 vel
1636 5561 1841 5601 omnes
1870 5546 2073 5602 huma-

405 5644 561 5697 num
592 5642 783 5699 genus
804 5635 876 5689 ad
907 5634 1405 5702 comparationem
1437 5635 1595 5703 Dei,«
1622 5633 1793 5707 quasi
1824 5634 1982 5690 stilla
2004 5633 2076 5688 si-

399 5715 548 5775 ιωω
585 5735 609 5762 ι·
647 5718 705 5770 et
736 5721 906 5795 quasi
939 5726 1309 5779 momentum
1343 5728 1570 5780 staterae
1604 5726 1887 5799 reputatae
1911 5727 2085 5793 sunt.

2192 3408 2513 3482 sculpendo
2544 3410 2682 3465 fecit
2709 3427 2847 3466 eum
2877 3409 3178 3483 aliquis,et
3208 3427 3323 3467 non
3357 3410 3482 3483 ipse
3515 3409 3615 3483 qui
3646 3409 3863 3469 omnia

2187 3496 2326 3553 fecit
2355 3515 2391 3553 a
2419 3498 2656 3574 nemine
2682 3502 2773 3555 est
2803 3499 3035 3555 factus?
3064 3499 3194 3556 Haec
3212 3515 3322 3556 vox
3349 3498 3454 3556 Dei
3474 3498 3857 3571 omnipoten-

2187 3585 2265 3643 tis
2296 3586 2609 3644 stultitiam
2640 3588 2906 3661 gentium
2937 3588 3257 3662 redarguit,
3282 3592 3349 3645 ut
3369 3586 3649 3647 recedant
3666 3605 3701 3647 a
3721 3586 3855 3645 cul-

2188 3679 2322 3731 tura
2352 3676 2828 3734 simulacrorum.

2263 3788 2284 3814 α
2317 3765 2486 3823 Forte
2515 3766 2765 3840 lignum,
2798 3788 2826 3817 »
2860 3766 2919 3823 id
2950 3769 3040 3822 est
3067 3762 3333 3827 durabile
3366 3785 3395 3816 «
3426 3762 3603 3837 elegit
3630 3765 3856 3827 artifex

2186 3855 2531 3927 sapicnswt
2561 3856 2735 3912 faciat
2765 3855 2899 3911 inde
2929 3855 3103 3910 deum
3134 3852 3423 3911 suum.Ex
3445 3851 3624 3925 lignis
3646 3853 3852 3927 impn-

2189 3943 2487 4001 tribilibus
2512 3949 2571 4002 et
2590 3962 2659 4002 ex
2676 3947 2904 4012 auro,et
2933 3939 3454 4016 argento,aliisque
3483 3941 3748 4001 metallis
3764 3944 3856 4001 fa-

2188 4032 2423 4091 ciebant
2451 4034 2679 4108 antiqui
2700 4032 3111 4102 simulacramt
3132 4030 3309 4105 longa
3329 4047 3434 4104 per
3453 4035 3722 4104 tempora
3742 4033 3850 4090 dn-

2186 4140 2316 4179 rare
2348 4130 2607 4197 possent.
2642 4124 2744 4180 llis
2774 4121 2966 4180 verbis
3011 4120 3365 4192 ostenditur,
3410 4120 3567 4193 quod
3610 4119 3845 4180 nullum

2186 4213 2367 4269 robur
2396 4216 2474 4269 sit
2504 4213 2563 4269 in
2592 4212 2765 4270 idolis
2794 4213 2867 4270 ad
2899 4212 3000 4270 Dei
3033 4209 3554 4284 comparationem.

2257 4325 2286 4353 α
2315 4301 2593 4374 Nunquid
2617 4318 2736 4359 non
2766 4301 3029 4371 scitis,«o
3050 4304 3388 4373 gentes,per
3416 4298 3743 4366 naturalem
3765 4300 3845 4359 10-

2184 4406 2339 4464 gem,
2362 4393 2421 4446 ct
2450 4389 2867 4463 cognitionem,
2888 4393 3293 4446 creaturarum
3325 4405 3420 4446 me
3449 4393 3753 4456 atomum,
3783 4392 3844 4445 et

2183 4478 2407 4534 idolum
2440 4477 2585 4533 nihil
2617 4478 2788 4533 esse?
2819 4499 2847 4526 «
2884 4476 3165 4548 Nunquid
3197 4493 3317 4533 non
3346 4477 3631 4539 audistis»
3651 4476 3843 4550 legem

2183 4584 2311 4640 quae
2342 4585 2447 4638 per
2472 4567 2671 4622 Mosen
2703 4566 2842 4621 data
2871 4564 2998 4621 est?
3034 4565 3345 4636 «Nunquid
3378 4583 3495 4624 non
3527 4566 3835 4629 annuntia-

2182 4661 2308 4711 tum
2340 4660 2432 4711 est
2463 4656 2567 4711 nab
2600 4655 2768 4710 initio
2799 4654 2964 4710 vobis
2995 4654 3057 4710 in
3087 4653 3238 4720 libro
3271 4654 3516 4713 Genesis
3537 4656 3725 4728 capite
3741 4656 3836 4713 deo

2180 4746 2333 4802 cimo
2356 4744 2790 4817 septimo,quod
2816 4760 2924 4817 ego
2944 4758 3078 4799 sum
3090 4743 3246 4801 Deus
3260 4742 3423 4801 solus
3434 4743 3834 4801 vivus‘luNun-

2182 4834 2324 4908 quid
2356 4851 2472 4890 non
2502 4832 2873 4891 intellexistis
2895 4833 3277 4893 fundamenta
3306 4837 3529 4902 terra,»
3552 4832 3835 4890 subaudis

2183 4924 2324 4998 quia
2353 4941 2531 4996 super
2559 4927 2736 4979 tenue
2766 4922 3124 4980 elementum
3155 4922 3399 4979 fundata
3426 4920 3604 4978 sunt?

2259 5038 2287 5066 «
2323 5013 2431 5082 Qui
2462 5014 2644 5082 sedet,
2680 5036 2709 5063 ››
2741 5013 2801 5067 id
2832 5017 2923 5069 est
2944 5012 3043 5085 qui
3076 5011 3301 5069 habitat
3312 5032 3341 5060 «
3371 5026 3548 5081 super
3576 5025 3785 5083 gyrum
3806 5034 3832 5059 ι»

2184 5104 2294 5160 hoc
2326 5107 2414 5159 est
2444 5120 2623 5175 super
2652 5102 2967 5158 circuitum
3003 5123 3031 5151 «
3063 5104 3120 5156 et
3149 5099 3510 5157 habitatores
3540 5099 3692 5170 ejus,
3718 5124 3745 5148 »
3774 5100 3828 5155 id

2186 5197 2276 5249 est
2306 5196 2490 5259 terrae,
2525 5196 2665 5247 sunt
2693 5192 2766 5246 ad
2797 5191 2926 5263 ejus
2955 5189 3451 5262 comparationem
3502 5188 3620 5245 sive
3663 5203 3825 5260 angev

2179 5281 2371 5341 lorum
2405 5304 2432 5330 «
2464 5279 2634 5352 quasi
2667 5280 2926 5337 locustae.
2961 5302 2988 5329 ››
3021 5278 3473 5335 Consideremus
3504 5277 3577 5333 ab
3612 5275 3824 5333 oriente

2181 5386 2370 5443 usque
2396 5370 2468 5424 ad
2498 5369 2948 5435 occidentem,et
2978 5385 3011 5424 a
3041 5366 3285 5425 meridie
3307 5382 3498 5438 usque
3517 5366 3589 5423 ad
3610 5370 3824 5437 septen-

2180 5460 2433 5515 trionem
2465 5458 2665 5514 omnia
2693 5474 2909 5532 genera
2937 5454 3429 5517 hominuminter
3448 5454 3568 5511 haec
3598 5453 3822 5511 climata

2182 5546 2512 5604 habitantia
2544 5565 2556 5603 :
2591 5551 2649 5604 et
2678 5546 3009 5603 videbimus
3043 5546 3200 5617 quia,
3235 5544 3307 5601 ad
3340 5541 3819 5616 comparationem

2183 5634 2307 5703 Dei,
2340 5636 2440 5707 qui
2471 5636 2675 5692 omnia
2703 5635 2910 5709 implet
2962 5638 3019 5692 et
3067 5634 3287 5706 ubique
3336 5636 3445 5700 est,
3479 5646 3653 5704 parva
3694 5632 3823 5687 sunt

2184 5728 2243 5782 et
2275 5724 2526 5793 modica.
2562 5746 2591 5775 α
2622 5724 2732 5792 Qui
2763 5724 3020 5783 extendit
3069 5722 3229 5783 velut
3277 5721 3530 5781 nihilum
3578 5717 3766 5799 90:108.
3794 5738 3820 5769 η
