3960 6456
398 459 514 527 915

818 465 1230 527 HAYMONIS
1264 464 1807 526 HALBERSTAT.
1840 461 2083 523 EPISC.
2118 460 2291 522 OPP.
2324 460 2529 521 PARS
2559 460 2608 521 Ι.
2642 494 2720 502 -
2751 457 3163 519 COMMENT.
3201 457 3402 518 BIBL.

3639 491 3647 499 -
3709 458 3835 521 916

401 596 633 653 obviam
664 595 748 653 ire
777 596 1022 653 Domino
1050 596 1110 652 in
1143 612 1296 653 aera.
1331 596 1544 653 Dicunt
1574 597 1839 652 doctores
1871 613 1885 653 :
1914 594 2063 662 Quia
2090 593 2145 661 Α
2175 591 2423 649 mortuis
2455 590 3127 658 resurrexit,seCundum
3145 590 3305 663 quod
3324 588 3478 646 Patri
3497 589 3831 663 respondit:

403 690 618 744 natura
646 690 737 742 est
766 685 973 759 aquila
1006 690 1071 742 ut
1104 686 1265 743 senio
1297 688 1561 742 confecta
1583 702 1716 741 cum
1738 702 1854 741 non
1878 684 2066 758 possit

405 776 664 848 pradam
707 790 936 847 capere,
964 774 1269 831 incurvato
1300 780 1489 830 rostro
1519 779 1577 830 et
1606 775 1924 830 contractis
1955 792 2064 829 un-

404 863 581 938 gulis,
604 876 853 920 accensa
881 864 969 919 ira
999 864 1204 919 tandiu
1232 864 1451 921 scilicet
1474 865 1621 920 dura
1642 869 1699 920 et
1718 863 1837 919 alta
1866 863 2066 919 atterit

405 956 759 1021 rostrum,ut
779 951 1151 1008 solummodo
1175 952 1491 1025 vestigium
1514 956 1750 1009 maneat
1774 955 1961 1025 Atque
1982 952 2063 1008 ita

404 1042 507 1115 pili
529 1041 710 1110 sui,et
730 1058 905 1098 omne
935 1042 1250 1097 innovatur
1278 1047 1576 1114 corpus,et
1606 1041 1818 1114 pluma
1850 1041 2010 1096 illius
2046 1059 2059 1097 :

405 1132 489 1188 sic
520 1131 709 1187 sancti
740 1130 842 1203 qui
873 1148 936 1187 se
966 1130 1063 1185 hic
1114 1130 1465 1186 attriverunt
1514 1131 1925 1186 mortificando
1971 1148 2061 1185 se-

403 1221 589 1293 ipsos,
619 1220 1059 1275 innovabuntur
1091 1237 1193 1292 per
1241 1219 1766 1291 incorruptionem,
1800 1222 2062 1274 contem-

404 1309 634 1383 plantes
655 1308 839 1365 solem
853 1309 1101 1381 justitia
1123 1308 1452 1364 Christum:
1478 1308 1633 1363 sicut
1652 1308 1835 1363 solem
1867 1307 2067 1379 aquila

404 1398 844 1454 irreverberatis
875 1397 1082 1453 oculis.
1116 1399 1347 1453 Etcum
1367 1398 1437 1453 ad
1462 1397 1778 1452 terminum
1809 1397 1938 1451 vita
1968 1414 2063 1452 ve-

407 1486 627 1554 nerint,
657 1490 801 1541 tunc
850 1486 1145 1559 incipiunt
1185 1486 1397 1552 vivere,
1429 1503 1561 1541 cum
1594 1486 1869 1541 videntur
1897 1485 2065 1541 finire

403 1576 606 1631 vitam.
631 1598 660 1625 «
685 1575 980 1631 Current»
1017 1574 1327 1647 migrando
1359 1577 1431 1630 ad
1462 1574 1784 1642 Christum,
1806 1598 1834 1625 ‹‹
1862 1578 1917 1630 et
1948 1591 2063 1629 non

406 1664 761 1721 laborabunt
784 1686 812 1713 »
834 1663 1131 1736 quiavisio
1154 1669 1369 1719 sancta
1385 1663 1694 1719 Trinitatis
1711 1664 1823 1719 erit
1837 1664 1922 1719 eis
1939 1680 2064 1719 om-

405 1753 522 1809 nia.
548 1776 577 1802 «
600 1752 1007 1809 Ambulabunt
1030 1774 1057 1801 »
1080 1752 1150 1808 de
1178 1751 1394 1808 virtute
1424 1752 1484 1806 in
1514 1752 1791 1808 virtutem
1814 1775 1842 1802 ‹‹
1867 1757 1926 1807 et
1946 1769 2063 1809 non

406 1841 683 1899 deficient
715 1863 743 1891 »
778 1841 836 1896 in
868 1846 1152 1897 aternum
1182 1840 1392 1897 victuri
1426 1857 1561 1897 cum
1595 1842 1865 1897 Domino.

1029 1981 1265 2039 CAPUT
1302 1980 1445 2037 XLI.

481 2131 511 2159 «
527 2109 785 2165 Taceant
798 2107 867 2164 ad
884 2123 977 2164 me
990 2106 1285 2175 insula,et
1301 2110 1505 2179 gentes
1526 2109 1756 2161 mutent
1776 2105 2068 2161 fortitudi-

409 2214 603 2255 nem.»
636 2196 759 2252 Vox
788 2197 914 2253 Dei.
941 2195 1082 2252 Tale
1112 2196 1249 2268 quid
1287 2196 1345 2250 in
1377 2195 1573 2251 Exodo
1603 2194 1884 2265 legimus:
1918 2192 2069 2249 Audi

410 2287 674 2353 Israel,et
694 2290 841 2342 tace.
862 2284 1073 2340 Insula
1104 2283 1383 2339 dicuntur
1408 2299 1476 2339 eo
1507 2284 1662 2354 quod
1694 2282 1753 2336 in
1782 2281 1927 2345 salo,
1959 2281 2070 2337 hoc

408 2374 571 2431 estin
583 2372 883 2442 mari,sint
895 2370 1432 2444 posita.Etinsulas
1447 2370 1732 2425 debemus
1745 2368 2070 2441 intelligere

409 2465 770 2535 gentes,qua
792 2477 826 2515 a
846 2460 1022 2515 salsis
1034 2460 1371 2530 amarisque
1388 2459 1664 2514 fluctibus
1676 2458 1855 2529 hujus
1872 2457 2069 2513 saculi

409 2549 766 2619 tunduntur.
799 2549 1077 2615 Taceant,
1111 2547 1327 2620 inquit,
1357 2546 1564 2602 insula
1611 2547 1683 2601 ad
1731 2546 1841 2601 hoc
1870 2550 1936 2601 ut
1965 2562 2070 2601 au-

411 2637 578 2693 diant
593 2652 686 2692 me
704 2636 985 2708 primum,
1011 2635 1120 2691 hoc
1140 2640 1229 2691 est
1252 2638 1459 2707 gentes
1483 2651 1585 2707 per
1605 2634 1921 2706 apostolos.
1949 2656 1976 2685 «
2000 2635 2072 2691 Et

410 2730 642 2782 mutent
664 2725 1130 2781 fortitudinem.»
1144 2724 1445 2790 Quomodo
1462 2724 1675 2778 debent
1697 2727 1924 2778 mutare
1936 2741 2072 2796 gen-

416 2819 507 2871 tes
539 2813 989 2870 fortitudinem?
1020 2814 1099 2868 Eo
1130 2814 1304 2868 modo
1337 2829 1453 2884 quo
1484 2812 1756 2884 superius
1788 2811 2068 2880 diximus,

414 2907 481 2959 ut
501 2902 602 2976 qui
632 2902 813 2959 fortes
842 2902 1083 2958 fuerunt
1114 2901 1173 2957 in
1201 2901 1505 2967 malo,sint
1534 2901 1803 2956 fortiores
1822 2901 1894 2956 ad
1918 2901 2074 2956 bona

414 2989 594 3065 opera
623 2991 1196 3065 peragenda.Beatus
1229 2990 1541 3063 Gregorius
1572 2989 1715 3045 dicit
1744 2988 1919 3045 aliam
1941 3006 2073 3045 esse

413 3081 821 3138 fortitudinem
845 3081 1189 3147 electorum,
1212 3078 1387 3135 aliam
1409 3079 1812 3151 reproborum.
1829 3078 2075 3134 Fortitu-

412 3171 490 3226 do
504 3170 822 3227 electorum
836 3169 1164 3227 estvincere
1177 3185 1357 3224 concu
1368 3168 1712 3241 piscentiam
1727 3166 2076 3235 carnis,libi-

412 3258 612 3316 dinem
642 3259 935 3327 videlicet,
952 3258 1273 3331 appetitum
1306 3262 1670 3314 terrenarum
1703 3255 2075 3324 rerum,alia-

414 3364 531 3422 que
544 3347 783 3404 vitia.Et
811 3348 861 3403 si
897 3327 1219 3403 necessitas
1249 3363 1313 3403 se
1342 3346 1700 3418 opposuerit,
1726 3362 1828 3418 pro
1858 3344 2075 3401 Christi
2105 3327 2150 3395 C

414 3436 655 3493 nomine
674 3438 970 3492 tormenta
1000 3435 1209 3491 mortis
1229 3434 1481 3491 libenter
1502 3433 2075 3491 sutferre.Fortitudo

409 3527 613 3582 autem
662 3522 1045 3595 reproborum
1095 3527 1205 3591 est,
1236 3522 1555 3579 homicidia
1598 3522 1943 3594 adimplere,
1973 3538 2078 3595 per

414 3612 684 3685 rapinam
707 3610 959 3667 aliorum
991 3612 1145 3667 bona
1166 3612 1395 3667 auferre
1416 3615 1475 3665 et
1494 3610 1741 3683 insuper
1768 3628 1873 3683 pro
1894 3610 2077 3668 lucris

415 3699 845 3774 temporalibus
875 3699 1081 3755 mortis
1113 3699 1372 3772 periculo
1405 3716 1467 3755 se
1496 3716 1809 3771 opponere.
1851 3722 1879 3749 ‹‹
1901 3700 2075 3755 Acce-

415 3791 579 3859 dant,
603 3812 631 3842 »
666 3789 955 3846 subaudis
979 3793 1182 3862 gentes
1214 3790 1287 3845 ad
1323 3806 1415 3844 me
1443 3789 1754 3854 credendo,
1788 3811 1817 3838 ‹‹
1850 3792 1908 3844 et
1935 3794 2077 3844 tunc

412 3879 776 3953 loquantur»
808 3878 867 3934 id
889 3882 978 3935 est
999 3879 1154 3951 quod
1188 3872 1564 3934 crediderunt
1582 3876 1714 3933 aliis
1738 3878 2074 3950 pradicent.

416 3992 445 4021 «
468 3968 757 4026 Similiter
776 3968 848 4023 ad
865 3968 1161 4039 judicium
1186 3984 1566 4041 properemus
1593 3989 1620 4015 »
1643 3971 1711 4023 ut
1741 3967 2078 4023 discernant

412 4057 569 4114 inter
586 4073 680 4114 me
703 4057 982 4114 factorem
1006 4060 1271 4123 suum,et
1286 4055 1445 4111 idola
1464 4056 1537 4111 a'o
1560 4056 1676 4111 illis
1705 4056 2073 4112 manufacta:

413 4151 473 4203 et
493 4146 1028 4219 disputent,utrum
1055 4144 1321 4202 omnium
1345 4145 1676 4215 Deusjuste
1697 4145 1897 4201 omnia
1918 4149 2074 4218 agat.

486 4258 515 4285 ‹‹
530 4235 672 4302 Quis
688 4234 993 4292 suscitavit
1005 4236 1077 4291 ab
1090 4234 1325 4290 Oriente
1339 4236 1571 4305 justum
1582 4276 1595 4300 ,
1614 4256 1641 4283 »
1654 4234 1865 4291 hocest
1877 4234 2075 4290 Chris-

411 4324 585 4381 tum?
604 4324 729 4380 Vox
758 4324 859 4379 Dei
884 4322 1091 4391 Patris,
1116 4339 1225 4379 sua
1254 4321 1709 4395 interrogatione
1738 4328 1943 4394 gentes
1974 4324 2076 4379 do-

412 4413 601 4469 centis
625 4412 781 4485 quod
805 4411 1191 4485 ignorant.Ab
1212 4411 1446 4467 Oriente
1470 4410 1625 4466 Deus
1647 4411 1815 4467 Pater
1834 4411 2079 4467 suscita-

411 4500 496 4556 vit
507 4500 825 4557 Dominum
839 4505 1110 4556 nostrum
1122 4499 1411 4556 JesumCh
1421 4499 1626 4555 ristum
1638 4500 1866 4572 ,quiain
1882 4500 2079 4556 Orien-

413 4588 493 4645 tis
523 4589 796 4661 partibus
826 4589 1031 4646 Judaa
1061 4588 1433 4651 consistit,in
1467 4605 1585 4660 qua
1614 4587 1783 4643 illum
1818 4589 2077 4661 primum

411 4677 708 4733 incarnari
742 4677 1070 4733 constituit.
1096 4700 1125 4728 «
1158 4677 1399 4733 Vocavit
1426 4694 1560 4732 eum
1594 4682 1660 4732 ut
1690 4682 2074 4749 sequeretur»

410 4764 470 4821 id
500 4770 611 4833 est,
631 4771 700 4822 ut
731 4767 861 4837 ejus
890 4765 1176 4821 voluntati
1208 4770 1459 4836 pareret.
1491 4765 1741 4821 Secutus
1771 4770 1859 4821 est
1892 4766 2075 4822 Filius

412 4855 668 4922 Patrem,
702 4855 844 4927 quia
874 4855 931 4909 in
965 4852 1244 4909 omnibus
1275 4852 1563 4909 voluntati
1593 4855 1722 4925 ejus
1755 4856 1971 4927 paruit.
2006 4856 2072 4911 Et

412 4942 702 5015 quidquid
726 4942 1072 5015 egit,omnia
1091 4943 1162 4997 ad
1182 4941 1430 5015 gloriam
1464 4941 1623 4998 illius
1655 4943 2076 5016 retulit,etpec-

404 5034 608 5085 catum
635 5048 753 5086 non
778 5030 932 5097 fecit,
968 5048 1073 5086 nec
1105 5030 1277 5086 dolus
1307 5030 1579 5087 inventus
1601 5036 1691 5088 est
1712 5032 1768 5086 in
1792 5049 1889 5088 ore
1921 5033 2072 5104 ejus.

412 5118 732 5174 Suscitavit
753 5120 928 5174 etiam
951 5137 1087 5175 eum
1111 5121 1183 5175 ab
1207 5119 1444 5175 Oriente
1469 5121 1575 5186 (Isa
1603 5127 1717 5190 xv):
1748 5123 1984 5194 quando
2014 5123 2073 5179 in

412 5206 539 5279 ipso
553 5212 718 5263 terra
738 5208 954 5264 Judaa
972 5208 1097 5263 loco
1121 5208 1254 5264 fecit
1276 5226 1409 5264 eum
1435 5227 1739 5282 resurgere
1752 5228 1785 5265 a
1803 5213 2072 5283 mortuis,

411 5300 469 5349 et
488 5296 760 5367 perduxit
780 5314 991 5352 nomen
1017 5297 1175 5353 illius
1199 5314 1301 5368 per
1322 5299 1619 5369 apostolos
1642 5299 1700 5354 in
1723 5317 1928 5356 omnes
1940 5318 2075 5373 gen-

416 5386 589 5447 tes,et
614 5386 759 5441 fines
790 5385 949 5465 orbis
980 5390 1164 5441 terra.
1197 5385 1435 5441 Vocavit
1464 5387 1641 5443 etiam
1674 5389 1847 5444 tertia
1878 5390 1971 5445 die
2002 5390 2074 5447 de

413 5471 703 5541 sepulcro,
726 5475 1051 5529 secundum
1077 5474 1222 5530 illud
1254 5475 1408 5545 quod
1441 5476 1668 5547 psalmo
1705 5474 2076 5549 quadragesi-

417 5571 512 5610 mo
543 5564 752 5627 quarto
802 5560 1114 5617 Psalmista
1164 5562 1289 5633 ipse
1331 5562 1472 5618 dicit
1500 5565 1571 5618 ad
1607 5564 1818 5620 Filium
1854 5584 1867 5621 :
1901 5590 1927 5616 ‹‹
1964 5569 2070 5622 Ex-

416 5658 590 5712 surge
620 5644 805 5712 gloria
834 5664 966 5702 mea
990 5649 1164 5714 (Paul.
1188 5654 1373 5718 xvm),
1410 5673 1437 5699 »
1470 5657 1526 5706 et
1556 5656 1782 5708 calera.
1817 5654 2071 5713 Secutus

398 5731 507 5780 .est
535 5728 690 5784 enim
724 5734 1073 5803 Filius,quia
1100 5739 1225 5793 voci
1257 5739 1386 5808 ejus
1417 5739 1696 5795 obediens
1731 5742 1903 5797 tertia
1925 5742 2072 5800 diea

2093 1926 2143 2029 i3

2174 683 2499 754 Exsurgam
2532 679 2813 736 diluculo.
2850 701 2877 730 «
2908 679 3138 735 Dabit.»
3169 679 3327 736 Deus
3358 678 3643 736 subaudis
3666 679 3838 737 Pater

2178 792 2205 821 (ι
2220 771 2277 825 in
2298 774 2611 843 conspectu
2635 770 2823 841 ejus,»
2839 768 2895 823 id
2917 773 3006 823 est
3028 766 3216 834 Filii,«
3234 771 3478 840 gentes»
3493 772 3551 823 et
3565 769 3835 841 populos,

2171 859 2461 923 videlicet,
2482 859 2582 931 qui
2616 859 2674 913 in
2706 875 2841 914 eum
2872 856 3149 913 credituri
3185 860 3328 912 sunt
3357 879 3386 907 ‹‹
3420 861 3479 912 et
3507 873 3670 929 reges
3690 858 3843 915 obti—

2174 948 2338 1003 nebit
2373 971 2399 996 »
2433 964 2535 1019 per
2574 945 3048 1019 praedicationem
3108 944 3511 1017 apostolorum
3570 963 3839 1004 suorum.

2174 1036 2343 1093 Multi
2388 1036 2545 1092 enim
2595 1053 2761 1108 reges
2792 1039 2850 1090 et
2880 1032 3177 1107 principes
3208 1033 3664 1106 pradicantibus
3695 1051 3839 1106 apo-

2174 1126 2343 1181 stolis
2365 1127 2436 1181 ad
2465 1126 2637 1181 [idem
2672 1123 2901 1180 Domini
2930 1126 3239 1179 venerunt.
3265 1122 3535 1179 «Dabit»
3559 1122 3713 1179 Deus
3734 1124 3843 1180 Pa-

2173 1219 2262 1270 ter
2282 1214 2658 1285 omnipotens
2674 1236 2700 1263 «
2714 1212 2910 1285 gladio
2930 1213 3118 1284 ejus,»
3136 1211 3247 1267 hoc
3269 1215 3360 1267 est
3379 1211 3653 1266 doctrina
3670 1228 3845 1267 evan-

2174 1302 2371 1375 gelica
2404 1302 2531 1358 Filii
2562 1300 3010 1367 sui,contrarias
3042 1303 3363 1372 potestates
3386 1321 3414 1350 «
3437 1300 3606 1372 quasi
3638 1299 3843 1372 pulve-

2176 1390 2482 1457 rem,sicut
2497 1388 2777 1462 stipulam
2803 1393 3033 1460 raptam
3050 1405 3085 1444 a
3099 1392 3272 1444 vento
3285 1386 3451 1443 dabit
3470 1386 3628 1443 arcui
3649 1389 3843 1460 ejus,»

2174 1479 2285 1535 hoc
2301 1484 2389 1534 est
2407 1478 2681 1551 potestati
2708 1478 2869 1534 illius
2891 1494 3097 1533 omnes
3119 1476 3486 1533 adversarios
3503 1476 3851 1548 ejus.Evan-‘

2175 1567 2361 1641 gelica
2382 1566 2652 1623 doctrina
2672 1565 2907 1639 gladius
2927 1570 3103 1633 est,et
3116 1566 3362 1621 verbum
3381 1566 3843 1637 pradicationis,

2175 1673 2302 1727 qua
2325 1660 2485 1710 secat
2505 1654 2716 1710 dividit
2741 1672 2881 1710 suos
2914 1654 3319 1709 observatores
3335 1670 3370 1708 a
3384 1652 3626 1727 collegio
3647 1672 3848 1727 repro-

2174 1744 2495 1800 borum.De
2527 1744 2639 1799 hoc
2667 1742 2863 1816 gladio
2895 1741 3038 1798 dicit
3064 1740 3409 1815 Apostolus:
3438 1742 3550 1798 «Et
3578 1742 3844 1816 gladius,

2174 1832 2333 1904 quod
2359 1836 2450 1887 est
2477 1832 2721 1887 verbum
2755 1831 2856 1887 Dei
2887 1831 3104 1903 (Ephes.
3135 1834 3237 1901 v1).
3262 1852 3291 1884 »

2246 1964 2273 1990 ‹‹
2307 1940 2696 2013 Persequetur
2722 1957 2841 2006 eos,
2876 1961 2904 1990 »
2940 1955 3109 2013 reges
3152 1938 3423 1996 videlicet
3452 1942 3509 1995 et
3537 1938 3837 2013 principes

2180 2029 2575 2104 gentium,qui
2611 2030 2668 2085 in
2698 2046 2833 2085 eum
2863 2029 3098 2085 credere
3128 2027 3482 2097 noluerunt;
3518 2029 3853 2086 «transibit

2180 2118 2238 2173 in
2267 2135 2407 2191 pace
2433 2139 2460 2170 ι»
2493 2119 2565 2174 de
2597 2119 2820 2174 mundo
2851 2117 2924 2172 ad
2958 2117 3214 2185 Patrem,
3246 2134 3463 2174 vocans
3493 2122 3734 2174 cunctos
3765 2119 3850 2175 ad

2180 2224 2407 2279 pacem,
2433 2211 2496 2261 ut
2528 2206 2981 2262 reconcilientur
3003 2205 3120 2261 Deo
3146 2222 3160 2261 :
3205 2228 3235 2255 ‹‹
3258 2205 3471 2261 semita
3502 2206 3561 2261 in
3592 2206 3852 2279 pedibus

2180 2296 2309 2365 ejus
2342 2311 2458 2349 non
2493 2294 2867 2366 apparebit,»
2897 2294 2953 2349 id
2987 2297 3096 2361 est,
3129 2292 3391 2349 laborem
3419 2295 3525 2351 via
3556 2311 3671 2351 non
3704 2311 3855 2351 sen—

2178 2383 2304 2448 tiet,
2340 2399 2446 2438 nec
2478 2382 2735 2455 aliquam
2770 2381 3191 2438 imbecillitatis
3221 2382 3494 2439 humana
3542 2383 3855 2442 lassitudi-

2180 2486 2337 2526 nem.

2253 2600 2281 2626 ‹‹
2314 2576 2455 2643 Quis
2503 2579 2779 2649 operatus
2830 2578 2921 2632 est
2968 2574 3093 2632 hac
3141 2578 3199 2632 et
3240 2575 3425 2633 fecit?
3451 2600 3477 2627 »
3509 2578 3628 2634 Hoc
3659 2583 3751 2635 est
3778 2594 3855 2636 ea

2181 2682 2309 2737 qua
2342 2665 2617 2737 superius
2650 2664 2931 2721 diximus.
2958 2664 3099 2732 Quis
3115 2663 3388 2721 videlicet
3409 2683 3576 2739 rcges
3597 2670 3655 2723 et
3685 2668 3857 2740 prin-

2182 2755 2339 2825 cipes
2372 2752 2615 2809 tradidit
2646 2752 2903 2819 arcui,et
2923 2752 3119 2826 gladio
3146 2751 3274 2809 Filii
3299 2753 3480 2810 Dei?«
3496 2756 3564 2811 Et
3584 2756 3718 2829 quis
3746 2774 3854 2813 vo-

2182 2843 2335 2899 cavit
2369 2865 2399 2895 »
2426 2843 2500 2898 ab
2530 2842 2763 2898 Oriente
2786 2842 3021 2913 justum
3055 2865 3083 2892 ‹‹
3117 2858 3333 2898 vocans
3365 2844 3793 2917 generationes,
3816 2868 3850 2896 ιο

2182 2932 2468 2989 subaudis
2491 2932 2561 2986 ad
2588 2931 2761 2986 fidem
2787 2954 2815 2980 «
2831 2930 2904 2987 ab
2927 2930 3164 2987 exordio
3200 2933 3449 2989 mundi?
3466 2932 3849 3007 iiUtiqueille,

2184 3021 2283 3094 qui
2334 3019 2565 3076 cunctis
2614 3019 2945 3075 tacentibus
2997 3018 3351 3093 sibimetipsi
3403 3023 3726 3096 respondit,
3756 3022 3851 3079 di-

2183 3127 2323 3166 cens
2355 3110 2550 3181 (Infra.
2584 3126 2733 3176 xuv,
2766 3112 2824 3164 et
2854 3113 3052 3178 xxvm)
3087 3126 3100 3165 :

2259 3241 2288 3269 ‹‹
2311 3219 2429 3290 Ego
2451 3216 2739 3273 Dominus
2755 3215 3045 3289 primus,»
3060 3215 3117 3271 id
3140 3220 3231 3272 est
3250 3221 3387 3273 ante
3415 3234 3589 3290 quem
3622 3216 3849 3286 nullus,

2183 3330 2212 3358 «
2238 3311 2295 3363 et
2317 3306 2675 3362 novissimus
2696 3327 2723 3356 η
2750 3310 2884 3377 post
2902 3323 3079 3378 quem
3105 3304 3326 3375 nullus,
3350 3307 3509 3381 «Ego
3531 3324 3662 3363 sum
3689 3330 3716 3357 »
3741 3306 3851 3379 qui

2185 3395 2307 3451 hac
2329 3394 2527 3451 omnia
2549 3396 2747 3451 futura
2768 3394 3009 3467 pradixi
3031 3399 3088 3449 et
3103 3411 3274 3467 opere
3290 3394 3745 3468 adimplevi.lste
3757 3399 3855 3451 est

2185 3485 2286 3557 qui
2311 3484 2370 3539 in
2391 3483 2737 3557 Apocalypsi
2759 3482 3006 3540 Joannis
3028 3482 3317 3555 loquitur:
3339 3508 3366 3534 α
3383 3484 3501 3557 Ego
3515 3500 3644 3540 sum
3659 3482 3854 3556 Alpha

2186 3579 2243 3630 et
2256 3573 2494 3645 Omega,
2510 3572 2621 3628 hoc
2639 3577 2727 3628 est
2751 3570 3109 3645 principium
3122 3576 3181 3628 et
3196 3572 3332 3629 linis
3354 3572 3535 3645 (Apoc.
3552 3576 3850 3642 ietxxu).»

2259 3685 2287 3711 «
2320 3661 2607 3716 Viderunt
2642 3683 2669 3710 »
2706 3666 2880 3717 Deum
2929 3678 3034 3733 per
3078 3661 3257 3717 fidem
3292 3683 3321 3711 «
3351 3659 3579 3729 insula,
3617 3683 3644 3710 »
3675 3659 3733 3715 id
3756 3665 3853 3717 est

2187 3757 2390 3825 gentes
2422 3749 2714 3821 Ecclesia,
2747 3734 2874 3823 qua
2907 3749 3114 3806 mundi
3144 3750 3327 3823 hujus
3374 3750 3669 3806 sustinent
3698 3754 3850 3805 tem-

2187 3843 2463 3911 pestates,
2491 3862 2517 3888 ‹‹
2545 3844 2601 3894 et
2624 3838 2953 3895 timuerunt
2979 3862 3005 3888 »
3028 3856 3163 3895 eum
3194 3839 3335 3912 quia
3365 3838 3600 3894 initium
3624 3836 3852 3911 sapien-

2188 3928 2280 3984 tia
2313 3928 2492 3983 timor
2521 3927 2853 3984 Domini.Et
2875 3927 3001 3983 sine
3031 3926 3241 3984 timore
3271 3925 3509 3983 difficile
3530 3930 3635 3983 aut
3664 3925 3852 3983 nulla-

2188 4022 2361 4073 tenus
2384 4016 2632 4072 virtutes
2653 4018 3093 4073 custodiuntur.
3119 4040 3146 4068 ‹‹
3168 4018 3439 4073 Extrema
3461 4019 3627 4072 terra
3658 4016 3855 4072 obstu-

2184 4112 2507 4182 puerunt,»
2541 4108 2829 4164 subaudis
2861 4108 3171 4165 audientes
3204 4107 3679 4180 pradicationem
3710 4123 3851 4180 apo-

2187 4196 2565 4253 stolorum.ln
2580 4213 2815 4252 omnem
2832 4197 2989 4253 enim
3010 4200 3225 4253 terram
3241 4197 3415 4253 exivit
3431 4213 3613 4253 sonus
3625 4212 3848 4263 eorum;

2188 4310 2212 4337 ‹-
2235 4286 2782 4359 appropinquaveru
2794 4291 2909 4353 nt,»
2932 4286 3219 4342 subaudis
3241 4286 3313 4341 ad
3346 4285 3531 4342 Deum
3554 4303 3658 4358 per
3676 4284 3850 4341 fidem

2189 4399 2217 4426 ‹‹
2242 4381 2300 4431 et
2325 4379 2702 4431 accesserunt
2723 4398 2750 4426 »
2785 4381 2991 4449 gentes
3022 4394 3137 4431 non
3169 4375 3295 4432 loco
3328 4375 3429 4432 sed
3462 4373 3848 4447 merito,quia

2187 4464 2359 4537 longe
2389 4468 2556 4519 erant
2584 4465 2657 4520 ab
2689 4463 2811 4520 illo.

2263 4595 2291 4623 «ι
2321 4571 2788 4644 Unusquisque»
2819 4571 3106 4629 subaudis
3137 4571 3504 4628 credentium
3537 4594 3564 4621 ‹‹
3589 4569 3848 4642 proximo

2189 4679 2296 4718 suo
2332 4683 2359 4710 »
2391 4660 2502 4716 hoc
2532 4667 2622 4716 est
2653 4661 2819 4715 fratri
2868 4677 2976 4716 suo
3009 4660 3269 4717 credenti
3299 4684 3327 4710 «
3363 4658 3758 4724 auxiliabitur,
3792 4662 3850 4715 et

2187 4750 2351 4805 fratri
2385 4767 2492 4805 suo
2514 4749 2698 4806 dicet:
2725 4774 2751 4799 (ι
2770 4750 3113 4806 Confortare
3136 4772 3165 4799 »
3189 4750 3249 4805 in
3274 4750 3388 4804 {ide
3419 4746 3657 4804 Christi.
3690 4747 3842 4804 Gen-

2186 4837 2306 4892 tilis
2319 4836 2616 4908 quispiam
2632 4854 2951 4893 conversus
2964 4838 3036 4894 ad
3058 4837 3235 4893 ﬁdem
3250 4836 3462 4892 Christi
3474 4835 3846 4905 ,confortatus

2185 4932 2277 4982 est
2301 4928 2428 4997 jam
2448 4924 2505 4980 in
2527 4925 3104 4982 illo.Ferramentum
3137 4925 3331 4982 adhuc
3354 4942 3471 4981 non
3493 4923 3739 4998 pleniter
3756 4941 3843 4980 so-

2186 5015 2458 5084 lidatam,
2491 5014 2551 5069 in
2585 5015 2701 5070 Deo
2733 5015 3180 5072 confortabitur.

2259 5146 2285 5170 ι(
2303 5122 2665 5177 Confortavit
2695 5121 2859 5177 faber
2875 5120 3117 5179 ararius
3140 5121 3473 5194 percutiens
3496 5121 3739 5175 formam
3758 5118 3831 5175 si-

2188 5208 2468 5265 mulacris
2489 5208 2830 5281 malleo,qui
2854 5210 3106 5266 cudebat
3118 5215 3260 5265 tunc
3274 5209 3556 5281 temporis
3570 5230 3598 5256 »
3612 5207 3838 5279 quando

2185 5298 2343 5354 idola
2355 5297 2625 5353 colebant
2636 5321 2661 5347 ‹ι
2680 5297 2911 5354 dicens:
2927 5298 3168 5355 Glutino
3183 5320 3211 5348 »
3226 5297 3337 5353 hoc
3347 5295 3837 5364 est,solidamento

2184 5412 2211 5437 ‹‹
2239 5389 2460 5444 bonum
2484 5391 2632 5453 est,»
2652 5386 2812 5443 istud
2837 5387 3157 5461 glutinum,
3187 5408 3216 5438 «
3235 5393 3293 5443 et
3314 5386 3658 5443 confortavit
3671 5401 3834 5441 eum»

2183 5477 2474 5533 subaudis
2495 5477 2679 5531 Deum
2708 5493 2884 5532 suum
2910 5476 2969 5532 in
2995 5498 3023 5527 «
3046 5475 3226 5533 clavis
3256 5481 3322 5532 ut
3352 5492 3465 5531 non
3499 5479 3832 5530 moveatur»

2183 5565 2472 5621 subaudis
2493 5564 2539 5620 si
2566 5564 2786 5620 venerit
2807 5566 3117 5621 ventus.Et
3138 5582 3348 5621 sensus
3370 5562 3550 5634 hujus
3568 5560 3826 5617 versiculi

2182 5654 2317 5710 talis
2356 5658 2483 5710 est:
2520 5653 2620 5710 llle
2650 5654 2747 5726 qui
2782 5655 3076 5727 perfectus
3110 5654 3302 5711 fuerat
3331 5653 3391 5709 in
3424 5653 3558 5717 fide,
3590 5648 3828 5707 auxilia-

2178 5743 2339 5799 bitur
2359 5743 2519 5799 fratri
2546 5760 2653 5799 suo
2676 5743 3099 5801 dicens:Vides
3123 5744 3238 5801 ista
3270 5741 3446 5809 idola,
3468 5741 3665 5806 frater,
3683 5743 3827 5796 certe
