3944 6442
174 355 254 408 ηε
1521 339 1874 397 COMMENT.
1916 339 1984 396 IN
2024 340 2182 398 anu.
3473 353 3578 408 226

175 478 225 533 in
245 468 472 531 auribus
502 482 730 524 eorum.
755 464 976 521 Deinde
1004 464 1188 521 etiam
1211 465 1481 538 sequitur
1504 462 1800 538 quemad-
1832 478 1879 530 Α
1918 464 2165 522 videbat
2218 481 2347 523 esse
2393 466 2766 540 parentibus,
2795 471 2853 526 et
2903 475 3163 542 coeperat
3217 471 3489 530 habitare
3519 475 3582 531 in

175 562 388 622 modum
417 557 702 631 apparuit
731 555 944 611 iterum
997 557 1151 610 Deus
1181 555 1392 622 Jacob,
1421 560 1478 610 et
1503 553 1807 610 benedixit
1919 560 2122 610 monte
2156 555 2298 612 Seir.
2330 555 2555 613 Deinde
2579 561 2716 630 post
2744 557 3001 614 reditum
3031 560 3218 616 Jacob
3239 560 3436 619 fratris
3467 564 3581 635 sui,

176 655 233 721 ei,
253 659 302 708 et
326 651 452 723 ipse
503 645 902 719 postmodum
931 661 1210 716 egressus
1241 644 1381 700 inde
1412 643 1574 699 venit
1623 657 1808 697 verno
1919 643 2076 700 facta
2104 645 2258 701 inter
2287 661 2390 702 eos
2432 647 2780 715 concordia,
2811 663 3089 704 reversus
3121 655 3208 706 est
3236 655 3292 707 et
3343 651 3471 725 ipse
3506 654 3585 710 ad

177 751 405 814 tempore
447 736 528 793 ad
576 741 796 792 terrain
850 752 985 808 quae
1018 735 1185 790 ducit
1214 735 1560 807 Ephratam,
1590 737 1648 787 et
1675 731 1808 786 reli-
1918 738 2220 805 parentes,
2252 738 2310 791 et
2333 751 2474 791 cum
2518 741 2825 792 mortuum
2855 741 3090 810 patrem
3136 739 3316 796 simul
3345 741 3586 815 sepelis-

176 848 277 906 qua
305 841 482 898 usque
515 824 611 882 ha?
640 830 780 880 sunt
805 831 1002 880 autem
1034 830 1447 894 generationes
1474 824 1663 878 Esau.
1922 827 2052 878 sent
2095 823 2239 896 quia
2286 840 2391 880 eos
2446 824 2778 897 plurimum
2827 826 3046 883 ditatos
3098 831 3252 884 terra
3280 829 3401 899 illa,
3435 831 3589 888 sicut

236 913 532 986 Quomodo
588 911 688 987 [Z..
722 912 877 979 Quid
927 920 1035 983 est,
1064 913 1230 985 quod
1277 910 1424 984 Jac.]
1455 912 1637 967 Jacol)
1665 907 1813 964 dixit
1869 951 1872 958 .
1923 911 2214 984 scriptum
2267 918 2374 981 est,
2404 914 2654 970 minime
2706 915 3006 988 capiebat,
3039 915 3328 976 abscessit
3379 936 3587 977 rursus

177 1006 355 1065 domui
396 1021 516 1058 suae
549 1021 562 1058 :
596 1004 890 1073 Projicite
929 1002 1070 1058 deos
1122 1004 1351 1058 alienos
1397 1003 1501 1074 qui
1529 1004 1592 1056 in
1620 998 1811 1054 medio
1922 999 1982 1055 in
2017 1001 2161 1068 Seir,
2195 1005 2252 1056 et
2280 1001 2362 1057 ibi
2394 1003 2754 1075 propagavit
2783 1009 3021 1074 gentem
3053 1005 3478 1066 ldumaeorum.

177 1105 292 1155 sunt
329 1097 506 1154 vestri
528 1098 556 1150 ί)
585 1095 654 1148 Et
676 1093 891 1148 iterum
927 1109 938 1146 :
975 1092 1284 1148 Dederunt
1334 1106 1474 1161 ergo
1518 1092 1572 1147 ei
1615 1103 1814 1145 omnes
1991 1092 2191 1147 Erant
2223 1096 2422 1148 autem
2445 1093 2566 1161 ﬁlii
2591 1094 2778 1150 Jacob
2809 1093 3142 1164 duodecim,
3176 1103 3232 1154 et
3278 1107 3586 1170 computa-

178 1189 293 1245 deos
316 1188 536 1243 alienos
569 1198 714 1255 quos
747 1181 1068 1247 habebant,
1101 1173 1154 1237 et
1188 1183 1432 1236 inaures
1457 1195 1589 1251 quae
1620 1181 1680 1234 in
1709 1194 1815 1234 au-
1924 1180 1998 1236 tis
2050 1179 2355 1249 omnibus,
2386 1181 2723 1252 Benjamin,
2750 1183 2918 1256 quod
2967 1188 3021 1240 et
3067 1184 3320 1258 addidit,
3354 1189 3418 1245 hz
3472 1191 3592 1260 ﬁlii

1922 1270 2109 1326 Jacob
2139 1270 2244 1342 qui
2288 1271 2426 1328 nati
2451 1276 2589 1326 sunt
2618 1273 2674 1328 ei
2697 1272 2762 1328 in
2801 1272 3230 1342 Mesopotamia
3253 1277 3438 1348 Syria
3483 1280 3589 1351 [Z.,

1928 1359 2153 1432 Syriae].
2185 1358 2338 1414 Dum
2368 1363 2604 1416 constat
2631 1360 2944 1432 Benjamin
2967 1366 3179 1419 natum
3203 1381 3335 1421 esse
3361 1367 3421 1423 in
3445 1369 3594 1425 Cha-

1925 1464 2164 1520 nantea,
2193 1449 2506 1522 quomodo
2555 1453 2696 1506 tunc
2726 1450 3048 1507 duodecim
3094 1454 3259 1510 nasci
3312 1454 3594 1514 dicuntur

1926 1535 1991 1592 in
2022 1527 2453 1611 Mesopotamia
2473 1542 2501 1597 ?

2001 1626 2172 1684 Nulla
2201 1629 2362 1685 enim
2397 1633 2487 1686 est
2515 1628 2744 1686 facilior
2775 1630 2994 1688 solutio
3014 1632 3196 1705 hujus
3220 1636 3592 1708 quaestionis,

180 1724 379 1779 habere
430 1719 772 1778 ornamenti
818 1719 1011 1790 gratia
1065 1734 1190 1774 non
1235 1717 1454 1774 liceret.
1507 1719 1660 1786 Ergo
1708 1715 1822 1771 illae
1931 1732 2117 1788 quam
2160 1722 2226 1774 ut
2270 1734 2379 1791 per
2427 1719 2856 1792 synecdochen
2905 1722 3251 1796 accipiatur.
3285 1725 3392 1781 Ubi
3433 1727 3595 1783 enim

180 1813 396 1868 inaures
423 1827 563 1884 qua:
594 1825 736 1865 cum
764 1807 940 1864 idolis
989 1807 1146 1863 datae
1175 1811 1334 1877 sunt,
1368 1810 1433 1863 ut
1457 1806 1686 1862 dictum
1713 1809 1821 1872 est,
1853 1833 1896 1886 Β
1933 1807 2130 1877 major
2159 1822 2300 1879 pars
2322 1812 2432 1880 est,
2454 1812 2560 1865 aut
2582 1808 2808 1882 fortior,
2828 1810 2980 1866 solet
2997 1812 3128 1882 ejus
3151 1814 3396 1871 nomine
3417 1815 3597 1872 etiam

182 1902 455 1958 idolorum
488 1898 865 1974 phylacteria
895 1897 1152 1954 fuerant.
1934 1895 2082 1952 illud
2138 1897 2572 1970 comprehendi
2623 1899 2792 1972 quod
2835 1899 2914 1957 ad
2960 1903 3163 1974 ipsum
3208 1919 3434 1962 nomen
3475 1922 3600 1963 non

245 1994 424 2058 Quare
456 1989 729 2046 secundo
759 1987 976 2044 dicitur
1008 1987 1087 2044 ad
1113 1987 1299 2044 Jacob
1326 2004 1339 2042 :
1362 1987 1502 2043 Non
1524 1985 1826 2042 vocaberis
1936 1985 2211 2057 pertinet.

180 2081 366 2152 Jacob,
397 2081 498 2136 sed
531 2080 729 2136 Israel
767 2079 880 2134 erit
915 2091 1132 2134 nomen
1161 2083 1355 2148 tuum,
1386 2082 1440 2133 et
1495 2074 1828 2145 appellavit
2009 2079 2175 2133 Vens.
2203 2078 2904 2152 8-2l.—Habitavitque
2922 2082 3090 2140 Esau
3120 2084 3183 2140 in
3212 2091 3414 2142 monte
3431 2086 3603 2159 Seir;

183 2186 298 2226 eum
331 2170 522 2227 Israel
549 2174 576 2224 ?
1939 2168 2063 2237 ipse
2091 2174 2177 2225 est
2201 2168 2400 2235 Edon,
2430 2176 2486 2226 et
2519 2169 2647 2227 Itth
2691 2187 2941 2228 nomina
2973 2174 3242 2242 filiorum
3273 2177 3438 2245 ejus:
3470 2177 3601 2232 Eli-

244 2259 469 2316 Dudum
494 2273 888 2331 nequaquam
911 2256 965 2313 ei
994 2256 1074 2312 ab
1097 2255 1314 2328 angelo
1335 2271 1562 2312 nomen
1577 2253 1833 2327 imponi-
1935 2259 2100 2327 phaz
2113 2258 2279 2327 ﬁlius
2295 2258 2475 2330 Ada;
2495 2261 2704 2316 uxoris
2719 2261 2906 2329 Esau,
2939 2267 2996 2318 et
3023 2262 3255 2336 reliqua
3284 2279 3604 2338 usquequo

179 1277 322 1333 ribus
365 1290 567 1331 eorum
599 1273 822 1328 erant?
853 1271 995 1334 Quae
1026 1269 1074 1324 si
1117 1275 1476 1325 ornamenta
1519 1273 1706 1334 erant,
1737 1266 1818 1322 ad

179 1364 552 1422 idololatriam
598 1377 722 1416 non
775 1359 1173 1432 pertinebant.
1227 1357 1687 1428 Intelligendum
1731 1361 1818 1412 est

179 1455 274 1512 has
296 1455 528 1510 inaures
557 1449 931 1524 phylacteria
957 1449 1141 1504 fuisse
1172 1448 1428 1505 deorum
1457 1448 1815 1504 alienorum.

180 1549 311 1602 Nam
339 1543 669 1614 Rebeccam
695 1556 732 1596 a
758 1555 930 1595 servo
955 1538 1212 1595 Abrahae
1244 1539 1484 1594 inaures
1516 1537 1819 1609 accepisse

183 1635 457 1706 Scriptura
489 1637 759 1698 testatur,
791 1629 957 1702 quod
985 1645 1110 1686 non
1141 1629 1309 1686 ﬁeret
1351 1628 1399 1683 si
1439 1628 1524 1684 eis
1579 1626 1820 1683 inaures

187 2354 298 2416 tur;
320 2348 421 2404 sed
449 2348 622 2422 quod
651 2345 1094 2419 imponendum
1119 2362 1156 2402 a
1178 2349 1297 2402 Deo
1330 2346 1426 2408 sit,
1448 2344 1828 2417 praedicatur.

187 2437 340 2502 Quod
364 2437 544 2508 igitur
567 2437 837 2492 futurum
864 2435 1249 2508 promittitur.
1271 2434 1369 2490 hic
1393 2433 1608 2490 dicitur
1638 2431 1835 2505 exple-

186 2532 316 2582 tum.
350 2527 643 2583 Nimirum
675 2540 818 2596 ergo
849 2539 1076 2581 nomen
1104 2525 1221 2580 hoc
1251 2524 1329 2580 ad
1359 2523 1526 2580 illam
1553 2528 1710 2578 recte
1741 2521 1832 2577 in-

188 2615 443 2686 telligitur
465 2615 769 2690 pertinere
791 2613 1278 2687 promissionem,
1304 2613 1406 2669 ubi
1432 2612 1516 2668 sic
1537 2611 1837 2667 videbitur

185 2707 348 2774 Deus,
379 2704 694 2778 quomodo
725 2719 848 2760 non
879 2709 965 2760 est
995 2707 1174 2760 antea
1204 2718 1240 2758 a
1262 2702 1536 2775 patribus
1564 2701 1749 2756 visus.

249 2795 384 2860 Quae
400 2801 485 2851 est
511 2795 797 2867 Ephrata,
817 2793 921 2849 ubi
943 2793 1133 2849 Jacob
1150 2791 1370 2849 Rachel
1389 2807 1640 2848 uxorem
1662 2805 1839 2845 suam

185 2883 516 2940 condidisse
567 2881 804 2951 dicitur,
837 2881 1236 2956 quaerendum
1283 2881 1538 2937 videtur.
1581 2880 1842 2952 Ephrata

189 2988 318 3028 vero
343 2977 399 3030 et
424 2972 774 3029 Bethlehem
803 2971 984 3027 unius
1012 2971 1181 3027 urbis
1213 2969 1580 3027 vocabulum
1609 2973 1698 3024 est
1725 2967 1840 3024 sub

185 3061 664 3135 interpretatione
695 3060 1025 3129 consimili;
1052 3059 1350 3133 siquidem
1382 3059 1444 3115 in
1470 3057 1842 3129 frugiferam

1942 2346 2042 2413 ait,
2068 2347 2135 2403 hi
2155 2347 2332 2403 duces
2353 2362 2579 2415 eorum,
2613 2349 2740 2418 ipse
2767 2354 2853 2405 est
2872 2349 3069 2421 Edon,
3101 2357 3157 2408 et
3187 2353 3289 2408 isti
3329 2354 3450 2422 ﬁlii
3471 2355 3607 2411 Seir

1941 2437 2185 2492 Hor-rei
2210 2436 2578 2493 habitatores
2610 2442 2787 2495 terra?
2818 2455 2831 2493 :
2858 2440 3077 2511 Lat/ia,
3105 2446 3160 2497 et
3189 2441 3394 2513 Sobal,
3419 2449 3475 2500 et
3501 2445 3606 2501 Se-

1947 2525 2112 2592 beon,
2144 2531 2199 2582 et
2244 2526 2402 2582 Ana.
2436 2525 2698 2600 Eliphaz,
2727 2527 2886 2583 ﬁlius
2921 2531 3094 2596 Esau,
3128 2530 3256 2603 ipse
3282 2537 3371 2588 est
3410 2533 3516 2604 qui
3546 2533 3608 2588 in

1943 2615 2098 2671 libro
2127 2615 2287 2672 beati
2309 2615 2420 2672 Job
2440 2615 2674 2686 legitur.
2701 2616 2890 2674 Edom
2920 2633 3079 2682 vero,
3109 2625 3166 2675 et
3193 2621 3337 2690 Seir,
3369 2626 3427 2677 et
3451 2625 3610 2679 Esau

1946 2699 2124 2755 unius
2155 2715 2379 2756 nomen
2409 2705 2501 2756 est
2529 2701 2790 2757 hominis
2819 2719 2831 2758 :
2867 2702 3183 2760 trinomius
3215 2705 3376 2761 enim
3402 2706 3531 2776 fuit,
3555 2712 3613 2764 et

1947 2805 2020 2845 ex
2051 2789 2307 2863 propriis
2334 2789 2532 2846 causis
2563 2790 2726 2847 varie
2756 2797 3167 2866 nuncupatus.
3201 2794 3424 2851 Dicitur
3449 2796 3611 2853 enim

1950 2882 2128 2945 Esau,
2154 2879 2216 2935 id
2245 2884 2336 2936 est
2359 2883 2560 2950 rufus,
2587 2879 2667 2937 ob
2702 2881 3038 2938 coctionem
3068 2882 3288 2940 scilicet
3316 2885 3463 2941 rufae
3490 2886 3609 2942 len~

1949 2969 2022 3026 tis
2049 2970 2130 3026 ita
2156 2969 2512 3043 appellatur,
2545 2970 2721 3041 cujus
2753 2970 2953 3028 edulio
2983 2972 3385 3044 primogenita
3414 2975 3614 3048 perdi-

1951 3059 2058 3115 dit.
2093 3058 2280 3114 Edom
2313 3063 2519 3115 autem
2550 3059 2630 3115 ob
2659 3059 2945 3116 ruborem
2972 3062 3240 3133 corporis
3280 3063 3474 3120 dictus
3505 3071 3614 3135 est,

187 3151 410 3208 domum
439 3157 497 3208 et
521 3152 764 3208 domum
789 3152 972 3221 panis
1003 3148 1270 3248 vertitur,
1300 3153 1546 3223 propter
1570 3161 1710 3202 eum
1739 3161 1844 3218 pa-
1874 3194 1914 3248 ρ
1953 3149 2120 3222 quod
2170 3148 2370 3205 Latine
2418 3150 2785 3220 sanguineus
2814 3150 3049 3206 dicitur.
3085 3152 3210 3208 Seir
3256 3169 3420 3224 vero,
3450 3155 3618 3228 quod

188 3255 316 3297 nem
337 3243 442 3314 qui
471 3241 550 3298 de
582 3239 736 3297 caelo
763 3238 1147 3296 descendisse
1177 3237 1413 3294 dicitur.

255 3330 363 3388 Sed
391 3336 598 3388 movet
621 3329 726 3387 ubi
756 3336 843 3387 est
861 3332 1052 3386 turris
1081 3330 1304 3400 gregis,
1328 3328 1524 3399 juxta
1549 3343 1737 3400 quam
1763 3325 1848 3381 di-

189 3420 326 3476 citur
349 3420 537 3477 Jacob
568 3418 878 3476 habitasse
899 3419 926 3475 ?
961 3420 1138 3474 Juxta
1185 3415 1548 3486 Bethlehem,
1594 3414 1700 3470 ubi
1759 3412 1851 3470 vel

191 3509 537 3579 angelorum
566 3524 715 3581 grex
747 3507 984 3564 Domini
1015 3507 1078 3563 in
1103 3511 1240 3564 ortu
1265 3505 1514 3574 cecinit;
1543 3503 1639 3560 vel
1665 3502 1850 3560 Jacob

190 3613 396 3670 pecora
439 3617 556 3655 sua
616 3599 804 3672 pavit,
853 3597 988 3654 loco
1045 3612 1273 3654 nomen
1319 3596 1674 3669 imponens;
1735 3592 1849 3655 vel,

191 3688 344 3760 quod
391 3689 597 3746 verius
648 3691 758 3753 est,
786 3687 957 3760 quod
1000 3685 1339 3742 vaticinatio
1388 3684 1502 3757 [Ρη
1548 3682 1853 3753 vaticinio]

191 3777 519 3835 futurorum
546 3779 682 3850 jam
713 3782 854 3833 tunc
884 3775 1242 3849 mysterium
1270 3772 1744 3831 monstrabatur.

257 3867 405 3932 Quid
436 3872 527 3924 est
549 3866 722 3940 quod
749 3865 825 3922 de
857 3870 1019 3922 Isaac
1064 3865 1280 3921 dicitur
1315 3881 1327 3920 :
1361 3865 1440 3919 Et
1472 3867 1856 3931 consumptus

191 3962 353 4014 atate
377 3966 660 4014 mortuus
690 3963 794 4018 est,
829 3965 881 4013 et
912 3957 1220 4026 appositus
1239 3955 1468 4025 populo
1509 3969 1616 4009 suo
1639 3957 1666 4008 ?
1697 3953 1856 4018 Quo-

192 4047 366 4102 modo
411 4050 846 4119 consumptus,
879 4045 972 4102 vel
1003 4061 1041 4101 a
1070 4061 1195 4118 quo
1235 4043 1465 4116 populo
1494 4042 1811 4115 oppositus
1832 4041 1860 4096 ?

191 4142 583 4210 consumptus
633 4140 826 4201 (etate,
856 4135 918 4191 id
967 4139 1060 4192 est
1088 4133 1387 4207 perfectus
1419 4137 1609 4189 astate.
1646 4134 1861 4187 Verum

192 4226 542 4294 angelorum
574 4224 829 4299 populo,
857 4223 954 4281 vel
983 4229 1333 4280 sanctarum
1377 4222 1722 4279 animorum
1752 4237 1860 4293 ap-

191 4320 517 4387 ponuntur,
549 4313 661 4388 qui
710 4315 868 4370 hanc
897 4313 1083 4370 vitam
1130 4312 1436 4386 placentes
1465 4315 1584 4367 Deo
1621 4309 1862 4366 ﬁniunt.

192 4404 344 4459 Tunc
369 4404 664 4461 dicuntur
687 4402 937 4476 apponi,
969 4402 1221 4476 quando
1250 4401 1417 4458 nulla
1431 4401 1563 4472 jam
1593 4403 1877 4456 remanet

195 4490 527 4551 sollicitudo
562 4494 968 4550 tentationum
995 4497 1052 4548 et
1074 4490 1410 4565 periculum
1449 4494 1859 4563 peccatorum.

1956 3239 2130 3295 fuerit
2160 3238 2434 3312 hispidus
2456 3247 2514 3295 et
2541 3239 2773 3312 pilosus
2796 3241 3078 3313 :quando
3109 3240 3271 3297 enim
3301 3248 3479 3299 natus
3508 3249 3616 3311 est,

1955 3334 2116 3386 totus
2143 3328 2296 3384 sicut
2324 3327 2495 3400 pellis
2521 3327 2753 3400 pilosus
2786 3333 2915 3385 erat
2943 3334 3001 3385 et
3027 3346 3151 3385 non
3181 3331 3446 3389 habebat
3471 3332 3621 3390 leni-

1958 3424 2162 3476 tatem.
2199 3417 2372 3484 Quod
2399 3421 2604 3475 autem
2630 3418 2900 3491 sequitur
2931 3435 2944 3474 :

2029 3509 2110 3564 Et
2137 3509 2384 3564 Ποντοκί
2405 3507 2768 3576 habitantes,
2802 3524 2930 3577 seu,
2964 3509 3115 3566 sicut
3165 3509 3228 3567 in
3252 3507 3623 3584 quibusdam

1961 3596 2271 3654 codicibus
2307 3596 2622 3666 invenitur,
2653 3598 2899 3667 Corra’i,
2933 3603 2989 3656 et
3014 3599 3264 3674 reliqua.
3297 3603 3624 3674 Postquam

1961 3686 2306 3742 numeravit
2345 3685 2501 3742 ﬁlios
2551 3689 2728 3754 Esau,
2763 3686 2940 3744 altius
2994 3689 3226 3762 repetit,
3276 3694 3334 3746 et
3383 3689 3629 3763 exponit

1962 3776 2171 3849 quanti
2222 3778 2384 3831 Esau
2421 3774 2485 3831 in
2520 3775 2710 3832 Edom
2755 3781 2911 3833 terra
2956 3777 3258 3851 principes
3307 3778 3528 3834 fuerint
3555 3795 3628 3835 ex

1965 3881 2182 3935 genere
2210 3867 2607 3933 Horraaorum,
2636 3865 2740 3939 qui
2784 3865 2846 3921 in
2875 3865 3082 3936 lingua
3108 3871 3316 3924 nostra
3346 3867 3629 3940 interpre-

1967 3960 2165 4011 tantur
2196 3955 2391 4010 liberi.
2425 3957 2720 4024 Legamus
2752 3954 3066 4024 diligenter
3097 3955 3627 4026 Deuterononium,

1966 4043 2071 4100 ubi
2119 4042 2498 4100 manifestius
2540 4042 2820 4100 scribitur
2867 4044 3180 4116 quomodo
3227 4045 3498 4102 venerint
3527 4045 3632 4102 ﬁlii

1969 4137 2150 4196 Esau,
2180 4138 2238 4190 et
2263 4132 2688 4189 interfecerunt
2717 4135 3005 4206 Corraaos,
3036 4151 3106 4191 ac
3153 4139 3375 4192 terram
3422 4153 3631 4192 eorum

1969 4224 2031 4280 in
2057 4222 2469 4279 hereditatem
2514 4223 2922 4296 possederunt
2971 4227 3083 4298 [Z.,
3127 4241 3248 4282 eor.
3290 4227 3634 4283 haereditate

1970 4311 2241 4387 possed.)
2253 4353 2266 4366 .

2043 4405 2211 4459 Vens.
2245 4405 2335 4472 22,
2359 4403 2447 4459 23.
2472 4434 2542 4443 —
2572 4403 2652 4459 Et
2671 4404 2929 4473 fuerunt
2951 4405 3073 4476 ﬁlii
3096 4406 3334 4463 Lothan
3355 4408 3551 4474 Bosri,
3581 4412 3637 4464 et

1974 4494 2253 4561 Emman,
2287 4497 2340 4549 et
2367 4508 2540 4549 soror
2563 4494 2802 4550 Lothan
2841 4495 3091 4553 Tamna.
3128 4495 3262 4551 Haec
3311 4501 3400 4553 est
3429 4502 3637 4552 autem

195 4583 358 4644 Quod
378 4585 630 4640 intuens
663 4583 748 4639 ait
771 4554 1121 4656 Scriptura}
1149 4582 1310 4638 Ante
1336 4554 1586 4636 mortem
1617 4595 1691 4636 ne
1735 4580 1864 4635 lau-
1890 4554 1934 4608 Β
1975 4554 2330 4645 Τδωῑιδξᾶθ
2358 4598 2482 4656 qua
2512 4600 2696 4657 supra
2726 4584 2955 4640 dictum
2983 4589 3072 4641 est
3104 4602 3118 4641 :
3153 4591 3211 4641 et
3234 4589 3465 4642 Tamna
3493 4601 3638 4640 con-

195 4671 286 4728 des
311 4672 618 4732 hominem
646 4688 1006 4746 quemquam
1039 4672 1246 4744 (Eccli.
1284 4687 1366 4744 x1,
1394 4672 1504 4740 30).

792 4820 1016 4876 CAPUT
1054 4819 1272 4874 XXXVI.

260 4947 418 5002 Vens.
469 4947 528 5015 7,
585 4951 642 5004 8.
689 4978 760 4986 —
794 4944 1111 5014 Quomodo
1173 4943 1477 5017 Scriptura
1536 4942 1678 4998 dicit
1734 4945 1871 5015 post

195 5039 440 5092 mortem
477 5040 653 5093 Isaac
681 5036 870 5109 patris
901 5035 993 5090 sui
1027 5037 1183 5090 Esau
1213 5033 1584 5090 abscessisse
1612 5032 1686 5088 de
1713 5037 1871 5087 terra

198 5122 520 5194 Chanaam,
573 5130 635 5182 et
687 5125 993 5181 habitasse
1032 5123 1094 5180 in
1146 5128 1350 5180 monte
1403 5121 1547 5191 Seir,
1587 5137 1725 5178 cum
1775 5137 1872 5175 ve-

197 5211 383 5270 niente
445 5215 524 5271 de
595 5213 1030 5287 Mesopotamia
1084 5213 1292 5279 Iacob,
1347 5211 1564 5281 legitur
1639 5210 1872 5266 misisse

197 5314 326 5358 eum
375 5305 635 5361 nuntios
681 5303 761 5360 ad
809 5303 1052 5360 fratrem
1108 5319 1288 5358 suum
1341 5301 1400 5356 in
1445 5306 1599 5356 terra
1634 5301 1756 5355 Seir
1786 5316 1872 5354 re-

201 5389 404 5462 gionis,
435 5394 910 5465 ldumaeumque
942 5393 1021 5449 ibi
1049 5392 1354 5448 habitasse
1385 5394 1514 5446 tum
1541 5389 1874 5462 temporis?

198 5477 253 5534 In
283 5491 573 5558 promptu
601 5487 697 5540 est
723 5483 984 5553 cogitare
1003 5481 1172 5556 quod
1203 5481 1425 5538 scilicet
1455 5482 1617 5535 Esau
1640 5484 1877 5552 postea-

197 5582 372 5640 quam
402 5573 462 5629 in
496 5572 1010 5645 Mesopotamiam
1058 5571 1240 5628 frater
1269 5570 1400 5642 ejus
1431 5569 1744 5639 abscessit,
1775 5584 1878 5623 no-

200 5661 298 5726 luit
344 5661 632 5720 habitare
687 5679 827 5718 cum
886 5662 1242 5735 parentibus
1291 5661 1437 5727 suis,
1491 5660 1611 5714 sive
1656 5676 1725 5713 ex
1782 5659 1880 5714 illa

211 5753 613 5809 commotione
669 5768 796 5825 qua
839 5752 1104 5820 dolebat,
1135 5749 1552 5807 benedictione
1607 5765 1666 5803 se
1718 5749 1876 5803 frau-

200 5835 417 5913 datum,
476 5844 612 5900 sive
663 5857 851 5920 causa
906 5859 1166 5901 uxorum
1213 5857 1482 5911 suarum,
1529 5855 1683 5913 quas
1713 5839 1881 5898 odio-

1975 4673 2199 4730 cubina
2239 4677 2368 4731 erat
2413 4673 2674 4746 Eliphaz,
2706 4674 2812 4730 ﬁlii
2850 4675 3234 4747 primogeniti
3277 4678 3454 4738 Esau,
3487 4679 3545 4729 et
3567 4689 3642 4731 ex

1974 4758 2107 4831 ipsa
2137 4763 2314 4815 natus
2335 4762 2423 4814 est
2453 4758 2763 4814 Amalech.
2788 4759 3013 4814 Idcirco
3035 4764 3237 4814 autem
3265 4759 3638 4813 Corraaorum

1974 4849 2325 4906 recordatus
2351 4853 2459 4912 est,
2487 4848 2632 4920 quia
2681 4848 3119 4922 primogenitus
3176 4847 3439 4903 ﬁliorum
3488 4850 3642 4902 Esau

1976 4954 2048 4994 ex
2096 4937 2339 4994 ﬁliabus
2393 4953 2604 4993 eorum
2653 4941 2968 5007 acceperat
3011 4935 3438 4991 concubinam.
3470 4935 3643 5002 Quod

1978 5033 2185 5083 autem
2216 5027 2433 5083 dicitur
2461 5044 2474 5081 :
2513 5026 2798 5106 Theman,
2833 5032 2886 5081 et
2916 5025 3122 5096 Cenef,
3157 5031 3211 5082 et
3240 5027 3554 5094 Amalech,
3588 5031 3646 5082 et

1977 5117 2231 5188 reliqua,
2267 5117 2528 5172 sciamus
2587 5121 2798 5187 postea
2843 5114 3190 5184 regionibus
3238 5116 3644 5174 Idumaeorum

1981 5223 2054 5262 ex
2084 5207 2175 5260 bis
2208 5205 2506 5262 vocabula
2537 5203 2839 5280 imposita.

2054 5296 2229 5351 Vsus.
2263 5298 2351 5351 24.
2378 5327 2447 5335 -
2478 5297 2596 5352 Iste
2620 5300 2704 5351 est
2724 5296 2885 5365 Ana,
2918 5298 3025 5368 qui
3044 5298 3274 5353 invenit
3295 5310 3486 5368 aquas
3502 5297 3648 5352 cali-

1983 5387 2097 5442 das
2115 5389 2177 5441 in
2195 5386 2538 5455 solitudine,
2554 5402 2686 5442 cum
2700 5393 2975 5455 pasceret
2998 5388 3195 5442 asinos
3211 5385 3433 5442 Sebeon
3454 5387 3648 5456 patris

1982 5480 2094 5534 sui.
2109 5477 2297 5532 Judaei
2319 5481 2598 5532 asserunt
2613 5477 2779 5549 quod
2800 5477 2910 5533 iste
2932 5483 3061 5533 Ana
3083 5492 3272 5550 nepos
3295 5479 3449 5533 Esau
3469 5493 3651 5551 equa-

1984 5585 2118 5625 rum
2167 5584 2376 5639 greges
2425 5568 2485 5623 in
2531 5567 2768 5625 deserto
2823 5568 2901 5625 ab
2945 5567 3131 5624 asinis
3172 5568 3375 5625 fecerit
3416 5569 3649 5642 primus

1987 5675 2180 5714 aseem
2193 5658 2250 5726 li,
2271 5663 2330 5712 ut
2346 5656 2651 5713 mulorum
2671 5657 2808 5713 inde
2826 5673 2986 5714 nova
3003 5664 3210 5715 contra
3227 5665 3507 5715 naturam
3528 5661 3650 5716 ani-

1987 5749 2169 5803 malia
2201 5753 2602 5803 nascerentur.
2629 5750 2900 5818 Onagros
2926 5765 3169 5823 quoque
3192 5750 3271 5807 ad
3303 5751 3416 5807 hoc
3433 5751 3654 5806 admis-

1991 5854 2092 5894 sos
2146 5854 2276 5895 esse
2315 5837 2395 5896 ad
2423 5837 2648 5908 asinas,
2676 5843 2734 5897 et
2761 5839 2964 5913 ipsum
2993 5840 3332 5900 istiusmodi
3359 5840 3653 5913 reperisse
