3960 6374
161 457 287 520 917

1225 456 1632 518 COMMENT.
1680 457 1758 517 IN
1804 456 2097 519 ISAIAM.
2142 492 2218 503 —
2263 460 2414 521 LIB.
2461 460 2535 521 Il.

3461 460 3580 527 918

163 610 284 650 non
318 594 459 648 sunt
489 589 608 646 dii:
645 588 745 647 sed
779 606 956 663 opera
982 607 1264 646 manuum
1299 589 1605 646 hominum
1637 590 1817 646 surda
1847 591 1901 658 Α
1932 591 2237 664 triturans,
2270 597 2325 648 et
2350 610 2530 663 quare
2561 592 2773 650 habeat
2804 597 2994 651 rostra
3034 594 3341 653 serrantia.
3373 592 3579 653 Altiori

161 688 222 741 et
256 686 441 749 muta,
473 682 800 737 confortare
829 681 889 735 in
925 680 1036 735 {ide
1066 679 1166 735 Dei
1193 679 1304 734 vivi
1332 684 1389 735 et
1418 680 1559 735 veri.

239 797 267 822 α
304 773 373 828 Et
403 775 464 826 tu
498 769 701 841 Israel,
734 785 896 826 serve
928 786 1096 824 meus
1126 769 1327 836 Jacob,
1352 786 1525 841 quem
1560 769 1705 839 elegi
1740 786 1824 825 sc-

162 879 302 918 men
318 860 613 917 Abraham
632 858 806 915 amici
824 858 1221 931 mei,inquo,»
1236 857 1293 912 id
1317 863 1427 923 est,
1448 858 1504 912 in
1527 859 1821 913 Abraham

161 976 191 1002 α
229 948 592 1023 apprehendi
624 952 698 1004 te.
735 970 763 996 υ
793 946 980 1003 Judazi
1013 946 1123 1002 hoc
1152 946 1222 1001 de
1254 964 1315 1002 se
1367 946 1724 1017 intelligunt,
1755 964 1821 1003 eo

162 1041 325 1114 quod
357 1056 427 1095 ex
455 1037 679 1095 semine
698 1036 941 1092 Abrahae
964 1034 1313 1091 recesserint
1337 1052 1349 1089 :
1376 1036 1474 1090 sed
1501 1036 1711 1090 melius
1734 1040 1823 1091 est

165 1134 238 1186 ut
265 1130 337 1184 ad
369 1126 736 1200 spiritualem
764 1123 942 1181 Israel
974 1124 1119 1179 illud
1152 1124 1607 1191 referamus,hoc
1630 1129 1719 1178 est
1748 1123 1821 1179 ad

164 1217 469 1292 apostolos
499 1216 599 1288 qui
631 1233 699 1271 ex
744 1214 967 1270 semine
1015 1213 1260 1268 Abraha}
1308 1214 1608 1285 propagati
1658 1218 1818 1267 sunt.

164 1305 652 1377 Blandientisque
698 1304 905 1360 atl'ectu
956 1302 1282 1374 alloquitur
1328 1303 1521 1374 ipsum
1575 1302 1819 1356 chorum

162 1394 571 1469 apostolorum
604 1393 805 1448 dicens
830 1410 842 1447 :
867 1393 937 1447 Et
965 1397 1027 1447 tu
1062 1392 1235 1446 Israel
1269 1409 1430 1446 serve
1463 1409 1648 1445 meus.
1686 1391 1819 1445 Pro-

164 1484 370 1559 phetia
384 1500 500 1539 non
518 1485 710 1537 servat
726 1480 990 1537 ordinem
1010 1479 1286 1535 historia}.
1305 1480 1440 1534 Post
1456 1480 1817 1535 vocationem

160 1573 327 1631 enim
358 1570 623 1645 gentium
654 1570 923 1643 quaedam
953 1569 1225 1624 viderunt
1261 1568 1486 1631 insulto,
1521 1573 1577 1622 et
1609 1568 1818 1623 timue-

161 1667 329 1720 runt.
361 1662 659 1717 Vocantur
687 1663 745 1714 et
776 1656 1046 1731 apostoli,
1080 1661 1138 1712 et
1184 1657 1587 1712 confortantur
1615 1657 1687 1711 ab
1720 1655 1818 1711 illo

160 1751 374 1823 (Halm.
408 1752 487 1819 ι).
520 1753 598 1805 De
645 1747 779 1804 istis
826 1746 1088 1819 loquitur
1132 1750 1190 1802 et
1238 1745 1641 1817 Evangelium,
1682 1744 1820 1817 quia

160 1840 346 1914 elegit
375 1837 684 1895 duodecim
717 1835 1040 1908 discipulos
1064 1852 1213 1908 quos
1234 1834 1529 1907 apostolos
1553 1833 1817 1889 nomina-

159 1929 251 1985 vit
280 1929 434 2002 (Luc.
464 1927 565 1999 v1).
597 1927 667 1982 Et
697 1925 1045 1989 notandum,
1079 1924 1218 1997 quia
1248 1922 1505 1995 primum
1537 1927 1820 1979 vocantur

162 2018 343 2087 servi,
376 2016 586 2073 deinde
629 2014 690 2071 in
751 2013 1072 2070 amicitiam
1130 2013 1603 2068 introducuutur.
1633 2014 1818 2067 Antea

161 2106 327 2164 enim
358 2104 692 2178 accepimus
722 2103 998 2176 spiritum
1030 2101 1330 2159 servitutis
1360 2101 1419 2156 in
1451 2101 1817 2167 timorem,et

162 2200 373 2271 postea
401 2193 569 2250 electi
609 2193 670 2248 in
719 2191 1039 2248 amicitiam
1093 2190 1195 2246 Dei
1239 2190 1570 2262 jungimur.
1604 2190 1814 2246 Semen

159 2284 409 2342 Abrahae
427 2286 727 2353 vocantur,
742 2280 880 2353 quia
892 2297 1007 2336 non
1020 2279 1211 2336 solum
1231 2279 1555 2335 secundum
1578 2295 1815 2333 carnem

165 2374 240 2430 de
283 2372 445 2429 illius
488 2371 712 2443 origine
769 2369 1199 2425 descenderunt
1231 2384 1245 2423 :
1282 2368 1381 2423 sed
1443 2367 1583 2439 quia
1640 2368 1813 2422 ﬁdem

161 2461 408 2518 Abrahae
434 2460 789 2524 habuerunt,
820 2462 877 2513 et
905 2457 1245 2513 ohedientes
1276 2456 1392 2511 Deo
1422 2455 1812 2511 existiterunt.

165 2550 227 2607 In
260 2548 382 2616 illo,
414 2548 523 2605 hoc
566 2552 657 2603 est
702 2546 761 2601 in
809 2545 1126 2612 Abraham,
1159 2544 1547 2617 apprehendit
1593 2561 1692 2599 eos
1740 2544 1813 2599 ab

162 2637 439 2696 extremis
469 2641 657 2703 terrae,
682 2640 738 2692 et
758 2652 792 2691 a
812 2633 1150 2707 longinquis
1180 2635 1310 2705 ejus
1342 2633 1562 2688 ﬁnibus
1593 2633 1816 2688 vocavit

159 2744 299 2786 eos:
325 2726 463 2800 quia
488 2728 559 2781 de
589 2724 876 2781 universis
908 2722 1244 2779 nationibus
1284 2721 1656 2795 congregavit
1703 2723 1808 2778 Ju-

159 2818 318 2873 daeos
348 2816 408 2872 in
439 2814 655 2888 quibus
687 2812 937 2887 dispersi
985 2816 1170 2881 erant,
1203 2815 1261 2866 et
1290 2810 1464 2865 multi
1499 2827 1566 2865 ex
1596 2810 1681 2866 eis
1711 2826 1816 2883 per

157 2904 637 2979 praedicationem
674 2901 1071 2975 apostolorum
1121 2899 1515 2955 crediderunt.
1547 2899 1675 2954 Tibi
1708 2916 1811 2954 au-

156 2999 302 3061 tem,
335 3009 368 3049 o
400 2991 614 3048 chorus
644 2989 1064 3063 apostolorum,
1097 2988 1197 3059 qui
1228 3005 1291 3044 es
1327 3004 1528 3043 servus
1558 3003 1726 3042 meus
1756 2990 1814 3043 et

156 3082 383 3139 electus
407 3097 593 3148 meus,
614 3079 715 3151 qui
732 3077 1154 3151 praedicaturus
1170 3094 1233 3132 es
1247 3076 1521 3148 gentibus
1538 3079 1595 3130 et
1616 3091 1811 3147 perse-

155 3171 426 3229 cutiones
458 3168 745 3242 plurimas
775 3183 879 3239 pro
909 3165 1147 3222 nomine
1178 3182 1306 3220 meo
1330 3164 1807 3236 passurus,dico:

228 3283 257 3309 α
293 3260 375 3315 Ne
405 3258 614 3313 timeas
641 3278 669 3307 ››
705 3273 740 3311 a
768 3254 913 3311 facie
943 3258 1382 3327 persecutorum
1406 3276 1432 3302 (ι
1458 3252 1596 3324 quia
1618 3256 1811 3307 tecum

1931 697 2063 736 vero
2110 682 2493 754 intelligentia
2541 683 2648 738 hoc
2697 683 3009 755 signiﬁcat,
3056 684 3195 757 quia
3244 685 3580 757 pradicatio

1933 769 2330 841 apostolorum
2362 771 2609 826 conterit
2634 773 2955 827 contrarias
2990 776 3393 845 potestates,et
3412 771 3580 846 spiri-

1934 858 2148 913 tualem
2179 860 2497 931 nequitiam
2545 860 2861 915 elevantem
2913 878 2975 916 se
3019 865 3221 917 contra
3270 860 3577 918 scientiam

1932 946 2053 1002 Dei.
2080 972 2105 996 ‹‹
2131 948 2459 1003 Triturubis
2492 954 2799 1013 montes,et
2822 949 2996 1004 colles
3022 950 3444 1006 comminues.»
3471 949 3579 1007 Per

1933 1041 2181 1103 montes,
2207 1055 2369 1108 reges
2401 1042 2455 1091 et
2487 1043 2803 1108 potestates
2834 1038 3003 1093 istius
3035 1037 3231 1093 saeculi
3261 1039 3575 1112 designan-

1928 1128 2046 1198 tur,
2076 1124 2247 1180 sicuti
2281 1143 2382 1197 per
2412 1126 2585 1180 colles
2618 1126 2859 1181 minoris
2894 1127 3162 1199 potentia:
3194 1131 3252 1183 et
3270 1126 3575 1200 dignitatis

1930 1213 2348 1285 principes,qui
2373 1219 2607 1286 propter
2625 1215 2783 1269 lucra
2802 1215 3145 1286 temporalia
3160 1215 3216 1270 in
3237 1216 3574 1288 superbiam

1929 1303 2258 1372 eriguntur.
2292 1303 2609 1357 Possumus
2630 1304 2805 1357 etiam
2830 1304 3201 1376 dicere,quod
3233 1304 3577 1361 ecclesiasti-

1930 1410 2035 1447 cus
2066 1390 2154 1445 vir
2182 1391 2355 1445 habet
2387 1390 2727 1461 evangeliem
2760 1392 3189 1462 prmdicationis
3237 1396 3426 1449 rostra
3455 1410 3575 1449 ser-

1931 1480 2140 1544 rantia,
2177 1484 2239 1533 ut
2270 1483 2533 1533 conterat
2565 1479 2998 1535 incredulorum
3030 1480 3351 1536 durissima
3379 1482 3575 1537 corda.

2002 1593 2027 1616 ‹‹
2064 1570 2131 1623 Et
2163 1568 2465 1625 ventilabit
2485 1586 2642 1631 eos,»
2669 1586 2949 1641 separans
2970 1569 3231 1624 triticum
3255 1588 3289 1624 a
3309 1568 3578 1641 paleis,id

1928 1663 2039 1725 est,
2071 1675 2275 1713 omnes
2304 1658 2517 1713 electos
2562 1659 2635 1712 ab
2685 1658 3091 1714 hmreticorum
3142 1659 3575 1731 conjunctione.

1931 1770 1959 1797 ‹‹
1990 1748 2057 1801 Et
2087 1750 2296 1801 ventus
2325 1746 2485 1801 tollet
2514 1764 2667 1813 eos,»
2695 1747 2749 1801 id
2783 1748 3158 1818 est,ipsorum
3191 1746 3466 1819 superbia
3494 1748 3579 1804 in-

1926 1836 2169 1892 tertieiet
2199 1853 2316 1890 eos.
2344 1860 2367 1883 ‹‹
2400 1836 2465 1888 Et
2498 1839 2555 1889 tu
2590 1836 2910 1889 exsultabis
2932 1836 2989 1890 in
3016 1837 3262 1892 Domino
3288 1859 3316 1886 »
3338 1854 3473 1893 cum
3499 1837 3577 1892 vi-

1926 1925 2083 1979 deris
2112 1924 2405 1979 dmmones
2430 1923 2645 1995 egredi,
2679 1928 2735 1978 et
2764 1923 3017 1979 humiles
3047 1926 3218 1981 corde
3239 1920 3479 1981 exaltari
3501 1925 3574 1981 ad

1926 2013 2187 2069 culmina
2216 2013 2520 2068 virtutum.
2549 2012 2725 2067 Valde
2758 2013 2913 2067 enim
2936 2012 3119 2085 gavisi
3140 2017 3279 2069 sunt
3300 2013 3573 2085 apostoli,

1926 2121 2059 2160 cum
2094 2121 2197 2175 per
2226 2102 2695 2175 praedicationem
2730 2121 2898 2159 suam
2949 2103 3219 2159 viderunt
3266 2108 3470 2177 gentes
3500 2104 3573 2160 ab

1925 2210 2118 2249 errore
2149 2194 2219 2247 ad
2252 2193 2427 2247 {idem
2460 2192 2734 2247 converti.

2000 2303 2027 2331 «
2061 2282 2237 2353 Egerii
2271 2285 2326 2335 et
2358 2298 2643 2353 pauperes
2673 2286 2941 2353 quaarunt
2965 2286 3231 2353 aquas,et
3254 2300 3368 2337 non
3391 2286 3570 2338 sunt:

1926 2369 2126 2441 lingua
2149 2386 2350 2424 eorum
2374 2369 2469 2424 siti
2494 2370 2666 2424 aruit.
2690 2393 2717 2418 ››
2738 2370 2998 2425 Gentiles
3018 2369 3389 2442 appellantur
3407 2369 3576 2443 egeni

1924 2464 1982 2515 ct
2012 2475 2319 2530 pauperes,
2342 2455 2478 2530 quia
2502 2475 2615 2513 non
2639 2458 2936 2513 habebant
2960 2458 3240 2530 legem,et
3260 2459 3575 2531 prophetas

1927 2565 2030 2602 nec
2064 2546 2378 2619 apostolos,
2411 2565 2596 2617 neque
2628 2546 2881 2618 aliquem
2914 2548 3208 2603 doctorem
3242 2546 3342 2619 qui
3372 2565 3472 2604 eos
3501 2548 3575 2605 ad

1923 2636 2140 2708 gaudia
2171 2636 2369 2707 patria!
2402 2635 2653 2690 cwleslis
2685 2636 2973 2706 invitaret,
3008 2640 3063 2690 et
3092 2636 3188 2708 qui
3232 2637 3317 2693 eis
3363 2655 3575 2709 panem

1924 2724 2289 2796 spiritualem
2326 2725 2661 2795 porrigeret.
2700 2724 2875 2789 Egerii
2919 2725 3166 2795 gentiles
3199 2730 3257 2780 et
3287 2743 3575 2798 pauperes

1924 2816 2194 2885 quaerunt
2224 2811 2493 2882 aquas,id
2524 2817 2613 2866 est
2638 2812 2964 2867 doctrinam
2997 2812 3423 2883 spiritualem,a
3447 2812 3572 2870 suis

1922 2899 2310 2973 philosophis,
2344 2904 2400 2953 et
2431 2917 2543 2954 non
2576 2903 2716 2954 sunt
2749 2900 2805 2953 in
2839 2900 2956 2954 illis
2987 2900 3262 2954 doctrinae
3293 2900 3571 2973 spiritua-

1922 2988 2027 3044 les.
2063 2989 2313 3059 Ideoque
2342 2987 2545 3058 lingua
2596 3005 2796 3043 eorum
2848 2987 2943 3043 siti
2995 2988 3153 3043 aruit
3191 2987 3319 3044 sine
3347 2988 3473 3061 lege
3502 3006 3571 3046 ac

1921 3077 2335 3149 prophetarum
2368 3075 2957 3148 oraculis.Propterea
2986 3076 3271 3131 Dominus
3302 3077 3457 3133 Deus
3481 3077 3570 3134 Is-

1921 3166 2039 3221 rael
2072 3182 2186 3220 non
2227 3182 2325 3221 eos
2376 3165 2609 3236 penitus
2659 3164 2990 3237 dereliquit,
3026 3181 3129 3219 nec
3175 3164 3234 3219 in
3285 3169 3570 3222 aeternum

1923 3272 2134 3327 passus
2160 3258 2253 3308 est
2284 3252 2605 3307 sitire:sed
2656 3253 2885 3325 aperuit
2931 3252 2991 3307 in
3039 3253 3270 3326 supinis
3319 3252 3570 3311 collibus

152 3364 292 3404 sum
324 3363 430 3420 ego
453 3369 480 3397 ››
515 3346 668 3402 sicut
695 3344 813 3400 dixi
845 3324 962 3400 tibi
983 3343 1043 3398 in
1076 3341 1386 3413 Evangelio
1420 3358 1433 3396 :
1469 3364 1495 3391 (ι
1528 3341 1671 3395 Ecce
1702 3358 1807 3413 ego
1842 3324 1886 3391 C
1923 3324 2190 3409 llumina,
2222 3347 2279 3397 et
2308 3342 2367 3397 in
2417 3343 2610 3397 medio
2659 3360 2999 3414 camporum
3047 3324 3258 3399 fontes.
3291 3342 3480 3400 Colles
3508 3343 3569 3400 in

147 3435 456 3493 vobiscum
489 3451 621 3490 sum
652 3431 931 3490 omnibus
965 3431 1173 3487 diebus
1206 3447 1393 3503 usque
1425 3430 1496 3485 ad
1529 3445 1805 3485 consum-

149 3525 475 3583 mationem
524 3520 723 3579 saeculi
761 3520 965 3591 (Matth.
997 3521 1220 3587 xxvm.)
1256 3541 1282 3567 ››
1311 3542 1340 3568 ‹‹
1374 3518 1456 3573 Ne
1486 3517 1744 3573 declines
1775 3535 1811 3573 a

147 3632 268 3681 me,
301 3613 442 3686 quia
472 3628 578 3683 ego
607 3611 763 3667 Deus
793 3614 952 3675 tuus,
988 3631 1017 3657 »
1048 3606 1333 3663 subaudis
1364 3624 1496 3661 sum
1518 3606 1731 3662 veritas
1752 3610 1810 3661 et

146 3703 290 3759 vita.
315 3703 443 3757 Non
474 3715 746 3766 erres,ne
766 3702 824 3754 te
856 3697 1004 3753 falsa
1032 3696 1337 3768 persuasio
1369 3695 1639 3767 decipiat.
1652 3696 1806 3766 quod

150 3791 276 3850 tuis
305 3790 527 3846 viribus
557 3787 781 3860 peritus
812 3785 1032 3859 sylvam
1065 3785 1329 3857 gentium
1362 3788 1715 3856 penetres,et
1736 3785 1808 3838 fe—

152 3878 496 3937 rocissimas
526 3877 793 3933 nationes
822 3875 895 3931 ad
949 3872 1463 3928 mansuetudinem
1512 3871 1808 3945 Evangelii

150 3984 326 4026 voces
356 3968 529 4040 (Joan.
562 3965 699 4037 xxv).
733 3988 761 4014 ‹‹
791 3961 1119 4020 Confortavi
1153 3965 1229 4030 te,
1253 3966 1309 4015 et
1331 3960 1646 4015 auxiliatus
1677 3977 1809 4015 sum

151 4057 295 4114 tui»
321 4073 354 4112 ο
374 4055 591 4111 chorus
619 4051 1016 4127 apostolorum
1043 4066 1058 4104 :
1085 4071 1113 4100 ‹‹
1136 4053 1193 4105 et
1213 4049 1473 4120 suscepit
1496 4052 1551 4102 te
1577 4049 1813 4103 dextera

145 4145 299 4219 justi
333 4143 471 4214 mei,
497 4166 524 4191 υ
557 4142 615 4197 id
646 4146 755 4209 est,
781 4138 1041 4213 potentia
1074 4137 1200 4194 Filii
1233 4137 1346 4192 mei
1379 4135 1698 4192 confortavi
1732 4140 1807 4191 te.

228 4258 256 4285 ‹‹
293 4233 532 4300 Omnes,
554 4252 582 4282 »
605 4229 892 4287 subaudis
912 4227 1100 4284 Judazi
1119 4227 1239 4281 sive
1259 4225 1507 4298 gentiles
1529 4248 1555 4274 ‹‹
1585 4224 1685 4296 qui
1712 4242 1813 4296 pu-

153 4325 345 4397 gnant
375 4322 689 4378 adversum
723 4322 798 4386 te,
821 4320 997 4374 erunt
1026 4315 1195 4388 quasi
1224 4332 1339 4369 non
1374 4312 1659 4386 sint,quia
1688 4313 1811 4385 peri

154 4413 309 4469 bunt
338 4433 367 4461 ››
403 4428 438 4466 a
469 4408 615 4465 facie
643 4411 856 4463 vestra.

233 4523 254 4550 ι
290 4501 410 4572 Ego
444 4497 729 4554 Dominus
759 4494 1205 4569 apprehendens
1236 4510 1475 4548 manum
1500 4496 1726 4565 tuam,»
1755 4491 1811 4546 id

153 4593 247 4645 est
277 4588 675 4661 operationem
707 4589 895 4653 tuam,
919 4587 976 4640 et
996 4600 1102 4655 ego
1132 4582 1326 4655 adjuvi
1352 4586 1426 4650 te,
1442 4598 1545 4653 pro
1567 4598 1634 4636 eo
1657 4581 1811 4652 quod

154 4682 245 4733 est
276 4677 346 4733 ad
346 4676 567 4747 juvabo
596 4679 674 4731 te.

228 4789 258 4815 ι(
292 4764 420 4821 Noli
453 4764 682 4833 timere,
712 4761 931 4818 vermis
961 4760 1163 4826 Jacob,
1194 4759 1294 4831 qui
1329 4759 1544 4814 mortui
1576 4757 1717 4813 estis
1746 4774 1816 4812 cx

154 4853 385 4910 Israel»
410 4851 697 4907 subaudis
727 4846 1219 4922 peccato.Vermis
1242 4846 1572 4920 appellatur
1601 4846 1816 4902 chorus

155 4941 561 5014 apostolorum
580 4943 818 5012 propter
834 4937 1254 5007 humilitatem,
1270 4936 1511 4991 imitans
1530 4935 1693 4991 illum
1713 4935 1813 5006 qui

156 5030 304 5087 dicit
334 5030 392 5084 in
424 5027 690 5100 psalmo:
717 5049 747 5077 ‹‹
778 5028 896 5099 Ego
929 5030 1128 5081 autem
1161 5043 1292 5079 sum
1344 5023 1577 5090 vermis,
1612 5028 1668 5078 et
1700 5041 1813 5078 non

155 5119 338 5174 homo
366 5119 538 5188 (Psal.
565 5122 699 5186 xxi).
732 5141 757 5163 ››
781 5117 945 5171 Sicut
966 5114 1123 5169 enim
1155 5112 1368 5169 vermis
1403 5117 1613 5167 terram
1652 5130 1818 5183 pene-

155 5207 384 5275 trat,ita
398 5224 590 5262 sermo
608 5204 966 5277 apostolicus
989 5203 1252 5276 gentium
1277 5202 1452 5257 corda
1469 5202 1811 5273 penetravit.

157 5295 372 5353 Mortui
393 5300 535 5350 sunt
549 5312 618 5350 ex
636 5294 753 5349 illis
772 5290 1137 5366 peccato,qui
1154 5291 1502 5347 dicuntcum
1522 5289 1810 5362 apostolo:

156 5409 185 5436 α
222 5383 491 5451 Quotidie
523 5383 745 5439 morior
774 5387 1011 5454 propter
1036 5384 1290 5437 vestram
1322 5379 1815 5452 gloriam,fratres

155 5474 205 5545 (I
233 5472 355 5529 Cor.
388 5474 505 5540 xv).
530 5493 558 5522 η
581 5472 653 5527 Et
681 5487 695 5526 :
732 5494 761 5520 «
794 5471 935 5526 Vivo
967 5473 1161 5525 autem
1184 5470 1311 5540 jam
1352 5484 1468 5523 non
1517 5484 1642 5539 ego,
1676 5465 1810 5522 vivit

153 5579 290 5618 vero
323 5561 383 5616 in
409 5578 501 5617 me
522 5560 795 5616 Christus
817 5559 1058 5632 (Calan).
1088 5580 1115 5607 ››
1138 5582 1165 5606 ‹‹
1192 5556 1363 5613 Posui
1380 5561 1435 5611 te
1454 5555 1621 5627 quasi
1646 5555 1810 5628 plau-

155 5654 350 5706 strum
383 5648 669 5704 triturans
696 5665 935 5715 novum,
967 5647 1192 5703 habens
1223 5650 1413 5701 rostra
1443 5643 1748 5699 serrantia.
1782 5667 1810 5693 ››

154 5736 383 5811 Smpius
406 5737 534 5809 jam
579 5754 760 5808 supra
804 5735 1026 5792 dictum
1059 5739 1168 5805 est,
1202 5733 1342 5806 quid
1374 5733 1451 5790 sit
1479 5732 1811 5804 plaustrum

1917 3432 2029 3489 isto
2059 3432 2185 3487 loco
2213 3432 2269 3486 in
2301 3431 2516 3485 bonam
2551 3435 2773 3503 partem
2808 3431 3237 3504 intelliguntur.

1993 3544 2020 3572 ‹‹
2049 3521 2321 3594 Aperiam
2356 3521 2413 3574 in
2446 3520 2675 3592 supinis
2704 3544 2730 3568 ››
2753 3519 2863 3575 hoc
2893 3525 2981 3576 est
3010 3520 3069 3575 in
3102 3519 3451 3593 inquinatis,
3482 3521 3571 3578 vel

1918 3609 2247 3665 humilibus
2279 3608 2616 3681 gentibus,«
2651 3608 2950 3676 flumina,»
2983 3610 3093 3665 hoc
3123 3614 3214 3666 est
3243 3610 3573 3667 doctrinam

1916 3699 2143 3754 Veteris
2160 3704 2213 3753 et
2234 3698 2371 3753 Novi
2391 3699 2748 3752 Testamenti
2760 3698 3188 3770 .AperuitDeus
3200 3701 3573 3772 omnipotens

1919 3787 1979 3842 in
2013 3786 2337 3841 humilibus
2370 3786 2707 3841 hominibus
2739 3786 3044 3841 scientiam
3077 3787 3409 3843 divinorum
3449 3787 3572 3843 elo-

1919 3876 2215 3948 quiorum,
2251 3879 2313 3928 ut
2348 3873 2457 3927 fuit
2484 3874 2890 3945 Hieronymus,
2914 3875 3301 3946 Augustinus,
3323 3875 3571 3930 Ambro-

1921 3961 2379 4033 sius,caeterique
2393 3963 2659 4016 doctores
2673 3962 2770 4033 qui
2789 3961 2956 4016 nobis
2970 3961 3248 4033 mysteria
3258 3963 3456 4018 divina
3476 3980 3574 4035 pa-

1920 4052 2569 4115 tefecerunt,sumentes
2592 4066 2776 4119 aquas
2802 4051 2872 4104 ab
2893 4048 2992 4103 illo
3011 4049 3110 4120 qui
3131 4049 3278 4105 dixit
3296 4067 3400 4122 per
3417 4050 3569 4107 Jere-

1922 4138 2101 4193 miam
2127 4155 2139 4193 :
2165 4162 2191 4186 ‹‹
2221 4138 2309 4192 Me
2339 4137 2821 4207 derelinquerunt
2851 4137 3069 4191 fontem
3092 4154 3258 4209 aqua:
3280 4138 3416 4194 vivaa
3439 4140 3565 4211 (lor.

1920 4230 2041 4295 11),»
2066 4226 2123 4281 id
2146 4227 2415 4289 est,dona
2434 4226 2632 4299 gratia:
2662 4226 2916 4297 Spiritus
2943 4225 3239 4281 sancti.De
3262 4227 3371 4283 hoc
3391 4226 3571 4285 etiam

1922 4316 2165 4372 flumine
2185 4316 2327 4370 dicit
2345 4315 2684 4370 Psalmista:
2702 4340 2728 4363 ‹‹
2748 4314 3036 4370 Fluminis
3052 4315 3574 4387 impetuslaatil'icat

1923 4404 2215 4460 civitatem
2238 4405 2361 4459 Dei:
2381 4426 2407 4451 n
2431 4408 2488 4458 et
2511 4426 2537 4454 «
2562 4404 2777 4458 ﬂumen
2804 4403 2902 4458 Dei
2929 4403 3213 4476 repletum
3238 4410 3329 4461 est
3347 4405 3518 4478 aquis
3539 4427 3567 4457 »

1922 4495 2095 4563 (Psal.
2129 4511 2235 4549 xcv
2265 4502 2317 4548 et
2344 4511 2490 4547 wa.
2521 4493 2683 4557 Quod
2726 4496 2919 4546 autem
2969 4491 3114 4547 dicit
3141 4516 3169 4542 «
3204 4497 3263 4548 et
3287 4493 3347 4548 in
3379 4494 3570 4550 medio

1922 4599 2267 4654 camporum
2290 4582 2533 4647 fontes,»
2552 4581 2805 4652 idipsum
2822 4586 2910 4636 est
2925 4586 2987 4637 ut
3000 4582 3272 4653 superius
3293 4581 3569 4639 diximus.

1849 4687 1893 4753 ι)
1924 4695 1951 4721 ‹‹
1983 4672 2198 4725 Ponam
2221 4670 2519 4725 desertum
2546 4692 2573 4718 ››
2596 4668 2703 4723 hoc
2728 4674 2815 4725 est
2835 4668 3223 4741 gentilitatem
3249 4668 3347 4724 «in
3364 4673 3575 4743 stagna

1924 4776 2236 4831 aquarum,
2274 4782 2301 4807 »
2330 4758 2386 4813 id
2420 4762 2509 4813 cst
2540 4757 2846 4813 influentis
2877 4757 3312 4829 Scripturarum
3334 4781 3363 4808 ‹‹
3387 4762 3446 4814 et
3466 4762 3573 4815 ter-

1925 4865 2049 4903 ram
2086 4846 2299 4901 inviam
2334 4847 2391 4901 in
2424 4846 2577 4901 rivos
2609 4863 2957 4917 aquarum.»
2982 4847 3162 4901 Terra
3191 4846 3346 4903 invia
3372 4845 3571 4920 appel-

1923 4935 2081 4991 latur
2098 4935 2725 5006 gentilitas,quia,antc
2752 4935 3065 4990 adventum
3091 4935 3219 4990 Filii
3242 4934 3572 5005 Dei,nullus

1925 5026 2115 5080 fuerat
2136 5025 2207 5078 ad
2230 5042 2358 5079 eam
2386 5024 2603 5078 missus
2628 5023 2930 5095 propheta,
2949 5023 3149 5079 nullus
3162 5023 3461 5095 apostolus
3484 5028 3574 5080 :et

1925 5132 2039 5168 non
2073 5116 2198 5167 erat
2230 5112 2286 5166 in
2322 5112 2420 5167 illo
2454 5113 2550 5183 qui
2584 5112 2767 5167 dixit:
2798 5135 2823 5160 ‹‹
2848 5114 2965 5184 Ego
2996 5130 3128 5167 sum
3160 5113 3335 5180 via,et
3355 5112 3492 5180 vita,
3516 5116 3574 5168 et

1923 5201 2135 5257 veritas
2163 5203 2338 5271 (Joun.
2372 5208 2501 5267 xw).
2546 5223 2570 5245 ιι
2602 5224 2627 5247 ‹‹
2668 5202 2819 5255 Dabo
2856 5201 2908 5254 in
2944 5201 3262 5257 solitudine
3289 5206 3569 5273 myrtum,

1922 5295 1981 5346 et
2011 5290 2265 5362 spinam,
2300 5294 2357 5345 et
2386 5289 2610 5361 lignum
2644 5288 2826 5343 olivae.
2854 5313 2881 5338 ››
2910 5290 3227 5361 Postquam
3256 5291 3403 5346 datae
3434 5292 3575 5347 sunt

1921 5378 1979 5433 in
2013 5380 2243 5434 deserto
2265 5378 2349 5433 vel
2372 5378 2428 5433 in
2454 5377 2770 5433 solitudine
2792 5378 3055 5449 gentium
3080 5382 3575 5450 aquaa,caaperuut

1922 5468 2158 5523 arbores
2190 5466 2270 5521 ibi
2301 5466 2461 5522 oriri.
2493 5465 2812 5521 Videamus
2843 5466 2981 5537 quid
3014 5466 3184 5522 nobis
3215 5466 3465 5523 innuant
3492 5467 3571 5524 is-

1920 5559 2115 5610 tarum
2134 5555 2407 5609 arborum
2429 5554 2681 5609 nomina.
2694 5553 2804 5608 Ced
2815 5571 2913 5609 rus
2931 5553 3103 5608 arbor
3117 5559 3208 5609 est
3223 5553 3357 5609 miri
3376 5554 3574 5612 odoris

1920 5656 1971 5699 et
2007 5642 2410 5714 imputribilis,
2447 5659 2548 5714 per
2573 5641 2729 5712 quod
2762 5642 3174 5714 significantur
3212 5641 3572 5700 sanctissimi

1916 5732 2026 5789 viri
2056 5731 2341 5789 miracula
2371 5736 2691 5806 patrantes,
2728 5731 2785 5786 in
2818 5736 3103 5788 aeternum
3133 5731 3365 5803 victuri,
3389 5736 3449 5791 et
3477 5733 3576 5792 bo-
