3956 6422
180 478 298 549 Ββί

1232 480 1637 542 COMMENT.
1684 481 1761 541 IN
1788 478 2108 542 ‘ISAIAM.
2154 513 2233 525 —
2274 480 2424 542 LIB.
2467 478 2545 542 II.

185 614 348 677 sunt.
369 634 397 661 «
417 610 572 669 Bene
601 626 835 683 quoque
867 594 971 668 aut
999 610 1150 669 male
1182 612 1254 681 (si
1288 611 1552 685 potestis)
1587 612 1777 680 facite,
1808 636 1833 660 ››
1864 612 1917 682 Α
1948 615 2057 679 cet,
2092 633 2119 662 »
2154 611 2212 668 id
2245 615 2335 669 est
2362 612 2585 685 rediget
2614 634 2643 662 «
2679 610 3060 685 magistratus
3099 609 3269 683 quasi
3316 608 3534 678 lutum,
3562 632 3594 663 »

184 716 219 755 ο
248 697 427 767 idola,
461 721 490 750 ‹‹
524 703 584 757 et
608 698 942 771 loquamur,
975 704 1032 757 et
1079 700 1381 756 videamus
1430 701 1606 757 simul
1642 724 1670 751 ››
1702 700 1835 774 quis

183 787 344 847 Deus
374 786 481 845 coli
514 788 725 845 debeat
753 788 827 844 ab
859 788 1221 845 hominibus.
1241 790 1341 846 His
1370 790 1561 846 verbis
1586 790 1838 846 ostendi-

184 879 304 944 tur,
325 876 468 949 quia
497 880 632 949 post
662 877 980 933 adventum
1013 876 1142 933 Filii
1174 878 1271 935 Dei
1307 878 1506 933 omnia
1530 878 1685 935 idola
1704 896 1835 934 con-

184 965 574 1033 ticuerunt,et
596 964 740 1020 nihil
765 966 835 1021 de
874 966 1106 1022 Christo
1149 971 1465 1039 potuerunt
1503 968 1833 1039 praedicere,

186 1053 456 1127 nihilque
468 1055 539 1110 de
553 1054 723 1110 ruina
735 1057 792 1115 et
806 1054 1184 1110 subversione
1203 1073 1443 1111 suorum
1456 1056 1833 1127 templorum.

186 1142 249 1199 Si
280 1142 437 1198 enim
471 1159 586 1197 non
620 1147 938 1215 potuerunt
967 1161 1143 1199 suum
1167 1144 1470 1199 interitum
1502 1144 1837 1216 praedicere,

185 1232 484 1304 quomodo
515 1230 647 1288 aliis
677 1231 829 1287 mala
859 1231 946 1288 vel
978 1233 1131 1288 bona
1156 1237 1470 1305 potuerunt
1518 1235 1790 1289 nuntiare
1810 1234 1839 1289 ‘I

184 1319 362 1377 Aliud
394 1336 628 1393 quoque
658 1320 895 1392 signum
927 1325 1040 1388 est,
1053 1320 1209 1376 idola
1229 1323 1370 1377 deos
1392 1339 1508 1377 non
1525 1323 1838 1393 esse,quod

186 1424 297 1465 nec
319 1409 467 1464 bene
496 1413 746 1479 possunt
774 1409 1094 1475 facere,nec
1128 1408 1440 1465 male.Non
1473 1410 1629 1481 quod
1661 1409 1836 1477 idola,

183 1496 278 1553 vel
307 1497 605 1553 dmmones
634 1496 961 1554 assidentes
986 1496 1340 1566 idolis,male
1373 1515 1525 1571 saepe
1555 1516 1672 1553 non
1700 1500 1841 1555 fece-

184 1590 350 1655 runt,
385 1586 484 1642 sed
518 1585 657 1658 quia
687 1584 799 1641 nisi
832 1590 1092 1658 potestas
1122 1602 1401 1643 concessa
1450 1587 1535 1643 eis
1583 1587 1759 1644 fuerit
1808 1606 1841 1643 a

185 1674 577 1743 Domino,hoc
608 1674 795 1731 facere
826 1692 941 1731 non
972 1675 1527 1746 possint.Daemones
1557 1676 1715 1733 enim
1748 1677 1841 1732 in-

184 1762 611 1835 grediebantur
640 1762 698 1818 in
730 1762 1423 1831 simulacris,et,Domino
1447 1764 1840 1837 permittente,

186 1867 345 1924 saepe
374 1851 571 1913 fntura
601 1852 1275 1924 praedicebantMaxime
1294 1870 1427 1909 vero
1459 1852 1601 1909 talia
1625 1854 1846 1909 dabant

185 1956 492 2013 responsa,
526 1943 590 1997 ut
619 1939 931 2013 dupliciter
959 1945 1156 2013 posset
1186 1941 1537 2015 intelligi.Ut
1555 1946 1646 1998 est
1666 1941 1838 1997 illud:
1878 1983 1922 2048 Β

409 2036 506 2089 Aio
536 2040 587 2097 te
615 2036 829 2089 Eacida
856 2039 1126 2095 Romanos
1152 2038 1367 2089 vincere
1400 2053 1574 2102 posse.

190 2140 229 2189 te
254 2116 597 2188 Loquamur
623 2116 823 2183 simul,
862 2138 889 2165 ››
924 2117 982 2172 id
1017 2121 1126 2185 est,
1152 2116 1306 2174 sicut
1336 2136 1442 2191 ego
1467 2118 1674 2191 loquor
1694 2119 1845 2173 futu-

189 2223 279 2271 ra,
315 2204 397 2260 ita
425 2203 747 2276 loquantur
774 2209 833 2260 et
862 2205 969 2261 illi.

265 2317 295 2343 «
323 2294 468 2350 Ecce
489 2311 593 2353 vos
612 2294 756 2351 estis
773 2312 843 2351 ex
866 2294 1067 2362 nihilo,
1089 2318 1115 2343 ››
1136 2313 1169 2351 o
1191 2295 1366 2361 idola,
1383 2296 1688 2364 subaudis,
1707 2297 1847 2369 quia

192 2383 268 2443 ab
299 2381 642 2450 hominibus
674 2384 826 2439 facta
843 2384 988 2439 estis
1019 2383 1117 2456 qui
1139 2384 1284 2441 nihil
1316 2386 1698 2442 sunt.Paulus
1714 2404 1848 2458 apo-

192 2470 387 2526 stolus
413 2470 632 2527 dicit:«
658 2471 808 2540 Quia
835 2471 1057 2527 idolum
1092 2473 1237 2528 nihil
1268 2478 1441 2537 est,et
1470 2475 1845 2532 fabricatores

192 2557 487 2619 idolorum
519 2559 667 2629 nihil
717 2565 858 2617 sunt
888 2561 931 2633 (1
961 2561 1085 2619 Cor.
1119 2562 1263 2633 VIII).
1301 2585 1328 2610 ››
1380 2563 1454 2619 Ut
1502 2564 1561 2618 in
1615 2564 1845 2620 Psalmo

194 2647 449 2709 habetur
479 2665 493 2703 :
527 2672 554 2698 α
590 2648 824 2715 Similes
858 2648 975 2705 illis
1013 2650 1158 2709 (iant
1189 2651 1289 2722 qui
1321 2651 1545 2707 faciunt
1574 2670 1643 2708 ea
1673 2655 1843 2725 (Psal.

194 2736 443 2808 (xxxiv),
475 2759 503 2787 »
538 2736 648 2793 hoc
678 2742 767 2793 est
797 2737 945 2797 nihil
977 2742 1120 2799 sunt
1158 2737 1333 2805 idola,
1366 2743 1425 2795 et
1454 2747 1741 2812 quantum
1772 2744 1845 2798 ad

196 2823 424 2881 cultum
458 2824 844 2898 pertinet,qui
877 2825 1100 2883 faciunt
1126 2844 1194 2883 ea
1219 2827 1365 2887 nihil
1394 2833 1591 2887 sunt.«
1616 2831 1848 2902 Etopus

197 2918 532 2987 vestrum,»
558 2913 668 2973 hoc
689 2918 778 2970 est
806 2914 980 2981 idola,
998 2938 1025 2964 ‹‹
1050 2933 1119 2973 ex
1148 2933 1216 2973 eo
1245 2918 1401 2989 quod
1436 2936 1549 2974 non
1582 2923 1693 2990 est,
1729 2942 1757 2969 ι)
1788 2919 1846 2975 id

201 3006 313 3071 est,
328 3000 439 3059 hoc
468 3003 621 3074 quod
657 3001 717 3059 in
751 3003 890 3059 deos
924 3003 1188 3060 fabricati
1221 3005 1383 3071 estis,
1398 3005 1544 3061 nihil
1577 3011 1685 3073 est,
1711 3008 1852 3080 quia

203 3106 321 3159 non
352 3095 494 3146 sunt
524 3090 964 3148 dii.Possumus
994 3093 1173 3149 etiam
1195 3094 1303 3150 hoc
1334 3095 1545 3151 referre
1575 3097 1647 3152 ad
1670 3096 1848 3163 idola,

203 3180 359 3252 quod
392 3179 565 3235 dicit:
598 3180 743 3236 Ecce
770 3197 872 3237 vos
902 3181 1044 3237 estis
1073 3198 1143 3237 ex
1171 3181 1355 3239 nihilo
1382 3199 1396 3237 ε
1442 3182 1595 3239 sicut
1626 3182 1849 3239 dictum

201 3267 516 3337 habemus,
535 3273 594 3324 et
606 3267 715 3325 hoc
738 3270 1059 3341 quod-dicit
1080 3287 1228 3343 opus
1256 3276 1517 3328 vestrum
1538 3288 1605 3327 ex
1616 3289 1684 3327 eo
1695 3272 1851 3345 quod

1947 701 2055 758 hoc
2091 705 2198 768 est,
2233 700 2528 774 principes
2558 700 2738 772 hujus
2764 700 2973 757 mundi
3014 699 3101 756 vel
3151 700 3468 767 daemones,
3494 699 3599 773 qui

1946 790 2349 863 magisterium
2386 790 2663 845 tenebant
2692 805 2870 861 super
2898 805 3085 861 genus
3116 788 3465 845 humanum.
3484 791 3600 846 «Et

1943 879 2101 934 velut
2157 878 2377 949 plastes
2428 877 2782 934 conculcans
2828 877 3101 933 humum.
3154 898 3183 928 ››
3233 876 3461 934 Plastes
3509 882 3599 934 est

1947 967 2186 1038 ﬁgulus,
2222 967 2536 1021 fabricator
2563 983 2828 1022 arcuum.
2862 966 3005 1022 Scut
3042 965 3258 1038 figulus
3290 964 3597 1022 conculcat

1945 1057 2160 1123 lutum,
2194 1061 2252 1111 et
2282 1056 2528 1111 humum
2563 1057 2634 1111 ad
2666 1056 3101 1127 componendas
3140 1055 3286 1111 ollas
3319 1073 3332 1110 :
3366 1055 3450 1111 sic
3484 1057 3594 1111 Do-

1933 1146 2144 1216 minus
2175 1146 2349 1201 Jesus
2380 1146 2439 1201 in
2472 1163 2579 1200 suo
2615 1146 2863 1200 adventu
2896 1144 3254 1200 conculcavii
3284 1148 3342 1200 et
3372 1144 3594 1217 redegit

1947 1236 2016 1291 ad
2067 1234 2318 1289 nihilum
2369 1252 2613 1289 omnem
2653 1233 2971 1305 potentiam
3023 1233 3195 1289 istius
3245 1231 3488 1288 saeculi:
3534 1236 3600 1287 ut

1950 1326 2164 1379 faceret
2194 1323 2401 1377 exinde
2432 1324 2729 1394 quoddam
2757 1339 2859 1376 vas
2891 1322 2949 1377 in
2980 1322 3597 1394 honorem,quoddam

1950 1414 2010 1469 in
2043 1411 2482 1468 contumeliam.

2022 1526 2051 1553 ‹‹
2085 1502 2227 1568 Quis
2259 1500 2632 1556 annuntiavit
2657 1501 2729 1556 ab
2761 1500 2996 1555 exordio
3035 1503 3103 1555 ut
3152 1499 3411 1556 sciamus
3460 1503 3518 1555 et
3569 1517 3604 1555 a

1951 1590 2298 1663 principio,»
2310 1593 2712 1644 creaturarum
2728 1587 2990 1660 przsdixit
3004 1588 3202 1643 futura
3214 1611 3242 1637 «
3260 1592 3325 1644 ut
3337 1587 3603 1643 dicamus

1952 1679 2311 1752 quiajustus
2340 1678 2589 1732 est.»Et
2627 1682 2717 1749 est
2752 1692 2992 1732 sensus:
3017 1675 3159 1741 Quis
3199 1676 3355 1732 Dsus
3399 1676 3511 1731 fuit
3540 1676 3602 1731 in

1951 1767 2247 1841 gentibus,
2267 1770 2334 1821 ut
2362 1765 2743 1821 annuntiaret
2772 1766 3086 1820 adventum
3120 1762 3248 1819 Filii
3270 1764 3414 1820 Dei?
3435 1763 3495 1821 Si
3512 1766 3604 1819 est

1953 1856 2171 1929 aliquis
2200 1856 2354 1911 Deus
2384 1854 2483 1927 qui
2517 1854 2638 1909 haec
2669 1853 2890 1920 fecerit,
2920 1851 3189 1908 dicemus
3218 1852 3360 1924 quia
3396 1854 3601 1923 justus

1953 1950 2061 2001 est.
2096 1969 2121 1993 α
2152 1945 2279 2000 Non
2309 1947 2398 1999 est
2429 1943 2587 1998 enim
2618 1958 2807 2013 neque
2856 1939 3221 1996 annuntians
3262 1962 3293 1989 »
3336 1944 3604 2013 tempora

1954 2032 2248 2107 praeterita
2266 2056 2293 2081 «
2315 2049 2504 2103 neque
2518 2030 2839 2103 praedicens
2856 2053 2883 2080 ι»
2897 2030 3097 2085 futura
3108 2046 3178 2084 ex
3194 2028 3473 2085 omnibus
3485 2028 3600 2085 diis

1951 2123 2163 2179 vestris
2194 2140 2207 2178 :
2242 2145 2270 2173 ‹‹
2302 2138 2488 2194 neque
2520 2120 2764 2177 audiens
2796 2136 3096 2175 sermones
3126 2124 3370 2185 vestros,
3403 2141 3431 2170 »
3461 2118 3603 2191 quia

1953 2212 2101 2267 muti
2132 2216 2188 2267 et
2218 2210 2379 2266 surdi
2404 2214 2564 2265 sunt.
2596 2209 2715 2264 Hoc
2744 2212 2835 2264 est
2864 2208 3019 2280 quod
3042 2207 3175 2279 jam
3202 2206 3476 2279 superius
3506 2207 3604 2263 di-

1952 2301 2168 2366 ximus,
2202 2299 2343 2372 quia
2367 2302 2501 2370 post
2530 2298 2846 2353 adventum
2894 2295 3129 2351 Domini
3181 2299 3238 2351 et
3287 2299 3602 2368 postquam

1957 2390 2101 2445 fides
2129 2390 2258 2461 ejus
2287 2387 2461 2458 coepit
2486 2385 2718 2442 dilatari
2750 2402 2853 2457 per
2877 2384 3101 2451 orbem,
3133 2384 3430 2439 daemones
3473 2401 3603 2456 quas

1955 2494 2239 2549 responsa
2271 2481 2405 2531 ante
2436 2474 2590 2530 soliti
2624 2478 2793 2528 erant
2821 2473 2981 2539 dare,
3015 2471 3443 2528 conticuaunt.

2029 2591 2054 2615 ‹‹
2085 2566 2316 2622 Primus
2347 2565 2417 2620 ad
2454 2563 2592 2619 Sion
2625 2563 2780 2617 dicet
2811 2579 2825 2616 :
2858 2563 3003 2616 Ecce
3034 2562 3265 2628 adsum,
3300 2564 3359 2617 et
3402 2560 3608 2618 Hieru-

1956 2655 2137 2711 salem
2172 2652 2590 2725 evangelistam
2620 2651 2791 2705 dabo.
2830 2674 2856 2701 »ι
2890 2650 2997 2705 Per
3044 2649 3182 2705 Sion
3229 2652 3380 2722 (qua:
3431 2649 3606 2704 inter-

1956 2747 2220 2816 pretatur
2248 2740 2552 2813 speculum
2584 2740 2703 2795 sive
2735 2737 3079 2811 speculatio)
3109 2740 3165 2793 et
3194 2754 3297 2809 per
3335 2736 3607 2792 Hierusa-

1955 2832 2071 2887 lem
2128 2835 2282 2903 (quze
2329 2829 2751 2901 interpretatur
2808 2826 2953 2882 visio
3006 2825 3191 2897 pacis)
3241 2825 3610 2898 significatur

1957 2920 2171 2976 chorus
2202 2918 2669 2990 praedicatorum,
2704 2919 2760 2970 et
2790 2912 3137 2969 universalis
3168 2911 3447 2968 Ecclesia.
3482 2910 3606 2966 Pri-

1958 3026 2112 3075 mus,
2145 3007 2254 3062 hoc
2283 3010 2372 3062 est
2415 3003 2843 3078 primogenitus
2883 3018 3051 3057 meus
3101 3000 3304 3069 Filius,
3340 2999 3484 3056 dicit
3531 3002 3605 3057 ad

1959 3097 2118 3163 Sion,
2154 3096 2213 3150 id
2244 3098 2351 3162 est,
2378 3094 2449 3149 ad
2482 3096 2718 3148 sanctos
2751 3088 3046 3163 apostolos
3077 3093 3133 3144 et
3162 3088 3602 3161 praedicatores:

1958 3186 2102 3240 Ecce
2134 3184 2366 3248 adsum,
2399 3199 2432 3238 ο
2462 3179 2710 3253 apostoli
2742 3178 2877 3245 mei,
2917 3181 2975 3233 et
3023 3175 3385 3233 Hierusalem
3432 3194 3606 3233 evan-

1958 3272 2230 3345 gelistam
2265 3270 2440 3338 daho,
2472 3269 2582 3325 hoc
2611 3272 2701 3324 est
2739 3270 2973 3324 sanctos
3021 3266 3121 3338 qui
3169 3268 3341 3321 erunt
3388 3264 3449 3320 in
3497 3266 3607 3321 Ec-

202 3373 330 3419 non.
350 3358 458 3427 est,
478 3356 549 3413 ad
583 3355 839 3414 cultores
869 3358 1484 3432 idolorum,quantum
1508 3361 1754 3433 pertinet
1775 3362 1845 3417 ad
1880 3349 1925 3416 C
1961 3361 2160 3427 clesia,
2192 3359 2366 3421 dabo,
2398 3362 2462 3414 ut
2490 3358 2607 3415 sint
2638 3355 3045 3429 praedicatores
3075 3360 3133 3410 et
3164 3353 3608 3410 annuntiatores

201 3444 511 3500 materiam
544 3446 700 3501 unde
730 3445 887 3502 idola
935 3448 1173 3515 flebant,
1205 3449 1473 3505 videlicet
1520 3467 1729 3505 aurum
1762 3450 1849 3506 vel

199 3532 364 3598 aliud
394 3532 997 3608 hujusmodi,aliquid
1029 3541 1174 3605 erat,
1189 3538 1290 3593 sed
1315 3537 1441 3609 ipse
1475 3538 1669 3594 cultus
1701 3537 1848 3594 nihil

196 3626 340 3681 erat.
369 3622 615 3695 Insuper
642 3627 701 3678 et
730 3625 801 3679 ad
845 3627 1342 3698 comparationem
1393 3627 1521 3683 auri
1570 3632 1628 3683 et
1675 3628 1846 3695 aeris,

196 3710 287 3767 vel
317 3708 477 3766 illius
506 3711 663 3766 unde
693 3711 1095 3779 ﬁebant,nihil
1125 3718 1268 3769 erat.
1304 3738 1324 3764 ι
1353 3715 1846 3784 Abominatioest,

140 3812 145 3817 ‘
198 3798 298 3873 qui
329 3797 507 3872 elegit
533 3816 658 3867 vos,
696 3822 724 3849 »
754 3801 864 3856 hoc
896 3805 986 3858 est
1015 3803 1267 3874 abjectio
1296 3807 1355 3858 et
1381 3804 1715 3871 detestatio,
1749 3804 1849 3861 ille

197 3887 397 3957 homo,
428 3889 539 3959 qui:
562 3889 838 3945 conﬂavit
866 3907 989 3958 vos,
1022 3908 1055 3945 o
1085 3889 1261 3947 idola.
1844 3878 1849 3883 ’

272 3999 300 4027 ‹‹
331 3976 621 4043 Suscitavi
653 3978 726 4034 ab
753 3979 1050 4050 aquilone,
1081 3980 1272 4036 veniet
1319 3981 1393 4036 ab
1441 3985 1573 4038 ortu
1619 3981 1783 4039 solis.
1818 4003 1847 4031 ››

197 4063 321 4123 Vox
340 4064 441 4123 Dei
464 4065 670 4122 Patris.
685 4066 894 4139 Aquilo
911 4072 1001 4124 est
1026 4072 1237 4125 ventus
1269 4068 1517 4141 frigidus
1535 4074 1594 4125 et
1624 4073 1851 4125 contra-

200 4152 347 4218 rius,
378 4156 436 4209 et
467 4153 764 4228 signiﬁcat
792 4155 1113 4213 diabolum.
1148 4156 1462 4213 Suscitavit
1507 4174 1644 4229 ergo
1693 4157 1848 4213 Deus

201 4240 371 4303 Pater
397 4241 649 4314 gentiles
677 4244 749 4299 ab
801 4244 1074 4316 aquilone
1119 4246 1418 4318 degentes,
1450 4245 1561 4301 hoc
1610 4249 1700 4301 est
1746 4245 1848 4318 qui

199 4329 389 4403 frigus
406 4330 622 4387 erroris
643 4331 1035 4404 patiebantur,
1051 4350 1306 4405 quorum
1336 4334 1513 4412 corda
1532 4350 1647 4390 non
1681 4334 1848 4390 arde-

198 4417 344 4477 bant
370 4434 571 4475 amore
611 4419 943 4487 dilectionis
992 4422 1092 4477 Dei
1133 4425 1193 4478 et
1228 4422 1498 4495 proximi.
1534 4424 1606 4479 Et
1633 4424 1847 4493 veniet,

198 4507 488 4571 subaudis
514 4506 786 4577 Christus
816 4510 891 4565 ab
923 4514 1055 4567 ortu
1087 4510 1253 4580 solis,
1285 4512 1346 4567 in
1376 4527 1555 4584 quem
1587 4513 1845 4568 credent.

193 4595 283 4652 Ab
311 4599 445 4651 ortu
475 4595 617 4652 solis
646 4597 839 4655 venire
875 4599 1111 4667 dicitur,
1127 4600 1266 4671 quia
1293 4600 1497 4656 Judaaa
1516 4600 1574 4655 in
1599 4599 1849 4656 Orientis

1956 3448 2237 3507 veritatis.
2270 3446 2640 3520 Evangelista
2671 3445 2889 3500 dicitur
2938 3444 3130 3500 bonus
3176 3443 3607 3515 interpretator,

1957 3542 2015 3595 et
2046 3538 2242 3611 posuit
2271 3554 2457 3592 unum
2490 3552 2593 3608 pro
2625 3533 2848 3593 multis.

2030 3651 2057 3677 «
2090 3628 2160 3682 Et
2189 3625 2304 3681 vidi
2333 3642 2437 3698 ego
2474 3647 2501 3673 ››
2551 3625 2707 3679 Deus
2755 3622 3130 3695 omnipotens
3181 3642 3209 3671 «
3239 3624 3298 3676 et
3342 3638 3457 3679 non
3491 3624 3614 3677 erat

1957 3734 2146 3788 neque
2177 3732 2245 3771 ex
2277 3714 2428 3779 istis,
2461 3735 2491 3763 »
2525 3712 2816 3768 subaudis
2847 3710 3185 3767 simulacris
3212 3708 3300 3765 vel
3333 3709 3613 3765 daemoni-

1956 3805 2070 3861 bus
2120 3828 2149 3854 «
2183 3803 2524 3875 quisquam,
2566 3800 2670 3873 qui
2720 3800 2899 3855 iniret
2939 3797 3275 3863 consilium,
3312 3819 3340 3847 ››
3369 3797 3480 3853 hoc
3523 3801 3613 3851 est

1957 3893 2056 3966 qui
2090 3892 2337 3947 intraret
2364 3890 2425 3944 in
2452 3888 2790 3953 consilium,
2809 3910 2837 3936 «
2870 3891 2928 3943 et
2955 3887 3349 3957 interrogatus
3381 3905 3410 3932 ››
3440 3882 3614 3938 acul-

1957 3982 2186 4038 toribus
2214 3978 2360 4046 suis,
2393 4000 2423 4027 ‹‹
2453 3976 2831 4048 responderet
2855 3975 3121 4030 verbum.
3172 3994 3201 4021 ››
3250 3972 3410 4026 Licet
3453 3970 3610 4027 enim

1955 4070 2429 4140 interrogaretur,
2462 4082 2579 4120 non
2610 4068 2806 4119 tamen
2836 4064 3063 4135 poterat
3091 4059 3467 4132 respondere.

2028 4180 2057 4208 ‹‹
2109 4158 2253 4212 Ecce
2300 4169 2529 4219 omnes,
2563 4174 2593 4203 »
2646 4149 2930 4207 subaudis
2984 4148 3237 4205 cultores
3287 4146 3605 4214 idolorum,

1961 4268 1989 4296 «
2022 4244 2248 4317 injusti.
2284 4265 2312 4293 »
2340 4264 2369 4293 «
2398 4243 2470 4298 Et
2495 4258 2644 4297 vana
2673 4257 2850 4313 opera
2870 4256 3093 4306 eorum,
3123 4260 3157 4289 »η
3181 4237 3239 4293 id
3272 4241 3381 4304 est,
3414 4235 3610 4295 cultus

1956 4350 2160 4390 eorum
2208 4331 2367 4387 Velut
2415 4332 2688 4386 «ventus
2737 4332 2795 4384 et
2842 4328 3018 4384 inane
3066 4325 3452 4384 simulacrum
3505 4342 3607 4381 eo-

1959 4441 2113 4491 rum,
2147 4445 2175 4473 »
2209 4421 2318 4477 hoc
2349 4423 2440 4476 est
2472 4417 2699 4473 inutile.

2564 4506 2797 4562 CAPUT
2836 4506 3005 4561 XLII.

2029 4625 2054 4651 ‹‹
2093 4604 2233 4655 Ecce
2279 4614 2481 4654 servus
2514 4612 2701 4663 meus,
2735 4593 3057 4666 suscipiam
3088 4609 3248 4649 eum.
3290 4614 3318 4642 »
3357 4592 3480 4648 Vox
3511 4592 3610 4649 Dei

195 4682 467 4775 partibus
497 4684 724 4749 est.llle
746 4686 939 4775 veniet
968 4688 1039 4744 ab
1071 4692 1203 4743 ortu
1234 4688 1397 4756 solis,
1418 4689 1492 4745 de
1521 4706 1640 4761 quo
1671 4706 1849 4761 supra
1884 4711 1929 4775 Ι)
1960 4689 2149 4745 Patris
2170 4689 2239 4744 de
2263 4685 2427 4742 Filio.
2452 4685 2738 4775 Dominus
2758 4684 2938 4775 Iesus
2959 4681 3231 4737 Christus
3251 4681 3408 4775 Deus
3426 4685 3490 4775 et
3514 4680 3614 4736 ho-

194 4770 437 4837 dictum.
468 4775 605 4839 est:
658 4796 688 4823 «
738 4773 847 4840 Qui
896 4775 1201 4832 suscitavit
1249 4778 1324 4832 ab
1356 4777 1588 4834 Oriente
1610 4778 1848 4849 justum

194 4859 584 4932 (snpra,1x);n
608 4866 667 4916 et
701 4861 816 4917 alio
837 4862 1000 4919 loco:
1051 4887 1079 4914 ι(
1101 4866 1245 4921 Ecce
1286 4865 1373 4923 vir
1401 4865 1595 4923 oriene
1634 4884 1848 4922 nomen

193 4947 327 5017 ejus
358 4946 544 5016 (ΖαεΙιι.
567 4949 668 5020 v1).
702 4971 731 5000 ››
766 4950 1017 5023 Ideoque
1048 4951 1359 5011 suscitabit
1380 4958 1585 5025 gentes
1610 4955 1679 5009 de
1710 4954 1812 5010 inti
1831 4984 1847 4996 -

194 5032 437 5089 delitate
468 5036 542 5091 ad
574 5037 773 5107 ﬁdem,
807 5043 875 5094 ut
904 5041 1145 5095 credant
1173 5040 1233 5095 in
1263 5058 1422 5109 eum,
1456 5041 1557 5113 qui
1588 5042 1746 5098 venit
1776 5043 1849 5098 ab

194 5124 333 5181 ortu
362 5121 525 5180 solis.
558 5125 630 5181 Et
659 5143 841 5198 quare
871 5128 1015 5187 dicit
1040 5128 1355 5185 Dominum
1383 5128 1581 5187 venire
1615 5131 1688 5187 ab
1719 5136 1850 5187 ortu

196 5209 344 5283 solis
375 5211 449 5265 ad
478 5217 704 5285 gentes,
737 5232 871 5273 cum
904 5217 1030 5290 ipse
1074 5235 1189 5273 non
1223 5217 1621 5290 praedicaverit
1664 5219 1851 5292 genti-

197 5298 353 5366 bus?
372 5298 545 5355 Venit
574 5303 812 5373 quidem
844 5322 949 5377 per
975 5306 1275 5377 apostolos
1305 5324 1467 5373 suos,
1484 5308 1625 5379 quia
1654 5308 1855 5365 omnia

197 5401 329 5458 qum
360 5388 607 5459 apostoli
643 5392 863 5463 operati
897 5398 1057 5463 sunt,
1082 5411 1186 5467 per
1216 5395 1412 5467 ipsum
1439 5400 1499 5451 et
1528 5396 1586 5452 in
1614 5396 1851 5454 nomine

193 5474 328 5545 ejus
358 5478 417 5544 et
447 5474 506 5533 in
522 5474 765 5535 laudem
783 5482 914 5553 eius
937 5483 1297 5540 fecerunt.Et
1318 5483 1430 5538 nisi
1452 5483 1580 5554 ipse
1595 5485 1852 5541 venisset

192 5566 251 5616 et
279 5560 679 5637 illuminasset
706 5570 883 5625 corda
911 5570 1201 5643 gentium,
1232 5570 1292 5625 in
1324 5588 1539 5627 vanum
1569 5574 1849 5643 expende-

191 5656 331 5725 rent
347 5652 822 5728 medicationem
846 5676 1033 5717 suam.
1052 5660 1334 5721 «Vocavit
1350 5676 1561 5717 nomen
1585 5678 1845 5731 meum,»

1959 4795 2055 4834 mo
2084 4781 2194 4833 est.
2228 4777 2291 4831 In
2323 4778 2609 4847 quantum
2644 4773 2716 4828 ad
2760 4771 3124 4827 divinitatem
3155 4770 3412 4843 pertinet
3457 4771 3611 4825 Deus

1958 4871 2066 4933 est,
2095 4869 2417 4921 coaeternus
2448 4867 2507 4918 et
2535 4858 3059 4917 consubstantialis
3091 4858 3609 4914 Patri.Secundum

1960 4954 2388 5011 humanilatem
2403 4969 2537 5006 vero
2559 4966 2761 5004 servus
2772 4966 2802 5002 a
2810 4945 3607 5020 ppellatur,quiaminoratus

1960 5048 2047 5101 est
2067 5041 2241 5115 paulo
2265 5041 2465 5095 minus
2486 5039 2557 5094 ab
2569 5036 3037 5109 angelis.Servus
3050 5034 3484 5090 etiam-vocatus
3499 5038 3607 5104 est,

1961 5131 2101 5205 quia
2123 5154 2150 5179 «
2186 5146 2321 5186 cum
2354 5128 2410 5182 in
2444 5128 2632 5182 forma
2664 5124 2764 5179 Dei
2797 5128 2971 5190 esset,
3003 5121 3338 5179 humiliavit
3384 5138 3451 5178 se
3495 5121 3609 5177 for-

1962 5237 2119 5276 mam
2153 5217 2299 5275 servi
2332 5214 2626 5287 accipiens
2656 5213 2885 5284 (Philip.
2921 5212 2985 5285 n)
3041 5212 3198 5267 Deus
3236 5209 3611 5282 omnipotens

1962 5311 2132 5365 Pater
2160 5322 2415 5375 servum,
2441 5300 2711 5358 videlicet
2740 5301 3059 5356 Dominum
3090 5303 3358 5355 nostrum
3402 5298 3610 5354 Jesum

1959 5397 2254 5454 Christum
2283 5390 2734 5465 quadragesimo
2750 5389 2844 5445 die
2863 5386 3308 5445 resurrectionis
3325 5387 3607 5459 suscepit,

1958 5487 2191 5542 elevans
2220 5499 2356 5539 eum
2386 5496 2568 5550 supra
2595 5476 2792 5533 omnia
2822 5477 3018 5533 sidera
3066 5481 3126 5533 et
3180 5492 3358 5548 super
3404 5491 3611 5531 omnes

1957 5574 2153 5641 cmlos,
2211 5576 2268 5627 et
2328 5568 2618 5624 collocans
2688 5565 2747 5620 in
2805 5567 3012 5621 dextra
3065 5563 3419 5636 majestatis
3467 5580 3607 5620 sum.

1955 5688 1982 5714 «
2008 5663 2240 5719 Electus
2270 5652 2823 5726 meus,complacuit
2852 5653 2965 5709 sibi
2997 5655 3057 5710 in
3087 5653 3187 5711 illo
3208 5652 3407 5711 anima
3420 5668 3608 5709 mea.»

191 5739 505 5821 subaudis,
538 5742 641 5816 ille
681 5747 787 5817 qui
816 5749 1007 5807 veniet
1054 5749 1135 5805 ab
1158 5752 1290 5806 ortu
1323 5747 1484 5818 solis,
1514 5772 1543 5799 ‹‹
1575 5753 1632 5806 et
1659 5751 1843 5808 addu-
1884 5764 1901 5777 '
1951 5752 2186 5810 Electus
2214 5752 2303 5806 est
2330 5746 2447 5806 Deo
2479 5743 2630 5803 Patri
2679 5742 2981 5799 Dominus:
3016 5743 3212 5812 Jesus,
3245 5741 3423 5799 sicut:
3447 5745 3598 5800 temo
