3956 6398
366 468 486 533 923

366 619 504 677 pore
525 602 900 676 baptismatis
911 603 1155 657 etetiam
1173 602 1230 656 in
1247 606 1443 657 monte
1455 619 1559 657 vox
1577 601 2015 675 protulitmissa
2044 600 2098 667 Α

366 692 744 748 aPatrezllic
786 695 876 747 est
916 690 1099 746 Filius
1141 708 1307 746 meus
1342 690 1590 747 dilectus
1636 692 1692 746 in
1728 708 1843 763 quo
1878 690 2022 745 mihi

367 779 696 853 complacui
721 779 1077 851 (Matth.m).»
1104 778 1160 834 id
1186 780 1358 845 cst,in
1379 797 1494 852 quo
1519 780 1800 852 placitum
1823 796 2021 834 meum

365 868 554 942 posui.
587 868 821 923 Electus
849 871 957 935 est,
983 866 1122 938 quia
1152 867 1211 921 in
1246 866 1345 922 illo
1375 872 1464 922 est
1493 867 1686 922 omnis
1720 867 2022 938 plenitudo

362 958 649 1011 virtutum
681 956 819 1028 (Col.
853 973 871 1010 ι
902 957 1061 1022 ctu),
1097 956 1216 1010 imo
1268 956 1393 1027 ipse
1445 960 1535 1011 est
1582 956 1685 1011 Dei
1734 955 1919 1010 virtus
1967 959 2024 1010 et

364 1046 464 1102 Dei
497 1044 806 1118 sapientia.
839 1044 995 1101 Deus
1037 1045 1207 1100 Pater
1255 1045 1631 1117 omnipotens
1680 1062 1794 1099 non
1849 1045 2024 1099 habet

363 1134 750 1205 animam,sed
781 1151 883 1206 pro
904 1132 1203 1189 voluntate
1232 1133 1287 1188 in
1311 1134 1421 1188 hoc
1442 1134 1567 1189 loco
1588 1134 1801 1206 posuit.
1821 1135 1889 1188 Et
1916 1134 2023 1188 hoc

306 1236 313 1245 '
364 1228 453 1280 est
483 1225 638 1297 quod
673 1223 838 1289 dicit,
870 1222 1228 1294 complacuit
1258 1223 1389 1278 sibi‘
1412 1223 1469 1277 in
1506 1222 1602 1278 illo
1635 1224 1833 1278 anima
1869 1240 2018 1290 mea,

361 1314 473 1370 hoc
507 1317 615 1381 est,
649 1312 1004 1384 complacuit
1032 1312 1317 1367 voluntati
1350 1329 1513 1375 mea),
1548 1316 1614 1366 ut
1646 1311 1935 1365 habitaret
1963 1312 2020 1366 in

362 1404 483 1459 illo.
519 1427 546 1453 ‹‹
574 1403 717 1458 Dedi
750 1401 1023 1474 spiritum
1060 1418 1253 1455 meum
1287 1418 1465 1472 super
1495 1417 1655 1466 cum,
1692 1423 1719 1448 ››
1750 1400 1837 1455 vel
1870 1417 1903 1455 a
1931 1400 2024 1455 die

363 1490 784 1564 conceptionis,
819 1490 973 1544 sicut
1005 1490 1149 1543 dixit
1181 1489 1428 1561 angelus
1457 1490 1652 1544 Mal-im
1681 1506 1693 1545 :
1720 1488 2023 1560 «Spiritus

363 1584 606 1636 sanctus
636 1578 1007 1652 superveniet
1039 1579 1097 1634 in
1130 1583 1185 1633 te
1218 1580 1368 1650 (Luc.
1405 1582 1463 1647 I).
1502 1601 1529 1626 »
1556 1578 1658 1633 Vel
1682 1578 1857 1634 etiam
1883 1584 2025 1634 tem-

362 1686 501 1743 pore
531 1669 1183 1740 baptismatis,quando
1213 1667 1271 1722 in
1307 1667 1500 1740 specie
1532 1667 1816 1722 columbae
1848 1685 2025 1740 super

361 1774 497 1813 eum
529 1757 833 1830 requievit.
859 1781 886 1805 ‹‹
910 1756 1208 1812 Judicium
1241 1757 1517 1829 gentibus
1544 1758 1795 1828 proferet
1819 1780 1845 1805 »
1865 1758 2021 1829 quod

360 1850 534 1903 antea
561 1845 931 1918 ignorabant.
966 1848 1155 1912 Quare
1202 1863 1317 1900 non
1354 1845 1495 1900 dicit
1525 1850 1581 1900 et
1611 1845 1853 1913 Judaeis,
1886 1864 2021 1901 cum

790 468 1201 531 HAYMONIS
1235 466 1781 530 HALBERSTA’I‘.
1816 465 2061 528 EPISC.
2096 465 2268 525 OPP.
2302 463 2505 526 PARS
2536 464 2585 525 Ι.
2617 498 2696 508 -
2723 463 3133 526 COMMENT.
3168 464 3367 525 BIBL.

3666 466 3780 527 924

2201 623 2226 649 ‹‹
2262 599 2387 654 Non
2441 598 2551 655 erit
2599 597 2807 666 tristis,
2860 615 3048 671 neque
3084 571 3496 653 turbulentus.
3535 619 3562 647 »
3611 597 3778 655 Omni

2134 693 2397 761 tempore
2430 686 2659 758 hilaris,
2676 704 3023 760 semperque
3047 687 3352 759 jucundus
3382 687 3662 743 exstititm
3683 688 3784 744 Do-

2133 795 2241 834 nec
2274 782 2452 850 ponat
2483 776 2542 831 in
2576 781 2734 833 terra
2756 777 3076 848 judicium,
3113 799 3141 825 ››
3174 776 3282 831 hoc
3312 781 3420 845 est,
3456 776 3515 832 in
3555 776 3647 832 die
3687 779 3783 850 ju-

2136 867 2271 922 dicii
2309 884 2488 938 super
2515 870 2781 921 terrenos
2812 866 3101 921 homines.
3135 887 3163 914 «
3197 866 3269 920 Et
3312 865 3500 937 legem
3541 867 3669 938 ejus
3697 866 3781 922 in-

2134 956 2275 1011 sula:
2308 956 2755 1027 exspectabunt.
2796 978 2822 1004 »
2856 954 3226 1009 Manifestius
3258 954 3508 1010 habetur
3538 956 3597 1011 in
3646 956 3781 1028 Sep-

2134 1043 2407 1117 tuaginta
2448 1043 2901 1115 interpretibus:
2936 1043 3005 1097 Et
3033 1041 3090 1096 in
3127 1042 3366 1097 nomine
3413 1044 3541 1115 ejus
3588 1050 3786 1116 gentes

2134 1136 2457 1207 sperabunt
2516 1133 2731 1207 legem.
2780 1134 2905 1188 Non
2957 1132 3243 1188 debemus
3286 1132 3546 1205 accipere
3599 1133 3783 1208 legem

2135 1224 2342 1295 Moysi,
2361 1224 2458 1278 sed
2493 1222 2677 1294 legem
2702 1221 3332 1293 Evangelicam.Quare
3366 1222 3569 1278 insulae
3586 1227 3785 1296 gentes

2130 1312 2721 1383 vocentur,superius
2747 1311 2971 1365 dictum
2996 1315 3105 1366 est.
3124 1334 3149 1360 ‹‹
3176 1311 3305 1366 Haec
3337 1311 3478 1367 dicit
3504 1312 3786 1368 Dominus

2132 1403 2288 1456 Deus
2320 1418 2527 1456 rreans
2559 1401 2734 1455 ccelos
2768 1422 2794 1451 η
2831 1417 2965 1455 cum
2998 1419 3114 1455 non
3154 1404 3371 1467 essent,
3405 1424 3431 1451 ‹‹
3484 1406 3540 1457 et
3585 1406 3785 1457 exten-

2134 1492 2280 1546 dens
2312 1513 2337 1538 »
2386 1489 2811 1545 habitationem
2862 1488 3229 1562 angelorum.
3277 1513 3305 1539 «
3352 1489 3618 1545 Firmans
3670 1494 3783 1547 ter-

2134 1596 2321 1634 ram»
2371 1596 2548 1651 super
2595 1577 3012 1633 tenuissimum
3062 1578 3442 1647 elementum,
3475 1602 3503 1629 «
3553 1583 3610 1634 et
3656 1597 3785 1652 quas

2134 1667 2544 1741 germinantur
2571 1684 2641 1723 ex
2669 1683 2758 1738 ea,
2796 1689 2823 1715 ››
2856 1667 3143 1722 subaudis
3182 1684 3408 1739 creans,
3443 1692 3470 1719 «
3504 1669 3650 1723 dans
3682 1670 3784 1725 lla-

2133 1765 2260 1813 tum
2296 1780 2323 1807 »
2376 1756 2486 1813 hoc
2534 1760 2643 1822 est,
2678 1757 2962 1825 animam,
2998 1781 3025 1807 «
3061 1758 3276 1830 populo
3327 1758 3427 1831 qui
3477 1762 3566 1814 est
3610 1775 3787 1831 super

2132 1863 2283 1903 eam.
2305 1868 2331 1896 ››
2365 1846 2444 1902 De
2474 1846 2585 1902 hoc
2616 1846 2756 1901 flatu
2789 1845 3006 1902 dicitur
3037 1846 3094 1901 in
3127 1846 3515 1919 Genesi,quia
3544 1871 3571 1898 «
3606 1847 3787 1904 insuf-

360 1934 557 2035 potius
585 1934 710 2006 ipse
736 1952 843 2034 per
873 1933 1777 2038 semetipsum‘iudicium‘illius
1819 1940 1876 1989 et
1898 1936 2025 2006 jus-
2051 1974 2099 2038 Β
2135 1934 2292 2038 ﬂavit
2313 1936 2474 2038 Deus
2508 1935 2563 1990 in
2597 1934 2804 2035 faciem
3046 1934 3408 2036 spiraculum
3451 1935 3593 2038 vita}.
3629 1936 3781 2037 (Gen.

359 2024 551 2079 titiam
581 2023 1142 2090 nuntiavcrit?Quia
1168 2023 1352 2079 Judaai
1379 2040 1483 2095 pro
1518 2022 1701 2079 nihilo
1724 2025 2020 2080 duxerunt

357 2114 488 2186 ejus
517 2111 1011 2184 praedicationem,
1046 2116 1103 2167 et
1134 2112 1305 2184 pauci
1341 2129 1543 2167 eorum
1576 2111 1635 2166 in
1668 2130 1802 2169 eum
1831 2113 2017 2168 credi-

360 2203 591 2259 derunt.
627 2201 840 2257 Gentes
871 2206 1069 2257 autem
1100 2205 1413 2273 postquam
1446 2218 1701 2256 errorem
1733 2218 1910 2256 suum
1944 2202 2017 2257 ab

359 2289 642 2364 apostolis
675 2288 1008 2355 audierunt,
1041 2306 1382 2363 quanquam
1413 2288 1727 2343 Dominum
1760 2306 2017 2360 prmsen-

356 2382 477 2435 tem
496 2374 623 2433 'non
651 2378 960 2441 vidissent,
984 2377 1218 2432 credere
1248 2376 1313 2430 in'
1341 2393 1476 2431 eum
1500 2380 1556 2431 et
1585 2377 1839 2432 converti
1872 2394 1906 2432 a
1926 2377 2019 2433 via

359 2484 467 2522 sua
500 2464 657 2521 mala
686 2480 913 2519 moram
947 2481 1062 2519 non
1096 2464 1379 2519 fecerunt.

398 2590 457 2649 ’‹‹
490 2599 615 2653 ΝΟῐὶ
648 2596 994 2664 clamabit,»
1021 2596 1079 2651 id
1100 2601 1342 2665 cst,non
1367 2596 1699 2653 sublevabit
1730 2597 1788 2652 in
1827 2598 2013 2654 altum

356 2705 557 2744 vocem
580 2684 919 2758 suam,quia
938 2686 1048 2741 erit
1080 2684 1240 2740 mitis
1263 2690 1319 2739 et
1343 2686 1884 2742 mansuetus.Sicut
1900 2687 2013 2742 alio

360 2776 486 2832 loco
509 2775 794 2847 scriptum
818 2777 907 2830 est
926 2776 1122 2846 (infra,
1159 2776 1280 2843 Lm)
1308 2792 1321 2828 :
1350 2798 1378 2825 «
1403 2774 1566 2830 Sicut
1595 2775 1718 2830 ovis
1752 2776 1819 2831 ad
1865 2775 2013 2831 occi-

365 2864 591 2921 sionem
620 2865 961 2930 ducetur,et
989 2862 1149 2918 velut
1178 2879 1368 2934 agnus
1395 2880 1591 2918 coram
1623 2864 1899 2919 tondente
1930 2882 2015 2933 se,

362 2955 750 3011 obmutescet.
768 2975 795 3002 »
815 2974 841 3003 κ
860 2952 1060 3023 Neque
1087 2951 1332 3022 accipiet
1344 2969 1651 3023 personam
1666 2975 1714 3018 ,n
1729 2953 2017 3009 subaudis

361 3045 422 3113 in
446 3042 694 3115 judicio,
728 3041 829 3097 sed
852 3041 1086 3111 justum
1111 3039 1405 3111 judicium
1428 3039 1781 3111 judicabit.«
1819 3042 2017 3113 Neque

362 3132 635 3189 audietur
668 3129 809 3187 foris
839 3147 947 3185 vox
999 3130 1149 3201 ejus,
1185 3151 1213 3178 »
1265 3128 1550 3184 subaudis
1599 3146 1633 3184 a
1679 3129 1881 3186 Judaea
1928 3130 2018 3187 vel

361 3220 620 3278 Galilaza.
655 3220 814 3276 Licet
843 3218 1001 3275 enim
1030 3219 1285 3289 legimus
1313 3217 1662 3289 praedicasse
1683 3236 1817 3274 eum
1847 3222 1903 3275 et
1925 3237 2021 3293 ap-

359 3309 789 3383 propinquasse
818 3307 1088 3363 terminis
1117 3307 1250 3379 Tyri
1283 3312 1341 3362 et
1373 3307 1609 3362 Sidonis
1640 3311 1697 3361 et
1727 3307 2013 3362 Cazsarzeae
2046 3332 2087 3383 α

360 3397 635 3470 Philippi,
670 3414 797 3469 qua:
845 3396 1112 3451 civitates
1161 3400 1329 3451 erant
1374 3395 1662 3467 gentium,
1714 3414 2012 3467 nusquam

358 3485 692 3541 invenimus
724 3483 1010 3555 scriptum
1034 3483 1370 3556 ingressum
1395 3500 1525 3539 esse
1547 3484 1606 3538 in
1640 3484 1905 3539 civitates
1926 3485 2014 3541 vel

359 3574 675 3647 regiones:
722 3574 825 3628 sed
876 3573 935 3627 in
990 3573 1194 3629 Judaea
1244 3577 1302 3630 et
1349 3573 1604 3645 Galilaea,
1657 3579 1714 3629 et
1762 3576 2014 3631 maxime

359 3662 517 3718 circa
547 3660 932 3717 Hierusalem.

431 3818 459 3845 ‹‹
493 3794 797 3851 Calamum
830 3798 1179 3867 quassatum
1235 3812 1351 3850 non
1405 3799 1682 3863 conteret,
1718 3799 1775 3852 et
1825 3795 2013 3852 linum

359 3883 656 3957 fumigans
684 3900 800 3938 non
820 3883 1211 3956 exstinguct.»
1236 3883 1342 3938 Per
1361 3883 1784 3956 calamum,qui
1805 3886 2017 3941 extrin-

359 3990 528 4030 secus
558 3976 649 4029 est
678 3971 902 4028 nitidus
933 3977 991 4027 et
1019 3971 1378 4029 intrinsecus
1422 3990 1661 4039 vacuus,
1696 3992 2015 4046 possumus

357 4062 686 4136 intelligere
708 4078 954 4135 regnum
988 4062 1324 4117 Judaeorum
1364 4079 1377 4116 :
1413 4064 1567 4135 quod
1610 4062 1669 4118 in
1720 4063 1930 4119 scribis
1961 4067 2018 4119 et

359 4151 664 4224 pharisaeis
695 4151 1060 4207 extrinsecus
1095 4168 1197 4223 per
1244 4151 1683 4208 simulationem
1735 4152 2012 4208 nitidum.

357 4246 501 4307 erat,
531 4239 892 4296 intrinsecus
924 4244 1119 4295 autem
1151 4257 1400 4296 vacuum
1432 4258 1467 4296 a
1497 4241 1649 4296 bono
1687 4258 1878 4313 Opere.
1912 4242 2013 4297 Vel

356 4330 535 4387 etiam
566 4329 846 4395 nitidum,
879 4329 1020 4401 quia
1050 4327 1207 4383 idola
1237 4346 1351 4383 non
1385 4328 1612 4385 colebat
1639 4329 1739 4385 illo
1772 4330 1829 4384 in
1861 4334 2015 4386 tem-

357 4435 497 4491 pore
528 4436 541 4474 :
577 4418 678 4473 sed
710 4435 962 4473 vacuum
1019 4417 1159 4489 quia
1207 4418 1379 4474 ﬁdem
1434 4435 1549 4473 non
1601 4418 1875 4474 habebat.
1912 4420 2017 4475 Per

356 4506 544 4562 linum
580 4506 878 4579 fumigans
900 4523 967 4561 ex
998 4524 1114 4578 quo
1146 4506 1532 4562 sacerdotalia
1551 4507 1902 4563 vestimenta
1924 4510 2018 4564 tie.

356 4596 520 4666 bant,
536 4593 906 4667 signiﬁcatur
927 4594 1320 4651 sacerdotium
1351 4595 2014 4668 Judzeorum,quodjam

2130 2025 2213 2098 ιι),
2249 2048 2278 2074 ››
2310 2025 2367 2080 id
2400 2029 2508 2092 est,
2540 2024 2803 2080 animam
2835 2025 2999 2080 dedit
3030 2024 3104 2089 ei,
3139 2046 3167 2075 ‹‹
3198 2024 3471 2098 spiritum
3507 2024 3785 2082 calcanti-

2129 2115 2241 2169 bus
2272 2130 2423 2180 eam,
2461 2136 2489 2163 »
2521 2112 2808 2169 subaudis
2838 2113 3211 2169 terram.lloc
3240 2114 3313 2169 de
3343 2118 3546 2170 sancto
3562 2114 3786 2187 Spiritu

2128 2206 2219 2258 est
2276 2201 2746 2274 intelligendum.
2793 2200 2880 2257 Illi
2946 2202 3103 2257 enim
3155 2206 3455 2259 merentur
3501 2202 3785 2276 Spiritum

2128 2294 2396 2346 sanctum
2432 2289 2713 2362 accipere,
2750 2289 2848 2361 qui
2876 2293 3107 2344 terrena
3134 2290 3425 2347 desideria
3457 2291 3707 2358 calcant,
3730 2296 3790 2349 et

2128 2377 2478 2450 sapientiam
2511 2377 2706 2432 carnis
2728 2393 2856 2432 sua:
2891 2377 3219 2448 subjiciunt
3249 2379 3788 2450 potestati.'Ambi-

2128 2482 2311 2539 guum
2344 2469 2488 2530 erat,
2521 2464 2656 2537 quis
2687 2464 2994 2537 superiora
3025 2465 3251 2521 dixerat
3279 2467 3350 2522 de
3381 2468 3633 2524 adventu
3658 2468 3791 2525 Filii

2128 2554 2251 2621 Dei,
2312 2554 2467 2626 quod
2528 2558 2663 2610 est:
2714 2554 2861 2609 Ecce
2918 2570 3121 2609 servus
3183 2571 3374 2625 meus,
3435 2556 3788 2629 suscipiam,

2125 2660 2282 2712 eum,
2316 2648 2374 2699 et
2410 2647 2617 2698 czstera
2662 2659 2791 2714 quas
2841 2641 2923 2698 ibi
2972 2641 3299 2699 dicuntur:
3352 2643 3601 2716 ideoque
3650 2645 3789 2701 uni-

2125 2731 2423 2788 versitatis
2466 2734 2788 2786 creatorem
2840 2735 2897 2786 et
2940 2730 3228 2787 Dominus
3277 2731 3651 2789 manifestius
3693 2751 3789 2791 os-

2127 2821 2319 2877 tendit
2385 2819 2468 2876 ita
2525 2819 2766 2891 dixisse,
2828 2836 2964 2875 cum
3034 2820 3391 2892 subjunxit:
3454 2821 3585 2878 Haec
3644 2824 3790 2880 dicit

2128 2908 2415 2965 Dominus
2449 2909 2603 2964 Deus
2635 2912 2864 2964 creator
2892 2909 3159 2964 omnium
3206 2926 3424 2965 rerum.
3458 2911 3575 2967 Hoc
3604 2912 3784 2969 etiam

2129 2997 2437 3053 sciendum
2487 2999 2595 3065 est,
2630 3000 2687 3053 et
2732 2997 3047 3054 dicendum
3096 2997 3197 3053 illo
3245 2998 3305 3053 in
3355 2998 3481 3054 loco
3533 3000 3631 3055 ubi
3685 3000 3779 3057 di-

2130 3086 2230 3157 cit,
2262 3086 2412 3142 dans
2468 3087 2673 3142 ﬂatum
2726 3085 2941 3159 populo
2976 3103 2989 3142 :
3021 3087 3161 3159 quia
3209 3088 3364 3143 sicut
3400 3088 3459 3143 in
3491 3089 3778 3162 principio

2130 3180 2530 3231 creaturarum
2565 3174 2826 3231 animam
2859 3176 3076 3231 creavit
3105 3193 3173 3232 ex
3213 3176 3417 3245 nihilo,
3452 3194 3629 3251 quam
3681 3180 3780 3235 de-

2128 3264 2216 3319 dit
2272 3264 2462 3336 prime
2522 3263 2746 3319 homini
2807 3265 2961 3335 (Gen.
3023 3265 3115 3337 1):
3176 3265 3259 3322 ita
3309 3267 3567 3339 quotidie
3624 3271 3785 3324 creat

2129 3370 2308 3409 novas
2357 3352 2607 3422 animas,
2640 3370 2789 3427 quas
2834 3354 3046 3410 tribuit
3095 3356 3478 3412 nascentibus
3530 3356 3783 3413 homini-

2127 3443 2259 3499 bus.

2197 3555 2226 3581 «
2258 3532 2378 3602 Ego
2426 3531 2714 3588 Dominus
2742 3533 2938 3588 vocavi
2984 3537 3042 3589 te
3081 3533 3141 3588 in
3185 3534 3440 3606 justitia,
3475 3538 3533 3590 et
3579 3551 3786 3609 appre-

2126 3619 2302 3676 hendi
2330 3637 2575 3675 manum
2604 3624 2792 3676 tuam.
2812 3643 2838 3670 ››
2858 3621 2959 3677 Ille
2991 3622 3094 3693 qui
3125 3622 3326 3678 omnia
3354 3641 3480 3696 quas
3512 3624 3788 3696 superius

2124 3707 2383 3764 diximus
2418 3708 2569 3775 fecit,
2587 3708 2910 3781 alloquitur
2941 3709 3152 3765 Filium
3182 3712 3595 3778 suum,dieens
3622 3729 3635 3768 :
3665 3714 3783 3786 Ego

2127 3799 2277 3853 Deus
2302 3797 2469 3852 Pater
2495 3798 2690 3853 vocavi
2715 3802 2772 3854 te
2809 3814 2878 3853 ex
2907 3798 3142 3856 Oriente
3163 3798 3222 3854 in
3252 3799 3647 3869 Occidentem,
3672 3801 3784 3858 hoc

2122 3891 2233 3958 est,
2267 3887 2338 3942 de
2367 3886 2573 3942 Judzea
2604 3886 2663 3941 in
2695 3903 2902 3943 omnes
2941 3892 3167 3961 gentes,
3203 3887 3263 3945 in
3286 3889 3542 3960 justitia,
3578 3890 3636 3945 id
3667 3894 3776 3961 est,

2124 3992 2259 4031 cum
2303 3974 2542 4047 justitia
2588 3992 2692 4047 per
2740 3975 3217 4048 praedicationem
3267 3978 3683 4051 apostolorum,
3719 3984 3780 4036 et

2124 4062 2487 4136 apprehendi
2533 4081 2776 4119 manum
2821 4067 3010 4131 tuam,
3044 4065 3103 4120 id
3153 4069 3261 4133 est,
3297 4066 3525 4139 suscepi
3575 4084 3775 4141 opera-

2124 4153 2366 4209 tionem.
2402 4153 2615 4208 Omnia
2644 4170 2772 4225 qua:
2804 4157 3080 4226 operatus
3109 4159 3199 4211 est
3230 4154 3432 4223 Filius,
3468 4156 3634 4212 Pater
3674 4173 3778 4230 per

2124 4242 2320 4315 ipsum
2355 4246 2631 4314 operatus
2661 4245 2771 4308 est,
2787 4240 2941 4298 sicut
2971 4242 3095 4314 ipse
3126 4243 3269 4299 dicit
3300 4260 3313 4299 :
3348 4267 3376 4294 «
3411 4245 3578 4301 Pater
3600 4244 3659 4300 in
3682 4261 3774 4301 me

2126 4348 2396 4402 manens,
2432 4330 2555 4403 ipse
2586 4330 2727 4386 facit
2757 4347 2935 4402 opera
2962 4332 3140 4400 (Joan.
3172 4332 3310 4404 xxv).
3349 4354 3375 4382 »
3408 4356 3436 4383 ‹‹
3470 4334 3539 4388 Et
3585 4350 3774 4390 serva-

2123 4420 2177 4475 vi
2210 4425 2284 4486 te,
2322 4441 2349 4469 »
2382 4419 2491 4475 hoc
2518 4423 2628 4485 est,
2654 4436 2688 4474 a
2719 4422 2905 4475 morte
2935 4421 3194 4476 revocavi
3224 4424 3281 4477 te
3311 4422 3382 4476 ad
3413 4421 3613 4490 vitam,
3638 4422 3777 4494 quia

2125 4513 2187 4564 tu
2222 4507 2419 4564 omnia
2448 4508 2805 4563 conservasti
2842 4526 2968 4580 qua:
3000 4525 3033 4563 a
3077 4526 3171 4563 me
3220 4508 3458 4565 audisti.
3488 4533 3516 4561 ‹‹
3547 4511 3615 4566 Et
3643 4511 3772 4566 dedi

2124 4602 2180 4653 te
2214 4597 2273 4652 in
2305 4597 2496 4653 fmdus
2529 4595 2730 4668 populi
2784 4595 2983 4663 Israel,
3021 4619 3048 4645 »
3084 4596 3139 4652 id
3190 4602 3298 4665 est,
3332 4597 3393 4653 in
3444 4598 3775 4655 societatem

357 4684 757 4752 deﬁciebat,et
789 4683 959 4755 quasi
993 4682 1336 4757 fumigabat.
1363 4683 1618 4740 Veniens
1649 4701 1786 4757 ergo
1817 4685 2012 4742 Domi-
2049 4704 2093 4769 ι)
2125 4684 2397 4741 amicitiae
2429 4684 2664 4740 Judaici
2697 4684 2919 4757 populi,
2954 4684 3013 4740 in
3062 4686 3149 4740 eis
3199 4685 3424 4742 scilicet
3471 4686 3569 4759 qui
3614 4687 3670 4741 in
3719 4691 3776 4744 te

358 4788 490 4839 nus,
509 4775 567 4826 et
588 4771 894 4826 inveniens
918 4787 1165 4843 regnum
1190 4772 1527 4827 Judzeorum
1553 4779 2015 4844 conquassatum

356 4862 496 4933 (jam
531 4860 688 4916 enim
720 4876 789 4915 ex
812 4878 874 4916 se
900 4877 1095 4932 regem
1124 4878 1239 4915 non
1265 4860 1580 4928 habebant,
1611 4862 1712 4917 sed
1735 4863 2013 4935 alienige-

357 4950 592 5020 nam)et
622 4949 1015 5005 sacerdotium
1048 4966 1248 5004 eorum
1272 4949 1398 5020 jam
1434 4949 1802 5006 exstinctioni
1831 4952 2017 5023 proxi-

356 5053 520 5092 mum
573 5054 687 5092 non
742 5037 1036 5108 contrivit,
1068 5055 1258 5109 neque
1305 5038 1601 5105 exstinxit,
1643 5040 1744 5094 sed
1794 5040 2016 5095 vocavit

358 5141 564 5180 omnes
622 5126 691 5180 ad
749 5126 1173 5197 paenitentiam,
1226 5127 1475 5182 dicens:
1531 5152 1556 5177 ‹‹
1608 5128 2011 5184 Paenitentiam

358 5213 1208 5286 agite,appropinquabitenim
1245 5232 1488 5287 regnum
1509 5216 1790 5271 ccelorum
1804 5217 2011 5286 (Matth.

356 5302 475 5371 xu).
507 5324 533 5348 ι)
570 5323 597 5350 ‹‹
629 5301 689 5356 In
720 5302 959 5358 veritate
989 5304 1199 5359 educet
1222 5304 1542 5375 judicium,
1578 5327 1604 5353 ››
1637 5304 1924 5361 subaudis
1956 5306 2013 5360 in

358 5388 452 5443 die
494 5389 728 5459 judicii,
778 5392 1013 5463 quando
1063 5392 1265 5447 reddet
1316 5392 1635 5465 unicuique
1686 5396 2014 5450 secundum

359 5492 535 5545 Opera
566 5493 694 5531 sua.
726 5479 789 5533 In
823 5480 916 5535 die
946 5480 1102 5535 enim
1145 5480 1355 5551 judicii
1412 5481 1539 5536 sola
1582 5482 1706 5538 Filii
1764 5501 2014 5555 persona

360 5563 683 5632 apparebit.
736 5567 805 5621 Et
853 5569 951 5639 qui
1004 5569 1318 5624 damnatus
1373 5574 1463 5625 est
1520 5570 1758 5642 injuste,
1814 5574 2017 5628 reddet

362 5646 680 5733 unicuique
716 5654 881 5721 justo
927 5656 1195 5711 examine
1226 5659 1552 5713 secundum
1604 5661 1756 5731 quod
1810 5661 2012 5733 gessit,

365 5727 484 5780 sive
514 5729 732 5791 bonum
756 5741 875 5797 sive
906 5741 1151 5797 malum.

2127 4776 2366 4831 credere
2396 4773 2725 4843 voluerunt,
2760 4774 2978 4846 quibus
3018 4778 3072 4830 te
3100 4780 3411 4832 venturum
3458 4780 3589 4832 ante
3637 4792 3774 4849 pro-

2125 4864 2427 4920 miseram.
2484 4862 2605 4918 «In
2654 4862 2847 4919 lucem
2894 4864 3183 4935 gentium,
3237 4887 3264 4914 »
3314 4866 3616 4933 subaudis,
3672 4865 3773 4937 qui

2123 4952 2182 5007 in
2217 4951 2474 5008 tenebris
2501 4951 2891 5017 inﬁdelitatis,
2924 4956 2981 5008 et
3009 4951 3068 5007 in
3099 4954 3311 5009 umbra
3352 4953 3555 5009 mortis
3604 4954 3771 5009 sede-

2123 5042 2285 5097 bant.

2199 5153 2226 5180 (ί
2264 5135 2336 5185 Ut
2367 5130 2625 5202 aperires
2652 5129 2852 5185 oculos
2882 5148 3188 5199 caecorum,
3208 5155 3235 5180 ››
3261 5131 3359 5203 qui
3387 5135 3556 5187 antea
3587 5132 3770 5188 Domi-

2127 5236 2268 5275 num
2297 5236 2413 5275 non
2444 5219 2742 5285 videbant,
2773 5242 2801 5268 ‹‹
2836 5223 2892 5275 et
2924 5220 3200 5275 educeres
3230 5221 3301 5276 de
3330 5220 3720 5286 conclusione,
3742 5242 3767 5269 η

2126 5308 2433 5370 subaudis,
2455 5313 2856 5380 peccatorum,
2880 5331 2907 5358 «
2926 5308 3190 5364 vinctum
3216 5332 3243 5358 »
3274 5308 3555 5381 populum
3585 5308 3767 5380 genti-

2125 5396 2262 5452 lem.
2281 5397 2543 5452 Funibus
2557 5396 2711 5452 enim
2726 5401 3098 5469 peccatorum
3112 5414 3357 5453 suorum
3372 5397 3770 5470 unusquisque

2125 5485 2566 5558 constringitur,
2601 5485 2755 5542 sicut
2785 5485 3061 5542 Salomon
3108 5486 3253 5542 dicit
3282 5486 3419 5558 Sap.
3450 5503 3587 5541 xvn.
3613 5486 3684 5540 Et
3712 5483 3768 5539 in

2123 5572 2456 5646 Evangelio,
2494 5574 2802 5630 mulierem
2836 5591 3013 5647 quam
3065 5576 3313 5631 Satanas
3358 5575 3636 5640 vinxerat,
3662 5573 3767 5629 Do-

2124 5661 2322 5718 minus
2372 5662 2547 5719 solvit
2594 5663 2802 5733 (Mauh.
2853 5664 2967 5736 xv).
3020 5687 3047 5714 ‹‹
3100 5665 3181 5720 De
3229 5664 3403 5720 domo
3447 5661 3695 5719 carceris
3741 5684 3768 5711 ι»

2120 5748 2432 5819 subaud‘s,
2467 5752 2747 5808 educeres
2776 5775 2804 5803 ‹‹
2839 5751 2900 5808 in
2929 5752 3189 5809 tenebris
3219 5752 3489 5809 sedentes
3523 5772 3552 5801 ››
3582 5750 3679 5822 qui
3711 5750 3769 5808 in
