  <div class='ocr_page' id='page_1' title='image "/cluster/home/n/w/nwhite01/storage/ocr_20150623/115-116/uc1.31175006916467/1206.png"; bbox 0 0 3956 6416; ppageno 0'>
   <div class='ocr_carea' id='block_1_1' title="bbox 192 480 310 543">
    <p class='ocr_par' dir='ltr' id='par_1_1' title="bbox 192 480 310 543">
     <span class='ocr_line' id='line_1_1' title="bbox 192 480 310 543; baseline 0 0"><span class='ocrx_word' id='word_1_1' title='bbox 192 480 310 543; x_wconf 71' lang='lat'>929</span> 
     </span>
    </p>
   </div>
   <div class='ocr_carea' id='block_1_2' title="bbox 1256 477 2541 544">
    <p class='ocr_par' dir='ltr' id='par_1_2' title="bbox 1256 477 2541 544">
     <span class='ocr_line' id='line_1_2' title="bbox 1256 477 2541 544; baseline 0.002 -5"><span class='ocrx_word' id='word_1_2' title='bbox 1256 477 1664 540; x_wconf 84' lang='lat' dir='ltr'>COMMENT.</span> <span class='ocrx_word' id='word_1_3' title='bbox 1712 480 1789 539; x_wconf 88' lang='lat' dir='ltr'>IN</span> <span class='ocrx_word' id='word_1_4' title='bbox 1836 481 2133 542; x_wconf 74' lang='lat' dir='ltr'>ISAIA‘M.</span> <span class='ocrx_word' id='word_1_5' title='bbox 2165 516 2242 524; x_wconf 91' lang='lat'><strong>—</strong></span> <span class='ocrx_word' id='word_1_6' title='bbox 2275 482 2418 542; x_wconf 89' lang='lat' dir='ltr'>LIB.</span> <span class='ocrx_word' id='word_1_7' title='bbox 2468 484 2541 544; x_wconf 93' lang='lat' dir='ltr'>lI.</span> 
     </span>
    </p>
   </div>
   <div class='ocr_carea' id='block_1_3' title="bbox 3488 493 3606 554">
    <p class='ocr_par' dir='ltr' id='par_1_3' title="bbox 3488 493 3606 554">
     <span class='ocr_line' id='line_1_3' title="bbox 3488 493 3606 554; baseline -0.017 0"><span class='ocrx_word' id='word_1_8' title='bbox 3488 493 3606 554; x_wconf 82' lang='lat'>930</span> 
     </span>
    </p>
   </div>
   <div class='ocr_carea' id='block_1_4' title="bbox 193 609 3606 690">
    <p class='ocr_par' dir='ltr' id='par_1_4' title="bbox 193 609 3606 690">
     <span class='ocr_line' id='line_1_4' title="bbox 193 609 3606 690; baseline 0.005 -23"><span class='ocrx_word' id='word_1_9' title='bbox 193 616 250 669; x_wconf 88' lang='lat' dir='ltr'>et</span> <span class='ocrx_word' id='word_1_10' title='bbox 279 610 590 683; x_wconf 78' lang='lat' dir='ltr'>prophetas</span> <span class='ocrx_word' id='word_1_11' title='bbox 611 633 639 661; x_wconf 76' lang='grc' dir='ltr'>α</span> <span class='ocrx_word' id='word_1_12' title='bbox 672 626 869 665; x_wconf 82' lang='lat' dir='ltr'>nonne</span> <span class='ocrx_word' id='word_1_13' title='bbox 900 609 1197 666; x_wconf 89' lang='lat' dir='ltr'>custodies</span> <span class='ocrx_word' id='word_1_14' title='bbox 1223 632 1248 657; x_wconf 85' lang='grc'><strong>››</strong></span> <span class='ocrx_word' id='word_1_15' title='bbox 1271 628 1397 683; x_wconf 65' lang='lat' dir='ltr'>qua:</span> <span class='ocrx_word' id='word_1_16' title='bbox 1426 611 1504 665; x_wconf 86' lang='lat' dir='ltr'>ibi</span> <span class='ocrx_word' id='word_1_17' title='bbox 1529 610 1844 683; x_wconf 44' lang='lat' dir='ltr'>dicunturz?</span> <span class='ocrx_word' id='word_1_18' title='bbox 1871 612 1928 680; x_wconf 80' lang='grc' dir='ltr'><strong>Α</strong></span> <span class='ocrx_word' id='word_1_19' title='bbox 1960 629 2158 667; x_wconf 89' lang='lat' dir='ltr'>necem</span> <span class='ocrx_word' id='word_1_20' title='bbox 2212 613 2323 668; x_wconf 90' lang='lat' dir='ltr'>ista</span> <span class='ocrx_word' id='word_1_21' title='bbox 2373 617 2730 685; x_wconf 88' lang='lat' dir='ltr'>paterentur.</span> <span class='ocrx_word' id='word_1_22' title='bbox 2758 638 2787 664; x_wconf 85' lang='grc'>‹‹</span> <span class='ocrx_word' id='word_1_23' title='bbox 2812 616 2881 670; x_wconf 90' lang='lat' dir='ltr'>Et</span> <span class='ocrx_word' id='word_1_24' title='bbox 2928 618 3235 675; x_wconf 77' lang='lat' dir='ltr'>succendit</span> <span class='ocrx_word' id='word_1_25' title='bbox 3290 639 3448 690; x_wconf 89' lang='lat' dir='ltr'>eum,</span> <span class='ocrx_word' id='word_1_26' title='bbox 3471 647 3500 677; x_wconf 82' lang='lat'>»</span> <span class='ocrx_word' id='word_1_27' title='bbox 3520 626 3606 683; x_wconf 82' lang='lat' dir='ltr'>vel</span> 
     </span>
    </p>
   </div>
   <div class='ocr_carea' id='block_1_5' title="bbox 194 699 1846 771">
    <p class='ocr_par' dir='ltr' id='par_1_5' title="bbox 194 699 1846 771">
     <span class='ocr_line' id='line_1_5' title="bbox 194 699 1846 771; baseline -0.001 -14"><span class='ocrx_word' id='word_1_28' title='bbox 194 724 223 751; x_wconf 78' lang='grc' dir='ltr'><strong><em>α</em></strong></span> <span class='ocrx_word' id='word_1_29' title='bbox 256 700 359 767; x_wconf 85' lang='lat' dir='ltr'>Qui</span> <span class='ocrx_word' id='word_1_30' title='bbox 401 699 585 757; x_wconf 88' lang='lat' dir='ltr'>habes</span> <span class='ocrx_word' id='word_1_31' title='bbox 628 704 861 771; x_wconf 88' lang='lat' dir='ltr'>apertas</span> <span class='ocrx_word' id='word_1_32' title='bbox 905 717 1078 755; x_wconf 83' lang='lat' dir='ltr'>aures</span> <span class='ocrx_word' id='word_1_33' title='bbox 1104 722 1129 747; x_wconf 79' lang='grc' dir='ltr'>»ι</span> <span class='ocrx_word' id='word_1_34' title='bbox 1162 700 1440 771; x_wconf 88' lang='lat' dir='ltr'>corporis,</span> <span class='ocrx_word' id='word_1_35' title='bbox 1463 724 1489 749; x_wconf 83' lang='lat'><strong>«</strong></span> <span class='ocrx_word' id='word_1_36' title='bbox 1516 718 1708 756; x_wconf 83' lang='lat' dir='ltr'>nonne</span> <span class='ocrx_word' id='word_1_37' title='bbox 1742 718 1846 756; x_wconf 85' lang='lat' dir='ltr'>au-</span> 
     </span>
    </p>
   </div>
   <div class='ocr_carea' id='block_1_6' title="bbox 190 788 1171 856">
    <p class='ocr_par' dir='ltr' id='par_1_6' title="bbox 190 788 1171 856">
     <span class='ocr_line' id='line_1_6' title="bbox 190 788 1171 856; baseline -0.003 -11"><span class='ocrx_word' id='word_1_38' title='bbox 190 789 316 845; x_wconf 84' lang='lat' dir='ltr'>dies</span> <span class='ocrx_word' id='word_1_39' title='bbox 338 812 366 838; x_wconf 85' lang='lat'><em>»</em></span> <span class='ocrx_word' id='word_1_40' title='bbox 391 788 500 844; x_wconf 87' lang='lat' dir='ltr'>hoc</span> <span class='ocrx_word' id='word_1_41' title='bbox 530 793 640 856; x_wconf 88' lang='lat' dir='ltr'>est,</span> <span class='ocrx_word' id='word_1_42' title='bbox 667 804 860 844; x_wconf 83' lang='lat' dir='ltr'>nonne</span> <span class='ocrx_word' id='word_1_43' title='bbox 892 788 1171 843; x_wconf 82' lang='lat' dir='ltr'>obedies?</span> 
     </span>
    </p>
   </div>
   <div class='ocr_carea' id='block_1_7' title="bbox 262 876 1845 934">
    <p class='ocr_par' dir='ltr' id='par_1_7' title="bbox 262 876 1845 934">
     <span class='ocr_line' id='line_1_7' title="bbox 262 876 1845 934; baseline -0.003 0"><span class='ocrx_word' id='word_1_44' title='bbox 262 902 289 928; x_wconf 84' lang='grc'>‹‹</span> <span class='ocrx_word' id='word_1_45' title='bbox 314 879 383 934; x_wconf 79' lang='lat' dir='ltr'>Et</span> <span class='ocrx_word' id='word_1_46' title='bbox 407 878 695 933; x_wconf 85' lang='lat' dir='ltr'>Dominus</span> <span class='ocrx_word' id='word_1_47' title='bbox 712 876 894 933; x_wconf 90' lang='lat' dir='ltr'>voluit</span> <span class='ocrx_word' id='word_1_48' title='bbox 918 882 981 933; x_wconf 91' lang='lat' dir='ltr'>ut</span> <span class='ocrx_word' id='word_1_49' title='bbox 1012 878 1405 933; x_wconf 87' lang='lat' dir='ltr'>sanctiﬁcaret</span> <span class='ocrx_word' id='word_1_50' title='bbox 1426 895 1559 932; x_wconf 91' lang='lat' dir='ltr'>eum</span> <span class='ocrx_word' id='word_1_51' title='bbox 1588 902 1612 925; x_wconf 73' lang='grc' dir='ltr'><strong>ν</strong></span> <span class='ocrx_word' id='word_1_52' title='bbox 1629 878 1845 931; x_wconf 85' lang='lat' dir='ltr'>subau-</span> 
     </span>
    </p>
   </div>
   <div class='ocr_carea' id='block_1_8' title="bbox 192 966 1844 1039">
    <p class='ocr_par' dir='ltr' id='par_1_8' title="bbox 192 966 1844 1039">
     <span class='ocr_line' id='line_1_8' title="bbox 192 966 1844 1039; baseline -0.001 -17"><span class='ocrx_word' id='word_1_53' title='bbox 192 967 283 1022; x_wconf 88' lang='lat' dir='ltr'>dis</span> <span class='ocrx_word' id='word_1_54' title='bbox 312 966 596 1039; x_wconf 87' lang='lat' dir='ltr'>populum</span> <span class='ocrx_word' id='word_1_55' title='bbox 620 990 645 1015; x_wconf 86' lang='grc'><strong>‹‹</strong></span> <span class='ocrx_word' id='word_1_56' title='bbox 680 970 738 1020; x_wconf 90' lang='lat' dir='ltr'>et</span> <span class='ocrx_word' id='word_1_57' title='bbox 767 966 1176 1037; x_wconf 89' lang='lat' dir='ltr'>magniﬁcaret</span> <span class='ocrx_word' id='word_1_58' title='bbox 1208 966 1415 1037; x_wconf 87' lang='lat' dir='ltr'>legem,</span> <span class='ocrx_word' id='word_1_59' title='bbox 1444 990 1470 1013; x_wconf 83' lang='grc'><strong>››</strong></span> <span class='ocrx_word' id='word_1_60' title='bbox 1505 967 1558 1021; x_wconf 98' lang='lat' dir='ltr'>id</span> <span class='ocrx_word' id='word_1_61' title='bbox 1586 972 1697 1033; x_wconf 84' lang='lat' dir='ltr'>est,</span> <span class='ocrx_word' id='word_1_62' title='bbox 1724 984 1844 1021; x_wconf 83' lang='lat' dir='ltr'>ina-</span> 
     </span>
    </p>
   </div>
   <div class='ocr_carea' id='block_1_9' title="bbox 189 1055 1842 1128">
    <p class='ocr_par' dir='ltr' id='par_1_9' title="bbox 189 1055 1842 1128">
     <span class='ocr_line' id='line_1_9' title="bbox 189 1055 1842 1128; baseline -0.005 -16"><span class='ocrx_word' id='word_1_63' title='bbox 189 1072 368 1128; x_wconf 87' lang='lat' dir='ltr'>gnam</span> <span class='ocrx_word' id='word_1_64' title='bbox 398 1072 528 1111; x_wconf 90' lang='lat' dir='ltr'>eam</span> <span class='ocrx_word' id='word_1_65' title='bbox 561 1055 1157 1111; x_wconf 85' lang='lat' dir='ltr'>faceretobservando</span> <span class='ocrx_word' id='word_1_66' title='bbox 1189 1072 1339 1122; x_wconf 84' lang='lat' dir='ltr'>eam,</span> <span class='ocrx_word' id='word_1_67' title='bbox 1367 1078 1392 1104; x_wconf 84' lang='grc'><strong>‹‹</strong></span> <span class='ocrx_word' id='word_1_68' title='bbox 1413 1059 1469 1110; x_wconf 89' lang='lat' dir='ltr'>et</span> <span class='ocrx_word' id='word_1_69' title='bbox 1489 1055 1842 1121; x_wconf 78' lang='lat' dir='ltr'>extolleret,»</span> 
     </span>
    </p>
   </div>
   <div class='ocr_carea' id='block_1_10' title="bbox 190 1142 1907 1226">
    <p class='ocr_par' dir='ltr' id='par_1_10' title="bbox 190 1142 1907 1226">
     <span class='ocr_line' id='line_1_10' title="bbox 190 1142 1907 1226; baseline 0 -27"><span class='ocrx_word' id='word_1_70' title='bbox 190 1144 300 1200; x_wconf 88' lang='lat' dir='ltr'>hoc</span> <span class='ocrx_word' id='word_1_71' title='bbox 328 1148 438 1213; x_wconf 86' lang='lat' dir='ltr'>est,</span> <span class='ocrx_word' id='word_1_72' title='bbox 462 1142 714 1200; x_wconf 88' lang='lat' dir='ltr'>elcvaret</span> <span class='ocrx_word' id='word_1_73' title='bbox 759 1161 860 1199; x_wconf 90' lang='lat' dir='ltr'>eos</span> <span class='ocrx_word' id='word_1_74' title='bbox 890 1144 963 1199; x_wconf 89' lang='lat' dir='ltr'>de</span> <span class='ocrx_word' id='word_1_75' title='bbox 1007 1143 1164 1199; x_wconf 77' lang='lat' dir='ltr'>vitiis</span> <span class='ocrx_word' id='word_1_76' title='bbox 1195 1145 1267 1199; x_wconf 90' lang='lat' dir='ltr'>ad</span> <span class='ocrx_word' id='word_1_77' title='bbox 1296 1144 1680 1199; x_wconf 86' lang='lat' dir='ltr'>virtutes.Sed</span> <span class='ocrx_word' id='word_1_78' title='bbox 1705 1144 1845 1215; x_wconf 86' lang='lat' dir='ltr'>quia</span> <span class='ocrx_word' id='word_1_79' title='bbox 1903 1223 1907 1226; x_wconf 16' lang='lat'><strong>~</strong></span> 
     </span>
    </p>
   </div>
   <div class='ocr_carea' id='block_1_11' title="bbox 190 1231 1222 1305">
    <p class='ocr_par' dir='ltr' id='par_1_11' title="bbox 190 1231 1222 1305">
     <span class='ocr_line' id='line_1_11' title="bbox 190 1231 1222 1305; baseline -0.002 -16"><span class='ocrx_word' id='word_1_80' title='bbox 190 1231 379 1289; x_wconf 89' lang='lat' dir='ltr'>noluit</span> <span class='ocrx_word' id='word_1_81' title='bbox 404 1231 649 1305; x_wconf 89' lang='lat' dir='ltr'>implere</span> <span class='ocrx_word' id='word_1_82' title='bbox 678 1232 1040 1289; x_wconf 91' lang='lat' dir='ltr'>voluntatem</span> <span class='ocrx_word' id='word_1_83' title='bbox 1070 1234 1222 1304; x_wconf 83' lang='lat' dir='ltr'>ejus.</span> 
     </span>
    </p>
   </div>
   <div class='ocr_carea' id='block_1_12' title="bbox 263 1321 1845 1393">
    <p class='ocr_par' dir='ltr' id='par_1_12' title="bbox 263 1321 1845 1393">
     <span class='ocr_line' id='line_1_12' title="bbox 263 1321 1845 1393; baseline -0.002 -16"><span class='ocrx_word' id='word_1_84' title='bbox 263 1346 288 1372; x_wconf 85' lang='grc'><em>‹‹</em></span> <span class='ocrx_word' id='word_1_85' title='bbox 314 1321 587 1393; x_wconf 87' lang='lat' dir='ltr'>Direptus</span> <span class='ocrx_word' id='word_1_86' title='bbox 608 1326 695 1376; x_wconf 89' lang='lat' dir='ltr'>est</span> <span class='ocrx_word' id='word_1_87' title='bbox 722 1326 779 1377; x_wconf 91' lang='lat' dir='ltr'>et</span> <span class='ocrx_word' id='word_1_88' title='bbox 802 1326 1062 1377; x_wconf 81' lang='lat' dir='ltr'>vastatus</span> <span class='ocrx_word' id='word_1_89' title='bbox 1086 1344 1111 1371; x_wconf 89' lang='grc'><strong>››</strong></span> <span class='ocrx_word' id='word_1_90' title='bbox 1138 1322 1225 1377; x_wconf 85' lang='lat' dir='ltr'>vel</span> <span class='ocrx_word' id='word_1_91' title='bbox 1258 1338 1291 1376; x_wconf 89' lang='lat' dir='ltr'>a</span> <span class='ocrx_word' id='word_1_92' title='bbox 1323 1322 1599 1393; x_wconf 84' lang='lat' dir='ltr'>malignis</span> <span class='ocrx_word' id='word_1_93' title='bbox 1631 1321 1845 1393; x_wconf 85' lang='lat' dir='ltr'>spiriti—</span> 
     </span>
    </p>
   </div>
   <div class='ocr_carea' id='block_1_13' title="bbox 190 1410 1844 1482">
    <p class='ocr_par' dir='ltr' id='par_1_13' title="bbox 190 1410 1844 1482">
     <span class='ocr_line' id='line_1_13' title="bbox 190 1410 1844 1482; baseline -0.002 -16"><span class='ocrx_word' id='word_1_94' title='bbox 190 1410 420 1475; x_wconf 86' lang='lat' dir='ltr'>bus,vel</span> <span class='ocrx_word' id='word_1_95' title='bbox 454 1411 525 1467; x_wconf 87' lang='lat' dir='ltr'>ab</span> <span class='ocrx_word' id='word_1_96' title='bbox 557 1410 851 1476; x_wconf 81' lang='lat' dir='ltr'>hostibus,</span> <span class='ocrx_word' id='word_1_97' title='bbox 872 1410 1142 1466; x_wconf 85' lang='lat' dir='ltr'>Chaldeis</span> <span class='ocrx_word' id='word_1_98' title='bbox 1173 1411 1395 1465; x_wconf 87' lang='lat' dir='ltr'>scilicet</span> <span class='ocrx_word' id='word_1_99' title='bbox 1424 1416 1598 1482; x_wconf 87' lang='lat' dir='ltr'>atque</span> <span class='ocrx_word' id='word_1_100' title='bbox 1633 1411 1844 1464; x_wconf 78' lang='lat' dir='ltr'>Itonia-</span> 
     </span>
    </p>
   </div>
   <div class='ocr_carea' id='block_1_14' title="bbox 190 1499 1844 1571">
    <p class='ocr_par' dir='ltr' id='par_1_14' title="bbox 190 1499 1844 1571">
     <span class='ocr_line' id='line_1_14' title="bbox 190 1499 1844 1571; baseline 0.001 -18"><span class='ocrx_word' id='word_1_101' title='bbox 190 1499 337 1553; x_wconf 83' lang='lat' dir='ltr'>nis.«</span> <span class='ocrx_word' id='word_1_102' title='bbox 363 1500 937 1571; x_wconf 89' lang='lat' dir='ltr'>Laqueusjuvenum</span> <span class='ocrx_word' id='word_1_103' title='bbox 961 1516 1167 1555; x_wconf 88' lang='lat' dir='ltr'>omnes</span> <span class='ocrx_word' id='word_1_104' title='bbox 1191 1499 1462 1567; x_wconf 89' lang='lat' dir='ltr'>simul,et</span> <span class='ocrx_word' id='word_1_105' title='bbox 1489 1501 1546 1553; x_wconf 91' lang='lat' dir='ltr'>in</span> <span class='ocrx_word' id='word_1_106' title='bbox 1569 1499 1844 1554; x_wconf 79' lang='lat' dir='ltr'>domibus</span> 
     </span>
    </p>
   </div>
   <div class='ocr_carea' id='block_1_15' title="bbox 189 1587 1843 1645">
    <p class='ocr_par' dir='ltr' id='par_1_15' title="bbox 189 1587 1843 1645">
     <span class='ocr_line' id='line_1_15' title="bbox 189 1587 1843 1645; baseline -0.002 -1"><span class='ocrx_word' id='word_1_107' title='bbox 189 1604 487 1645; x_wconf 90' lang='lat' dir='ltr'>carcerum</span> <span class='ocrx_word' id='word_1_108' title='bbox 511 1587 840 1644; x_wconf 88' lang='lat' dir='ltr'>absconditi</span> <span class='ocrx_word' id='word_1_109' title='bbox 864 1592 1058 1643; x_wconf 81' lang='lat' dir='ltr'>sunt.«</span> <span class='ocrx_word' id='word_1_110' title='bbox 1084 1589 1249 1643; x_wconf 92' lang='lat' dir='ltr'>Nunc</span> <span class='ocrx_word' id='word_1_111' title='bbox 1272 1588 1583 1644; x_wconf 89' lang='lat' dir='ltr'>revertitur</span> <span class='ocrx_word' id='word_1_112' title='bbox 1602 1589 1674 1642; x_wconf 90' lang='lat' dir='ltr'>ad</span> <span class='ocrx_word' id='word_1_113' title='bbox 1698 1592 1843 1642; x_wconf 89' lang='lat' dir='ltr'>tem-</span> 
     </span>
    </p>
   </div>
   <div class='ocr_carea' id='block_1_16' title="bbox 190 1676 1847 1749">
    <p class='ocr_par' dir='ltr' id='par_1_16' title="bbox 190 1676 1847 1749">
     <span class='ocr_line' id='line_1_16' title="bbox 190 1676 1847 1749; baseline -0.001 -17"><span class='ocrx_word' id='word_1_114' title='bbox 190 1693 301 1749; x_wconf 90' lang='lat' dir='ltr'>pus</span> <span class='ocrx_word' id='word_1_115' title='bbox 322 1676 750 1749; x_wconf 72' lang='lat' dir='ltr'>praedicationis</span> <span class='ocrx_word' id='word_1_116' title='bbox 772 1676 1291 1749; x_wconf 89' lang='lat' dir='ltr'>Domini,loquens</span> <span class='ocrx_word' id='word_1_117' title='bbox 1308 1678 1378 1732; x_wconf 90' lang='lat' dir='ltr'>de</span> <span class='ocrx_word' id='word_1_118' title='bbox 1399 1676 1609 1733; x_wconf 80' lang='lat' dir='ltr'>scribis</span> <span class='ocrx_word' id='word_1_119' title='bbox 1625 1682 1683 1732; x_wconf 90' lang='lat' dir='ltr'>et</span> <span class='ocrx_word' id='word_1_120' title='bbox 1708 1676 1847 1748; x_wconf 86' lang='lat' dir='ltr'>pha-</span> 
     </span>
    </p>
   </div>
   <div class='ocr_carea' id='block_1_17' title="bbox 188 1764 1846 1838">
    <p class='ocr_par' dir='ltr' id='par_1_17' title="bbox 188 1764 1846 1838">
     <span class='ocr_line' id='line_1_17' title="bbox 188 1764 1846 1838; baseline 0.001 -19"><span class='ocrx_word' id='word_1_121' title='bbox 188 1764 392 1821; x_wconf 78' lang='lat' dir='ltr'>rismis.</span> <span class='ocrx_word' id='word_1_122' title='bbox 412 1765 628 1821; x_wconf 73' lang='lat' dir='ltr'>Scriba:</span> <span class='ocrx_word' id='word_1_123' title='bbox 652 1770 708 1821; x_wconf 88' lang='lat' dir='ltr'>et</span> <span class='ocrx_word' id='word_1_124' title='bbox 729 1766 999 1838; x_wconf 63' lang='lat' dir='ltr'>pharisaei</span> <span class='ocrx_word' id='word_1_125' title='bbox 1024 1765 1232 1838; x_wconf 84' lang='lat' dir='ltr'>laqueo</span> <span class='ocrx_word' id='word_1_126' title='bbox 1254 1764 1846 1837; x_wconf 88' lang='lat' dir='ltr'>comparantur,quia</span> 
     </span>
    </p>
   </div>
   <div class='ocr_carea' id='block_1_18' title="bbox 188 1854 1843 1927">
    <p class='ocr_par' dir='ltr' id='par_1_18' title="bbox 188 1854 1843 1927">
     <span class='ocr_line' id='line_1_18' title="bbox 188 1854 1843 1927; baseline 0.001 -19"><span class='ocrx_word' id='word_1_127' title='bbox 188 1871 291 1927; x_wconf 90' lang='lat' dir='ltr'>per</span> <span class='ocrx_word' id='word_1_128' title='bbox 304 1871 475 1910; x_wconf 90' lang='lat' dir='ltr'>suam</span> <span class='ocrx_word' id='word_1_129' title='bbox 496 1870 829 1927; x_wconf 87' lang='lat' dir='ltr'>perversam</span> <span class='ocrx_word' id='word_1_130' title='bbox 847 1855 1176 1910; x_wconf 80' lang='lat' dir='ltr'>doctrinam</span> <span class='ocrx_word' id='word_1_131' title='bbox 1198 1854 1598 1926; x_wconf 89' lang='lat' dir='ltr'>illaqueabant</span> <span class='ocrx_word' id='word_1_132' title='bbox 1615 1854 1843 1909; x_wconf 90' lang='lat' dir='ltr'>animos</span> 
     </span>
    </p>
   </div>
   <div class='ocr_carea' id='block_1_19' title="bbox 188 1942 1846 2015">
    <p class='ocr_par' dir='ltr' id='par_1_19' title="bbox 188 1942 1846 2015">
     <span class='ocr_line' id='line_1_19' title="bbox 188 1942 1846 2015; baseline -0.002 -16"><span class='ocrx_word' id='word_1_133' title='bbox 188 1942 568 2015; x_wconf 86' lang='lat' dir='ltr'>simplicium.</span> <span class='ocrx_word' id='word_1_134' title='bbox 595 1944 853 2015; x_wconf 88' lang='lat' dir='ltr'>Subjecti</span> <span class='ocrx_word' id='word_1_135' title='bbox 880 1961 1011 1999; x_wconf 82' lang='lat' dir='ltr'>vero</span> <span class='ocrx_word' id='word_1_136' title='bbox 1034 1943 1267 1999; x_wconf 90' lang='lat' dir='ltr'>illorum</span> <span class='ocrx_word' id='word_1_137' title='bbox 1283 1945 1531 2015; x_wconf 84' lang='lat' dir='ltr'>juvenes</span> <span class='ocrx_word' id='word_1_138' title='bbox 1551 1942 1846 2014; x_wconf 84' lang='lat' dir='ltr'>appellan-</span> 
     </span>
    </p>
   </div>
   <div class='ocr_carea' id='block_1_20' title="bbox 186 2031 1838 2104">
    <p class='ocr_par' dir='ltr' id='par_1_20' title="bbox 186 2031 1838 2104">
     <span class='ocr_line' id='line_1_20' title="bbox 186 2031 1838 2104; baseline -0.001 -18"><span class='ocrx_word' id='word_1_139' title='bbox 186 2036 300 2098; x_wconf 86' lang='lat' dir='ltr'>tur,</span> <span class='ocrx_word' id='word_1_140' title='bbox 327 2035 563 2104; x_wconf 86' lang='lat' dir='ltr'>propter</span> <span class='ocrx_word' id='word_1_141' title='bbox 591 2031 1053 2104; x_wconf 77' lang='lat' dir='ltr'>simplicitatem.</span> <span class='ocrx_word' id='word_1_142' title='bbox 1080 2032 1270 2088; x_wconf 85' lang='lat' dir='ltr'>Facile</span> <span class='ocrx_word' id='word_1_143' title='bbox 1291 2033 1446 2088; x_wconf 89' lang='lat' dir='ltr'>enim</span> <span class='ocrx_word' id='word_1_144' title='bbox 1469 2032 1838 2103; x_wconf 87' lang='lat' dir='ltr'>decipieban-</span> 
     </span>
    </p>
   </div>
   <div class='ocr_carea' id='block_1_21' title="bbox 188 2120 1841 2193">
    <p class='ocr_par' dir='ltr' id='par_1_21' title="bbox 188 2120 1841 2193">
     <span class='ocr_line' id='line_1_21' title="bbox 188 2120 1841 2193; baseline -0.001 -16"><span class='ocrx_word' id='word_1_145' title='bbox 188 2125 303 2188; x_wconf 90' lang='lat' dir='ltr'>tur,</span> <span class='ocrx_word' id='word_1_146' title='bbox 326 2137 400 2175; x_wconf 85' lang='lat' dir='ltr'>ne</span> <span class='ocrx_word' id='word_1_147' title='bbox 443 2120 502 2176; x_wconf 90' lang='lat' dir='ltr'>in</span> <span class='ocrx_word' id='word_1_148' title='bbox 534 2120 832 2177; x_wconf 85' lang='lat' dir='ltr'>Christum</span> <span class='ocrx_word' id='word_1_149' title='bbox 873 2122 1198 2178; x_wconf 86' lang='lat' dir='ltr'>crederent.</span> <span class='ocrx_word' id='word_1_150' title='bbox 1232 2122 1344 2177; x_wconf 85' lang='lat' dir='ltr'>Sed</span> <span class='ocrx_word' id='word_1_151' title='bbox 1376 2121 1514 2193; x_wconf 83' lang='lat' dir='ltr'>quia</span> <span class='ocrx_word' id='word_1_152' title='bbox 1542 2122 1841 2191; x_wconf 73' lang='lat' dir='ltr'>subjectos</span> 
     </span>
    </p>
   </div>
   <div class='ocr_carea' id='block_1_22' title="bbox 186 2210 1841 2282">
    <p class='ocr_par' dir='ltr' id='par_1_22' title="bbox 186 2210 1841 2282">
     <span class='ocr_line' id='line_1_22' title="bbox 186 2210 1841 2282; baseline 0 -17"><span class='ocrx_word' id='word_1_153' title='bbox 186 2210 560 2282; x_wconf 84' lang='lat' dir='ltr'>deceperunt,</span> <span class='ocrx_word' id='word_1_154' title='bbox 575 2214 632 2265; x_wconf 91' lang='lat' dir='ltr'>et</span> <span class='ocrx_word' id='word_1_155' title='bbox 652 2210 898 2266; x_wconf 91' lang='lat' dir='ltr'>Domino</span> <span class='ocrx_word' id='word_1_156' title='bbox 920 2210 1053 2282; x_wconf 90' lang='lat' dir='ltr'>Iaqu</span> <span class='ocrx_word' id='word_1_157' title='bbox 1064 2228 1161 2266; x_wconf 87' lang='lat' dir='ltr'>eos</span> <span class='ocrx_word' id='word_1_158' title='bbox 1185 2211 1575 2277; x_wconf 86' lang='lat' dir='ltr'>tetenderunt,</span> <span class='ocrx_word' id='word_1_159' title='bbox 1594 2210 1841 2280; x_wconf 84' lang='lat' dir='ltr'>contigit</span> 
     </span>
    </p>
   </div>
   <div class='ocr_carea' id='block_1_23' title="bbox 184 2294 1839 2369">
    <p class='ocr_par' dir='ltr' id='par_1_23' title="bbox 184 2294 1839 2369">
     <span class='ocr_line' id='line_1_23' title="bbox 184 2294 1839 2369; baseline -0.001 -18"><span class='ocrx_word' id='word_1_160' title='bbox 184 2296 303 2352; x_wconf 89' lang='lat' dir='ltr'>illis</span> <span class='ocrx_word' id='word_1_161' title='bbox 333 2297 486 2368; x_wconf 88' lang='lat' dir='ltr'>quod</span> <span class='ocrx_word' id='word_1_162' title='bbox 524 2294 800 2353; x_wconf 90' lang='lat' dir='ltr'>Salomon</span> <span class='ocrx_word' id='word_1_163' title='bbox 847 2297 1025 2353; x_wconf 89' lang='lat' dir='ltr'>dicit:</span> <span class='ocrx_word' id='word_1_164' title='bbox 1051 2299 1157 2364; x_wconf 86' lang='lat' dir='ltr'>Qui</span> <span class='ocrx_word' id='word_1_165' title='bbox 1192 2302 1357 2369; x_wconf 89' lang='lat' dir='ltr'>parat</span> <span class='ocrx_word' id='word_1_166' title='bbox 1388 2299 1609 2353; x_wconf 83' lang='lat' dir='ltr'>foveam</span> <span class='ocrx_word' id='word_1_167' title='bbox 1645 2297 1839 2368; x_wconf 81' lang='lat' dir='ltr'>proxi-</span> 
     </span>
    </p>
   </div>
   <div class='ocr_carea' id='block_1_24' title="bbox 186 2385 1839 2458">
    <p class='ocr_par' dir='ltr' id='par_1_24' title="bbox 186 2385 1839 2458">
     <span class='ocr_line' id='line_1_24' title="bbox 186 2385 1839 2458; baseline -0.001 -17"><span class='ocrx_word' id='word_1_168' title='bbox 186 2402 283 2443; x_wconf 89' lang='lat' dir='ltr'>mo</span> <span class='ocrx_word' id='word_1_169' title='bbox 313 2402 441 2453; x_wconf 86' lang='lat' dir='ltr'>suo,</span> <span class='ocrx_word' id='word_1_170' title='bbox 465 2386 592 2458; x_wconf 87' lang='lat' dir='ltr'>ipse</span> <span class='ocrx_word' id='word_1_171' title='bbox 620 2385 782 2457; x_wconf 90' lang='lat' dir='ltr'>prior</span> <span class='ocrx_word' id='word_1_172' title='bbox 819 2386 1041 2442; x_wconf 88' lang='lat' dir='ltr'>incidet</span> <span class='ocrx_word' id='word_1_173' title='bbox 1078 2388 1137 2442; x_wconf 91' lang='lat' dir='ltr'>in</span> <span class='ocrx_word' id='word_1_174' title='bbox 1176 2404 1305 2442; x_wconf 88' lang='lat' dir='ltr'>eam</span> <span class='ocrx_word' id='word_1_175' title='bbox 1336 2388 1515 2458; x_wconf 84' lang='lat' dir='ltr'>(Prov.</span> <span class='ocrx_word' id='word_1_176' title='bbox 1538 2387 1722 2457; x_wconf 71' lang='lat' dir='ltr'>xxvx);</span> <span class='ocrx_word' id='word_1_177' title='bbox 1756 2385 1839 2440; x_wconf 89' lang='lat' dir='ltr'>illi</span> 
     </span>
    </p>
   </div>
   <div class='ocr_carea' id='block_1_25' title="bbox 185 2474 1840 2547">
    <p class='ocr_par' dir='ltr' id='par_1_25' title="bbox 185 2474 1840 2547">
     <span class='ocr_line' id='line_1_25' title="bbox 185 2474 1840 2547; baseline -0.001 -16"><span class='ocrx_word' id='word_1_178' title='bbox 185 2478 535 2546; x_wconf 84' lang='lat' dir='ltr'>paraverunt</span> <span class='ocrx_word' id='word_1_179' title='bbox 548 2474 796 2531; x_wconf 88' lang='lat' dir='ltr'>Domino</span> <span class='ocrx_word' id='word_1_180' title='bbox 820 2474 1228 2547; x_wconf 87' lang='lat' dir='ltr'>laqueum,sed</span> <span class='ocrx_word' id='word_1_181' title='bbox 1251 2475 1362 2547; x_wconf 85' lang='lat' dir='ltr'>ipsi</span> <span class='ocrx_word' id='word_1_182' title='bbox 1386 2475 1684 2547; x_wconf 88' lang='lat' dir='ltr'>illaqueati</span> <span class='ocrx_word' id='word_1_183' title='bbox 1702 2478 1840 2530; x_wconf 88' lang='lat' dir='ltr'>sunt</span> 
     </span>
    </p>
   </div>
   <div class='ocr_carea' id='block_1_26' title="bbox 184 2561 1837 2638">
    <p class='ocr_par' dir='ltr' id='par_1_26' title="bbox 184 2561 1837 2638">
     <span class='ocr_line' id='line_1_26' title="bbox 184 2561 1837 2638; baseline 0.001 -21"><span class='ocrx_word' id='word_1_184' title='bbox 184 2562 244 2619; x_wconf 85' lang='lat' dir='ltr'>in</span> <span class='ocrx_word' id='word_1_185' title='bbox 276 2561 401 2619; x_wconf 87' lang='lat' dir='ltr'>suis</span> <span class='ocrx_word' id='word_1_186' title='bbox 432 2563 709 2635; x_wconf 81' lang='lat' dir='ltr'>peccatis.</span> <span class='ocrx_word' id='word_1_187' title='bbox 730 2565 883 2619; x_wconf 87' lang='lat' dir='ltr'>Bene</span> <span class='ocrx_word' id='word_1_188' title='bbox 913 2581 1050 2638; x_wconf 89' lang='lat' dir='ltr'>ergo</span> <span class='ocrx_word' id='word_1_189' title='bbox 1081 2564 1296 2620; x_wconf 90' lang='lat' dir='ltr'>dicitur</span> <span class='ocrx_word' id='word_1_190' title='bbox 1326 2581 1339 2618; x_wconf 91' lang='lat'>:</span> <span class='ocrx_word' id='word_1_191' title='bbox 1377 2564 1648 2636; x_wconf 80' lang='lat' dir='ltr'>Laqueus</span> <span class='ocrx_word' id='word_1_192' title='bbox 1672 2564 1837 2634; x_wconf 85' lang='lat' dir='ltr'>juve-</span> 
     </span>
    </p>
   </div>
   <div class='ocr_carea' id='block_1_27' title="bbox 184 2652 1839 2725">
    <p class='ocr_par' dir='ltr' id='par_1_27' title="bbox 184 2652 1839 2725">
     <span class='ocr_line' id='line_1_27' title="bbox 184 2652 1839 2725; baseline 0.001 -19"><span class='ocrx_word' id='word_1_193' title='bbox 184 2666 327 2707; x_wconf 87' lang='lat' dir='ltr'>num</span> <span class='ocrx_word' id='word_1_194' title='bbox 358 2666 563 2707; x_wconf 90' lang='lat' dir='ltr'>omnes</span> <span class='ocrx_word' id='word_1_195' title='bbox 602 2652 806 2709; x_wconf 74' lang='lat' dir='ltr'>scriba:</span> <span class='ocrx_word' id='word_1_196' title='bbox 854 2657 911 2708; x_wconf 89' lang='lat' dir='ltr'>et</span> <span class='ocrx_word' id='word_1_197' title='bbox 960 2652 1251 2725; x_wconf 73' lang='lat' dir='ltr'>phariszei,</span> <span class='ocrx_word' id='word_1_198' title='bbox 1294 2652 1541 2709; x_wconf 81' lang='lat' dir='ltr'>insidias</span> <span class='ocrx_word' id='word_1_199' title='bbox 1591 2653 1839 2708; x_wconf 89' lang='lat' dir='ltr'>Domino</span> 
     </span>
    </p>
   </div>
   <div class='ocr_carea' id='block_1_28' title="bbox 183 2741 1836 2813">
    <p class='ocr_par' dir='ltr' id='par_1_28' title="bbox 183 2741 1836 2813">
     <span class='ocr_line' id='line_1_28' title="bbox 183 2741 1836 2813; baseline 0.001 -19"><span class='ocrx_word' id='word_1_200' title='bbox 183 2744 602 2813; x_wconf 70' lang='lat' dir='ltr'>praeparantes,</span> <span class='ocrx_word' id='word_1_201' title='bbox 636 2745 693 2795; x_wconf 89' lang='lat' dir='ltr'>et</span> <span class='ocrx_word' id='word_1_202' title='bbox 732 2741 791 2795; x_wconf 90' lang='lat' dir='ltr'>in</span> <span class='ocrx_word' id='word_1_203' title='bbox 838 2742 1113 2797; x_wconf 86' lang='lat' dir='ltr'>domibus</span> <span class='ocrx_word' id='word_1_204' title='bbox 1163 2758 1463 2796; x_wconf 87' lang='lat' dir='ltr'>carcerum</span> <span class='ocrx_word' id='word_1_205' title='bbox 1511 2741 1836 2797; x_wconf 72' lang='lat' dir='ltr'>abseonditi</span> 
     </span>
    </p>
   </div>
   <div class='ocr_carea' id='block_1_29' title="bbox 180 2828 1840 2902">
    <p class='ocr_par' dir='ltr' id='par_1_29' title="bbox 180 2828 1840 2902">
     <span class='ocr_line' id='line_1_29' title="bbox 180 2828 1840 2902; baseline -0.001 -17"><span class='ocrx_word' id='word_1_206' title='bbox 180 2833 344 2897; x_wconf 84' lang='lat' dir='ltr'>sunt,</span> <span class='ocrx_word' id='word_1_207' title='bbox 366 2829 493 2885; x_wconf 88' lang='lat' dir='ltr'>Non</span> <span class='ocrx_word' id='word_1_208' title='bbox 512 2828 832 2902; x_wconf 89' lang='lat' dir='ltr'>incongrue</span> <span class='ocrx_word' id='word_1_209' title='bbox 854 2836 1089 2901; x_wconf 86' lang='lat' dir='ltr'>pectora</span> <span class='ocrx_word' id='word_1_210' title='bbox 1108 2830 1435 2885; x_wconf 88' lang='lat' dir='ltr'>scribarum</span> <span class='ocrx_word' id='word_1_211' title='bbox 1456 2834 1511 2883; x_wconf 90' lang='lat' dir='ltr'>et</span> <span class='ocrx_word' id='word_1_212' title='bbox 1532 2830 1840 2901; x_wconf 71' lang='lat' dir='ltr'>pharismo-</span> 
     </span>
    </p>
   </div>
   <div class='ocr_carea' id='block_1_30' title="bbox 179 2917 1836 2990">
    <p class='ocr_par' dir='ltr' id='par_1_30' title="bbox 179 2917 1836 2990">
     <span class='ocr_line' id='line_1_30' title="bbox 179 2917 1836 2990; baseline -0.002 -15"><span class='ocrx_word' id='word_1_213' title='bbox 179 2934 315 2975; x_wconf 82' lang='lat' dir='ltr'>rum</span> <span class='ocrx_word' id='word_1_214' title='bbox 347 2917 564 2975; x_wconf 78' lang='lat' dir='ltr'>carceri</span> <span class='ocrx_word' id='word_1_215' title='bbox 597 2922 1035 2990; x_wconf 87' lang='lat' dir='ltr'>comparantur.</span> <span class='ocrx_word' id='word_1_216' title='bbox 1068 2918 1345 2990; x_wconf 87' lang='lat' dir='ltr'>Nunquid</span> <span class='ocrx_word' id='word_1_217' title='bbox 1388 2935 1504 2974; x_wconf 91' lang='lat' dir='ltr'>non</span> <span class='ocrx_word' id='word_1_218' title='bbox 1535 2923 1705 2974; x_wconf 87' lang='lat' dir='ltr'>erant</span> <span class='ocrx_word' id='word_1_219' title='bbox 1735 2918 1836 2973; x_wconf 90' lang='lat' dir='ltr'>ab-</span> 
     </span>
    </p>
   </div>
   <div class='ocr_carea' id='block_1_31' title="bbox 179 3004 1837 3078">
    <p class='ocr_par' dir='ltr' id='par_1_31' title="bbox 179 3004 1837 3078">
     <span class='ocr_line' id='line_1_31' title="bbox 179 3004 1837 3078; baseline -0.002 -14"><span class='ocrx_word' id='word_1_220' title='bbox 179 3006 433 3065; x_wconf 79' lang='lat' dir='ltr'>sconditi</span> <span class='ocrx_word' id='word_1_221' title='bbox 465 3004 527 3061; x_wconf 89' lang='lat' dir='ltr'>in</span> <span class='ocrx_word' id='word_1_222' title='bbox 556 3022 807 3072; x_wconf 87' lang='lat' dir='ltr'>carcere,</span> <span class='ocrx_word' id='word_1_223' title='bbox 838 3008 1074 3078; x_wconf 89' lang='lat' dir='ltr'>quando</span> <span class='ocrx_word' id='word_1_224' title='bbox 1113 3006 1386 3064; x_wconf 89' lang='lat' dir='ltr'>dicebant</span> <span class='ocrx_word' id='word_1_225' title='bbox 1425 3007 1673 3063; x_wconf 90' lang='lat' dir='ltr'>Domino</span> <span class='ocrx_word' id='word_1_226' title='bbox 1704 3012 1837 3062; x_wconf 87' lang='lat' dir='ltr'>ten-</span> 
     </span>
    </p>
   </div>
   <div class='ocr_carea' id='block_1_32' title="bbox 179 3094 1838 3167">
    <p class='ocr_par' dir='ltr' id='par_1_32' title="bbox 179 3094 1838 3167">
     <span class='ocr_line' id='line_1_32' title="bbox 179 3094 1838 3167; baseline -0.001 -15"><span class='ocrx_word' id='word_1_227' title='bbox 179 3099 377 3152; x_wconf 79' lang='lat' dir='ltr'>tantes</span> <span class='ocrx_word' id='word_1_228' title='bbox 417 3110 554 3163; x_wconf 84' lang='lat' dir='ltr'>eum</span> <span class='ocrx_word' id='word_1_229' title='bbox 580 3111 593 3150; x_wconf 90' lang='lat'>:</span> <span class='ocrx_word' id='word_1_230' title='bbox 619 3118 647 3146; x_wconf 83' lang='lat'><strong>«</strong></span> <span class='ocrx_word' id='word_1_231' title='bbox 675 3094 978 3167; x_wconf 84' lang='lat' dir='ltr'>Magister,</span> <span class='ocrx_word' id='word_1_232' title='bbox 1013 3095 1234 3152; x_wconf 87' lang='lat' dir='ltr'>scimus</span> <span class='ocrx_word' id='word_1_233' title='bbox 1273 3096 1414 3167; x_wconf 89' lang='lat' dir='ltr'>quia</span> <span class='ocrx_word' id='word_1_234' title='bbox 1449 3113 1623 3151; x_wconf 81' lang='lat' dir='ltr'>verax</span> <span class='ocrx_word' id='word_1_235' title='bbox 1661 3112 1743 3165; x_wconf 89' lang='lat' dir='ltr'>es,</span> <span class='ocrx_word' id='word_1_236' title='bbox 1779 3099 1838 3151; x_wconf 86' lang='lat' dir='ltr'>et</span> 
     </span>
    </p>
   </div>
   <div class='ocr_carea' id='block_1_33' title="bbox 177 3182 1837 3258">
    <p class='ocr_par' dir='ltr' id='par_1_33' title="bbox 177 3182 1837 3258">
     <span class='ocr_line' id='line_1_33' title="bbox 177 3182 1837 3258; baseline -0.001 -18"><span class='ocrx_word' id='word_1_237' title='bbox 177 3183 335 3240; x_wconf 86' lang='lat' dir='ltr'>viam</span> <span class='ocrx_word' id='word_1_238' title='bbox 361 3182 463 3239; x_wconf 88' lang='lat' dir='ltr'>Dei</span> <span class='ocrx_word' id='word_1_239' title='bbox 495 3183 557 3239; x_wconf 90' lang='lat' dir='ltr'>in</span> <span class='ocrx_word' id='word_1_240' title='bbox 586 3184 825 3241; x_wconf 89' lang='lat' dir='ltr'>veritate</span> <span class='ocrx_word' id='word_1_241' title='bbox 847 3185 1021 3241; x_wconf 89' lang='lat' dir='ltr'>doces</span> <span class='ocrx_word' id='word_1_242' title='bbox 1043 3185 1245 3258; x_wconf 78' lang='lat' dir='ltr'>(Matth.</span> <span class='ocrx_word' id='word_1_243' title='bbox 1268 3188 1407 3253; x_wconf 69' lang='lat' dir='ltr'>nn)</span> <span class='ocrx_word' id='word_1_244' title='bbox 1427 3201 1440 3240; x_wconf 94' lang='lat'>:</span> <span class='ocrx_word' id='word_1_245' title='bbox 1462 3207 1489 3235; x_wconf 87' lang='grc'><strong>››</strong></span> <span class='ocrx_word' id='word_1_246' title='bbox 1515 3188 1837 3256; x_wconf 68' lang='grc' dir='ltr'>οωῑθιιειίιυθ</span> 
     </span>
    </p>
   </div>
   <div class='ocr_carea' id='block_1_34' title="bbox 177 3270 1838 3345">
    <p class='ocr_par' dir='ltr' id='par_1_34' title="bbox 177 3270 1838 3345">
     <span class='ocr_line' id='line_1_34' title="bbox 177 3270 1838 3345; baseline -0.001 -16"><span class='ocrx_word' id='word_1_247' title='bbox 177 3272 275 3329; x_wconf 87' lang='lat' dir='ltr'>his</span> <span class='ocrx_word' id='word_1_248' title='bbox 296 3270 555 3329; x_wconf 82' lang='lat' dir='ltr'>similia?</span> <span class='ocrx_word' id='word_1_249' title='bbox 580 3294 609 3323; x_wconf 72' lang='grc' dir='ltr'>κ</span> <span class='ocrx_word' id='word_1_250' title='bbox 633 3273 792 3329; x_wconf 84' lang='lat' dir='ltr'>Facti</span> <span class='ocrx_word' id='word_1_251' title='bbox 816 3278 956 3329; x_wconf 88' lang='lat' dir='ltr'>sunt</span> <span class='ocrx_word' id='word_1_252' title='bbox 976 3274 1035 3328; x_wconf 88' lang='lat' dir='ltr'>in</span> <span class='ocrx_word' id='word_1_253' title='bbox 1058 3274 1378 3345; x_wconf 63' lang='lat' dir='ltr'>rapinam,»</span> <span class='ocrx_word' id='word_1_254' title='bbox 1399 3273 1686 3329; x_wconf 82' lang='lat' dir='ltr'>subaudis</span> <span class='ocrx_word' id='word_1_255' title='bbox 1708 3273 1838 3328; x_wconf 88' lang='lat' dir='ltr'>hos-</span> 
     </span>
    </p>
   </div>
   <div class='ocr_carea' id='block_1_35' title="bbox 1956 700 3603 785">
    <p class='ocr_par' dir='ltr' id='par_1_35' title="bbox 1956 700 3603 785">
     <span class='ocr_line' id='line_1_35' title="bbox 1956 700 3603 785; baseline 0.011 -31"><span class='ocrx_word' id='word_1_256' title='bbox 1956 700 2151 772; x_wconf 89' lang='lat' dir='ltr'>ipsum</span> <span class='ocrx_word' id='word_1_257' title='bbox 2192 701 2476 773; x_wconf 87' lang='lat' dir='ltr'>populum</span> <span class='ocrx_word' id='word_1_258' title='bbox 2528 704 2660 774; x_wconf 83' lang='lat' dir='ltr'>igne</span> <span class='ocrx_word' id='word_1_259' title='bbox 2710 704 3126 775; x_wconf 86' lang='lat' dir='ltr'>tribulationis,</span> <span class='ocrx_word' id='word_1_260' title='bbox 3156 708 3243 765; x_wconf 90' lang='lat' dir='ltr'>vel</span> <span class='ocrx_word' id='word_1_261' title='bbox 3295 713 3603 785; x_wconf 88' lang='lat' dir='ltr'>templum.</span> 
     </span>
    </p>
   </div>
   <div class='ocr_carea' id='block_1_36' title="bbox 1958 790 3603 872">
    <p class='ocr_par' dir='ltr' id='par_1_36' title="bbox 1958 790 3603 872">
     <span class='ocr_line' id='line_1_36' title="bbox 1958 790 3603 872; baseline 0.013 -34"><span class='ocrx_word' id='word_1_262' title='bbox 1958 813 1985 838; x_wconf 90' lang='grc'>‹‹</span> <span class='ocrx_word' id='word_1_263' title='bbox 2023 791 2088 843; x_wconf 83' lang='lat' dir='ltr'>Et</span> <span class='ocrx_word' id='word_1_264' title='bbox 2133 807 2249 843; x_wconf 90' lang='lat' dir='ltr'>non</span> <span class='ocrx_word' id='word_1_265' title='bbox 2300 790 2579 846; x_wconf 78' lang='lat' dir='ltr'>intellexit</span> <span class='ocrx_word' id='word_1_266' title='bbox 2604 816 2629 841; x_wconf 87' lang='grc'><strong>››</strong></span> <span class='ocrx_word' id='word_1_267' title='bbox 2665 794 2737 848; x_wconf 92' lang='lat' dir='ltr'>ob</span> <span class='ocrx_word' id='word_1_268' title='bbox 2788 811 2965 865; x_wconf 88' lang='lat' dir='ltr'>quam</span> <span class='ocrx_word' id='word_1_269' title='bbox 3017 813 3256 854; x_wconf 89' lang='lat' dir='ltr'>causam</span> <span class='ocrx_word' id='word_1_270' title='bbox 3290 806 3603 872; x_wconf 85' lang='lat' dir='ltr'>pateretur.</span> 
     </span>
    </p>
   </div>
   <div class='ocr_carea' id='block_1_37' title="bbox 1956 878 3603 960">
    <p class='ocr_par' dir='ltr' id='par_1_37' title="bbox 1956 878 3603 960">
     <span class='ocr_line' id='line_1_37' title="bbox 1956 878 3603 960; baseline 0.01 -29"><span class='ocrx_word' id='word_1_271' title='bbox 1956 878 2221 932; x_wconf 84' lang='lat' dir='ltr'>Tradunt</span> <span class='ocrx_word' id='word_1_272' title='bbox 2254 878 2527 943; x_wconf 62' lang='lat' dir='ltr'>histor-ire,</span> <span class='ocrx_word' id='word_1_273' title='bbox 2570 883 2727 952; x_wconf 86' lang='lat' dir='ltr'>quod</span> <span class='ocrx_word' id='word_1_274' title='bbox 2762 900 2865 937; x_wconf 85' lang='lat' dir='ltr'>nec</span> <span class='ocrx_word' id='word_1_275' title='bbox 2899 884 3143 941; x_wconf 79' lang='lat' dir='ltr'>Romani</span> <span class='ocrx_word' id='word_1_276' title='bbox 3186 898 3603 960; x_wconf 86' lang='lat' dir='ltr'>cognoverunt,</span> 
     </span>
    </p>
   </div>
   <div class='ocr_carea' id='block_1_38' title="bbox 1956 968 3601 1049">
    <p class='ocr_par' dir='ltr' id='par_1_38' title="bbox 1956 968 3601 1049">
     <span class='ocr_line' id='line_1_38' title="bbox 1956 968 3601 1049; baseline 0.012 -31"><span class='ocrx_word' id='word_1_277' title='bbox 1956 968 2111 1037; x_wconf 88' lang='lat' dir='ltr'>quod</span> <span class='ocrx_word' id='word_1_278' title='bbox 2141 973 2377 1039; x_wconf 88' lang='lat' dir='ltr'>propter</span> <span class='ocrx_word' id='word_1_279' title='bbox 2398 968 2682 1024; x_wconf 89' lang='lat' dir='ltr'>ultionem</span> <span class='ocrx_word' id='word_1_280' title='bbox 2710 970 2835 1025; x_wconf 80' lang='lat' dir='ltr'>Filii</span> <span class='ocrx_word' id='word_1_281' title='bbox 2859 972 2957 1027; x_wconf 89' lang='lat' dir='ltr'>Dei</span> <span class='ocrx_word' id='word_1_282' title='bbox 2984 976 3357 1033; x_wconf 88' lang='lat' dir='ltr'>traderentur</span> <span class='ocrx_word' id='word_1_283' title='bbox 3377 997 3601 1049; x_wconf 89' lang='lat' dir='ltr'>eorum,</span> 
     </span>
    </p>
   </div>
   <div class='ocr_carea' id='block_1_39' title="bbox 1956 1056 3603 1127">
    <p class='ocr_par' dir='ltr' id='par_1_39' title="bbox 1956 1056 3603 1127">
     <span class='ocr_line' id='line_1_39' title="bbox 1956 1056 3603 1127; baseline 0.012 -19"><span class='ocrx_word' id='word_1_284' title='bbox 1956 1071 2059 1109; x_wconf 87' lang='lat' dir='ltr'>nec</span> <span class='ocrx_word' id='word_1_285' title='bbox 2118 1056 2229 1127; x_wconf 89' lang='lat' dir='ltr'>ipsi</span> <span class='ocrx_word' id='word_1_286' title='bbox 2283 1058 2464 1111; x_wconf 65' lang='lat' dir='ltr'>Judazi</span> <span class='ocrx_word' id='word_1_287' title='bbox 2524 1057 2935 1115; x_wconf 80' lang='lat' dir='ltr'>intellexerunt</span> <span class='ocrx_word' id='word_1_288' title='bbox 2982 1063 3208 1120; x_wconf 88' lang='lat' dir='ltr'>malitia</span> <span class='ocrx_word' id='word_1_289' title='bbox 3254 1084 3365 1123; x_wconf 90' lang='lat' dir='ltr'>sua</span> <span class='ocrx_word' id='word_1_290' title='bbox 3419 1070 3603 1125; x_wconf 76' lang='lat' dir='ltr'>obcae-</span> 
     </span>
    </p>
   </div>
   <div class='ocr_carea' id='block_1_40' title="bbox 1955 1143 2089 1197">
    <p class='ocr_par' dir='ltr' id='par_1_40' title="bbox 1955 1143 2089 1197">
     <span class='ocr_line' id='line_1_40' title="bbox 1955 1143 2089 1197; baseline 0 0"><span class='ocrx_word' id='word_1_291' title='bbox 1955 1143 2089 1197; x_wconf 86' lang='lat' dir='ltr'>cati.</span> 
     </span>
    </p>
   </div>
   <div class='ocr_carea' id='block_1_41' title="bbox 2551 1236 3013 1295">
    <p class='ocr_par' dir='ltr' id='par_1_41' title="bbox 2551 1236 3013 1295">
     <span class='ocr_line' id='line_1_41' title="bbox 2551 1236 3013 1295; baseline 0.011 -5"><span class='ocrx_word' id='word_1_292' title='bbox 2551 1236 2784 1292; x_wconf 88' lang='lat' dir='ltr'>CAPUT</span> <span class='ocrx_word' id='word_1_293' title='bbox 2821 1238 3013 1295; x_wconf 83' lang='lat' dir='ltr'>XLIII.</span> 
     </span>
    </p>
   </div>
   <div class='ocr_carea' id='block_1_42' title="bbox 2026 1320 3605 1400">
    <p class='ocr_par' dir='ltr' id='par_1_42' title="bbox 2026 1320 3605 1400">
     <span class='ocr_line' id='line_1_42' title="bbox 2026 1320 3605 1400; baseline 0.015 -33"><span class='ocrx_word' id='word_1_294' title='bbox 2026 1343 2050 1367; x_wconf 79' lang='grc' dir='ltr'>α</span> <span class='ocrx_word' id='word_1_295' title='bbox 2090 1320 2159 1374; x_wconf 84' lang='lat' dir='ltr'>Et</span> <span class='ocrx_word' id='word_1_296' title='bbox 2192 1338 2346 1376; x_wconf 89' lang='lat' dir='ltr'>nunc</span> <span class='ocrx_word' id='word_1_297' title='bbox 2376 1321 2497 1376; x_wconf 67' lang='grc' dir='ltr'>Ιιίυθ</span> <span class='ocrx_word' id='word_1_298' title='bbox 2522 1323 2664 1378; x_wconf 90' lang='lat' dir='ltr'>dicit</span> <span class='ocrx_word' id='word_1_299' title='bbox 2688 1323 2970 1381; x_wconf 91' lang='lat' dir='ltr'>Dominus</span> <span class='ocrx_word' id='word_1_300' title='bbox 2999 1343 3205 1384; x_wconf 90' lang='lat' dir='ltr'>creans</span> <span class='ocrx_word' id='word_1_301' title='bbox 3236 1334 3292 1385; x_wconf 89' lang='lat' dir='ltr'>te</span> <span class='ocrx_word' id='word_1_302' title='bbox 3321 1332 3522 1400; x_wconf 81' lang='lat' dir='ltr'>Jacob,</span> <span class='ocrx_word' id='word_1_303' title='bbox 3547 1338 3605 1390; x_wconf 87' lang='lat' dir='ltr'>et</span> 
     </span>
    </p>
   </div>
   <div class='ocr_carea' id='block_1_43' title="bbox 1956 1407 3600 1489">
    <p class='ocr_par' dir='ltr' id='par_1_43' title="bbox 1956 1407 3600 1489">
     <span class='ocr_line' id='line_1_43' title="bbox 1956 1407 3600 1489; baseline 0.01 -28"><span class='ocrx_word' id='word_1_304' title='bbox 1956 1407 2216 1463; x_wconf 77' lang='lat' dir='ltr'>formans</span> <span class='ocrx_word' id='word_1_305' title='bbox 2253 1416 2304 1463; x_wconf 91' lang='lat' dir='ltr'>te</span> <span class='ocrx_word' id='word_1_306' title='bbox 2349 1411 2545 1478; x_wconf 79' lang='lat' dir='ltr'>Israel,</span> <span class='ocrx_word' id='word_1_307' title='bbox 2572 1434 2599 1460; x_wconf 81' lang='lat' dir='ltr'>n</span> <span class='ocrx_word' id='word_1_308' title='bbox 2625 1413 2790 1467; x_wconf 89' lang='lat' dir='ltr'>Sicut</span> <span class='ocrx_word' id='word_1_309' title='bbox 2833 1414 3103 1485; x_wconf 84' lang='lat' dir='ltr'>superius</span> <span class='ocrx_word' id='word_1_310' title='bbox 3144 1419 3272 1488; x_wconf 91' lang='lat' dir='ltr'>jam</span> <span class='ocrx_word' id='word_1_311' title='bbox 3324 1421 3600 1489; x_wconf 80' lang='lat' dir='ltr'>diximus,</span> 
     </span>
    </p>
   </div>
   <div class='ocr_carea' id='block_1_44' title="bbox 1956 1497 3604 1570">
    <p class='ocr_par' dir='ltr' id='par_1_44' title="bbox 1956 1497 3604 1570">
     <span class='ocr_line' id='line_1_44' title="bbox 1956 1497 3604 1570; baseline 0.01 -20"><span class='ocrx_word' id='word_1_312' title='bbox 1956 1497 2209 1568; x_wconf 85' lang='lat' dir='ltr'>pOpulus</span> <span class='ocrx_word' id='word_1_313' title='bbox 2242 1499 2416 1554; x_wconf 87' lang='lat' dir='ltr'>Israel</span> <span class='ocrx_word' id='word_1_314' title='bbox 2450 1500 2507 1554; x_wconf 91' lang='lat' dir='ltr'>in</span> <span class='ocrx_word' id='word_1_315' title='bbox 2538 1500 2655 1554; x_wconf 91' lang='lat' dir='ltr'>duo</span> <span class='ocrx_word' id='word_1_316' title='bbox 2676 1500 2973 1570; x_wconf 88' lang='lat' dir='ltr'>dividitur,</span> <span class='ocrx_word' id='word_1_317' title='bbox 3003 1502 3061 1557; x_wconf 93' lang='lat' dir='ltr'>in</span> <span class='ocrx_word' id='word_1_318' title='bbox 3087 1506 3389 1563; x_wconf 90' lang='lat' dir='ltr'>credentes</span> <span class='ocrx_word' id='word_1_319' title='bbox 3407 1514 3465 1564; x_wconf 89' lang='lat' dir='ltr'>et</span> <span class='ocrx_word' id='word_1_320' title='bbox 3490 1527 3604 1567; x_wconf 88' lang='lat' dir='ltr'>non</span> 
     </span>
    </p>
   </div>
   <div class='ocr_carea' id='block_1_45' title="bbox 1954 1586 3605 1668">
    <p class='ocr_par' dir='ltr' id='par_1_45' title="bbox 1954 1586 3605 1668">
     <span class='ocr_line' id='line_1_45' title="bbox 1954 1586 3605 1668; baseline 0.01 -30"><span class='ocrx_word' id='word_1_321' title='bbox 1954 1586 2279 1641; x_wconf 85' lang='lat' dir='ltr'>credentes.</span> <span class='ocrx_word' id='word_1_322' title='bbox 2305 1587 2587 1642; x_wconf 87' lang='lat' dir='ltr'>Similiter</span> <span class='ocrx_word' id='word_1_323' title='bbox 2610 1594 2667 1642; x_wconf 91' lang='lat' dir='ltr'>et</span> <span class='ocrx_word' id='word_1_324' title='bbox 2694 1589 2963 1659; x_wconf 86' lang='lat' dir='ltr'>gentiles.</span> <span class='ocrx_word' id='word_1_325' title='bbox 2988 1591 3167 1647; x_wconf 91' lang='lat' dir='ltr'>Paulo</span> <span class='ocrx_word' id='word_1_326' title='bbox 3198 1593 3258 1648; x_wconf 88' lang='lat' dir='ltr'>in</span> <span class='ocrx_word' id='word_1_327' title='bbox 3291 1597 3605 1668; x_wconf 89' lang='lat' dir='ltr'>superiori-</span> 
     </span>
    </p>
   </div>
   <div class='ocr_carea' id='block_1_46' title="bbox 1954 1672 3607 1754">
    <p class='ocr_par' dir='ltr' id='par_1_46' title="bbox 1954 1672 3607 1754">
     <span class='ocr_line' id='line_1_46' title="bbox 1954 1672 3607 1754; baseline 0.009 -27"><span class='ocrx_word' id='word_1_328' title='bbox 1954 1672 2065 1727; x_wconf 89' lang='lat' dir='ltr'>bus</span> <span class='ocrx_word' id='word_1_329' title='bbox 2094 1674 2374 1746; x_wconf 90' lang='lat' dir='ltr'>loquutus</span> <span class='ocrx_word' id='word_1_330' title='bbox 2397 1677 2572 1730; x_wconf 88' lang='lat' dir='ltr'>estde</span> <span class='ocrx_word' id='word_1_331' title='bbox 2592 1676 2925 1748; x_wconf 85' lang='lat' dir='ltr'>captivitate</span> <span class='ocrx_word' id='word_1_332' title='bbox 2948 1679 3155 1736; x_wconf 89' lang='lat' dir='ltr'>ultima</span> <span class='ocrx_word' id='word_1_333' title='bbox 3173 1682 3533 1754; x_wconf 68' lang='lat' dir='ltr'>Judaeorum,</span> <span class='ocrx_word' id='word_1_334' title='bbox 3550 1691 3607 1742; x_wconf 87' lang='lat' dir='ltr'>et</span> 
     </span>
    </p>
   </div>
   <div class='ocr_carea' id='block_1_47' title="bbox 1952 1760 3599 1839">
    <p class='ocr_par' dir='ltr' id='par_1_47' title="bbox 1952 1760 3599 1839">
     <span class='ocr_line' id='line_1_47' title="bbox 1952 1760 3599 1839; baseline 0.009 -25"><span class='ocrx_word' id='word_1_335' title='bbox 1952 1760 2023 1814; x_wconf 91' lang='lat' dir='ltr'>de</span> <span class='ocrx_word' id='word_1_336' title='bbox 2048 1760 2391 1817; x_wconf 87' lang='lat' dir='ltr'>inﬁdelitate</span> <span class='ocrx_word' id='word_1_337' title='bbox 2413 1763 2648 1818; x_wconf 88' lang='lat' dir='ltr'>illorum</span> <span class='ocrx_word' id='word_1_338' title='bbox 2672 1763 2772 1835; x_wconf 91' lang='lat' dir='ltr'>qui</span> <span class='ocrx_word' id='word_1_339' title='bbox 2794 1765 2854 1819; x_wconf 89' lang='lat' dir='ltr'>in</span> <span class='ocrx_word' id='word_1_340' title='bbox 2878 1765 3101 1821; x_wconf 90' lang='lat' dir='ltr'>malitia</span> <span class='ocrx_word' id='word_1_341' title='bbox 3123 1785 3562 1839; x_wconf 89' lang='lat' dir='ltr'>perseveravere</span> <span class='ocrx_word' id='word_1_342' title='bbox 3585 1789 3599 1829; x_wconf 88' lang='lat'><strong>:</strong></span> 
     </span>
    </p>
   </div>
   <div class='ocr_carea' id='block_1_48' title="bbox 1952 1851 3602 1932">
    <p class='ocr_par' dir='ltr' id='par_1_48' title="bbox 1952 1851 3602 1932">
     <span class='ocr_line' id='line_1_48' title="bbox 1952 1851 3602 1932; baseline 0.009 -30"><span class='ocrx_word' id='word_1_343' title='bbox 1952 1866 2109 1904; x_wconf 91' lang='lat' dir='ltr'>nunc</span> <span class='ocrx_word' id='word_1_344' title='bbox 2147 1867 2280 1905; x_wconf 89' lang='lat' dir='ltr'>vero</span> <span class='ocrx_word' id='word_1_345' title='bbox 2330 1851 2651 1923; x_wconf 89' lang='lat' dir='ltr'>alloquitur</span> <span class='ocrx_word' id='word_1_346' title='bbox 2698 1853 3055 1925; x_wconf 88' lang='lat' dir='ltr'>primitivam</span> <span class='ocrx_word' id='word_1_347' title='bbox 3100 1856 3442 1926; x_wconf 85' lang='lat' dir='ltr'>Ecclesiam,</span> <span class='ocrx_word' id='word_1_348' title='bbox 3474 1878 3602 1932; x_wconf 72' lang='lat' dir='ltr'>quae</span> 
     </span>
    </p>
   </div>
   <div class='ocr_carea' id='block_1_49' title="bbox 1952 1937 3603 2015">
    <p class='ocr_par' dir='ltr' id='par_1_49' title="bbox 1952 1937 3603 2015">
     <span class='ocr_line' id='line_1_49' title="bbox 1952 1937 3603 2015; baseline 0.008 -24"><span class='ocrx_word' id='word_1_349' title='bbox 1952 1938 2214 1993; x_wconf 92' lang='lat' dir='ltr'>constitit</span> <span class='ocrx_word' id='word_1_350' title='bbox 2242 1937 2303 1994; x_wconf 92' lang='lat' dir='ltr'>in</span> <span class='ocrx_word' id='word_1_351' title='bbox 2334 1940 2637 2011; x_wconf 87' lang='lat' dir='ltr'>apostolis,</span> <span class='ocrx_word' id='word_1_352' title='bbox 2670 1946 2729 1996; x_wconf 92' lang='lat' dir='ltr'>et</span> <span class='ocrx_word' id='word_1_353' title='bbox 2766 1941 2852 1997; x_wconf 87' lang='lat' dir='ltr'>eis</span> <span class='ocrx_word' id='word_1_354' title='bbox 2882 1943 2983 2013; x_wconf 91' lang='lat' dir='ltr'>qui</span> <span class='ocrx_word' id='word_1_355' title='bbox 3022 1960 3126 2015; x_wconf 92' lang='lat' dir='ltr'>per</span> <span class='ocrx_word' id='word_1_356' title='bbox 3154 1962 3254 2002; x_wconf 91' lang='lat' dir='ltr'>eos</span> <span class='ocrx_word' id='word_1_357' title='bbox 3284 1963 3353 2002; x_wconf 82' lang='lat' dir='ltr'>ex</span> <span class='ocrx_word' id='word_1_358' title='bbox 3381 1948 3603 2007; x_wconf 70' lang='lat' dir='ltr'>Judmis</span> 
     </span>
    </p>
   </div>
   <div class='ocr_carea' id='block_1_50' title="bbox 1949 2026 3602 2101">
    <p class='ocr_par' dir='ltr' id='par_1_50' title="bbox 1949 2026 3602 2101">
     <span class='ocr_line' id='line_1_50' title="bbox 1949 2026 3602 2101; baseline 0.008 -22"><span class='ocrx_word' id='word_1_359' title='bbox 1949 2026 2268 2081; x_wconf 89' lang='lat' dir='ltr'>credidere.</span> <span class='ocrx_word' id='word_1_360' title='bbox 2292 2029 2361 2082; x_wconf 88' lang='lat' dir='ltr'>Et</span> <span class='ocrx_word' id='word_1_361' title='bbox 2406 2046 2582 2093; x_wconf 90' lang='lat' dir='ltr'>nunc,</span> <span class='ocrx_word' id='word_1_362' title='bbox 2608 2029 2820 2101; x_wconf 87' lang='lat' dir='ltr'>inquit,</span> <span class='ocrx_word' id='word_1_363' title='bbox 2846 2030 2967 2086; x_wconf 76' lang='lat' dir='ltr'>haec</span> <span class='ocrx_word' id='word_1_364' title='bbox 3010 2032 3153 2088; x_wconf 90' lang='lat' dir='ltr'>dicit</span> <span class='ocrx_word' id='word_1_365' title='bbox 3182 2034 3490 2091; x_wconf 90' lang='lat' dir='ltr'>Dominus.</span> <span class='ocrx_word' id='word_1_366' title='bbox 3520 2041 3602 2095; x_wconf 87' lang='lat' dir='ltr'>Ac</span> 
     </span>
    </p>
   </div>
   <div class='ocr_carea' id='block_1_51' title="bbox 1949 2114 3604 2191">
    <p class='ocr_par' dir='ltr' id='par_1_51' title="bbox 1949 2114 3604 2191">
     <span class='ocr_line' id='line_1_51' title="bbox 1949 2114 3604 2191; baseline 0.008 -22"><span class='ocrx_word' id='word_1_367' title='bbox 1949 2114 1996 2169; x_wconf 81' lang='lat' dir='ltr'>si</span> <span class='ocrx_word' id='word_1_368' title='bbox 2023 2116 2240 2170; x_wconf 87' lang='lat' dir='ltr'>diceret</span> <span class='ocrx_word' id='word_1_369' title='bbox 2271 2116 2404 2171; x_wconf 85' lang='lat' dir='ltr'>aliis</span> <span class='ocrx_word' id='word_1_370' title='bbox 2424 2117 2615 2171; x_wconf 81' lang='lat' dir='ltr'>verbis</span> <span class='ocrx_word' id='word_1_371' title='bbox 2641 2135 2653 2172; x_wconf 90' lang='lat'><strong>:</strong></span> <span class='ocrx_word' id='word_1_372' title='bbox 2677 2119 2823 2184; x_wconf 74' lang='lat' dir='ltr'>Quia</span> <span class='ocrx_word' id='word_1_373' title='bbox 2847 2118 2928 2173; x_wconf 89' lang='lat' dir='ltr'>illi</span> <span class='ocrx_word' id='word_1_374' title='bbox 2957 2120 3014 2173; x_wconf 92' lang='lat' dir='ltr'>in</span> <span class='ocrx_word' id='word_1_375' title='bbox 3040 2123 3285 2191; x_wconf 87' lang='lat' dir='ltr'>perﬁdia</span> <span class='ocrx_word' id='word_1_376' title='bbox 3307 2142 3415 2180; x_wconf 88' lang='lat' dir='ltr'>sua</span> <span class='ocrx_word' id='word_1_377' title='bbox 3442 2143 3604 2182; x_wconf 85' lang='lat' dir='ltr'>man-</span> 
     </span>
    </p>
   </div>
   <div class='ocr_carea' id='block_1_52' title="bbox 1948 2205 3601 2280">
    <p class='ocr_par' dir='ltr' id='par_1_52' title="bbox 1948 2205 3601 2280">
     <span class='ocr_line' id='line_1_52' title="bbox 1948 2205 3601 2280; baseline 0.008 -22"><span class='ocrx_word' id='word_1_378' title='bbox 1948 2209 2171 2271; x_wconf 90' lang='lat' dir='ltr'>serunt,</span> <span class='ocrx_word' id='word_1_379' title='bbox 2197 2205 2460 2260; x_wconf 87' lang='lat' dir='ltr'>nolentes</span> <span class='ocrx_word' id='word_1_380' title='bbox 2484 2206 2737 2277; x_wconf 89' lang='lat' dir='ltr'>recipere</span> <span class='ocrx_word' id='word_1_381' title='bbox 2759 2208 3229 2277; x_wconf 68' lang='lat' dir='ltr'>praedicationem</span> <span class='ocrx_word' id='word_1_382' title='bbox 3253 2228 3468 2280; x_wconf 89' lang='lat' dir='ltr'>meam,</span> <span class='ocrx_word' id='word_1_383' title='bbox 3501 2232 3601 2272; x_wconf 86' lang='lat' dir='ltr'>ne-</span> 
     </span>
    </p>
   </div>
   <div class='ocr_carea' id='block_1_53' title="bbox 1948 2295 3601 2367">
    <p class='ocr_par' dir='ltr' id='par_1_53' title="bbox 1948 2295 3601 2367">
     <span class='ocr_line' id='line_1_53' title="bbox 1948 2295 3601 2367; baseline 0.008 -21"><span class='ocrx_word' id='word_1_384' title='bbox 1948 2309 2061 2363; x_wconf 92' lang='lat' dir='ltr'>que</span> <span class='ocrx_word' id='word_1_385' title='bbox 2092 2299 2279 2361; x_wconf 88' lang='lat' dir='ltr'>tuam,</span> <span class='ocrx_word' id='word_1_386' title='bbox 2303 2312 2335 2349; x_wconf 95' lang='lat' dir='ltr'>o</span> <span class='ocrx_word' id='word_1_387' title='bbox 2366 2295 2582 2350; x_wconf 89' lang='lat' dir='ltr'>chorus</span> <span class='ocrx_word' id='word_1_388' title='bbox 2612 2296 3011 2367; x_wconf 90' lang='lat' dir='ltr'>apostolorum</span> <span class='ocrx_word' id='word_1_389' title='bbox 3038 2314 3051 2353; x_wconf 89' lang='lat'>:</span> <span class='ocrx_word' id='word_1_390' title='bbox 3081 2298 3202 2355; x_wconf 68' lang='lat' dir='ltr'>haec</span> <span class='ocrx_word' id='word_1_391' title='bbox 3234 2301 3375 2357; x_wconf 89' lang='lat' dir='ltr'>dicit</span> <span class='ocrx_word' id='word_1_392' title='bbox 3403 2303 3601 2360; x_wconf 91' lang='lat' dir='ltr'>Domi-</span> 
     </span>
    </p>
   </div>
   <div class='ocr_carea' id='block_1_54' title="bbox 1949 2382 3605 2456">
    <p class='ocr_par' dir='ltr' id='par_1_54' title="bbox 1949 2382 3605 2456">
     <span class='ocr_line' id='line_1_54' title="bbox 1949 2382 3605 2456; baseline 0.008 -21"><span class='ocrx_word' id='word_1_393' title='bbox 1949 2399 2062 2436; x_wconf 89' lang='lat' dir='ltr'>nus</span> <span class='ocrx_word' id='word_1_394' title='bbox 2095 2382 2196 2453; x_wconf 88' lang='lat' dir='ltr'>qui</span> <span class='ocrx_word' id='word_1_395' title='bbox 2225 2384 2443 2439; x_wconf 88' lang='lat' dir='ltr'>creavit</span> <span class='ocrx_word' id='word_1_396' title='bbox 2474 2389 2529 2439; x_wconf 91' lang='lat' dir='ltr'>te</span> <span class='ocrx_word' id='word_1_397' title='bbox 2560 2384 2621 2438; x_wconf 90' lang='lat' dir='ltr'>in</span> <span class='ocrx_word' id='word_1_398' title='bbox 2644 2401 2903 2456; x_wconf 89' lang='lat' dir='ltr'>corpore,</span> <span class='ocrx_word' id='word_1_399' title='bbox 2927 2392 2984 2440; x_wconf 91' lang='lat' dir='ltr'>et</span> <span class='ocrx_word' id='word_1_400' title='bbox 3014 2388 3285 2445; x_wconf 85' lang='lat' dir='ltr'>formavit</span> <span class='ocrx_word' id='word_1_401' title='bbox 3314 2390 3374 2445; x_wconf 92' lang='lat' dir='ltr'>in</span> <span class='ocrx_word' id='word_1_402' title='bbox 3406 2392 3605 2450; x_wconf 86' lang='lat' dir='ltr'>anima</span> 
     </span>
    </p>
   </div>
   <div class='ocr_carea' id='block_1_55' title="bbox 1950 2471 3603 2551">
    <p class='ocr_par' dir='ltr' id='par_1_55' title="bbox 1950 2471 3603 2551">
     <span class='ocr_line' id='line_1_55' title="bbox 1950 2471 3603 2551; baseline 0.007 -25"><span class='ocrx_word' id='word_1_403' title='bbox 1950 2471 2100 2541; x_wconf 72' lang='lat' dir='ltr'>(Gen.</span> <span class='ocrx_word' id='word_1_404' title='bbox 2125 2478 2321 2539; x_wconf 76' lang='lat' dir='ltr'>xxvu).</span> <span class='ocrx_word' id='word_1_405' title='bbox 2345 2473 2525 2528; x_wconf 87' lang='lat' dir='ltr'>Jacob</span> <span class='ocrx_word' id='word_1_406' title='bbox 2559 2473 2681 2544; x_wconf 89' lang='lat' dir='ltr'>(qui</span> <span class='ocrx_word' id='word_1_407' title='bbox 2713 2474 3130 2546; x_wconf 85' lang='lat' dir='ltr'>interpretatur</span> <span class='ocrx_word' id='word_1_408' title='bbox 3159 2477 3603 2551; x_wconf 87' lang='lat' dir='ltr'>supplantabor)</span> 
     </span>
    </p>
   </div>
   <div class='ocr_carea' id='block_1_56' title="bbox 1948 2561 3605 2640">
    <p class='ocr_par' dir='ltr' id='par_1_56' title="bbox 1948 2561 3605 2640">
     <span class='ocr_line' id='line_1_56' title="bbox 1948 2561 3605 2640; baseline 0.007 -26"><span class='ocrx_word' id='word_1_409' title='bbox 1948 2566 2006 2614; x_wconf 88' lang='lat' dir='ltr'>et</span> <span class='ocrx_word' id='word_1_410' title='bbox 2038 2561 2211 2615; x_wconf 86' lang='lat' dir='ltr'>Israel</span> <span class='ocrx_word' id='word_1_411' title='bbox 2235 2561 2359 2632; x_wconf 92' lang='lat' dir='ltr'>(qui</span> <span class='ocrx_word' id='word_1_412' title='bbox 2383 2562 2803 2634; x_wconf 84' lang='lat' dir='ltr'>interpretatur</span> <span class='ocrx_word' id='word_1_413' title='bbox 2822 2563 2908 2617; x_wconf 89' lang='lat' dir='ltr'>vir</span> <span class='ocrx_word' id='word_1_414' title='bbox 2926 2564 3132 2620; x_wconf 90' lang='lat' dir='ltr'>videns</span> <span class='ocrx_word' id='word_1_415' title='bbox 3150 2570 3358 2636; x_wconf 89' lang='lat' dir='ltr'>Deum)</span> <span class='ocrx_word' id='word_1_416' title='bbox 3381 2575 3605 2640; x_wconf 87' lang='lat' dir='ltr'>aposto-</span> 
     </span>
    </p>
   </div>
   <div class='ocr_carea' id='block_1_57' title="bbox 1948 2647 3603 2727">
    <p class='ocr_par' dir='ltr' id='par_1_57' title="bbox 1948 2647 3603 2727">
     <span class='ocr_line' id='line_1_57' title="bbox 1948 2647 3603 2727; baseline 0.007 -25"><span class='ocrx_word' id='word_1_417' title='bbox 1948 2647 2036 2703; x_wconf 89' lang='lat' dir='ltr'>los</span> <span class='ocrx_word' id='word_1_418' title='bbox 2068 2650 2362 2721; x_wconf 86' lang='lat' dir='ltr'>signiﬁcat</span> <span class='ocrx_word' id='word_1_419' title='bbox 2392 2656 2450 2705; x_wconf 88' lang='lat' dir='ltr'>et</span> <span class='ocrx_word' id='word_1_420' title='bbox 2479 2650 2833 2722; x_wconf 89' lang='lat' dir='ltr'>apostolicos</span> <span class='ocrx_word' id='word_1_421' title='bbox 2863 2650 3152 2725; x_wconf 89' lang='lat' dir='ltr'>viros,qui</span> <span class='ocrx_word' id='word_1_422' title='bbox 3185 2656 3603 2727; x_wconf 86' lang='lat' dir='ltr'>supplantave-</span> 
     </span>
    </p>
   </div>
   <div class='ocr_carea' id='block_1_58' title="bbox 1949 2738 3604 2814">
    <p class='ocr_par' dir='ltr' id='par_1_58' title="bbox 1949 2738 3604 2814">
     <span class='ocr_line' id='line_1_58' title="bbox 1949 2738 3604 2814; baseline 0.004 -24"><span class='ocrx_word' id='word_1_423' title='bbox 1949 2743 2085 2791; x_wconf 89' lang='lat' dir='ltr'>runt</span> <span class='ocrx_word' id='word_1_424' title='bbox 2102 2738 2260 2803; x_wconf 84' lang='lat' dir='ltr'>vitia,</span> <span class='ocrx_word' id='word_1_425' title='bbox 2275 2743 2331 2793; x_wconf 91' lang='lat' dir='ltr'>et</span> <span class='ocrx_word' id='word_1_426' title='bbox 2354 2745 2699 2793; x_wconf 87' lang='lat' dir='ltr'>meruerunt</span> <span class='ocrx_word' id='word_1_427' title='bbox 2716 2740 2900 2795; x_wconf 90' lang='lat' dir='ltr'>Deum</span> <span class='ocrx_word' id='word_1_428' title='bbox 2921 2741 3169 2810; x_wconf 84' lang='lat' dir='ltr'>videre,«</span> <span class='ocrx_word' id='word_1_429' title='bbox 3190 2744 3316 2797; x_wconf 90' lang='lat' dir='ltr'>Noli</span> <span class='ocrx_word' id='word_1_430' title='bbox 3339 2744 3604 2814; x_wconf 78' lang='lat' dir='ltr'>timere,»</span> 
     </span>
    </p>
   </div>
   <div class='ocr_carea' id='block_1_59' title="bbox 1947 2826 3602 2904">
    <p class='ocr_par' dir='ltr' id='par_1_59' title="bbox 1947 2826 3602 2904">
     <span class='ocr_line' id='line_1_59' title="bbox 1947 2826 3602 2904; baseline 0.005 -24"><span class='ocrx_word' id='word_1_431' title='bbox 1947 2841 1980 2880; x_wconf 90' lang='grc' dir='ltr'>ο</span> <span class='ocrx_word' id='word_1_432' title='bbox 2012 2826 2228 2881; x_wconf 89' lang='lat' dir='ltr'>chorus</span> <span class='ocrx_word' id='word_1_433' title='bbox 2257 2826 2675 2897; x_wconf 85' lang='lat' dir='ltr'>apostolorum,</span> <span class='ocrx_word' id='word_1_434' title='bbox 2694 2850 2721 2876; x_wconf 73' lang='grc' dir='ltr'>ι(</span> <span class='ocrx_word' id='word_1_435' title='bbox 2747 2828 2887 2898; x_wconf 90' lang='lat' dir='ltr'>quia</span> <span class='ocrx_word' id='word_1_436' title='bbox 2926 2830 3145 2884; x_wconf 88' lang='lat' dir='ltr'>redemi</span> <span class='ocrx_word' id='word_1_437' title='bbox 3177 2835 3232 2885; x_wconf 90' lang='lat' dir='ltr'>te</span> <span class='ocrx_word' id='word_1_438' title='bbox 3260 2853 3288 2879; x_wconf 84' lang='lat'>»</span> <span class='ocrx_word' id='word_1_439' title='bbox 3315 2833 3602 2904; x_wconf 83' lang='lat' dir='ltr'>sanguine</span> 
     </span>
    </p>
   </div>
   <div class='ocr_carea' id='block_1_60' title="bbox 1948 2914 3598 2991">
    <p class='ocr_par' dir='ltr' id='par_1_60' title="bbox 1948 2914 3598 2991">
     <span class='ocr_line' id='line_1_60' title="bbox 1948 2914 3598 2991; baseline 0.004 -22"><span class='ocrx_word' id='word_1_440' title='bbox 1948 2914 2076 2969; x_wconf 86' lang='lat' dir='ltr'>Filii</span> <span class='ocrx_word' id='word_1_441' title='bbox 2109 2915 2243 2982; x_wconf 91' lang='lat' dir='ltr'>mei,</span> <span class='ocrx_word' id='word_1_442' title='bbox 2270 2938 2296 2964; x_wconf 89' lang='grc'>‹‹</span> <span class='ocrx_word' id='word_1_443' title='bbox 2330 2920 2387 2970; x_wconf 89' lang='lat' dir='ltr'>et</span> <span class='ocrx_word' id='word_1_444' title='bbox 2423 2916 2619 2971; x_wconf 73' lang='lat' dir='ltr'>vocavi</span> <span class='ocrx_word' id='word_1_445' title='bbox 2652 2921 2707 2969; x_wconf 89' lang='lat' dir='ltr'>te</span> <span class='ocrx_word' id='word_1_446' title='bbox 2754 2917 2991 2972; x_wconf 87' lang='lat' dir='ltr'>nomine</span> <span class='ocrx_word' id='word_1_447' title='bbox 3020 2922 3143 2984; x_wconf 91' lang='lat' dir='ltr'>tuo,</span> <span class='ocrx_word' id='word_1_448' title='bbox 3170 2940 3199 2967; x_wconf 82' lang='grc'>››</span> <span class='ocrx_word' id='word_1_449' title='bbox 3221 2919 3598 2991; x_wconf 86' lang='lat' dir='ltr'>subauditur,</span> 
     </span>
    </p>
   </div>
   <div class='ocr_carea' id='block_1_61' title="bbox 1947 3002 3421 3071">
    <p class='ocr_par' dir='ltr' id='par_1_61' title="bbox 1947 3002 3421 3071">
     <span class='ocr_line' id='line_1_61' title="bbox 1947 3002 3421 3071; baseline 0.003 -14"><span class='ocrx_word' id='word_1_450' title='bbox 1947 3007 2013 3057; x_wconf 91' lang='lat' dir='ltr'>ut</span> <span class='ocrx_word' id='word_1_451' title='bbox 2045 3002 2243 3069; x_wconf 87' lang='lat' dir='ltr'>Israel,</span> <span class='ocrx_word' id='word_1_452' title='bbox 2268 3003 2325 3057; x_wconf 92' lang='lat' dir='ltr'>id</span> <span class='ocrx_word' id='word_1_453' title='bbox 2359 3008 2449 3058; x_wconf 89' lang='lat' dir='ltr'>est</span> <span class='ocrx_word' id='word_1_454' title='bbox 2476 3004 2565 3057; x_wconf 90' lang='lat' dir='ltr'>vir</span> <span class='ocrx_word' id='word_1_455' title='bbox 2592 3003 2795 3058; x_wconf 89' lang='lat' dir='ltr'>videns</span> <span class='ocrx_word' id='word_1_456' title='bbox 2828 3004 3034 3071; x_wconf 88' lang='lat' dir='ltr'>Deum,</span> <span class='ocrx_word' id='word_1_457' title='bbox 3056 3006 3365 3063; x_wconf 89' lang='lat' dir='ltr'>vocareris.</span> <span class='ocrx_word' id='word_1_458' title='bbox 3418 3024 3421 3029; x_wconf 85' lang='lat'>&#39;</span> 
     </span>
    </p>
   </div>
   <div class='ocr_carea' id='block_1_62' title="bbox 2020 3092 3599 3159">
    <p class='ocr_par' dir='ltr' id='par_1_62' title="bbox 2020 3092 3599 3159">
     <span class='ocr_line' id='line_1_62' title="bbox 2020 3092 3599 3159; baseline 0.01 -18"><span class='ocrx_word' id='word_1_459' title='bbox 2020 3114 2047 3141; x_wconf 84' lang='grc'><em>‹‹</em></span> <span class='ocrx_word' id='word_1_460' title='bbox 2072 3092 2235 3146; x_wconf 88' lang='lat' dir='ltr'>Meus</span> <span class='ocrx_word' id='word_1_461' title='bbox 2266 3108 2352 3159; x_wconf 86' lang='lat' dir='ltr'>es,</span> <span class='ocrx_word' id='word_1_462' title='bbox 2374 3114 2402 3142; x_wconf 72' lang='grc' dir='ltr'>ι»</span> <span class='ocrx_word' id='word_1_463' title='bbox 2433 3092 2790 3147; x_wconf 88' lang='lat' dir='ltr'>subauditur</span> <span class='ocrx_word' id='word_1_464' title='bbox 2817 3109 3041 3149; x_wconf 88' lang='lat' dir='ltr'>servus.</span> <span class='ocrx_word' id='word_1_465' title='bbox 3066 3116 3096 3143; x_wconf 85' lang='grc'>‹‹</span> <span class='ocrx_word' id='word_1_466' title='bbox 3117 3094 3263 3150; x_wconf 90' lang='lat' dir='ltr'>Cum</span> <span class='ocrx_word' id='word_1_467' title='bbox 3292 3096 3599 3157; x_wconf 87' lang='lat' dir='ltr'>transieris</span> 
     </span>
    </p>
   </div>
   <div class='ocr_carea' id='block_1_63' title="bbox 1944 3180 3602 3253">
    <p class='ocr_par' dir='ltr' id='par_1_63' title="bbox 1944 3180 3602 3253">
     <span class='ocr_line' id='line_1_63' title="bbox 1944 3180 3602 3253; baseline 0.005 -18"><span class='ocrx_word' id='word_1_468' title='bbox 1944 3197 2047 3251; x_wconf 90' lang='lat' dir='ltr'>per</span> <span class='ocrx_word' id='word_1_469' title='bbox 2077 3197 2281 3252; x_wconf 86' lang='lat' dir='ltr'>aquas,</span> <span class='ocrx_word' id='word_1_470' title='bbox 2302 3203 2327 3229; x_wconf 88' lang='grc'><strong><em>››</em></strong></span> <span class='ocrx_word' id='word_1_471' title='bbox 2350 3198 2382 3235; x_wconf 92' lang='lat' dir='ltr'>o</span> <span class='ocrx_word' id='word_1_472' title='bbox 2411 3180 2628 3235; x_wconf 87' lang='lat' dir='ltr'>chorus</span> <span class='ocrx_word' id='word_1_473' title='bbox 2657 3180 3079 3253; x_wconf 88' lang='lat' dir='ltr'>apostolorum,</span> <span class='ocrx_word' id='word_1_474' title='bbox 3107 3206 3129 3233; x_wconf 79' lang='grc' dir='ltr'>ι</span> <span class='ocrx_word' id='word_1_475' title='bbox 3162 3188 3356 3241; x_wconf 88' lang='lat' dir='ltr'>tecum</span> <span class='ocrx_word' id='word_1_476' title='bbox 3388 3202 3507 3253; x_wconf 90' lang='lat' dir='ltr'>ero,</span> <span class='ocrx_word' id='word_1_477' title='bbox 3541 3191 3602 3243; x_wconf 88' lang='lat' dir='ltr'>et</span> 
     </span>
    </p>
   </div>
   <div class='ocr_carea' id='block_1_64' title="bbox 1948 3269 3600 3341">
    <p class='ocr_par' dir='ltr' id='par_1_64' title="bbox 1948 3269 3600 3341">
     <span class='ocr_line' id='line_1_64' title="bbox 1948 3269 3600 3341; baseline 0.004 -17"><span class='ocrx_word' id='word_1_478' title='bbox 1948 3269 2194 3324; x_wconf 85' lang='lat' dir='ltr'>ﬂumina</span> <span class='ocrx_word' id='word_1_479' title='bbox 2224 3286 2339 3325; x_wconf 93' lang='lat' dir='ltr'>non</span> <span class='ocrx_word' id='word_1_480' title='bbox 2371 3270 2634 3341; x_wconf 89' lang='lat' dir='ltr'>operient</span> <span class='ocrx_word' id='word_1_481' title='bbox 2661 3274 2737 3325; x_wconf 90' lang='lat' dir='ltr'>te.</span> <span class='ocrx_word' id='word_1_482' title='bbox 2766 3292 2793 3319; x_wconf 82' lang='lat'>»</span> <span class='ocrx_word' id='word_1_483' title='bbox 2817 3270 2922 3325; x_wconf 90' lang='lat' dir='ltr'>Per</span> <span class='ocrx_word' id='word_1_484' title='bbox 2963 3270 3086 3326; x_wconf 68' lang='lat' dir='ltr'>haec</span> <span class='ocrx_word' id='word_1_485' title='bbox 3116 3273 3293 3328; x_wconf 87' lang='lat' dir='ltr'>verba</span> <span class='ocrx_word' id='word_1_486' title='bbox 3338 3276 3600 3331; x_wconf 82' lang='lat' dir='ltr'>ostendit</span> 
     </span>
    </p>
   </div>
   <div class='ocr_carea' id='block_1_65' title="bbox 176 3352 3602 3436">
    <p class='ocr_par' dir='ltr' id='par_1_65' title="bbox 176 3352 3602 3436">
     <span class='ocr_line' id='line_1_65' title="bbox 176 3352 3602 3436; baseline 0.001 -21"><span class='ocrx_word' id='word_1_487' title='bbox 176 3360 352 3429; x_wconf 87' lang='lat' dir='ltr'>tium,</span> <span class='ocrx_word' id='word_1_488' title='bbox 379 3383 407 3411; x_wconf 89' lang='grc'>‹‹</span> <span class='ocrx_word' id='word_1_489' title='bbox 432 3377 538 3416; x_wconf 90' lang='lat' dir='ltr'>nec</span> <span class='ocrx_word' id='word_1_490' title='bbox 570 3365 661 3416; x_wconf 90' lang='lat' dir='ltr'>est</span> <span class='ocrx_word' id='word_1_491' title='bbox 689 3360 789 3433; x_wconf 87' lang='lat' dir='ltr'>qui</span> <span class='ocrx_word' id='word_1_492' title='bbox 818 3365 1003 3419; x_wconf 88' lang='lat' dir='ltr'>eruat.</span> <span class='ocrx_word' id='word_1_493' title='bbox 1034 3386 1061 3411; x_wconf 85' lang='grc'>››</span> <span class='ocrx_word' id='word_1_494' title='bbox 1082 3362 1209 3418; x_wconf 89' lang='lat' dir='ltr'>Non</span> <span class='ocrx_word' id='word_1_495' title='bbox 1251 3362 1362 3417; x_wconf 85' lang='lat' dir='ltr'>fuit</span> <span class='ocrx_word' id='word_1_496' title='bbox 1397 3361 1699 3434; x_wconf 89' lang='lat' dir='ltr'>propheta,</span> <span class='ocrx_word' id='word_1_497' title='bbox 1734 3378 1833 3416; x_wconf 90' lang='lat' dir='ltr'>ne-</span> <span class='ocrx_word' id='word_1_498' title='bbox 1865 3352 1908 3419; x_wconf 88' lang='lat' dir='ltr'><strong><em>C</em></strong></span> <span class='ocrx_word' id='word_1_499' title='bbox 1948 3374 2140 3412; x_wconf 80' lang='lat' dir='ltr'>sermo</span> <span class='ocrx_word' id='word_1_500' title='bbox 2162 3358 2416 3426; x_wconf 90' lang='lat' dir='ltr'>divinus,</span> <span class='ocrx_word' id='word_1_501' title='bbox 2435 3357 2730 3429; x_wconf 90' lang='lat' dir='ltr'>apostolos</span> <span class='ocrx_word' id='word_1_502' title='bbox 2751 3358 2940 3415; x_wconf 89' lang='lat' dir='ltr'>multa</span> <span class='ocrx_word' id='word_1_503' title='bbox 2959 3363 3251 3418; x_wconf 89' lang='lat' dir='ltr'>tormenta</span> <span class='ocrx_word' id='word_1_504' title='bbox 3264 3368 3321 3418; x_wconf 91' lang='lat' dir='ltr'>et</span> <span class='ocrx_word' id='word_1_505' title='bbox 3339 3363 3602 3436; x_wconf 80' lang='lat' dir='ltr'>pericula</span> 
     </span>
    </p>
   </div>
   <div class='ocr_carea' id='block_1_66' title="bbox 179 3448 1839 3523">
    <p class='ocr_par' dir='ltr' id='par_1_66' title="bbox 179 3448 1839 3523">
     <span class='ocr_line' id='line_1_66' title="bbox 179 3448 1839 3523; baseline 0.001 -18"><span class='ocrx_word' id='word_1_506' title='bbox 179 3466 295 3522; x_wconf 84' lang='lat' dir='ltr'>que</span> <span class='ocrx_word' id='word_1_507' title='bbox 327 3449 622 3518; x_wconf 86' lang='lat' dir='ltr'>sacerdos,</span> <span class='ocrx_word' id='word_1_508' title='bbox 650 3449 752 3521; x_wconf 87' lang='lat' dir='ltr'>qui</span> <span class='ocrx_word' id='word_1_509' title='bbox 783 3448 1181 3523; x_wconf 89' lang='lat' dir='ltr'>interpellaret</span> <span class='ocrx_word' id='word_1_510' title='bbox 1210 3467 1315 3521; x_wconf 89' lang='lat' dir='ltr'>pro</span> <span class='ocrx_word' id='word_1_511' title='bbox 1345 3451 1429 3507; x_wconf 91' lang='lat' dir='ltr'>eis</span> <span class='ocrx_word' id='word_1_512' title='bbox 1462 3451 1615 3506; x_wconf 87' lang='lat' dir='ltr'>sicut</span> <span class='ocrx_word' id='word_1_513' title='bbox 1646 3451 1839 3506; x_wconf 88' lang='lat' dir='ltr'>Moses</span> 
     </span>
    </p>
   </div>
   <div class='ocr_carea' id='block_1_67' title="bbox 178 3538 1837 3609">
    <p class='ocr_par' dir='ltr' id='par_1_67' title="bbox 178 3538 1837 3609">
     <span class='ocr_line' id='line_1_67' title="bbox 178 3538 1837 3609; baseline 0.001 -14"><span class='ocrx_word' id='word_1_514' title='bbox 178 3538 240 3594; x_wconf 85' lang='lat' dir='ltr'>in</span> <span class='ocrx_word' id='word_1_515' title='bbox 261 3554 482 3609; x_wconf 86' lang='lat' dir='ltr'>eremo,</span> <span class='ocrx_word' id='word_1_516' title='bbox 494 3543 837 3595; x_wconf 84' lang='lat' dir='ltr'>convertens</span> <span class='ocrx_word' id='word_1_517' title='bbox 857 3538 1006 3595; x_wconf 91' lang='lat' dir='ltr'>iram</span> <span class='ocrx_word' id='word_1_518' title='bbox 1024 3539 1255 3595; x_wconf 88' lang='lat' dir='ltr'>Domini</span> <span class='ocrx_word' id='word_1_519' title='bbox 1278 3540 1351 3596; x_wconf 89' lang='lat' dir='ltr'>ad</span> <span class='ocrx_word' id='word_1_520' title='bbox 1373 3539 1837 3596; x_wconf 90' lang='lat' dir='ltr'>misericordiam</span> 
     </span>
    </p>
   </div>
   <div class='ocr_carea' id='block_1_68' title="bbox 176 3628 1838 3702">
    <p class='ocr_par' dir='ltr' id='par_1_68' title="bbox 176 3628 1838 3702">
     <span class='ocr_line' id='line_1_68' title="bbox 176 3628 1838 3702; baseline 0.001 -16"><span class='ocrx_word' id='word_1_521' title='bbox 176 3628 375 3699; x_wconf 66' lang='lat' dir='ltr'>(Exod.</span> <span class='ocrx_word' id='word_1_522' title='bbox 407 3628 605 3700; x_wconf 77' lang='lat' dir='ltr'>xxxn).</span> <span class='ocrx_word' id='word_1_523' title='bbox 629 3650 658 3678; x_wconf 84' lang='lat'><strong>«</strong></span> <span class='ocrx_word' id='word_1_524' title='bbox 687 3628 750 3684; x_wconf 91' lang='lat' dir='ltr'>In</span> <span class='ocrx_word' id='word_1_525' title='bbox 795 3629 1183 3702; x_wconf 89' lang='lat' dir='ltr'>direptionem</span> <span class='ocrx_word' id='word_1_526' title='bbox 1223 3651 1253 3680; x_wconf 80' lang='lat'><strong>»</strong></span> <span class='ocrx_word' id='word_1_527' title='bbox 1294 3629 1692 3698; x_wconf 90' lang='lat' dir='ltr'>inimicorum,</span> <span class='ocrx_word' id='word_1_528' title='bbox 1725 3630 1838 3688; x_wconf 85' lang='lat' dir='ltr'>hoc</span> 
     </span>
    </p>
   </div>
   <div class='ocr_carea' id='block_1_69' title="bbox 177 3716 1834 3792">
    <p class='ocr_par' dir='ltr' id='par_1_69' title="bbox 177 3716 1834 3792">
     <span class='ocr_line' id='line_1_69' title="bbox 177 3716 1834 3792; baseline 0.001 -19"><span class='ocrx_word' id='word_1_529' title='bbox 177 3722 290 3784; x_wconf 88' lang='lat' dir='ltr'>est,</span> <span class='ocrx_word' id='word_1_530' title='bbox 314 3716 375 3773; x_wconf 89' lang='lat' dir='ltr'>in</span> <span class='ocrx_word' id='word_1_531' title='bbox 406 3716 804 3789; x_wconf 88' lang='lat' dir='ltr'>captivitatem</span> <span class='ocrx_word' id='word_1_532' title='bbox 836 3722 893 3774; x_wconf 90' lang='lat' dir='ltr'>et</span> <span class='ocrx_word' id='word_1_533' title='bbox 923 3719 1235 3790; x_wconf 72' lang='lat' dir='ltr'>prmdam,«</span> <span class='ocrx_word' id='word_1_534' title='bbox 1263 3724 1322 3775; x_wconf 89' lang='lat' dir='ltr'>et</span> <span class='ocrx_word' id='word_1_535' title='bbox 1346 3736 1462 3775; x_wconf 91' lang='lat' dir='ltr'>non</span> <span class='ocrx_word' id='word_1_536' title='bbox 1493 3724 1583 3774; x_wconf 88' lang='lat' dir='ltr'>est</span> <span class='ocrx_word' id='word_1_537' title='bbox 1614 3719 1715 3792; x_wconf 90' lang='lat' dir='ltr'>qui</span> <span class='ocrx_word' id='word_1_538' title='bbox 1746 3720 1834 3774; x_wconf 89' lang='lat' dir='ltr'>di-</span> 
     </span>
    </p>
   </div>
   <div class='ocr_carea' id='block_1_70' title="bbox 176 3805 1672 3874">
    <p class='ocr_par' dir='ltr' id='par_1_70' title="bbox 176 3805 1672 3874">
     <span class='ocr_line' id='line_1_70' title="bbox 176 3805 1672 3874; baseline 0 -12"><span class='ocrx_word' id='word_1_539' title='bbox 176 3809 297 3873; x_wconf 87' lang='lat' dir='ltr'>cat,</span> <span class='ocrx_word' id='word_1_540' title='bbox 320 3805 557 3873; x_wconf 82' lang='lat' dir='ltr'>redde,»</span> <span class='ocrx_word' id='word_1_541' title='bbox 580 3806 888 3873; x_wconf 86' lang='lat' dir='ltr'>subaudis,</span> <span class='ocrx_word' id='word_1_542' title='bbox 911 3806 1239 3862; x_wconf 87' lang='lat' dir='ltr'>libertatem</span> <span class='ocrx_word' id='word_1_543' title='bbox 1272 3808 1378 3874; x_wconf 90' lang='lat' dir='ltr'>eis,</span> <span class='ocrx_word' id='word_1_544' title='bbox 1412 3807 1672 3864; x_wconf 89' lang='lat' dir='ltr'>Domine.</span> 
     </span>
    </p>
   </div>
   <div class='ocr_carea' id='block_1_71' title="bbox 249 3892 1839 3967">
    <p class='ocr_par' dir='ltr' id='par_1_71' title="bbox 249 3892 1839 3967">
     <span class='ocr_line' id='line_1_71' title="bbox 249 3892 1839 3967; baseline 0.006 -23"><span class='ocrx_word' id='word_1_545' title='bbox 249 3917 279 3944; x_wconf 77' lang='grc' dir='ltr'><strong>ι(</strong></span> <span class='ocrx_word' id='word_1_546' title='bbox 305 3892 447 3958; x_wconf 87' lang='lat' dir='ltr'>Quis</span> <span class='ocrx_word' id='word_1_547' title='bbox 475 3898 566 3950; x_wconf 87' lang='lat' dir='ltr'>est</span> <span class='ocrx_word' id='word_1_548' title='bbox 593 3894 654 3949; x_wconf 88' lang='lat' dir='ltr'>in</span> <span class='ocrx_word' id='word_1_549' title='bbox 684 3894 848 3951; x_wconf 90' lang='lat' dir='ltr'>vobis</span> <span class='ocrx_word' id='word_1_550' title='bbox 878 3896 983 3967; x_wconf 90' lang='lat' dir='ltr'>qui</span> <span class='ocrx_word' id='word_1_551' title='bbox 1029 3896 1230 3952; x_wconf 88' lang='lat' dir='ltr'>audiat</span> <span class='ocrx_word' id='word_1_552' title='bbox 1277 3896 1386 3952; x_wconf 87' lang='lat' dir='ltr'>hoc</span> <span class='ocrx_word' id='word_1_553' title='bbox 1406 3897 1434 3952; x_wconf 82' lang='lat'>‘?</span> <span class='ocrx_word' id='word_1_554' title='bbox 1475 3898 1751 3953; x_wconf 87' lang='lat' dir='ltr'>Attendat</span> <span class='ocrx_word' id='word_1_555' title='bbox 1779 3900 1839 3953; x_wconf 90' lang='lat' dir='ltr'>et</span> 
     </span>
    </p>
   </div>
   <div class='ocr_carea' id='block_1_72' title="bbox 174 3981 1833 4057">
    <p class='ocr_par' dir='ltr' id='par_1_72' title="bbox 174 3981 1833 4057">
     <span class='ocr_line' id='line_1_72' title="bbox 174 3981 1833 4057; baseline 0.001 -18"><span class='ocrx_word' id='word_1_556' title='bbox 174 3981 475 4040; x_wconf 77' lang='lat' dir='ltr'>auscultet</span> <span class='ocrx_word' id='word_1_557' title='bbox 502 3983 721 4055; x_wconf 82' lang='lat' dir='ltr'>futura,</span> <span class='ocrx_word' id='word_1_558' title='bbox 743 4006 771 4032; x_wconf 82' lang='grc'><strong>››</strong></span> <span class='ocrx_word' id='word_1_559' title='bbox 790 3984 1100 4051; x_wconf 85' lang='lat' dir='ltr'>subaudis,</span> <span class='ocrx_word' id='word_1_560' title='bbox 1123 4001 1252 4056; x_wconf 69' lang='lat' dir='ltr'>qua:</span> <span class='ocrx_word' id='word_1_561' title='bbox 1278 4001 1385 4057; x_wconf 87' lang='lat' dir='ltr'>ego</span> <span class='ocrx_word' id='word_1_562' title='bbox 1415 3986 1721 4052; x_wconf 88' lang='lat' dir='ltr'>annuntio,</span> <span class='ocrx_word' id='word_1_563' title='bbox 1744 3985 1833 4041; x_wconf 93' lang='lat' dir='ltr'>vel</span> 
     </span>
    </p>
   </div>
   <div class='ocr_carea' id='block_1_73' title="bbox 172 4069 1833 4145">
    <p class='ocr_par' dir='ltr' id='par_1_73' title="bbox 172 4069 1833 4145">
     <span class='ocr_line' id='line_1_73' title="bbox 172 4069 1833 4145; baseline 0.001 -17"><span class='ocrx_word' id='word_1_564' title='bbox 172 4072 334 4128; x_wconf 79' lang='lat' dir='ltr'>bd&#39;na</span> <span class='ocrx_word' id='word_1_565' title='bbox 359 4069 449 4127; x_wconf 84' lang='lat' dir='ltr'>vel</span> <span class='ocrx_word' id='word_1_566' title='bbox 478 4070 653 4143; x_wconf 77' lang='lat' dir='ltr'>mala.</span> <span class='ocrx_word' id='word_1_567' title='bbox 679 4071 956 4129; x_wconf 81' lang='lat' dir='ltr'>Hortatur</span> <span class='ocrx_word' id='word_1_568' title='bbox 982 4090 1082 4129; x_wconf 91' lang='lat' dir='ltr'>eos</span> <span class='ocrx_word' id='word_1_569' title='bbox 1114 4073 1420 4145; x_wconf 88' lang='lat' dir='ltr'>Propheta,</span> <span class='ocrx_word' id='word_1_570' title='bbox 1452 4077 1516 4129; x_wconf 89' lang='lat' dir='ltr'>ut</span> <span class='ocrx_word' id='word_1_571' title='bbox 1548 4073 1597 4130; x_wconf 92' lang='lat' dir='ltr'>si</span> <span class='ocrx_word' id='word_1_572' title='bbox 1629 4090 1833 4130; x_wconf 90' lang='lat' dir='ltr'>omnes</span> 
     </span>
    </p>
   </div>
   <div class='ocr_carea' id='block_1_74' title="bbox 169 4159 1829 4233">
    <p class='ocr_par' dir='ltr' id='par_1_74' title="bbox 169 4159 1829 4233">
     <span class='ocr_line' id='line_1_74' title="bbox 169 4159 1829 4233; baseline 0 -15"><span class='ocrx_word' id='word_1_573' title='bbox 169 4159 385 4218; x_wconf 82' lang='lat' dir='ltr'>audire</span> <span class='ocrx_word' id='word_1_574' title='bbox 421 4175 537 4218; x_wconf 87' lang='lat' dir='ltr'>non</span> <span class='ocrx_word' id='word_1_575' title='bbox 586 4165 836 4232; x_wconf 81' lang='lat' dir='ltr'>possunt</span> <span class='ocrx_word' id='word_1_576' title='bbox 866 4178 994 4233; x_wconf 78' lang='lat' dir='ltr'>quae</span> <span class='ocrx_word' id='word_1_577' title='bbox 1047 4160 1145 4218; x_wconf 92' lang='lat' dir='ltr'>ille</span> <span class='ocrx_word' id='word_1_578' title='bbox 1202 4160 1662 4218; x_wconf 75' lang='lat' dir='ltr'>annuntiaturus</span> <span class='ocrx_word' id='word_1_579' title='bbox 1693 4168 1783 4218; x_wconf 90' lang='lat' dir='ltr'>est</span> <span class='ocrx_word' id='word_1_580' title='bbox 1814 4179 1829 4218; x_wconf 85' lang='lat'><strong>:</strong></span> 
     </span>
    </p>
   </div>
   <div class='ocr_carea' id='block_1_75' title="bbox 168 4246 1833 4323">
    <p class='ocr_par' dir='ltr' id='par_1_75' title="bbox 168 4246 1833 4323">
     <span class='ocr_line' id='line_1_75' title="bbox 168 4246 1833 4323; baseline 0 -16"><span class='ocrx_word' id='word_1_581' title='bbox 168 4247 389 4307; x_wconf 83' lang='lat' dir='ltr'>saltem</span> <span class='ocrx_word' id='word_1_582' title='bbox 418 4246 505 4305; x_wconf 86' lang='lat' dir='ltr'>vel</span> <span class='ocrx_word' id='word_1_583' title='bbox 537 4248 708 4320; x_wconf 84' lang='lat' dir='ltr'>pauci</span> <span class='ocrx_word' id='word_1_584' title='bbox 740 4249 939 4305; x_wconf 82' lang='lat' dir='ltr'>futura</span> <span class='ocrx_word' id='word_1_585' title='bbox 960 4254 1333 4322; x_wconf 86' lang='lat' dir='ltr'>cognoscant,</span> <span class='ocrx_word' id='word_1_586' title='bbox 1360 4254 1419 4306; x_wconf 89' lang='lat' dir='ltr'>et</span> <span class='ocrx_word' id='word_1_587' title='bbox 1447 4249 1779 4323; x_wconf 87' lang='lat' dir='ltr'>intelligant</span> <span class='ocrx_word' id='word_1_588' title='bbox 1798 4268 1833 4307; x_wconf 88' lang='lat' dir='ltr'>a</span> 
     </span>
    </p>
   </div>
   <div class='ocr_carea' id='block_1_76' title="bbox 166 4336 1829 4412">
    <p class='ocr_par' dir='ltr' id='par_1_76' title="bbox 166 4336 1829 4412">
     <span class='ocr_line' id='line_1_76' title="bbox 166 4336 1829 4412; baseline 0.002 -19"><span class='ocrx_word' id='word_1_589' title='bbox 166 4354 292 4409; x_wconf 84' lang='lat' dir='ltr'>quo</span> <span class='ocrx_word' id='word_1_590' title='bbox 325 4336 449 4394; x_wconf 69' lang='lat' dir='ltr'>ista</span> <span class='ocrx_word' id='word_1_591' title='bbox 483 4337 745 4410; x_wconf 84' lang='lat' dir='ltr'>perpessi</span> <span class='ocrx_word' id='word_1_592' title='bbox 776 4343 939 4408; x_wconf 84' lang='lat' dir='ltr'>sunt,</span> <span class='ocrx_word' id='word_1_593' title='bbox 963 4355 1291 4412; x_wconf 87' lang='lat' dir='ltr'>causasque</span> <span class='ocrx_word' id='word_1_594' title='bbox 1320 4340 1664 4396; x_wconf 87' lang='lat' dir='ltr'>vastationis</span> <span class='ocrx_word' id='word_1_595' title='bbox 1710 4357 1829 4396; x_wconf 69' lang='lat' dir='ltr'>sua:</span> 
     </span>
    </p>
   </div>
   <div class='ocr_carea' id='block_1_77' title="bbox 165 4424 567 4484">
    <p class='ocr_par' dir='ltr' id='par_1_77' title="bbox 165 4424 567 4484">
     <span class='ocr_line' id='line_1_77' title="bbox 165 4424 567 4484; baseline -0.002 0"><span class='ocrx_word' id='word_1_596' title='bbox 165 4424 567 4484; x_wconf 75' lang='lat' dir='ltr'>considerent.</span> 
     </span>
    </p>
   </div>
   <div class='ocr_carea' id='block_1_78' title="bbox 243 4514 1819 4589">
    <p class='ocr_par' dir='ltr' id='par_1_78' title="bbox 243 4514 1819 4589">
     <span class='ocr_line' id='line_1_78' title="bbox 243 4514 1819 4589; baseline 0.006 -24"><span class='ocrx_word' id='word_1_597' title='bbox 243 4537 274 4565; x_wconf 69' lang='grc' dir='ltr'>«ε</span> <span class='ocrx_word' id='word_1_598' title='bbox 303 4514 447 4581; x_wconf 84' lang='lat' dir='ltr'>Quis</span> <span class='ocrx_word' id='word_1_599' title='bbox 477 4514 640 4572; x_wconf 89' lang='lat' dir='ltr'>dedit</span> <span class='ocrx_word' id='word_1_600' title='bbox 668 4514 729 4572; x_wconf 86' lang='lat' dir='ltr'>in</span> <span class='ocrx_word' id='word_1_601' title='bbox 761 4516 1148 4589; x_wconf 86' lang='lat' dir='ltr'>direptionem</span> <span class='ocrx_word' id='word_1_602' title='bbox 1180 4517 1382 4587; x_wconf 89' lang='lat' dir='ltr'>Jacob,</span> <span class='ocrx_word' id='word_1_603' title='bbox 1406 4522 1464 4575; x_wconf 89' lang='lat' dir='ltr'>et</span> <span class='ocrx_word' id='word_1_604' title='bbox 1492 4517 1668 4575; x_wconf 87' lang='lat' dir='ltr'>Israel</span> <span class='ocrx_word' id='word_1_605' title='bbox 1700 4537 1819 4575; x_wconf 88' lang='lat' dir='ltr'>vas-</span> 
     </span>
    </p>
   </div>
   <div class='ocr_carea' id='block_1_79' title="bbox 163 4603 1831 4679">
    <p class='ocr_par' dir='ltr' id='par_1_79' title="bbox 163 4603 1831 4679">
     <span class='ocr_line' id='line_1_79' title="bbox 163 4603 1831 4679; baseline 0.003 -19"><span class='ocrx_word' id='word_1_606' title='bbox 163 4603 479 4660; x_wconf 81' lang='lat' dir='ltr'>tantibus?</span> <span class='ocrx_word' id='word_1_607' title='bbox 498 4603 703 4661; x_wconf 88' lang='lat' dir='ltr'>Nonne</span> <span class='ocrx_word' id='word_1_608' title='bbox 732 4605 889 4661; x_wconf 89' lang='lat' dir='ltr'>Deus</span> <span class='ocrx_word' id='word_1_609' title='bbox 914 4606 1042 4678; x_wconf 89' lang='lat' dir='ltr'>ipse</span> <span class='ocrx_word' id='word_1_610' title='bbox 1069 4606 1162 4662; x_wconf 90' lang='lat' dir='ltr'>cui</span> <span class='ocrx_word' id='word_1_611' title='bbox 1194 4607 1603 4679; x_wconf 86' lang='lat' dir='ltr'>peccavimus?</span> <span class='ocrx_word' id='word_1_612' title='bbox 1624 4630 1651 4658; x_wconf 88' lang='grc'><strong>››</strong></span> <span class='ocrx_word' id='word_1_613' title='bbox 1679 4610 1831 4665; x_wconf 88' lang='lat' dir='ltr'>Deus</span> 
     </span>
    </p>
   </div>
   <div class='ocr_carea' id='block_1_80' title="bbox 163 4692 1908 4784">
    <p class='ocr_par' dir='ltr' id='par_1_80' title="bbox 163 4692 1908 4784">
     <span class='ocr_line' id='line_1_80' title="bbox 163 4692 1908 4784; baseline 0.002 -35"><span class='ocrx_word' id='word_1_614' title='bbox 163 4692 548 4764; x_wconf 86' lang='lat' dir='ltr'>omnipotens</span> <span class='ocrx_word' id='word_1_615' title='bbox 581 4692 770 4761; x_wconf 89' lang='lat' dir='ltr'>Pater,</span> <span class='ocrx_word' id='word_1_616' title='bbox 797 4693 891 4750; x_wconf 89' lang='lat' dir='ltr'>cui</span> <span class='ocrx_word' id='word_1_617' title='bbox 932 4700 1337 4765; x_wconf 87' lang='lat' dir='ltr'>peccaverunt,</span> <span class='ocrx_word' id='word_1_618' title='bbox 1361 4697 1710 4753; x_wconf 88' lang='lat' dir='ltr'>damnantes</span> <span class='ocrx_word' id='word_1_619' title='bbox 1741 4697 1829 4752; x_wconf 83' lang='lat' dir='ltr'>in-</span> <span class='ocrx_word' id='word_1_620' title='bbox 1863 4720 1908 4784; x_wconf 67' lang='grc' dir='ltr'><strong>Β</strong></span> 
     </span>
    </p>
   </div>
   <div class='ocr_carea' id='block_1_81' title="bbox 154 4780 1831 4856">
    <p class='ocr_par' dir='ltr' id='par_1_81' title="bbox 154 4780 1831 4856">
     <span class='ocr_line' id='line_1_81' title="bbox 154 4780 1831 4856; baseline 0.001 -18"><span class='ocrx_word' id='word_1_621' title='bbox 154 4783 334 4853; x_wconf 81' lang='lat' dir='ltr'>juste</span> <span class='ocrx_word' id='word_1_622' title='bbox 351 4780 565 4839; x_wconf 84' lang='lat' dir='ltr'>Filium</span> <span class='ocrx_word' id='word_1_623' title='bbox 586 4782 715 4852; x_wconf 85' lang='lat' dir='ltr'>ejus</span> <span class='ocrx_word' id='word_1_624' title='bbox 736 4781 1130 4855; x_wconf 86' lang='lat' dir='ltr'>unigenitum,</span> <span class='ocrx_word' id='word_1_625' title='bbox 1146 4784 1271 4856; x_wconf 89' lang='lat' dir='ltr'>ipse</span> <span class='ocrx_word' id='word_1_626' title='bbox 1292 4784 1531 4840; x_wconf 86' lang='lat' dir='ltr'>tradidit</span> <span class='ocrx_word' id='word_1_627' title='bbox 1551 4803 1650 4842; x_wconf 90' lang='lat' dir='ltr'>eos</span> <span class='ocrx_word' id='word_1_628' title='bbox 1671 4786 1730 4841; x_wconf 91' lang='lat' dir='ltr'>in</span> <span class='ocrx_word' id='word_1_629' title='bbox 1750 4785 1831 4841; x_wconf 91' lang='lat' dir='ltr'>di-</span> 
     </span>
    </p>
   </div>
   <div class='ocr_carea' id='block_1_82' title="bbox 162 4869 1827 4944">
    <p class='ocr_par' dir='ltr' id='par_1_82' title="bbox 162 4869 1827 4944">
     <span class='ocr_line' id='line_1_82' title="bbox 162 4869 1827 4944; baseline 0.002 -18"><span class='ocrx_word' id='word_1_630' title='bbox 162 4869 521 4942; x_wconf 86' lang='lat' dir='ltr'>reptionem,</span> <span class='ocrx_word' id='word_1_631' title='bbox 543 4869 652 4926; x_wconf 84' lang='lat' dir='ltr'>hoc</span> <span class='ocrx_word' id='word_1_632' title='bbox 674 4875 782 4938; x_wconf 87' lang='lat' dir='ltr'>est,</span> <span class='ocrx_word' id='word_1_633' title='bbox 797 4870 855 4927; x_wconf 92' lang='lat' dir='ltr'>in</span> <span class='ocrx_word' id='word_1_634' title='bbox 879 4872 1379 4929; x_wconf 90' lang='lat' dir='ltr'>conculcationem</span> <span class='ocrx_word' id='word_1_635' title='bbox 1406 4875 1827 4944; x_wconf 87' lang='lat' dir='ltr'>Romanorum,</span> 
     </span>
    </p>
   </div>
   <div class='ocr_carea' id='block_1_83' title="bbox 160 4957 1828 5033">
    <p class='ocr_par' dir='ltr' id='par_1_83' title="bbox 160 4957 1828 5033">
     <span class='ocr_line' id='line_1_83' title="bbox 160 4957 1828 5033; baseline 0.002 -19"><span class='ocrx_word' id='word_1_636' title='bbox 160 4960 313 5033; x_wconf 86' lang='lat' dir='ltr'>quia</span> <span class='ocrx_word' id='word_1_637' title='bbox 344 4957 660 5015; x_wconf 88' lang='lat' dir='ltr'>noluerunt</span> <span class='ocrx_word' id='word_1_638' title='bbox 682 4976 853 5032; x_wconf 86' lang='lat' dir='ltr'>agere</span> <span class='ocrx_word' id='word_1_639' title='bbox 882 4961 1287 5032; x_wconf 61' lang='lat' dir='ltr'>penitentiam</span> <span class='ocrx_word' id='word_1_640' title='bbox 1313 4963 1381 5017; x_wconf 91' lang='lat' dir='ltr'>de</span> <span class='ocrx_word' id='word_1_641' title='bbox 1401 4963 1527 5019; x_wconf 91' lang='lat' dir='ltr'>suis</span> <span class='ocrx_word' id='word_1_642' title='bbox 1559 4963 1828 5020; x_wconf 83' lang='lat' dir='ltr'>facinori-</span> 
     </span>
    </p>
   </div>
   <div class='ocr_carea' id='block_1_84' title="bbox 159 5046 1828 5121">
    <p class='ocr_par' dir='ltr' id='par_1_84' title="bbox 159 5046 1828 5121">
     <span class='ocr_line' id='line_1_84' title="bbox 159 5046 1828 5121; baseline 0.001 -16"><span class='ocrx_word' id='word_1_643' title='bbox 159 5046 655 5105; x_wconf 87' lang='lat' dir='ltr'>bus.Nolnerunt</span> <span class='ocrx_word' id='word_1_644' title='bbox 694 5049 755 5103; x_wconf 89' lang='lat' dir='ltr'>in</span> <span class='ocrx_word' id='word_1_645' title='bbox 784 5048 894 5105; x_wconf 90' lang='lat' dir='ltr'>viis</span> <span class='ocrx_word' id='word_1_646' title='bbox 932 5052 1062 5121; x_wconf 82' lang='lat' dir='ltr'>ejus</span> <span class='ocrx_word' id='word_1_647' title='bbox 1103 5050 1466 5117; x_wconf 78' lang='lat' dir='ltr'>ambulare,»</span> <span class='ocrx_word' id='word_1_648' title='bbox 1489 5052 1597 5107; x_wconf 87' lang='lat' dir='ltr'>hoc</span> <span class='ocrx_word' id='word_1_649' title='bbox 1636 5057 1743 5121; x_wconf 89' lang='lat' dir='ltr'>est,</span> <span class='ocrx_word' id='word_1_650' title='bbox 1768 5053 1828 5107; x_wconf 91' lang='lat' dir='ltr'>in</span> 
     </span>
    </p>
   </div>
   <div class='ocr_carea' id='block_1_85' title="bbox 160 5137 1828 5213">
    <p class='ocr_par' dir='ltr' id='par_1_85' title="bbox 160 5137 1828 5213">
     <span class='ocr_line' id='line_1_85' title="bbox 160 5137 1828 5213; baseline -0.002 -19"><span class='ocrx_word' id='word_1_651' title='bbox 160 5137 473 5194; x_wconf 80' lang='lat' dir='ltr'>mandatis</span> <span class='ocrx_word' id='word_1_652' title='bbox 510 5138 661 5209; x_wconf 83' lang='lat' dir='ltr'>ejus.</span> <span class='ocrx_word' id='word_1_653' title='bbox 688 5160 715 5188; x_wconf 89' lang='grc'><em>‹‹</em></span> <span class='ocrx_word' id='word_1_654' title='bbox 744 5138 814 5193; x_wconf 87' lang='lat' dir='ltr'>Et</span> <span class='ocrx_word' id='word_1_655' title='bbox 858 5156 975 5195; x_wconf 90' lang='lat' dir='ltr'>non</span> <span class='ocrx_word' id='word_1_656' title='bbox 1026 5140 1339 5196; x_wconf 89' lang='lat' dir='ltr'>audierunt</span> <span class='ocrx_word' id='word_1_657' title='bbox 1384 5140 1572 5213; x_wconf 84' lang='lat' dir='ltr'>legem</span> <span class='ocrx_word' id='word_1_658' title='bbox 1622 5142 1828 5213; x_wconf 79' lang='lat' dir='ltr'>ejus,»</span> 
     </span>
    </p>
   </div>
   <div class='ocr_carea' id='block_1_86' title="bbox 161 5224 1282 5298">
    <p class='ocr_par' dir='ltr' id='par_1_86' title="bbox 161 5224 1282 5298">
     <span class='ocr_line' id='line_1_86' title="bbox 161 5224 1282 5298; baseline 0.002 -16"><span class='ocrx_word' id='word_1_659' title='bbox 161 5243 353 5298; x_wconf 89' lang='lat' dir='ltr'>quam</span> <span class='ocrx_word' id='word_1_660' title='bbox 383 5242 488 5297; x_wconf 90' lang='lat' dir='ltr'>per</span> <span class='ocrx_word' id='word_1_661' title='bbox 517 5224 731 5282; x_wconf 84' lang='lat' dir='ltr'>Filium</span> <span class='ocrx_word' id='word_1_662' title='bbox 762 5244 939 5282; x_wconf 90' lang='lat' dir='ltr'>suum</span> <span class='ocrx_word' id='word_1_663' title='bbox 970 5228 1056 5283; x_wconf 89' lang='lat' dir='ltr'>eis</span> <span class='ocrx_word' id='word_1_664' title='bbox 1087 5229 1282 5284; x_wconf 90' lang='lat' dir='ltr'>dabat.</span> 
     </span>
    </p>
   </div>
   <div class='ocr_carea' id='block_1_87' title="bbox 237 5313 1829 5390">
    <p class='ocr_par' dir='ltr' id='par_1_87' title="bbox 237 5313 1829 5390">
     <span class='ocr_line' id='line_1_87' title="bbox 237 5313 1829 5390; baseline 0.003 -21"><span class='ocrx_word' id='word_1_665' title='bbox 237 5338 269 5365; x_wconf 77' lang='grc' dir='ltr'>«ι</span> <span class='ocrx_word' id='word_1_666' title='bbox 296 5314 369 5370; x_wconf 88' lang='lat' dir='ltr'>Et</span> <span class='ocrx_word' id='word_1_667' title='bbox 395 5313 604 5370; x_wconf 73' lang='lat' dir='ltr'>effudit</span> <span class='ocrx_word' id='word_1_668' title='bbox 633 5331 811 5387; x_wconf 89' lang='lat' dir='ltr'>super</span> <span class='ocrx_word' id='word_1_669' title='bbox 830 5332 930 5371; x_wconf 87' lang='lat' dir='ltr'>eos</span> <span class='ocrx_word' id='word_1_670' title='bbox 960 5316 1423 5390; x_wconf 86' lang='lat' dir='ltr'>indignationem</span> <span class='ocrx_word' id='word_1_671' title='bbox 1447 5319 1660 5375; x_wconf 81' lang='lat' dir='ltr'>furoris</span> <span class='ocrx_word' id='word_1_672' title='bbox 1687 5320 1778 5376; x_wconf 91' lang='lat' dir='ltr'>sui</span> <span class='ocrx_word' id='word_1_673' title='bbox 1802 5341 1829 5369; x_wconf 81' lang='grc'><strong>››</strong></span> 
     </span>
    </p>
   </div>
   <div class='ocr_carea' id='block_1_88' title="bbox 159 5403 1833 5477">
    <p class='ocr_par' dir='ltr' id='par_1_88' title="bbox 159 5403 1833 5477">
     <span class='ocr_line' id='line_1_88' title="bbox 159 5403 1833 5477; baseline 0.002 -17"><span class='ocrx_word' id='word_1_674' title='bbox 159 5421 274 5477; x_wconf 89' lang='lat' dir='ltr'>per</span> <span class='ocrx_word' id='word_1_675' title='bbox 305 5404 607 5471; x_wconf 83' lang='lat' dir='ltr'>Romanos</span> <span class='ocrx_word' id='word_1_676' title='bbox 631 5425 659 5457; x_wconf 68' lang='grc' dir='ltr'>ις</span> <span class='ocrx_word' id='word_1_677' title='bbox 680 5408 738 5459; x_wconf 90' lang='lat' dir='ltr'>et</span> <span class='ocrx_word' id='word_1_678' title='bbox 768 5403 917 5460; x_wconf 85' lang='lat' dir='ltr'>forte</span> <span class='ocrx_word' id='word_1_679' title='bbox 946 5404 1225 5460; x_wconf 81' lang='lat' dir='ltr'>bellum.»</span> <span class='ocrx_word' id='word_1_680' title='bbox 1251 5407 1421 5462; x_wconf 86' lang='lat' dir='ltr'>Forte</span> <span class='ocrx_word' id='word_1_681' title='bbox 1447 5407 1667 5463; x_wconf 90' lang='lat' dir='ltr'>bellum</span> <span class='ocrx_word' id='word_1_682' title='bbox 1690 5408 1833 5463; x_wconf 87' lang='lat' dir='ltr'>dicit</span> 
     </span>
    </p>
   </div>
   <div class='ocr_carea' id='block_1_89' title="bbox 159 5490 1831 5566">
    <p class='ocr_par' dir='ltr' id='par_1_89' title="bbox 159 5490 1831 5566">
     <span class='ocr_line' id='line_1_89' title="bbox 159 5490 1831 5566; baseline 0.001 -16"><span class='ocrx_word' id='word_1_683' title='bbox 159 5490 625 5550; x_wconf 81' lang='lat' dir='ltr'>debellationem</span> <span class='ocrx_word' id='word_1_684' title='bbox 656 5491 1068 5564; x_wconf 83' lang='lat' dir='ltr'>gravissimam</span> <span class='ocrx_word' id='word_1_685' title='bbox 1090 5493 1150 5547; x_wconf 91' lang='lat' dir='ltr'>in</span> <span class='ocrx_word' id='word_1_686' title='bbox 1172 5510 1288 5565; x_wconf 93' lang='lat' dir='ltr'>quo</span> <span class='ocrx_word' id='word_1_687' title='bbox 1310 5494 1608 5566; x_wconf 88' lang='lat' dir='ltr'>perierunt</span> <span class='ocrx_word' id='word_1_688' title='bbox 1628 5513 1831 5553; x_wconf 90' lang='lat' dir='ltr'>omnes</span> 
     </span>
    </p>
   </div>
   <div class='ocr_carea' id='block_1_90' title="bbox 156 5578 1830 5653">
    <p class='ocr_par' dir='ltr' id='par_1_90' title="bbox 156 5578 1830 5653">
     <span class='ocr_line' id='line_1_90' title="bbox 156 5578 1830 5653; baseline 0.002 -15"><span class='ocrx_word' id='word_1_689' title='bbox 156 5582 350 5648; x_wconf 86' lang='lat' dir='ltr'>fame,</span> <span class='ocrx_word' id='word_1_690' title='bbox 372 5578 590 5652; x_wconf 79' lang='lat' dir='ltr'>gladio,</span> <span class='ocrx_word' id='word_1_691' title='bbox 613 5584 671 5636; x_wconf 85' lang='lat' dir='ltr'>et</span> <span class='ocrx_word' id='word_1_692' title='bbox 700 5580 1053 5653; x_wconf 88' lang='lat' dir='ltr'>captivitate.</span> <span class='ocrx_word' id='word_1_693' title='bbox 1080 5605 1108 5632; x_wconf 89' lang='grc'><strong><em>‹‹</em></strong></span> <span class='ocrx_word' id='word_1_694' title='bbox 1135 5583 1205 5637; x_wconf 86' lang='lat' dir='ltr'>Et</span> <span class='ocrx_word' id='word_1_695' title='bbox 1244 5584 1571 5640; x_wconf 89' lang='lat' dir='ltr'>combussit</span> <span class='ocrx_word' id='word_1_696' title='bbox 1599 5601 1736 5640; x_wconf 89' lang='lat' dir='ltr'>eum</span> <span class='ocrx_word' id='word_1_697' title='bbox 1768 5584 1830 5642; x_wconf 89' lang='lat' dir='ltr'>in</span> 
     </span>
    </p>
   </div>
   <div class='ocr_carea' id='block_1_91' title="bbox 154 5667 1832 5745">
    <p class='ocr_par' dir='ltr' id='par_1_91' title="bbox 154 5667 1832 5745">
     <span class='ocr_line' id='line_1_91' title="bbox 154 5667 1832 5745; baseline 0.002 -17"><span class='ocrx_word' id='word_1_698' title='bbox 154 5668 482 5733; x_wconf 64' lang='lat' dir='ltr'>circuitu,»</span> <span class='ocrx_word' id='word_1_699' title='bbox 507 5667 568 5726; x_wconf 88' lang='lat' dir='ltr'>id</span> <span class='ocrx_word' id='word_1_700' title='bbox 601 5672 692 5725; x_wconf 87' lang='lat' dir='ltr'>est</span> <span class='ocrx_word' id='word_1_701' title='bbox 718 5672 1089 5742; x_wconf 88' lang='lat' dir='ltr'>consumpsit</span> <span class='ocrx_word' id='word_1_702' title='bbox 1117 5671 1254 5745; x_wconf 85' lang='lat' dir='ltr'>igne</span> <span class='ocrx_word' id='word_1_703' title='bbox 1284 5671 1736 5729; x_wconf 86' lang='lat' dir='ltr'>tribulationis.«</span> <span class='ocrx_word' id='word_1_704' title='bbox 1761 5675 1832 5731; x_wconf 88' lang='lat' dir='ltr'>Et</span> 
     </span>
    </p>
   </div>
   <div class='ocr_carea' id='block_1_92' title="bbox 156 5757 1831 5837">
    <p class='ocr_par' dir='ltr' id='par_1_92' title="bbox 156 5757 1831 5837">
     <span class='ocr_line' id='line_1_92' title="bbox 156 5757 1831 5837; baseline 0.002 -18"><span class='ocrx_word' id='word_1_705' title='bbox 156 5777 295 5824; x_wconf 82' lang='lat' dir='ltr'>non</span> <span class='ocrx_word' id='word_1_706' title='bbox 320 5757 620 5833; x_wconf 75' lang='lat' dir='ltr'>cognovit,</span> <span class='ocrx_word' id='word_1_707' title='bbox 640 5781 669 5809; x_wconf 86' lang='grc'><strong>››</strong></span> <span class='ocrx_word' id='word_1_708' title='bbox 697 5759 1071 5830; x_wconf 86' lang='lat' dir='ltr'>subauditur,</span> <span class='ocrx_word' id='word_1_709' title='bbox 1104 5761 1261 5836; x_wconf 89' lang='lat' dir='ltr'>quod</span> <span class='ocrx_word' id='word_1_710' title='bbox 1300 5766 1539 5837; x_wconf 87' lang='lat' dir='ltr'>propter</span> <span class='ocrx_word' id='word_1_711' title='bbox 1567 5761 1706 5831; x_wconf 35' lang='lat' dir='ltr'>Filii,</span> <span class='ocrx_word' id='word_1_712' title='bbox 1727 5764 1831 5822; x_wconf 89' lang='lat' dir='ltr'>Dei</span> 
     </span>
    </p>
   </div>
   <div class='ocr_carea' id='block_1_93' title="bbox 1946 3446 3601 3527">
    <p class='ocr_par' dir='ltr' id='par_1_93' title="bbox 1946 3446 3601 3527">
     <span class='ocr_line' id='line_1_93' title="bbox 1946 3446 3601 3527; baseline 0.006 -27"><span class='ocrx_word' id='word_1_713' title='bbox 1946 3463 2049 3518; x_wconf 92' lang='lat' dir='ltr'>pro</span> <span class='ocrx_word' id='word_1_714' title='bbox 2067 3447 2305 3502; x_wconf 87' lang='lat' dir='ltr'>nomine</span> <span class='ocrx_word' id='word_1_715' title='bbox 2324 3446 2539 3503; x_wconf 87' lang='lat' dir='ltr'>Christi</span> <span class='ocrx_word' id='word_1_716' title='bbox 2561 3464 2841 3519; x_wconf 88' lang='lat' dir='ltr'>passuros</span> <span class='ocrx_word' id='word_1_717' title='bbox 2861 3467 2874 3504; x_wconf 87' lang='lat'>:</span> <span class='ocrx_word' id='word_1_718' title='bbox 2890 3449 3131 3522; x_wconf 89' lang='lat' dir='ltr'>vultque</span> <span class='ocrx_word' id='word_1_719' title='bbox 3147 3451 3476 3524; x_wconf 87' lang='lat' dir='ltr'>signiﬁcare</span> <span class='ocrx_word' id='word_1_720' title='bbox 3496 3471 3601 3527; x_wconf 89' lang='lat' dir='ltr'>per</span> 
     </span>
    </p>
   </div>
   <div class='ocr_carea' id='block_1_94' title="bbox 1946 3537 3598 3614">
    <p class='ocr_par' dir='ltr' id='par_1_94' title="bbox 1946 3537 3598 3614">
     <span class='ocr_line' id='line_1_94' title="bbox 1946 3537 3598 3614; baseline 0.007 -24"><span class='ocrx_word' id='word_1_721' title='bbox 1946 3552 2131 3607; x_wconf 85' lang='lat' dir='ltr'>aquas</span> <span class='ocrx_word' id='word_1_722' title='bbox 2162 3541 2217 3591; x_wconf 91' lang='lat' dir='ltr'>et</span> <span class='ocrx_word' id='word_1_723' title='bbox 2248 3537 2493 3593; x_wconf 84' lang='lat' dir='ltr'>ﬂumina</span> <span class='ocrx_word' id='word_1_724' title='bbox 2521 3542 2579 3592; x_wconf 91' lang='lat' dir='ltr'>et</span> <span class='ocrx_word' id='word_1_725' title='bbox 2618 3538 2814 3611; x_wconf 86' lang='lat' dir='ltr'>ignem</span> <span class='ocrx_word' id='word_1_726' title='bbox 2847 3544 2905 3595; x_wconf 90' lang='lat' dir='ltr'>et</span> <span class='ocrx_word' id='word_1_727' title='bbox 2943 3540 3235 3611; x_wconf 87' lang='lat' dir='ltr'>ﬂammas,</span> <span class='ocrx_word' id='word_1_728' title='bbox 3267 3550 3598 3614; x_wconf 71' lang='lat' dir='ltr'>persecuto~</span> 
     </span>
    </p>
   </div>
   <div class='ocr_carea' id='block_1_95' title="bbox 1946 3625 3599 3704">
    <p class='ocr_par' dir='ltr' id='par_1_95' title="bbox 1946 3625 3599 3704">
     <span class='ocr_line' id='line_1_95' title="bbox 1946 3625 3599 3704; baseline 0.005 -24"><span class='ocrx_word' id='word_1_729' title='bbox 1946 3641 2079 3680; x_wconf 89' lang='lat' dir='ltr'>rum</span> <span class='ocrx_word' id='word_1_730' title='bbox 2112 3625 2419 3697; x_wconf 90' lang='lat' dir='ltr'>impetum,</span> <span class='ocrx_word' id='word_1_731' title='bbox 2453 3626 2760 3695; x_wconf 67' lang='lat' dir='ltr'>saevitiam,</span> <span class='ocrx_word' id='word_1_732' title='bbox 2810 3628 3186 3703; x_wconf 81' lang='lat' dir='ltr'>furoremque</span> <span class='ocrx_word' id='word_1_733' title='bbox 3220 3648 3233 3687; x_wconf 90' lang='lat'><strong>:</strong></span> <span class='ocrx_word' id='word_1_734' title='bbox 3269 3632 3369 3704; x_wconf 89' lang='lat' dir='ltr'>qui</span> <span class='ocrx_word' id='word_1_735' title='bbox 3421 3632 3599 3689; x_wconf 90' lang='lat' dir='ltr'>saluti</span> 
     </span>
    </p>
   </div>
   <div class='ocr_carea' id='block_1_96' title="bbox 1943 3715 3602 3794">
    <p class='ocr_par' dir='ltr' id='par_1_96' title="bbox 1943 3715 3602 3794">
     <span class='ocr_line' id='line_1_96' title="bbox 1943 3715 3602 3794; baseline 0.005 -26"><span class='ocrx_word' id='word_1_736' title='bbox 1943 3715 2209 3786; x_wconf 87' lang='lat' dir='ltr'>gentium</span> <span class='ocrx_word' id='word_1_737' title='bbox 2246 3716 2603 3784; x_wconf 89' lang='lat' dir='ltr'>inviderunt,</span> <span class='ocrx_word' id='word_1_738' title='bbox 2628 3716 2892 3774; x_wconf 89' lang='lat' dir='ltr'>nolentes</span> <span class='ocrx_word' id='word_1_739' title='bbox 2933 3735 3264 3775; x_wconf 87' lang='lat' dir='ltr'>sermonem</span> <span class='ocrx_word' id='word_1_740' title='bbox 3310 3722 3602 3794; x_wconf 88' lang='lat' dir='ltr'>evangeli-</span> 
     </span>
    </p>
   </div>
   <div class='ocr_carea' id='block_1_97' title="bbox 1943 3804 3599 3881">
    <p class='ocr_par' dir='ltr' id='par_1_97' title="bbox 1943 3804 3599 3881">
     <span class='ocr_line' id='line_1_97' title="bbox 1943 3804 3599 3881; baseline 0.004 -23"><span class='ocrx_word' id='word_1_741' title='bbox 1943 3820 2077 3858; x_wconf 90' lang='lat' dir='ltr'>cum</span> <span class='ocrx_word' id='word_1_742' title='bbox 2098 3804 2398 3876; x_wconf 69' lang='lat' dir='ltr'>praedicari</span> <span class='ocrx_word' id='word_1_743' title='bbox 2418 3805 2489 3859; x_wconf 91' lang='lat' dir='ltr'>ab</span> <span class='ocrx_word' id='word_1_744' title='bbox 2507 3805 2807 3876; x_wconf 89' lang='lat' dir='ltr'>apostolis.</span> <span class='ocrx_word' id='word_1_745' title='bbox 2831 3807 3050 3863; x_wconf 67' lang='lat' dir='ltr'>Hebraei</span> <span class='ocrx_word' id='word_1_746' title='bbox 3073 3812 3268 3864; x_wconf 88' lang='lat' dir='ltr'>tamen</span> <span class='ocrx_word' id='word_1_747' title='bbox 3290 3827 3394 3880; x_wconf 90' lang='lat' dir='ltr'>per</span> <span class='ocrx_word' id='word_1_748' title='bbox 3410 3828 3599 3881; x_wconf 86' lang='lat' dir='ltr'>aquas</span> 
     </span>
    </p>
   </div>
   <div class='ocr_carea' id='block_1_98' title="bbox 1941 3892 3597 3968">
    <p class='ocr_par' dir='ltr' id='par_1_98' title="bbox 1941 3892 3597 3968">
     <span class='ocr_line' id='line_1_98' title="bbox 1941 3892 3597 3968; baseline 0.004 -21"><span class='ocrx_word' id='word_1_749' title='bbox 1941 3892 2146 3947; x_wconf 87' lang='lat' dir='ltr'>volunt</span> <span class='ocrx_word' id='word_1_750' title='bbox 2176 3893 2496 3964; x_wconf 87' lang='lat' dir='ltr'>intelligere</span> <span class='ocrx_word' id='word_1_751' title='bbox 2544 3894 2861 3966; x_wconf 63' lang='lat' dir='ltr'>ngyptios,</span> <span class='ocrx_word' id='word_1_752' title='bbox 2887 3900 3125 3967; x_wconf 84' lang='lat' dir='ltr'>prepter</span> <span class='ocrx_word' id='word_1_753' title='bbox 3160 3913 3441 3968; x_wconf 86' lang='lat' dir='ltr'>magnum</span> <span class='ocrx_word' id='word_1_754' title='bbox 3482 3898 3597 3953; x_wconf 74' lang='lat' dir='ltr'>Nili</span> 
     </span>
    </p>
   </div>
   <div class='ocr_carea' id='block_1_99' title="bbox 1944 3980 3597 4054">
    <p class='ocr_par' dir='ltr' id='par_1_99' title="bbox 1944 3980 3597 4054">
     <span class='ocr_line' id='line_1_99' title="bbox 1944 3980 3597 4054; baseline 0.004 -19"><span class='ocrx_word' id='word_1_755' title='bbox 1944 3981 2183 4035; x_wconf 85' lang='lat' dir='ltr'>ﬂumen.</span> <span class='ocrx_word' id='word_1_756' title='bbox 2205 3981 2311 4035; x_wconf 90' lang='lat' dir='ltr'>Per</span> <span class='ocrx_word' id='word_1_757' title='bbox 2330 3980 2576 4036; x_wconf 84' lang='lat' dir='ltr'>ﬁumina</span> <span class='ocrx_word' id='word_1_758' title='bbox 2591 3981 3021 4054; x_wconf 70' lang='lat' dir='ltr'>Chaldaeos,qui</span> <span class='ocrx_word' id='word_1_759' title='bbox 3044 3984 3264 4038; x_wconf 87' lang='lat' dir='ltr'>habent</span> <span class='ocrx_word' id='word_1_760' title='bbox 3284 3984 3473 4040; x_wconf 74' lang='lat' dir='ltr'>multa</span> <span class='ocrx_word' id='word_1_761' title='bbox 3493 3986 3597 4041; x_wconf 84' lang='lat' dir='ltr'>llu-</span> 
     </span>
    </p>
   </div>
   <div class='ocr_carea' id='block_1_100' title="bbox 1942 4069 3595 4144">
    <p class='ocr_par' dir='ltr' id='par_1_100' title="bbox 1942 4069 3595 4144">
     <span class='ocr_line' id='line_1_100' title="bbox 1942 4069 3595 4144; baseline 0.003 -18"><span class='ocrx_word' id='word_1_762' title='bbox 1942 4071 2123 4126; x_wconf 89' lang='lat' dir='ltr'>mina.</span> <span class='ocrx_word' id='word_1_763' title='bbox 2149 4069 2255 4124; x_wconf 89' lang='lat' dir='ltr'>Per</span> <span class='ocrx_word' id='word_1_764' title='bbox 2286 4070 2479 4141; x_wconf 87' lang='lat' dir='ltr'>ignem</span> <span class='ocrx_word' id='word_1_765' title='bbox 2528 4070 2894 4138; x_wconf 90' lang='lat' dir='ltr'>Macedones,</span> <span class='ocrx_word' id='word_1_766' title='bbox 2935 4076 3172 4143; x_wconf 89' lang='lat' dir='ltr'>propter</span> <span class='ocrx_word' id='word_1_767' title='bbox 3218 4072 3595 4144; x_wconf 76' lang='lat' dir='ltr'>asperitatem</span> 
     </span>
    </p>
   </div>
   <div class='ocr_carea' id='block_1_101' title="bbox 1940 4159 3599 4232">
    <p class='ocr_par' dir='ltr' id='par_1_101' title="bbox 1940 4159 3599 4232">
     <span class='ocr_line' id='line_1_101' title="bbox 1940 4159 3599 4232; baseline 0.004 -19"><span class='ocrx_word' id='word_1_768' title='bbox 1940 4175 2165 4214; x_wconf 90' lang='lat' dir='ltr'>eorum.</span> <span class='ocrx_word' id='word_1_769' title='bbox 2192 4159 2299 4214; x_wconf 89' lang='lat' dir='ltr'>Per</span> <span class='ocrx_word' id='word_1_770' title='bbox 2328 4160 2628 4214; x_wconf 88' lang='lat' dir='ltr'>ﬂammam</span> <span class='ocrx_word' id='word_1_771' title='bbox 2661 4159 2974 4229; x_wconf 83' lang='lat' dir='ltr'>Romanos,</span> <span class='ocrx_word' id='word_1_772' title='bbox 3000 4160 3099 4232; x_wconf 91' lang='lat' dir='ltr'>qui</span> <span class='ocrx_word' id='word_1_773' title='bbox 3132 4159 3213 4216; x_wconf 91' lang='lat' dir='ltr'>ita</span> <span class='ocrx_word' id='word_1_774' title='bbox 3231 4161 3427 4217; x_wconf 87' lang='lat' dir='ltr'>conati</span> <span class='ocrx_word' id='word_1_775' title='bbox 3455 4168 3599 4220; x_wconf 76' lang='lat' dir='ltr'>sunt</span> 
     </span>
    </p>
   </div>
   <div class='ocr_carea' id='block_1_102' title="bbox 1941 4246 3590 4319">
    <p class='ocr_par' dir='ltr' id='par_1_102' title="bbox 1941 4246 3590 4319">
     <span class='ocr_line' id='line_1_102' title="bbox 1941 4246 3590 4319; baseline 0.004 -18"><span class='ocrx_word' id='word_1_776' title='bbox 1941 4247 2132 4303; x_wconf 89' lang='lat' dir='ltr'>delere</span> <span class='ocrx_word' id='word_1_777' title='bbox 2153 4247 2586 4319; x_wconf 71' lang='lat' dir='ltr'>praedicatores,</span> <span class='ocrx_word' id='word_1_778' title='bbox 2609 4246 2784 4303; x_wconf 90' lang='lat' dir='ltr'>sicuti</span> <span class='ocrx_word' id='word_1_779' title='bbox 2806 4248 3049 4304; x_wconf 82' lang='lat' dir='ltr'>ﬂamma</span> <span class='ocrx_word' id='word_1_780' title='bbox 3060 4250 3357 4306; x_wconf 89' lang='lat' dir='ltr'>consumit</span> <span class='ocrx_word' id='word_1_781' title='bbox 3370 4251 3590 4308; x_wconf 87' lang='lat' dir='ltr'>omnia.</span> 
     </span>
    </p>
   </div>
   <div class='ocr_carea' id='block_1_103' title="bbox 1940 4334 3599 4412">
    <p class='ocr_par' dir='ltr' id='par_1_103' title="bbox 1940 4334 3599 4412">
     <span class='ocr_line' id='line_1_103' title="bbox 1940 4334 3599 4412; baseline 0.002 -19"><span class='ocrx_word' id='word_1_782' title='bbox 1940 4337 2047 4393; x_wconf 90' lang='lat' dir='ltr'>Per</span> <span class='ocrx_word' id='word_1_783' title='bbox 2075 4337 2190 4392; x_wconf 88' lang='lat' dir='ltr'>ista</span> <span class='ocrx_word' id='word_1_784' title='bbox 2208 4337 2367 4393; x_wconf 89' lang='lat' dir='ltr'>enim</span> <span class='ocrx_word' id='word_1_785' title='bbox 2389 4337 2590 4393; x_wconf 88' lang='lat' dir='ltr'>omnia</span> <span class='ocrx_word' id='word_1_786' title='bbox 2618 4353 2797 4410; x_wconf 90' lang='lat' dir='ltr'>regna</span> <span class='ocrx_word' id='word_1_787' title='bbox 2818 4339 3008 4394; x_wconf 89' lang='lat' dir='ltr'>sancti</span> <span class='ocrx_word' id='word_1_788' title='bbox 3029 4334 3277 4411; x_wconf 80' lang='lat' dir='ltr'>apostoli</span> <span class='ocrx_word' id='word_1_789' title='bbox 3306 4344 3365 4395; x_wconf 88' lang='lat' dir='ltr'>et</span> <span class='ocrx_word' id='word_1_790' title='bbox 3393 4340 3599 4412; x_wconf 68' lang='lat' dir='ltr'>praadi~</span> 
     </span>
    </p>
   </div>
   <div class='ocr_carea' id='block_1_104' title="bbox 1939 4426 3601 4498">
    <p class='ocr_par' dir='ltr' id='par_1_104' title="bbox 1939 4426 3601 4498">
     <span class='ocr_line' id='line_1_104' title="bbox 1939 4426 3601 4498; baseline 0.002 -16"><span class='ocrx_word' id='word_1_791' title='bbox 1939 4430 2166 4483; x_wconf 88' lang='lat' dir='ltr'>catores</span> <span class='ocrx_word' id='word_1_792' title='bbox 2214 4426 2533 4482; x_wconf 88' lang='lat' dir='ltr'>transitum</span> <span class='ocrx_word' id='word_1_793' title='bbox 2574 4427 2860 4498; x_wconf 83' lang='lat' dir='ltr'>fecerunt,</span> <span class='ocrx_word' id='word_1_794' title='bbox 2882 4429 3304 4484; x_wconf 89' lang='lat' dir='ltr'>annuntiantes</span> <span class='ocrx_word' id='word_1_795' title='bbox 3346 4429 3601 4486; x_wconf 71' lang='lat' dir='ltr'>verbum</span> 
     </span>
    </p>
   </div>
   <div class='ocr_carea' id='block_1_105' title="bbox 1938 4514 3601 4588">
    <p class='ocr_par' dir='ltr' id='par_1_105' title="bbox 1938 4514 3601 4588">
     <span class='ocr_line' id='line_1_105' title="bbox 1938 4514 3601 4588; baseline 0.001 -16"><span class='ocrx_word' id='word_1_796' title='bbox 1938 4514 2254 4588; x_wconf 87' lang='lat' dir='ltr'>Evangelii.</span> <span class='ocrx_word' id='word_1_797' title='bbox 2274 4517 2663 4586; x_wconf 84' lang='lat' dir='ltr'>llortaturque</span> <span class='ocrx_word' id='word_1_798' title='bbox 2685 4532 2750 4570; x_wconf 91' lang='lat' dir='ltr'>eo</span> <span class='ocrx_word' id='word_1_799' title='bbox 2774 4532 2973 4571; x_wconf 89' lang='lat' dir='ltr'>sermo</span> <span class='ocrx_word' id='word_1_800' title='bbox 2986 4515 3242 4582; x_wconf 89' lang='lat' dir='ltr'>divinus,</span> <span class='ocrx_word' id='word_1_801' title='bbox 3257 4532 3329 4573; x_wconf 88' lang='lat' dir='ltr'>ne</span> <span class='ocrx_word' id='word_1_802' title='bbox 3347 4517 3601 4574; x_wconf 80' lang='lat' dir='ltr'>timeant:</span> 
     </span>
    </p>
   </div>
   <div class='ocr_carea' id='block_1_106' title="bbox 1940 4604 3592 4678">
    <p class='ocr_par' dir='ltr' id='par_1_106' title="bbox 1940 4604 3592 4678">
     <span class='ocr_line' id='line_1_106' title="bbox 1940 4604 3592 4678; baseline 0 -15"><span class='ocrx_word' id='word_1_803' title='bbox 1940 4622 2129 4677; x_wconf 86' lang='lat' dir='ltr'>neque</span> <span class='ocrx_word' id='word_1_804' title='bbox 2160 4610 2473 4678; x_wconf 85' lang='lat' dir='ltr'>pavescant</span> <span class='ocrx_word' id='word_1_805' title='bbox 2500 4605 2782 4660; x_wconf 88' lang='lat' dir='ltr'>duritiam</span> <span class='ocrx_word' id='word_1_806' title='bbox 2814 4609 2871 4660; x_wconf 87' lang='lat' dir='ltr'>et</span> <span class='ocrx_word' id='word_1_807' title='bbox 2912 4604 3291 4673; x_wconf 85' lang='lat' dir='ltr'>ferocitatem,</span> <span class='ocrx_word' id='word_1_808' title='bbox 3315 4605 3457 4677; x_wconf 89' lang='lat' dir='ltr'>quia</span> <span class='ocrx_word' id='word_1_809' title='bbox 3480 4606 3592 4663; x_wconf 84' lang='lat' dir='ltr'>Do~</span> 
     </span>
    </p>
   </div>
   <div class='ocr_carea' id='block_1_107' title="bbox 1940 4693 3592 4765">
    <p class='ocr_par' dir='ltr' id='par_1_107' title="bbox 1940 4693 3592 4765">
     <span class='ocr_line' id='line_1_107' title="bbox 1940 4693 3592 4765; baseline -0.002 -12"><span class='ocrx_word' id='word_1_810' title='bbox 1940 4695 2140 4753; x_wconf 85' lang='lat' dir='ltr'>minus</span> <span class='ocrx_word' id='word_1_811' title='bbox 2170 4695 2325 4750; x_wconf 90' lang='lat' dir='ltr'>Deus</span> <span class='ocrx_word' id='word_1_812' title='bbox 2359 4693 2534 4750; x_wconf 89' lang='lat' dir='ltr'>Israel</span> <span class='ocrx_word' id='word_1_813' title='bbox 2565 4693 2819 4749; x_wconf 90' lang='lat' dir='ltr'>salvator</span> <span class='ocrx_word' id='word_1_814' title='bbox 2837 4696 2893 4749; x_wconf 90' lang='lat' dir='ltr'>et</span> <span class='ocrx_word' id='word_1_815' title='bbox 2923 4697 3216 4765; x_wconf 87' lang='lat' dir='ltr'>protector</span> <span class='ocrx_word' id='word_1_816' title='bbox 3249 4709 3452 4750; x_wconf 90' lang='lat' dir='ltr'>eorum</span> <span class='ocrx_word' id='word_1_817' title='bbox 3482 4699 3592 4751; x_wconf 90' lang='lat' dir='ltr'>est.</span> 
     </span>
    </p>
   </div>
   <div class='ocr_carea' id='block_1_108' title="bbox 1941 4781 3598 4855">
    <p class='ocr_par' dir='ltr' id='par_1_108' title="bbox 1941 4781 3598 4855">
     <span class='ocr_line' id='line_1_108' title="bbox 1941 4781 3598 4855; baseline 0.002 -18"><span class='ocrx_word' id='word_1_818' title='bbox 1941 4782 2101 4839; x_wconf 90' lang='lat' dir='ltr'>Licet</span> <span class='ocrx_word' id='word_1_819' title='bbox 2139 4783 2297 4838; x_wconf 90' lang='lat' dir='ltr'>enim</span> <span class='ocrx_word' id='word_1_820' title='bbox 2338 4799 2578 4855; x_wconf 89' lang='lat' dir='ltr'>corpore</span> <span class='ocrx_word' id='word_1_821' title='bbox 2615 4787 2966 4838; x_wconf 87' lang='lat' dir='ltr'>necarentur</span> <span class='ocrx_word' id='word_1_822' title='bbox 2996 4781 3194 4837; x_wconf 89' lang='lat' dir='ltr'>traditi</span> <span class='ocrx_word' id='word_1_823' title='bbox 3243 4783 3489 4840; x_wconf 87' lang='lat' dir='ltr'>diversis</span> <span class='ocrx_word' id='word_1_824' title='bbox 3536 4788 3598 4842; x_wconf 89' lang='lat' dir='ltr'>et</span> 
     </span>
    </p>
   </div>
   <div class='ocr_carea' id='block_1_109' title="bbox 1936 4870 3591 4943">
    <p class='ocr_par' dir='ltr' id='par_1_109' title="bbox 1936 4870 3591 4943">
     <span class='ocr_line' id='line_1_109' title="bbox 1936 4870 3591 4943; baseline 0.001 -17"><span class='ocrx_word' id='word_1_825' title='bbox 1936 4870 2311 4943; x_wconf 83' lang='lat' dir='ltr'>inexquisitis</span> <span class='ocrx_word' id='word_1_826' title='bbox 2333 4870 2662 4937; x_wconf 87' lang='lat' dir='ltr'>tormentis,</span> <span class='ocrx_word' id='word_1_827' title='bbox 2679 4871 2879 4927; x_wconf 92' lang='lat' dir='ltr'>anima</span> <span class='ocrx_word' id='word_1_828' title='bbox 2899 4875 3097 4927; x_wconf 91' lang='lat' dir='ltr'>tamen</span> <span class='ocrx_word' id='word_1_829' title='bbox 3128 4870 3295 4927; x_wconf 66' lang='lat' dir='ltr'>illaesi</span> <span class='ocrx_word' id='word_1_830' title='bbox 3318 4887 3591 4943; x_wconf 90' lang='lat' dir='ltr'>pervene-</span> 
     </span>
    </p>
   </div>
   <div class='ocr_carea' id='block_1_110' title="bbox 1938 4959 3590 5032">
    <p class='ocr_par' dir='ltr' id='par_1_110' title="bbox 1938 4959 3590 5032">
     <span class='ocr_line' id='line_1_110' title="bbox 1938 4959 3590 5032; baseline 0.001 -17"><span class='ocrx_word' id='word_1_831' title='bbox 1938 4965 2078 5015; x_wconf 89' lang='lat' dir='ltr'>runt</span> <span class='ocrx_word' id='word_1_832' title='bbox 2103 4961 2175 5015; x_wconf 89' lang='lat' dir='ltr'>ad</span> <span class='ocrx_word' id='word_1_833' title='bbox 2202 4960 2419 5032; x_wconf 89' lang='lat' dir='ltr'>gaudia</span> <span class='ocrx_word' id='word_1_834' title='bbox 2440 4960 2690 5017; x_wconf 74' lang='lat' dir='ltr'>cmlestis</span> <span class='ocrx_word' id='word_1_835' title='bbox 2720 4959 2919 5031; x_wconf 62' lang='lat' dir='ltr'>patriae</span> <span class='ocrx_word' id='word_1_836' title='bbox 2951 4976 3128 5015; x_wconf 86' lang='lat' dir='ltr'>cursu</span> <span class='ocrx_word' id='word_1_837' title='bbox 3159 4964 3590 5016; x_wconf 89' lang='lat' dir='ltr'>consummato.</span> 
     </span>
    </p>
   </div>
   <div class='ocr_carea' id='block_1_111' title="bbox 2012 5048 3591 5121">
    <p class='ocr_par' dir='ltr' id='par_1_111' title="bbox 2012 5048 3591 5121">
     <span class='ocr_line' id='line_1_111' title="bbox 2012 5048 3591 5121; baseline -0.001 -15"><span class='ocrx_word' id='word_1_838' title='bbox 2012 5074 2038 5099; x_wconf 87' lang='grc'>‹‹</span> <span class='ocrx_word' id='word_1_839' title='bbox 2063 5050 2205 5106; x_wconf 87' lang='lat' dir='ltr'>Dedi</span> <span class='ocrx_word' id='word_1_840' title='bbox 2239 5049 2709 5121; x_wconf 90' lang='lat' dir='ltr'>propitiationem</span> <span class='ocrx_word' id='word_1_841' title='bbox 2736 5054 2959 5120; x_wconf 80' lang='lat' dir='ltr'>tuam,»</span> <span class='ocrx_word' id='word_1_842' title='bbox 2980 5066 3013 5104; x_wconf 94' lang='lat' dir='ltr'>o</span> <span class='ocrx_word' id='word_1_843' title='bbox 3044 5048 3260 5104; x_wconf 89' lang='lat' dir='ltr'>chorus</span> <span class='ocrx_word' id='word_1_844' title='bbox 3294 5049 3591 5120; x_wconf 86' lang='lat' dir='ltr'>apostolo-</span> 
     </span>
    </p>
   </div>
   <div class='ocr_carea' id='block_1_112' title="bbox 1938 5137 3592 5211">
    <p class='ocr_par' dir='ltr' id='par_1_112' title="bbox 1938 5137 3592 5211">
     <span class='ocr_line' id='line_1_112' title="bbox 1938 5137 3592 5211; baseline -0.003 -18"><span class='ocrx_word' id='word_1_845' title='bbox 1938 5156 2092 5206; x_wconf 90' lang='lat' dir='ltr'>rum,</span> <span class='ocrx_word' id='word_1_846' title='bbox 2128 5162 2157 5187; x_wconf 85' lang='grc'><strong>‹‹</strong></span> <span class='ocrx_word' id='word_1_847' title='bbox 2191 5144 2513 5211; x_wconf 65' lang='lat' dir='ltr'>(Egyptum,</span> <span class='ocrx_word' id='word_1_848' title='bbox 2565 5137 2918 5209; x_wconf 90' lang='lat' dir='ltr'>Ethiopiam,</span> <span class='ocrx_word' id='word_1_849' title='bbox 2968 5143 3027 5193; x_wconf 88' lang='lat' dir='ltr'>et</span> <span class='ocrx_word' id='word_1_850' title='bbox 3084 5138 3239 5195; x_wconf 84' lang='lat' dir='ltr'>Saba</span> <span class='ocrx_word' id='word_1_851' title='bbox 3294 5155 3398 5210; x_wconf 89' lang='lat' dir='ltr'>pro</span> <span class='ocrx_word' id='word_1_852' title='bbox 3458 5143 3592 5194; x_wconf 83' lang='lat' dir='ltr'>te.»</span> 
     </span>
    </p>
   </div>
   <div class='ocr_carea' id='block_1_113' title="bbox 1939 5226 3596 5300">
    <p class='ocr_par' dir='ltr' id='par_1_113' title="bbox 1939 5226 3596 5300">
     <span class='ocr_line' id='line_1_113' title="bbox 1939 5226 3596 5300; baseline -0.001 -17"><span class='ocrx_word' id='word_1_853' title='bbox 1939 5229 2226 5299; x_wconf 72' lang='lat' dir='ltr'>Ethiopia</span> <span class='ocrx_word' id='word_1_854' title='bbox 2257 5227 2415 5300; x_wconf 87' lang='lat' dir='ltr'>regio</span> <span class='ocrx_word' id='word_1_855' title='bbox 2445 5232 2534 5283; x_wconf 88' lang='lat' dir='ltr'>est</span> <span class='ocrx_word' id='word_1_856' title='bbox 2564 5227 2625 5281; x_wconf 90' lang='lat' dir='ltr'>in</span> <span class='ocrx_word' id='word_1_857' title='bbox 2653 5226 2876 5281; x_wconf 87' lang='lat' dir='ltr'>ﬁnibus</span> <span class='ocrx_word' id='word_1_858' title='bbox 2907 5230 3071 5282; x_wconf 66' lang='lat' dir='ltr'>terra:</span> <span class='ocrx_word' id='word_1_859' title='bbox 3114 5226 3306 5298; x_wconf 88' lang='lat' dir='ltr'>posita</span> <span class='ocrx_word' id='word_1_860' title='bbox 3335 5226 3488 5282; x_wconf 88' lang='lat' dir='ltr'>Saba</span> <span class='ocrx_word' id='word_1_861' title='bbox 3517 5227 3596 5282; x_wconf 92' lang='lat' dir='ltr'>ci-</span> 
     </span>
    </p>
   </div>
   <div class='ocr_carea' id='block_1_114' title="bbox 1936 5314 3593 5389">
    <p class='ocr_par' dir='ltr' id='par_1_114' title="bbox 1936 5314 3593 5389">
     <span class='ocr_line' id='line_1_114' title="bbox 1936 5314 3593 5389; baseline -0.001 -17"><span class='ocrx_word' id='word_1_862' title='bbox 1936 5318 2087 5373; x_wconf 91' lang='lat' dir='ltr'>vitas</span> <span class='ocrx_word' id='word_1_863' title='bbox 2118 5333 2334 5389; x_wconf 90' lang='lat' dir='ltr'>magna</span> <span class='ocrx_word' id='word_1_864' title='bbox 2376 5320 2465 5371; x_wconf 88' lang='lat' dir='ltr'>est</span> <span class='ocrx_word' id='word_1_865' title='bbox 2514 5315 2575 5370; x_wconf 90' lang='lat' dir='ltr'>in</span> <span class='ocrx_word' id='word_1_866' title='bbox 2624 5315 2843 5370; x_wconf 85' lang='lat' dir='ltr'>ﬁnibus</span> <span class='ocrx_word' id='word_1_867' title='bbox 2893 5316 3159 5386; x_wconf 88' lang='lat' dir='ltr'>ejusdem</span> <span class='ocrx_word' id='word_1_868' title='bbox 3210 5314 3486 5387; x_wconf 87' lang='lat' dir='ltr'>regionis,</span> <span class='ocrx_word' id='word_1_869' title='bbox 3521 5315 3593 5371; x_wconf 88' lang='lat' dir='ltr'>de</span> 
     </span>
    </p>
   </div>
   <div class='ocr_carea' id='block_1_115' title="bbox 1940 5404 3589 5479">
    <p class='ocr_par' dir='ltr' id='par_1_115' title="bbox 1940 5404 3589 5479">
     <span class='ocr_line' id='line_1_115' title="bbox 1940 5404 3589 5479; baseline -0.001 -18"><span class='ocrx_word' id='word_1_870' title='bbox 1940 5424 2057 5479; x_wconf 91' lang='lat' dir='ltr'>qua</span> <span class='ocrx_word' id='word_1_871' title='bbox 2077 5407 2189 5461; x_wconf 81' lang='lat' dir='ltr'>fuit</span> <span class='ocrx_word' id='word_1_872' title='bbox 2219 5406 2419 5477; x_wconf 89' lang='lat' dir='ltr'>regina</span> <span class='ocrx_word' id='word_1_873' title='bbox 2445 5405 2759 5476; x_wconf 64' lang='lat' dir='ltr'>Saba,qua3</span> <span class='ocrx_word' id='word_1_874' title='bbox 2788 5404 2945 5459; x_wconf 89' lang='lat' dir='ltr'>venit</span> <span class='ocrx_word' id='word_1_875' title='bbox 2973 5421 3007 5459; x_wconf 90' lang='lat' dir='ltr'>a</span> <span class='ocrx_word' id='word_1_876' title='bbox 3038 5404 3257 5459; x_wconf 81' lang='lat' dir='ltr'>finibus</span> <span class='ocrx_word' id='word_1_877' title='bbox 3288 5408 3453 5460; x_wconf 77' lang='lat' dir='ltr'>terra:</span> <span class='ocrx_word' id='word_1_878' title='bbox 3484 5420 3589 5460; x_wconf 83' lang='lat' dir='ltr'>au-</span> 
     </span>
    </p>
   </div>
   <div class='ocr_carea' id='block_1_116' title="bbox 1941 5492 3588 5567">
    <p class='ocr_par' dir='ltr' id='par_1_116' title="bbox 1941 5492 3588 5567">
     <span class='ocr_line' id='line_1_116' title="bbox 1941 5492 3588 5567; baseline -0.002 -16"><span class='ocrx_word' id='word_1_879' title='bbox 1941 5495 2064 5552; x_wconf 90' lang='lat' dir='ltr'>dire</span> <span class='ocrx_word' id='word_1_880' title='bbox 2093 5495 2443 5567; x_wconf 74' lang='lat' dir='ltr'>sapientiam</span> <span class='ocrx_word' id='word_1_881' title='bbox 2478 5492 2829 5549; x_wconf 87' lang='lat' dir='ltr'>Salomonis.</span> <span class='ocrx_word' id='word_1_882' title='bbox 2855 5493 3005 5558; x_wconf 87' lang='lat' dir='ltr'>Quid</span> <span class='ocrx_word' id='word_1_883' title='bbox 3046 5509 3182 5564; x_wconf 87' lang='lat' dir='ltr'>ergo</span> <span class='ocrx_word' id='word_1_884' title='bbox 3224 5508 3329 5565; x_wconf 87' lang='lat' dir='ltr'>per</span> <span class='ocrx_word' id='word_1_885' title='bbox 3372 5492 3588 5549; x_wconf 67' lang='lat' dir='ltr'>Ethio-</span> 
     </span>
    </p>
   </div>
   <div class='ocr_carea' id='block_1_117' title="bbox 1939 5579 3590 5657">
    <p class='ocr_par' dir='ltr' id='par_1_117' title="bbox 1939 5579 3590 5657">
     <span class='ocr_line' id='line_1_117' title="bbox 1939 5579 3590 5657; baseline -0.002 -17"><span class='ocrx_word' id='word_1_886' title='bbox 1939 5584 2095 5657; x_wconf 90' lang='lat' dir='ltr'>piam</span> <span class='ocrx_word' id='word_1_887' title='bbox 2127 5589 2183 5639; x_wconf 87' lang='lat' dir='ltr'>et</span> <span class='ocrx_word' id='word_1_888' title='bbox 2210 5583 2381 5648; x_wconf 89' lang='lat' dir='ltr'>Saba,</span> <span class='ocrx_word' id='word_1_889' title='bbox 2413 5581 2528 5638; x_wconf 89' lang='lat' dir='ltr'>nisi</span> <span class='ocrx_word' id='word_1_890' title='bbox 2560 5582 2706 5638; x_wconf 87' lang='lat' dir='ltr'>ﬁnes</span> <span class='ocrx_word' id='word_1_891' title='bbox 2750 5580 3003 5638; x_wconf 89' lang='lat' dir='ltr'>universi</span> <span class='ocrx_word' id='word_1_892' title='bbox 3036 5579 3195 5637; x_wconf 90' lang='lat' dir='ltr'>orbis</span> <span class='ocrx_word' id='word_1_893' title='bbox 3223 5579 3590 5653; x_wconf 84' lang='lat' dir='ltr'>intelligendi</span> 
     </span>
    </p>
   </div>
   <div class='ocr_carea' id='block_1_118' title="bbox 1939 5669 3606 5744">
    <p class='ocr_par' dir='ltr' id='par_1_118' title="bbox 1939 5669 3606 5744">
     <span class='ocr_line' id='line_1_118' title="bbox 1939 5669 3606 5744; baseline -0.003 -13"><span class='ocrx_word' id='word_1_894' title='bbox 1939 5678 2099 5740; x_wconf 88' lang='lat' dir='ltr'>sunt,</span> <span class='ocrx_word' id='word_1_895' title='bbox 2113 5673 2186 5729; x_wconf 92' lang='lat' dir='ltr'>ad</span> <span class='ocrx_word' id='word_1_896' title='bbox 2208 5689 2355 5744; x_wconf 85' lang='lat' dir='ltr'>quos</span> <span class='ocrx_word' id='word_1_897' title='bbox 2377 5670 2708 5743; x_wconf 71' lang='lat' dir='ltr'>prazdicatio</span> <span class='ocrx_word' id='word_1_898' title='bbox 2730 5669 3129 5742; x_wconf 86' lang='lat' dir='ltr'>apostolorum</span> <span class='ocrx_word' id='word_1_899' title='bbox 3149 5670 3446 5742; x_wconf 81' lang='lat' dir='ltr'>pervenit?</span> <span class='ocrx_word' id='word_1_900' title='bbox 3466 5693 3495 5722; x_wconf 84' lang='grc'><em>‹‹</em></span> <span class='ocrx_word' id='word_1_901' title='bbox 3523 5671 3606 5728; x_wconf 52' lang='lat' dir='ltr'>In:</span> 
     </span>
    </p>
   </div>
   <div class='ocr_carea' id='block_1_119' title="bbox 1939 5758 3587 5839">
    <p class='ocr_par' dir='ltr' id='par_1_119' title="bbox 1939 5758 3587 5839">
     <span class='ocr_line' id='line_1_119' title="bbox 1939 5758 3587 5839; baseline -0.001 -17"><span class='ocrx_word' id='word_1_902' title='bbox 1939 5780 2173 5823; x_wconf 86' lang='lat' dir='ltr'>omnem</span> <span class='ocrx_word' id='word_1_903' title='bbox 2202 5766 2418 5821; x_wconf 87' lang='lat' dir='ltr'>terram</span> <span class='ocrx_word' id='word_1_904' title='bbox 2449 5759 2674 5835; x_wconf 89' lang='lat' dir='ltr'>(inquit</span> <span class='ocrx_word' id='word_1_905' title='bbox 2702 5758 3035 5839; x_wconf 84' lang='lat' dir='ltr'>Psalmista)</span> <span class='ocrx_word' id='word_1_906' title='bbox 3066 5758 3242 5820; x_wconf 80' lang='lat' dir='ltr'>exivit</span> <span class='ocrx_word' id='word_1_907' title='bbox 3279 5776 3461 5819; x_wconf 86' lang='lat' dir='ltr'>sonus</span> <span class='ocrx_word' id='word_1_908' title='bbox 3491 5776 3587 5820; x_wconf 79' lang='lat' dir='ltr'>eo-</span> 
     </span>
    </p>
   </div>
  </div>
