3956 6384
379 461 493 521 931

771 460 1180 525 HAYMONIS
1216 462 1772 525 HALBERS'I‘A'I‘.
1810 460 2052 523 EPISC.
2087 460 2264 523 OPP.
2303 463 2529 525 PARS.
2565 463 2612 524 Ι.
2646 498 2723 507 -
2753 464 3163 527 COMMENT.
3198 464 3397 527 BIBL.

3703 468 3813 533 932

381 592 675 657 rum,etin
694 593 840 647 ﬁnes
854 594 1014 648 orbis
1033 598 1198 649 terrae
1211 596 1387 650 verba
1401 613 1603 651 eorum
1620 595 2042 666 (Psal.xvmi).»
2075 595 2129 662 Α
2161 612 2333 652 aures
2356 596 2637 670 corporis,
2663 597 2764 652 sed
2800 598 2962 653 surdi
2992 602 3162 653 erant
3189 616 3201 653 :
3224 598 3363 670 quia
3384 599 3688 657 obturatas
3714 601 3810 657 ha-

381 680 721 752 Propitiatio
752 698 888 754 ergo
919 686 977 737 et
999 682 1239 753 justitia
1275 685 1676 755 apostolorum
1709 685 1873 741 salus
1906 686 2043 740 ista-

381 785 512 825 rum
544 774 602 823 et
633 769 887 825 aliarum
922 788 1229 844 regionum
1265 773 1396 828 fuit.

451 882 477 909 ‹‹
504 860 586 914 Ex
609 876 724 930 quo
754 858 1117 915 honorabilis
1151 862 1343 916 factus
1375 879 1436 918 es
1468 863 1527 917 in
1561 862 1748 918 oculis
1781 863 1986 929 meis,»
2011 880 2042 918 ο

377 948 594 1003 chorus
625 948 1048 1019 apostolorum,
1075 972 1101 999 ‹‹
1136 954 1195 1004 et
1238 949 1532 1023 gloriosus
1563 969 1669 1023 ego
1704 951 1875 1007 dilexi
1907 956 1984 1006 te.
2012 974 2041 1000 »

376 1037 541 1092 Tunc
571 1035 936 1092 honorabilis
966 1042 1025 1092 et
1063 1038 1354 1111 gloriosus
1396 1040 1798 1112 apostolorum
1826 1040 2040 1095 chorus

376 1128 543 1180 actus
574 1131 666 1181 est
698 1126 752 1179 in
779 1126 967 1182 oculis
988 1127 1494 1201 Domini,quando
1526 1130 1835 1185 audientes
1867 1147 1900 1184 a
1934 1136 2037 1184 Do-

374 1213 575 1269 mino:
607 1236 634 1265 α
667 1216 887 1270 Euntes
918 1216 977 1269 in
1012 1215 1351 1271 universum
1388 1218 1680 1273 mundum
1728 1219 2037 1289 pracdicate

372 1303 753 1376 Evangelium
794 1304 981 1373 (Marc.
1025 1305 1179 1376 xw):
1219 1328 1247 1355 »
1275 1307 1515 1377 profecti
1577 1307 2039 1378 przedicaverunt

374 1392 595 1465 ubique
626 1394 874 1448 Domino
905 1399 1272 1465 cooperante.
1298 1420 1321 1445 -‹
1347 1396 1416 1451 Et
1438 1397 1588 1451 dabo
1633 1396 1900 1452 homines
1932 1413 2036 1468 pro

374 1485 452 1549 te,
476 1486 534 1538 et
562 1480 811 1554 populos
842 1498 946 1553 pro
981 1481 1180 1537 anima
1202 1488 1360 1538 tua.»
1383 1485 1454 1539 Et
1476 1488 1567 1539 est
1589 1501 1827 1540 sensus:
1850 1487 2038 1550 Quan-

375 1574 704 1642 toscunque
734 1571 1001 1642 poteritis
1031 1577 1365 1628 convertere
1394 1574 1466 1628 ad
1500 1574 1675 1628 ﬁdem
1709 1590 1901 1628 meam
1934 1590 2037 1645 per

375 1660 853 1732 prazdicationcm
904 1666 1155 1715 vestram
1188 1679 1257 1716 ex
1284 1662 1563 1717 omnibus
1602 1662 1899 1735 gentibus,
1930 1679 2033 1734 pro

376 1748 657 1803 omnibus
688 1749 1018 1804 mercedem
1051 1749 1365 1821 recipietis.

452 1856 476 1884 ι
509 1835 637 1891 Noli
685 1835 910 1903 timere,
937 1859 964 1886 »
990 1852 1023 1890 ο
1054 1836 1268 1891 chorus
1320 1836 1740 1908 apostolorum,
1783 1854 1948 1908 reges
1977 1840 2034 1892 et

372 1925 670 1998 principes
703 1924 876 1979 istius
907 1924 1128 1992 saeculi,
1150 1942 1217 1980 ac
1248 1931 1693 1997 persecutorum
1726 1924 2029 1992 saevitiam,
2064 1962 2110 2028 Β

373 2036 402 2063 «ι
427 2013 705 2085 quoniam
730 2017 922 2068 tecum
946 2030 1052 2086 ego
1078 2031 1211 2069 sum
1240 2038 1267 2063 ››
1291 2015 1391 2087 qui
1416 2016 1635 2070 redemi
1662 2019 1735 2081 te,
1754 2019 1811 2069 et
1833 2013 2031 2069 dixiin

371 2102 684 2175 Evangelio
716 2107 837 2157 tam
871 2101 977 2157 tibi
1010 2120 1188 2175 quam
1222 2104 1451 2160 cunctis
1484 2104 1758 2159 ﬁdelibus
1787 2120 1800 2159 :
1826 2127 1852 2153 ‹‹
1887 2105 2032 2158 Ecce

370 2208 477 2263 ego
500 2191 802 2246 vobiscum
835 2208 969 2246 sum
1004 2192 1282 2247 omnibus
1314 2192 1542 2260 diebus,
1569 2209 1755 2264 usque
1786 2192 1857 2246 ad
1889 2208 2031 2247 con-

371 2279 829 2336 summationem
871 2279 1066 2334 saeculi
1110 2280 1313 2352 (Matth.
1338 2284 1591 2349 xxv1u).»
1622 2304 1642 2330 ι
1681 2281 1767 2336 Ab
1798 2280 2031 2336 Oriente

371 2369 662 2424 adducam
694 2386 894 2424 semen
927 2373 1122 2440 tuum,
1149 2392 1176 2417 »
1199 2386 1230 2424 ο
1263 2370 1478 2424 chorus
1508 2368 1930 2441 apostolorum,
1955 2369 2027 2423 ad

370 2456 692 2512 Ecclesiam
727 2473 977 2525 meam,«
1002 2462 1060 2512 et
1088 2458 1161 2513 ab
1184 2457 1494 2513 Occidente
1525 2459 1890 2531 congregabo
1916 2463 2028 2513 te.»

372 2546 480 2602 Per
508 2545 617 2601 has
643 2546 791 2601 duas
821 2551 1017 2617 partes
1049 2547 1276 2615 mundi,
1302 2552 1556 2618 quatuor
1586 2548 1825 2603 climata
1854 2548 2027 2603 debe-

371 2652 505 2691 mus
536 2634 883 2707 intelligere,
915 2653 982 2691 ex
1015 2635 1231 2708 quibus
1262 2637 1619 2708 colliguntur
1648 2638 1718 2691 ad
1753 2638 1950 2703 ﬁdem,
1974 2641 2031 2691 et

367 2730 802 2797 congregantur
831 2724 899 2778 ad
949 2725 1237 2780 unitatem
1278 2725 1570 2793 Ecclesiae,
1594 2729 1652 2780 et
1680 2725 1727 2781 si
1763 2744 1877 2781 non
1910 2742 2031 2780 cor-

365 2830 505 2886 pore
536 2817 734 2868 tamen
769 2817 982 2868 mente.
1005 2813 1170 2869 Unde
1191 2813 1333 2869 dicit
1364 2815 1422 2868 in
1447 2814 1757 2887 Evangelio
1783 2832 1831 2869 :«
1858 2814 2029 2869 Multi

366 2902 600 2959 venient
629 2903 702 2958 ab
725 2902 958 2959 Oriente
988 2907 1047 2957 et
1071 2903 1403 2971 Occidente,
1432 2908 1488 2958 et
1518 2905 1862 2959 recumbent
1893 2921 2026 2958 cum

363 2991 684 3057 Abraham,
724 2992 885 3048 Isaac
917 2996 974 3047 et
1001 2992 1183 3047 Jacob
1214 2993 1274 3046 in
1306 3010 1485 3065 regno
1516 2992 1796 3048 ccelorum
1819 2992 2025 3062 (Matth.

363 3084 545 3149 vm).-
572 3082 632 3138 Si
665 3082 1007 3154 quaerimus,
1035 3082 1194 3154 quod
1217 3082 1295 3138 sit
1314 3099 1513 3138 semen
1536 3083 1935 3154 apostolorum
1958 3083 2028 3138 de

365 3187 483 3243 quo
514 3170 609 3225 hic
658 3169 921 3243 loquitur
953 3188 966 3227 :
1002 3175 1163 3243 patet
1191 3171 1264 3225 de
1293 3170 1517 3227 semine
1557 3171 1849 3243 spirituali
1899 3188 2030 3227 esse

367 3259 616 3314 dictum.
637 3259 851 3315 Omnes
868 3259 1024 3315 enim
1043 3259 1142 3331 qui
1166 3277 1270 3332 per
1291 3260 1765 3332 praedicationem
1792 3262 2026 3316 illorum

2157 684 2376 739 hebant
2396 702 2467 739 nu
2478 703 2568 740 res
2592 687 2828 752 mentis,
2844 690 2909 740 ut
2930 687 3243 759 nequirent
3262 688 3464 744 audire
3487 688 3670 762 legem
3690 691 3806 757 Dei,

2155 772 2301 828 Nam
2324 778 2380 829 et
2413 774 2669 846 Spiritus
2690 780 2932 831 sanctus
2956 792 3059 848 per
3087 776 3298 831 Isaiam
3331 777 3675 850 prephetam
3705 779 3809 834 hoc

2154 861 2349 933 ipsum
2386 864 2750 934 praedixerat,
2787 865 3065 937 inquiens
3098 881 3112 919 :
3147 868 3299 920 Aure
3329 866 3580 922 audietis
3611 873 3668 922 et
3699 885 3806 923 non

2152 948 2513 1021 intelligetis,
2550 956 2606 1005 et
2635 950 2836 1007 oculos
2867 952 3182 1020 habebitis,
3214 958 3273 1009 et
3302 970 3418 1009 non
3451 956 3807 1027 perspicietis

2150 1040 2361 1109 (supra,
2380 1040 2568 1109 v1).Et
2600 1042 2925 1097 notandum
2958 1041 3219 1114 primum
3252 1043 3468 1098 factam
3499 1058 3626 1099 esse
3655 1060 3805 1100 voca-

2149 1125 2368 1182 tionem
2400 1128 2765 1195 Judzeorum,
2794 1130 3004 1185 deinde
3035 1131 3324 1201 gentium,
3350 1131 3503 1187 sicut
3530 1132 3806 1189 Dominus

2147 1215 2293 1271 dixit
2316 1234 2365 1272 :«
2389 1218 2510 1272 Non
2532 1234 2666 1273 sum
2691 1219 2914 1274 missus
2936 1218 3049 1274 nisi
3076 1220 3146 1273 ad
3172 1237 3308 1275 oves
3328 1220 3585 1291 perditas
3600 1220 3806 1278 domus

2149 1303 2323 1359 Israel
2345 1305 2552 1374 (Matth.
2568 1307 2867 1376 xv).»Tale
2881 1307 3021 1379 quid
3045 1312 3102 1362 et
3125 1308 3331 1363 beatus
3352 1308 3565 1363 Paulus
3587 1315 3807 1382 aposto-

2146 1391 2240 1448 lus
2254 1393 2468 1465 legitur
2480 1395 2699 1450 dixisse
2712 1395 3018 1451 inActibus
3032 1396 3672 1469 apostolorum:«Vobis
3684 1400 3807 1471 qui-

2145 1482 2278 1537 dem
2293 1484 2599 1555 oportebat
2616 1485 2873 1556 primum
2892 1485 3053 1557 loqui
3066 1486 3311 1541 verbum
3326 1486 3423 1542 Dei
3434 1488 3551 1552 ,sed
3569 1488 3710 1559 quia
3725 1504 3804 1544 re—

2144 1569 2348 1641 pulisti
2374 1571 2547 1640 illud,
2567 1589 2700 1628 ecce
2722 1573 3122 1629 convertimur
3141 1574 3212 1629 ad
3245 1580 3449 1645 gentes
3469 1576 3602 1643 (Act.
3620 1577 3796 1648 xm).-

2217 1682 2247 1709 «
2268 1661 2485 1716 Omnes
2507 1666 2710 1734 gentes
2729 1667 3094 1736 congregatis
3116 1668 3257 1718 sunt
3273 1663 3534 1731 simul,et
3552 1664 3799 1721 collecta

2144 1753 2289 1803 sunt
2318 1749 2533 1805 tribus.
2562 1772 2590 1799 »
2614 1751 2932 1823 Postquam
2966 1752 3365 1819 crediderunt,
3381 1752 3479 1823 qui
3507 1752 3800 1823 praedesti-

2144 1837 2264 1892 nati
2298 1844 2467 1893 erant
2488 1856 2557 1893 ex
2585 1839 2828 1903 Judaeis,
2854 1840 2913 1894 in
2937 1840 3262 1907 Christum,
3284 1844 3642 1913 congregatae
3666 1846 3801 1897 sunt

2142 1930 2199 1980 et
2228 1933 2456 2000 gentes.
2482 1929 2855 2000 Congregatze
2888 1935 3029 1985 sunt
3057 1947 3194 2002 ergo
3224 1934 3447 2002 gentes,
3471 1935 3529 1985 et
3552 1929 3799 1985 collecta)

2143 2022 2284 2071 sunt
2312 2017 2523 2083 tribus,
2549 2017 2658 2073 hoc
2707 2022 2796 2073 est
2841 2019 3049 2074 Judaei.
3076 2020 3145 2074 Et
3193 2019 3413 2073 factum
3448 2022 3540 2074 est
3580 2022 3701 2074 tam
3733 2035 3800 2075 ex

2141 2106 2416 2176 gentibus
2437 2122 2614 2178 quam
2638 2124 2706 2161 ex
2726 2106 2947 2162 Judaais
2973 2125 3161 2162 unum
3184 2107 3331 2163 ovile
3363 2107 3593 2163 Domini
3617 2108 3793 2179 (loan.

2139 2198 2217 2262 x),
2244 2195 2300 2248 in
2335 2212 2451 2267 quo
2493 2195 2755 2267 quotidie
2800 2200 3235 2268 congregantur
3281 2196 3504 2251 unitate
3552 2195 3706 2261 ﬁdei,
3737 2196 3796 2252 in

2140 2284 2515 2355 baptismate,
2545 2288 2602 2339 et
2633 2284 2690 2339 in
2724 2302 2845 2340 una
2884 2284 3256 2357 perceptione
3293 2283 3552 2356 corporis
3581 2288 3637 2339 et
3663 2301 3794 2340 san-

2139 2372 2340 2445 guinis
2390 2371 2630 2427 Christi.
2655 2395 2681 2421 ‹‹
2707 2373 2849 2438 Quis
2893 2371 2952 2427 in
3001 2373 3189 2439 vobis,
3213 2394 3240 2422 »
3267 2389 3299 2428 ο
3331 2372 3597 2445 gentiles,
3633 2392 3663 2422 ‹‹
3694 2389 3794 2429 an-

2139 2460 2371 2515 nuntiet
2401 2461 2620 2531 istud,»
2650 2461 2959 2528 subaudis,
2983 2462 3137 2533 quod
3167 2461 3399 2517 locutus
3429 2465 3519 2517 est
3544 2461 3697 2518 Deus
3723 2463 3795 2517 de

2138 2550 2393 2603 adventu
2420 2547 2550 2603 Filii
2574 2549 2724 2617 sui,«
2750 2554 2807 2604 et
2827 2566 2955 2621 quae
2978 2550 3172 2622 prima
3193 2554 3332 2605 sunt
3360 2549 3562 2605 audire
3583 2566 3687 2605 nos
3707 2550 3791 2605 fa-

2138 2636 2325 2692 ciet?»
2352 2636 2411 2693 Si
2445 2641 2584 2693 sunt
2615 2636 2697 2692 dii
2727 2638 2900 2692 vestri
2933 2639 3075 2706 veri,
3101 2638 3453 2693 annuntient
3472 2639 3633 2693 vobis
3657 2654 3795 2710 prte-

2138 2726 2310 2782 terita
2339 2726 2458 2781 sive
2492 2727 2712 2791 futura,
2737 2726 2891 2781 sicut
2916 2726 3202 2783 Dominus
3225 2732 3444 2783 noster.
3467 2727 3795 2799 Alloquitur

2138 2813 2425 2887 Propheta
2455 2814 2722 2886 gentiles.
2744 2814 2948 2869 volens
2992 2832 3093 2871 eos
3124 2832 3420 2872 removere
3449 2817 3523 2871 ab
3552 2813 3793 2870 idolola-

2135 2902 2250 2958 tria
2280 2906 2338 2958 et
2373 2903 2536 2958 cultu
2584 2903 2943 2958 daemonum.
2969 2908 3168 2958 «Dent
3209 2908 3390 2959 testes
3428 2919 3707 2972 eorum,»
3733 2901 3793 2957 id

2137 2996 2247 3060 est,
2270 2991 2383 3064 ipsi
2411 2991 2491 3047 dii
2522 2995 2704 3047 testes
2736 3008 2895 3060 suos,
2922 3014 2949 3042 ‹‹
2975 2996 3041 3046 ut
3062 2992 3488 3063 justiﬁcentur,
3512 3014 3542 3043 »
3566 2992 3674 3048 hoc
3704 2995 3799 3047 est

2137 3086 2203 3137 ut
2224 3081 2375 3153 justi
2406 3085 2464 3136 et
2492 3081 2611 3136 veri
2640 3081 2934 3150 dicantur,
2961 3101 2988 3131 «
3011 3084 3069 3135 et
3098 3080 3361 3146 audiant,
3391 3101 3419 3129 »
3444 3080 3551 3149 illi,
3575 3079 3674 3152 qui
3696 3096 3798 3135 eos

2137 3171 2413 3244 ignorant
2440 3186 2569 3225 esse
2598 3186 2765 3224 veros
2796 3168 2956 3236 deos,
2979 3190 3007 3217 «
3032 3172 3091 3222 et
3117 3168 3317 3222 dicant
3342 3169 3534 3238 -.quia
3562 3168 3678 3223 veri
3713 3168 3796 3222 dii

2138 3263 2298 3315 suut.
2325 3261 2441 3315 Isto
2471 3258 2533 3314 in
2565 3259 2687 3313 loco
2717 3261 2806 3313 est
2833 3255 2945 3312 iste
2965 3254 3287 3311 versiculus
3310 3255 3795 3329 distinguendae,

364 3349 760 3417 crediderunt,
776 3366 977 3404 semen
998 3331 1200 3403 eorum
1223 3331 1393 3404 sunt:
1414 3350 1568 3404 sicut
1587 3350 1729 3405 dicit
1752 3350 2024 3423 egregius
2054 3331 2098 3398 (ἶ
2136 3353 2195 3404 et
2223 3349 2295 3404 ad
2328 3347 2634 3421 sequentia
2655 3345 3018 3418 jungendus.

366 3437 714 3508 praedicator
737 3454 787 3491 τα
814 3435 1004 3492 Filioli
1031 3436 1143 3491 mei
1168 3453 1316 3508 quos
1347 3437 1563 3493 iterum
1596 3440 1858 3509 parturio
1882 3439 2021 3511 (Gal.

368 3528 507 3591 ιν).››
532 3525 602 3578 Et
624 3540 674 3578 ;‹‹
702 3523 808 3577 Per
837 3522 1215 3595 Evangelium
1239 3542 1345 3596 ego
1366 3542 1468 3580 vos
1487 3525 1723 3596 genui.»

445 3633 474 3661 «
495 3611 697 3667 Dicam
738 3610 1020 3682 aquiloni,
1047 3634 1074 3659 »
1098 3612 1156 3666 id
1186 3618 1298 3679 est,
1321 3613 1554 3668 diabolo
1580 3635 1607 3664 «ι
1628 3614 1724 3677 da,
1749 3636 1777 3664 »
1812 3615 2026 3670 subau-

367 3700 482 3769 dis,
516 3697 671 3754 ﬁlios
700 3716 880 3766 meos,
906 3716 1055 3771 quos
1086 3705 1249 3756 tenes
1270 3701 1531 3773 captivos
1553 3702 1832 3774 apostolis
1855 3704 2021 3758 meis.

372 3812 394 3840 α
421 3790 491 3845 Et
520 3793 721 3844 abstro
752 3789 967 3853 dicam,
993 3789 1109 3844 noli
1144 3790 1452 3862 prohibere
1482 3813 1509 3839 »
1542 3791 1692 3846 ﬁlios
1724 3808 1906 3859 meos,
1929 3810 2024 3848 ve-

365 3878 597 3936 nientes
620 3879 688 3933 ad
717 3879 894 3934 ﬁdem
918 3878 1240 3934 Ecclesiaem
1261 3879 1439 3934 Aufer
1458 3878 1610 3935 ﬁlios
1632 3898 1794 3936 meos
1814 3882 1885 3936 de
1906 3881 2027 3937 lon-

366 3969 609 4042 ginqua,
638 3991 666 4018 »
689 3986 721 4023 ο
752 3968 969 4024 chorus
1016 3968 1436 4041 apostolorum,
1468 3969 1526 4024 id
1575 3974 1685 4038 est,
1740 3969 2023 4043 populum

367 4059 633 4131 gentium
665 4057 761 4130 qui
793 4057 966 4131 longe
996 4074 1030 4113 a
1067 4058 1401 4131 cognitione
1444 4058 1542 4113 Dei
1576 4063 1686 4114 est.
1714 4082 1742 4109 «
1774 4059 1843 4113 Et
1873 4059 2025 4114 ﬁlias

366 4164 553 4216 meas,
582 4170 611 4197 »
632 4147 689 4202 id
735 4151 826 4203 est
875 4148 1126 4215 animas,
1159 4146 1385 4203 scilicet
1443 4149 1891 4220 praedestinatas
1951 4150 2022 4205 ad

366 4253 638 4310 regnum,
663 4236 805 4291 affer
826 4260 852 4286 ‹‹
879 4236 952 4291 ab
983 4236 1260 4291 extremis
1289 4242 1528 4303 terrae,»
1553 4237 1624 4291 ab
1658 4237 1840 4303 India,
1868 4238 2024 4293 scili-

366 4330 458 4381 cet
487 4324 795 4397 EtbioPia.
819 4323 921 4380 Vel
966 4324 1070 4396 per
1108 4324 1261 4380 ﬁlias
1291 4325 1695 4398 intelligamus
1724 4326 2024 4396 mulieres,

365 4430 495 4486 qum
526 4415 599 4469 ad
632 4412 949 4468 Dominum
981 4429 1085 4484 per
1115 4413 1289 4468 ﬁdem
1314 4418 1619 4469 venerunt.
1642 4402 2027 4470 Crediderunt

366 4519 580 4575 nempe
611 4502 738 4568 viri,
763 4502 1141 4557 crediderunt
1170 4506 1228 4558 et
1273 4502 1526 4557 feminze.
1550 4504 1635 4558 Ad
1668 4503 1779 4559 hoc
1827 4509 2024 4559 autem

366 4594 526 4665 quod
557 4593 721 4664 dicit,
748 4592 893 4648 affer
922 4592 1075 4647 ﬁlios
1108 4610 1268 4649 meos
1301 4593 1551 4665 gentiles
1579 4594 1650 4648 de
1679 4593 2023 4667 longinquo,

2206 3460 2235 3487 ι(
2259 3436 2375 3492 Vos
2404 3453 2538 3492 vere
2567 3440 2749 3492 testes
2780 3433 2914 3502 mei,
2943 3432 3086 3489 dicit
3118 3433 3425 3488 Dominus.
3465 3455 3494 3483 »
3514 3432 3660 3489 Vere
3692 3450 3798 3490 vos

2134 3529 2315 3581 testes
2346 3525 2460 3580 mei
2494 3524 2790 3597 propheta
2821 3527 2878 3579 et
2907 3520 3176 3595 apostoli,
3201 3521 3345 3576 dicit
3368 3521 3654 3578 Dominus
3687 3522 3796 3578 Pa-

2134 3616 2259 3669 ter:
2286 3613 2426 3684 quia
2454 3630 2558 3684 per
2584 3630 2687 3669 vos
2719 3613 2951 3669 locutus
2982 3628 3138 3667 sum.
3162 3633 3190 3661 ‹‹
3213 3611 3283 3665 Et
3312 3627 3516 3666 servus
3546 3620 3789 3677 meus,'»

2135 3701 2441 3768 subaudis,
2467 3701 2759 3769 Christus,
2778 3724 2806 3752 «
2832 3718 3008 3774 quem
3030 3700 3177 3772 elegi
3202 3721 3230 3749 »
3257 3700 3315 3754 in
3339 3716 3456 3771 quo
3479 3699 3619 3754 mihi
3642 3699 3794 3755 bene

2134 3788 2462 3861 complacui
2503 3790 2708 3861 (Matth.
2749 3808 2843 3858 ιιι;
2886 3792 3015 3846 Luc.
3059 3795 3168 3858 ιιι),
3209 3788 3513 3854 subaudis,
3565 3788 3690 3860 ipse
3735 3794 3796 3844 et

2133 3878 2302 3934 testis
2330 3878 2642 3932 verborum
2674 3894 2966 3947 meorum,
2991 3900 3019 3927 ‹‹
3044 3882 3111 3933 ut
3133 3876 3331 3933 sciatis
3362 3876 3501 3948 quia
3528 3877 3653 3948 ipse
3681 3892 3792 3950 ego

2134 3984 2267 4022 sum
2315 3967 2492 4022 Deus.
2519 3987 2548 4016 »
2570 3966 2651 4020 De
2681 3965 2791 4021 hoc
2839 3983 3005 4021 servo
3055 3966 3203 4021 dixit
3247 3965 3517 4037 superius
3547 3981 3612 4019 :«
3644 3965 3793 4020 Ecce

2134 4073 2339 4112 servus
2398 4068 2590 4123 meus,
2644 4054 2968 4127 suscipiam
3018 4071 3154 4111 eum
3204 4058 3349 4126 (sup.
3380 4070 3494 4125 xu,
3523 4053 3680 4126 xui).
3718 4054 3791 4109 Et

2134 4145 2280 4201 illud
2315 4162 2330 4200 :
2365 4145 2646 4217 Magnum
2679 4135 2787 4199 tibi
2836 4149 2948 4215 est,
2978 4143 3170 4200 vocari
3203 4148 3262 4199 te
3299 4159 3545 4215 puerum
3588 4158 3789 4198 meum

2135 4236 2330 4308 (infra,
2361 4237 2573 4306 xux).»
2596 4257 2623 4285 ‹‹
2646 4235 2795 4289 Ante
2838 4250 2931 4289 me
2984 4250 3101 4288 non
3149 4237 3240 4289 est
3285 4234 3565 4289 formator
3613 4232 3787 4297 Deus,

2134 4328 2193 4379 et
2222 4328 2355 4396 post
2383 4340 2477 4378 me
2517 4340 2630 4378 non
2665 4322 2833 4377 erit.»
2855 4321 2977 4377 Vox
3007 4322 3107 4378 Dei
3159 4320 3365 4378 Patris.
3399 4319 3644 4386 Quidam
3692 4336 3786 4375 co-

2135 4413 2297 4469 dices
2327 4412 2547 4468 habent
2570 4414 2751 4467 :Ante
2774 4428 2868 4466 me
2900 4427 3017 4466 non
3038 4421 3128 4468 est
3160 4412 3442 4467 formatus
3474 4409 3648 4466 Deus.
3674 4408 3787 4464 Sed

2136 4501 2349 4558 melius
2382 4506 2441 4557 et
2472 4500 2687 4556 rectius
2718 4504 2808 4556 est
2836 4500 3121 4555 formator
3149 4500 3359 4555 dicere.
3393 4497 3605 4571 Pagani
3638 4497 3788 4552 dice-

2136 4592 2281 4647 bant
2312 4592 2382 4646 de
2413 4589 2529 4646 diis
2550 4589 2711 4645 suis:
2737 4589 2851 4645 Iste
2871 4590 3017 4645 deus
3046 4594 3247 4645 noster
3268 4588 3405 4644 fecit
3423 4585 3786 4643 omnia.Ver—

367 4683 622 4754 pertinet
652 4682 808 4755 quod
838 4683 1046 4737 beatus
1092 4682 1408 4753 Apostolus
1455 4682 1738 4754 loquitur,
1770 4683 1974 4738 dicens
2007 4700 2020 4739 :
2054 4700 2102 4765 D
2137 4680 2195 4735 bi
2224 4680 2414 4752 gratia
2445 4679 2517 4734 ad
2548 4678 2749 4733 Jovem
2775 4694 2788 4731 :
2813 4678 2994 4747 Jovis,
3017 4683 3080 4734 tu
3111 4696 3173 4734 es
3205 4678 3358 4733 deus
3390 4692 3557 4732 meus
3587 4691 3783 4765 verus,

371 4793 393 4820 ι
418 4770 534 4827 Vos
559 4771 661 4842 qui
685 4770 864 4825 eratis
886 4769 1076 4841 longe,
1104 4769 1242 4824 facti
1265 4771 1409 4825 estis
1432 4787 1610 4842 prope
1643 4770 1701 4824 in
1735 4771 2023 4843 sanguine

367 4857 580 4915 Christi
604 4860 820 4930 (Ep/tes.
854 4859 937 4930 ιι).
966 4881 993 4908 ››

441 4971 463 4998 ι
492 4949 559 5003 Et
591 4965 826 5004 omnem
852 4947 1173 5016 hominem,
1197 4949 1297 5019 qui
1332 4948 1562 5003 invocat
1584 4964 1797 5003 nomen
1823 4966 2019 5004 meum

367 5035 426 5089 in
456 5034 705 5108 gloriam
731 5053 978 5104 meam,»
1004 5037 1309 5103 subaudis,
1336 5037 1625 5093 adducam
1669 5038 1739 5092 ad
1783 5039 2023 5094 societa-

364 5126 482 5179 tem
507 5124 826 5179 electorum
850 5141 1137 5179 meorum.
1157 5149 1175 5173 σι
1204 5126 1400 5181 Creavi
1423 5143 1559 5181 eum
1583 5148 1611 5175 »
1636 5143 1895 5198 corpore,
1919 5126 2021 5198 qui

365 5210 425 5266 in
458 5229 552 5267 me
583 5212 915 5269 crediturus
942 5219 1053 5269 est.
1077 5238 1103 5263 α
1160 5214 1425 5269 Formavi
1475 5232 1611 5269 eum
1644 5237 1672 5263 »
1704 5216 1762 5269 in
1801 5216 2019 5284 anima,

365 5320 394 5347 ί(
426 5304 484 5355 et
513 5300 621 5356 feci
655 5316 812 5371 eum,
841 5324 867 5350 n
891 5302 1178 5358 subaudis
1216 5301 1645 5371 Christianum,
1667 5304 1754 5358 vel
1795 5304 2023 5377 aposto-

365 5385 493 5443 lum
524 5389 866 5459 quemlibet,
890 5389 977 5446 vel
1010 5390 1312 5463 gentilem.

441 5497 463 5524 α
494 5476 654 5532 Educ
686 5479 971 5552 populum
1004 5480 1224 5545 foras,»
1248 5481 1318 5537 de
1347 5480 1691 5537 inﬁdelitate
1715 5483 1788 5537 ad
1820 5483 2017 5551 ﬁdem,

365 5560 436 5615 de
468 5569 655 5619 morte
685 5570 756 5624 ad
786 5569 991 5635 vitam,
1016 5570 1085 5624 de
1112 5569 1370 5625 tenebris
1390 5571 1605 5627 erroris
1628 5573 1698 5627 ad
1719 5589 1915 5627 verum
1938 5572 2022 5627 lu-

364 5647 647 5731 cernNox
670 5654 769 5712 Dei
803 5656 991 5710 Patris
1013 5658 1083 5711 ad
1110 5658 1322 5712 Filium
1349 5658 1419 5712 de
1448 5659 1669 5715 Judaais
1690 5660 1788 5731 qui
1820 5660 2020 5717 oculos

360 5728 661 5796 habebant
690 5741 977 5818 corporis,
997 5745 1099 5801 sed
1128 5746 1264 5803 caeci
1296 5751 1465 5804 erant
1487 5728 1724 5809 mente;
1738 5749 2022 5809 Similiter

2134 4770 2276 4842 quia
2301 4773 2365 4823 tu
2398 4767 2610 4823 creasti
2639 4771 2697 4822 et
2725 4767 2878 4839 regis
2909 4766 3242 4840 Olympum,
3268 4766 3377 4822 hoc
3407 4768 3514 4832 est,
3548 4763 3780 4819 ccelum.

2132 4859 2347 4914 Contra
2376 4856 2520 4912 dicit
2550 4856 2704 4910 Deus
2742 4856 3114 4928 omnipotens
3147 4872 3159 4911 :
3195 4859 3342 4910 Ante
3392 4870 3484 4909 me
3532 4869 3648 4909 non
3695 4858 3786 4908 est

2132 4948 2287 5003 Deus
2321 4949 2602 5001 formator
2631 4944 2884 5016 alicujus
2914 4944 3017 5000 rei.
3050 4946 3169 5016 Ego
3200 4961 3335 4999 sum
3368 4943 3648 4998 formator
3673 4941 3785 5013 prio

2133 5054 2288 5102 mus,
2312 5036 2451 5108 quia
2481 5051 2666 5106 quum
2698 5050 2816 5088 non
2848 5037 3067 5100 essent,
3096 5031 3296 5088 omnia
3338 5031 3445 5087 feci
3476 5047 3546 5087 ex
3575 5029 3777 5085 nihilo.

2134 5125 2436 5191 Quomodo
2457 5124 2615 5178 enim
2639 5127 2867 5195 poterat
2881 5121 3095 5194 aliquis
3110 5122 3352 5178 deorum
3375 5120 3653 5176 falsorum
3676 5119 3782 5175 for-

2134 5218 2327 5268 mator
2356 5229 2504 5279 esse,
2529 5212 2752 5267 scilicet
2781 5211 3035 5284 alicujus
3066 5212 3169 5279 rei,
3208 5227 3392 5283 quum
3422 5227 3537 5265 non
3566 5213 3719 5264 esset
3747 5224 3781 5263 a

2132 5319 2246 5375 quo
2281 5301 2670 5357 formaretur?
2702 5300 2863 5357 Idola
2891 5301 3049 5356 enim
3080 5306 3221 5356 sunt
3240 5300 3421 5356 surda
3447 5302 3504 5354 et
3532 5300 3694 5353 muta
3722 5301 3778 5353 et

2130 5390 2503 5449 insensibilia
2542 5391 2820 5446 manibus
2868 5389 3179 5447 hominum
3228 5390 3496 5445 formata.
3521 5386 3682 5454 Quod
3727 5385 3777 5441 si

2130 5482 2379 5537 refertur
2408 5480 2479 5536 ad
2511 5479 2834 5548 diabolum,
2861 5480 2962 5551 qui
3006 5495 3159 5551 saape
3189 5496 3292 5552 per
3320 5477 3476 5533 idola
3503 5491 3778 5549 responsa

2130 5571 2328 5639 dabat,
2354 5569 2651 5641 quomodo
2682 5574 2910 5641 poterat
2938 5570 3225 5625 formator
3242 5583 3370 5625 esse
3398 5564 3659 5623 omnium
3689 5580 3774 5621 re-

2130 5677 2287 5729 rum,
2309 5660 2411 5731 qui
2451 5675 2521 5714 ex
2569 5663 2829 5730 tempore
2861 5676 2896 5714 a
2923 5659 3040 5714 Deo
3071 5663 3162 5714 est
3205 5656 3439 5714 factus?
3468 5655 3528 5712 Si
3570 5653 3774 5710 dixeri-

2131 5765 2286 5826 mus,
2321 5752 2454 5812 ante
2483 5764 2578 5829 me
2607 5764 2726 5819 non
2756 5752 2852 5821 est
2878 5748 3167 5815 formatus
3196 5748 3371 5828 Deus,
3391 5745 3504 5808 erit
3528 5757 3772 5813 scmus:
