3944 6410
376 362 482 417 2.27

1467 344 1823 406 ANGELOMI
1860 336 2329 401 LUXOVIENSIS
2368 344 2561 400 MONA
2570 340 2681 399 CH1

3695 332 3827 391 228

379 480 789 546 concubitum,
823 481 887 534 ut
912 475 1267 532 velocissimi
1291 490 1365 531 ex
1405 474 1500 529 his
1530 471 1685 530 asini
1709 480 2030 527 nasceren-
2061 469 2110 523 Α
2152 465 2309 536 gitur
2356 464 2523 538 quod
2568 463 2752 521 Jacob
2800 461 2942 517 dicit
2971 478 2984 516 :
3017 460 3309 528 Quoniam
3346 459 3702 516 descendam
3739 459 3830 515 ad

381 577 495 628 tur.
532 568 824 625 ludustria
846 566 1069 639 quippe
1097 565 1368 620 humana
1395 562 1700 619 diversum
1730 557 1955 617 animal
1974 556 2035 612 iu

382 661 542 717 coitu
569 658 778 726 coegit.
810 656 1017 728 sicque
1039 654 1375 710 adulterina
1397 651 1815 708 commistione
1846 662 2039 719 genus

382 749 547 807 aliud
574 746 808 819 reperit,
842 744 993 800 sicut
1019 747 1075 799 et
1106 743 1293 800 Jacob
1336 747 1543 798 contra
1571 743 1852 798 naturam
1884 734 2039 792 colo-

379 853 516 895 rum
540 834 955 892 similitudines
982 831 1343 904 procuravit.

946 955 1175 1013 CAPUT
1215 955 1461 1012 XXXVII.

450 1088 622 1141 Vsas.
650 1087 702 1139 2.
729 1113 798 1125 —
824 1082 1045 1151 Joseph
1073 1095 1207 1137 cum
1258 1080 1509 1135 sedecim
1538 1083 1685 1134 esset
1712 1089 2035 1139 annorum,

371 1176 657 1247 pascebat
689 1187 927 1245 gregem
954 1187 1089 1227 cum
1115 1170 1416 1240 [ratribus
1445 1169 1588 1238 suis,
1620 1167 1820 1223 adhuc
1865 1179 2038 1234 puer,

380 1272 433 1321 et
462 1270 593 1321 erat
626 1279 759 1319 cum
786 1263 932 1331 ﬁliis
983 1262 1156 1316 Balae
1206 1265 1260 1315 et
1308 1259 1493 1328 Zelfaa
1540 1272 1800 1313 uxorum
1840 1252 2041 1324 patris

377 1355 492 1409 sui.
524 1352 966 1420 Accusavitque
987 1350 1215 1417 fratres
1240 1362 1377 1402 suos
1422 1345 1587 1415 apud
1627 1349 1863 1413 patrem
1920 1342 2039 1397 cri-

380 1444 542 1496 mine
569 1438 1133 1508 pessimo.Quterunt
1154 1434 1313 1489 enim
1332 1432 1511 1504 quale
1533 1432 1606 1487 sit
1628 1432 1743 1487 hoc
1773 1430 1997 1485 crimen
2013 1430 2041 1483 ‘I

382 1525 641 1582 Nonuuli
666 1524 877 1580 volunt
904 1522 1149 1591 intelligi
1178 1520 1579 1577 idololatriam
1608 1519 1679 1589 [Γ.
1713 1516 2040 1573 idololatri-

382 1614 541 1688 cam]
598 1614 1101 1687 superstitionem,
1151 1612 1327 1685 quasi
1382 1611 1615 1667 idolum
1666 1608 2039 1665 adorasseut.

380 1706 491 1762 Alii
536 1722 680 1762 vero
729 1720 909 1777 super
954 1703 1201 1758 crimine
1242 1701 1642 1759 Sodomorum
1694 1704 1752 1755 et
1794 1700 2040 1754 Gomor-

382 1797 686 1852 rhaeorum
713 1795 1197 1866 interpretantur.
1221 1794 1645 1848 Verumtamen
1674 1804 1915 1845 movere
1936 1804 2041 1861 po-
2071 1822 2111 1877 Β

382 1888 495 1941 test
518 1886 621 1957 qui
645 1888 738 1940 est
765 1883 930 1955 quod
960 1884 1057 1938 hic
1093 1881 1325 1939 ancilla:
1376 1895 1591 1937 uxores
1639 1878 2039 1951 appellantur,

382 1991 519 2029 cum
554 1974 828 2046 superius
854 1974 1198 2029 concubium
1228 1971 1524 2040 dicantur,
1556 1970 1669 2025 nisi
1699 1968 1845 2040 quia
1873 1982 2039 2022 more

377 2064 821 2136 Scripturarum
866 2062 1015 2118 forte
1069 2062 1267 2119 omnis
1308 2060 1651 2117 concubina
1698 2074 1869 2127 uxor,
1916 2072 2039 2113 non

379 2158 582 2210 autem
632 2170 785 2209 uxor
829 2152 1187 2209 concubina.
1212 2155 1361 2208 Nam
1410 2153 1618 2217 Saraa,
1644 2154 1702 2205 et
1748 2147 2037 2215 Rebecca,

383 2248 442 2300 et
500 2243 620 2307 Lia,
653 2248 710 2299 et
737 2242 956 2299 Rachel
1007 2241 1361 2298 concubinae
1407 2240 1525 2295 dici
1570 2255 1694 2294 non
1746 2241 2037 2310 possunt:

381 2335 544 2402 Agar
574 2348 738 2403 vero,
771 2336 827 2387 et
855 2332 1137 2396 Cethura,
1162 2335 1221 2386 et
1253 2329 1412 2397 Bala,
1441 2333 1502 2385 et
1527 2327 1703 2396 Zelfa,
1735 2331 1793 2383 et
1819 2342 2039 2381 uxores

380 2426 437 2478 et
464 2421 818 2478 concubinae
843 2421 1143 2476 dicuntur.

452 2512 629 2566 Vnus.
659 2514 714 2566 3.
739 2541 811 2551 --
841 2510 1121 2580 Fecitque
1134 2509 1314 2565 Iacob
1337 2509 1601 2563 tunicam
1629 2506 1850 2575 Joseph
1869 2508 2039 2575 poly-

380 2601 611 2656 mitam.
645 2602 754 2654 Pro
784 2597 1079 2670 polymita
1110 2599 1344 2654 variam
1373 2596 1646 2651 nonnulli
1677 2597 2038 2667 interpretati

383 2694 543 2755 sunt,
561 2687 728 2761 quod
758 2687 973 2760 Aquila
998 2687 1420 2759 interpretatus
1441 2692 1529 2742 est
1553 2685 1817 2741 tunicam
1846 2691 2039 2742 astra-

381 2779 593 2849 galon,
618 2776 681 2832 id
705 2781 793 2832 est
818 2776 1086 2831 talarem.

456 2865 632 2922 Vsus.
656 2868 812 2922 9-24.
843 2894 914 2905 —-
937 2864 1129 2920 Aliud
1169 2879 1401 2935 quoque
1425 2864 1648 2933 Joseph
1702 2864 1850 2920 vidit
1890 2879 2037 2919 som-

385 2956 577 3022 nium,
605 2955 765 3026 quod
793 2970 1057 3010 narrans
1082 2955 1383 3023 fratribus
1403 2956 1544 3018 suis,
1573 2955 1691 3009 ait:
1734 2954 1866 3009 Vidi
1890 2969 2037 3009 som-

390 3047 579 3114 nium,
611 3046 786 3115 quasi
811 3046 1011 3113 solem,
1045 3050 1097 3099 et
1150 3045 1378 3114 lunam,
1410 3050 1464 3099 et
1510 3046 1717 3099 stellas
1764 3043 2033 3098 undecim

383 3137 645 3192 adorare
672 3151 783 3191 me.
809 3134 1125 3199 Quomodo
1155 3133 1435 3205 impletur
1464 3134 1765 3188 somnium
1795 3136 2033 3205 Joseph.

380 3224 545 3297 quod
575 3224 716 3280 dicit
746 3239 808 3279 se
839 3224 1059 3279 vidisse
1090 3223 1297 3289 solem,
1327 3226 1386 3278 et
1412 3222 1643 3293 lunam,
1673 3228 1729 3280 et
1758 3223 2037 3278 undecim

379 3313 582 3368 stellas
636 3313 919 3368 adorasse
968 3330 1067 3380 se;
1100 3312 1248 3367 dum
1278 3318 1511 3367 constat
1537 3327 1609 3367 eo
1661 3317 1947 3379 regnante
1977 3313 2038 3368 iu

380 3404 635 3471 IEgypto
664 3405 917 3455 matrem
944 3401 1074 3471 ejus
1118 3400 1334 3456 Rachel
1382 3400 1573 3455 multo
1617 3406 1753 3455 ante
1782 3416 1911 3455 esse
1941 3400 2041 3454 de-

380 3488 684 3555 functam;
717 3489 839 3545 imo
870 3505 979 3545 nec
1006 3495 1236 3560 patrem
1258 3506 1397 3546 eum
1421 3489 1675 3558 legimus
1706 3490 1989 3544 adorasse
2010 3493 2037 3546 ‘I

383 3581 537 3647 Ergo
559 3577 619 3632 in
643 3578 871 3633 Christo
889 3578 1055 3633 facile
1078 3580 1346 3650 [uterque
1368 3579 1521 3647 cad.,
1536 3578 1744 3647 facilis]
1767 3584 1855 3633 est
1880 3595 2037 3633 som-

380 3667 464 3725 nii
484 3666 909 3739 perfectionem
931 3668 1273 3737 intelligere,
1294 3670 1396 3724 cui
1416 3668 1705 3723 donatum
1725 3674 1809 3722 est
1828 3684 2035 3723 nomen

380 3758 542 3829 quod
580 3764 664 3814 est
712 3773 892 3827 super
938 3774 1111 3815 omne
1148 3774 1383 3826 nomen,
1414 3763 1477 3811 ut
1524 3758 1585 3811 in
1638 3759 1874 3812 nomine
1897 3759 2036 3813 Jesu

381 3863 554 3903 omne
581 3863 739 3919 genu
763 3849 1068 3918 ﬂectatur;
1101 3852 1154 3903 et
1175 3847 1407 3918 reliqua
1438 3847 1730 3913 (Philipp.
1758 3861 1817 3911 ιι,
1855 3850 1961 3907 10).

454 3937 627 3992 Vsus.
653 3940 843 3993 25-34.
876 3969 945 3978 ——
986 3938 1274 3993 Viderunt
1308 3937 1563 3992 viatores
1594 3936 1928 3991 Ismaelitas
1954 3952 2038 3991 vc-

380 4026 513 4082 nire
540 4028 614 4083 de
645 4028 904 4098 Galaad,
936 4033 991 4083 et
1022 4029 1277 4083 camelos
1305 4040 1509 4082 eorum
1536 4031 1852 4093 portantes
1909 4042 2041 4083 aro-

382 4121 569 4181 mata,
603 4121 657 4171 et
686 4118 968 4186 resinam,
996 4121 1052 4171 et
1078 4122 1307 4171 stacten
1335 4118 1398 4169 in
1429 4116 1795 4184 Egi/ptum,
1829 4120 1885 4171 et
1912 4117 2040 4171 reli-

382 4218 512 4275 qua
538 4219 734 4275 usque
783 4210 835 4259 et
872 4203 1369 4271 praetereuntibus
1394 4204 1745 4259 Madianitis
1775 4207 2038 4275 negotia-

391 4291 619 4345 toribus
640 4291 1033 4346 vendiderunt
1053 4293 1268 4361 viginti
1287 4292 1395 4362 ]Z,,
1415 4294 1690 4363 triginta]
1716 4296 2033 4365 argenteis.

381 4380 674 4445 Quaeritur
702 4396 891 4452 quare
920 4380 1247 4437 lsmaelitas
1277 4381 1596 4455 Scriptura,
1619 4382 1843 4455 quibus
1870 4400 1906 4439 a
1925 4383 2039 4440 fra-

381 4468 571 4525 tribus
600 4469 878 4525 venditus
910 4475 1000 4526 est
1025 4471 1268 4542 Joseph,
1288 4471 1466 4526 etiam
1489 4470 1836 4528 Madiauitas
1862 4478 2035 4528 vocet

380 4575 521 4615 cum
546 4558 757 4615 Ismael
788 4559 860 4615 sit
888 4559 964 4615 de
994 4564 1152 4630 Agar
1191 4559 1350 4615 ﬁlius
1402 4560 1676 4628 Abrahae,
1705 4562 2034 4617 Madiauitae

378 4664 518 4706 vero
545 4648 620 4705 de
650 4649 906 4707 Cethura
925 4649 952 4705 ?
979 4649 1130 4715 Quia
1166 4648 1468 4720 Scriptura
1495 4648 1727 4706 dixerat
1745 4650 1819 4705 de
1850 4650 2037 4706 Abra-

380 4738 529 4796 ham
571 4739 739 4813 quod
784 4754 1042 4796 munera
1095 4737 1324 4794 dederit
1367 4737 1505 4793 ﬁliis
1558 4740 2034 4796 concubinarum

381 4844 652 4896 suarum,
685 4833 845 4899 Agar
872 4828 1094 4884 scilicet
1121 4831 1179 4883 et
1205 4826 1482 4897 Cethura,
1499 4832 1557 4883 et
1578 4827 1802 4884 dimisit
1831 4844 1934 4884 eos
1958 4829 2035 4885 ab

379 4920 549 4975 Isaac
578 4918 702 4975 ﬁlio
733 4935 864 4989 suo,
891 4919 953 4975 in
983 4922 1143 4975 terra
1170 4915 1423 4974 Orientis
1454 4931 1639 4972 unam
1667 4921 1905 4987 gentem
1958 4918 2037 4973 fe-

380 5005 537 5063 cisse
566 5007 933 5078 intelligendi
985 5013 1143 5065 suut.
1178 5005 1527 5081 Spiritaliter
1573 5022 1715 5064 vero
1763 5012 2035 5065 aromata

378 5109 513 5166 quas
542 5093 605 5149 in
633 5096 878 5151 camelis
902 5101 1236 5168 portantur,
1269 5095 1426 5151 duas
1454 5093 1614 5164 leges
1646 5095 1986 5165 signiﬁcant
2016 5115 2029 5154 :

377 5197 485 5256 per
513 5181 779 5238 resinam
820 5187 1025 5239 autem
1070 5184 1265 5255 legem
1307 5183 1622 5249 librorum,
1649 5199 1757 5257 per
1810 5189 2034 5242 stacten

375 5272 602 5344 quippe
626 5270 821 5342 legem
851 5272 1307 5345 prophetarum.
1342 5274 1449 5327 Per
1474 5272 1739 5329 camelos
1767 5289 2033 5347 namque

375 5360 651 5420 doctores
692 5361 1108 5432 designantur.
1148 5361 1323 5426 Quod
1378 5365 1581 5419 autem
1634 5364 1857 5437 Joseph
1909 5379 2032 5421 non

376 5453 465 5505 est
490 5449 778 5508 liberatus
805 5466 914 5523 per
955 5449 1271 5506 consilium
1314 5450 1502 5521 Judee,
1537 5452 1831 5523 signiﬁcat
1865 5454 2033 5510 Chri-

378 5541 536 5593 stum
575 5553 699 5596 non
727 5539 1053 5595 liberatum
1091 5554 1165 5595 ex
1215 5544 1384 5612 parte
1431 5542 1627 5598 carnis
1671 5558 1781 5616 per
1833 5559 2031 5600 seram

374 5624 788 5696 paenitentiam
817 5625 983 5682 Iudae
1014 5626 1298 5685 Scarioth.
1802 5626 1805 5629 ’

448 5713 628 5771 Vens.
660 5719 748 5772 35.
782 5746 848 5755 —
879 5717 1154 5788 Dixitque
1201 5720 1381 5775 Jacob
1412 5736 1427 5774 :
1460 5721 1825 5777 Descendam
1854 5721 1936 5777 ad
1961 5722 2030 5789 ﬁ-

377 5802 527 5862 lium
549 5817 746 5863 meum
778 5804 987 5877 lugens
1016 5807 1079 5863 in
1107 5808 1437 5878 infernum.
1469 5808 1789 5875 Quomodo
1814 5809 2027 5867 intelli-

2148 557 2339 612 filium
2362 572 2554 612 meum
2584 556 2793 625 lugens
2821 554 2881 608 in
2908 554 3213 621 infernum
3229 555 3257 607 ?
3279 548 3608 605 Perturbati
3633 553 3691 604 et
3714 548 3830 603 do-

2146 645 2319 703 lentis
2351 645 2537 701 verba
2566 647 2724 709 sunt,
2753 642 2911 698 mala
2938 657 3049 695 sua
3070 640 3248 695 etiam
3273 639 3413 695 hinc
3444 654 3829 708 exaggeran-

2146 734 2237 791 tis.
2275 735 2371 791 Vel
2397 735 2578 790 etiam
2609 732 2823 788 inferni
2849 731 3094 786 nomine
3128 728 3472 802 sepulcrum
3507 728 3825 798 signiﬁca-

2144 823 2265 879 vit:
2295 822 2473 894 quasi
2502 820 2785 877 dixisset:
2822 823 2884 874 lu
2904 819 3069 874 luctu
3094 833 3311 873 maneo
3341 815 3535 872 donec
3569 832 3667 871 me
3699 820 3826 871 ter-

2146 927 2227 968 ra:
2260 911 2543 984 suscipiat
2572 912 2677 982 [Z.,
2714 908 3015 981 suscipiet]
3065 905 3408 980 sepulcrum
3439 906 3593 962 sicut
3617 904 3825 962 illum.

2701 1032 2938 1092 CAPUT
2981 1036 3247 1089 XXXVIII.

2220 1160 2399 1217 Vsus.
2433 1162 2572 1217 1-30.
2593 1191 2661 1200 —
2678 1160 2899 1215 Eodem
2924 1164 3186 1227 tempore
3210 1157 3571 1213 descendens
3600 1156 3822 1225 ludas,

2145 1265 2185 1307 a
2232 1251 2534 1321 fratribus
2584 1250 2709 1305 suis
2754 1249 2999 1304 diuertit
3028 1248 3110 1303 ad
3138 1248 3333 1303 virum
3366 1247 3823 1312 Odollamitem,

2146 1340 2387 1395 nomine
2424 1340 2663 1403 Hiram,
2698 1342 2755 1393 et
2805 1342 3017 1392 caetera
3055 1351 3251 1408 usque
3288 1342 3496 1404 postea
3542 1348 3824 1405 egressus

2146 1435 2231 1485 est
2256 1430 2457 1497 frater
2477 1430 2626 1497 ejus,
2647 1428 2710 1481 in
2738 1428 2913 1496 cujus
2934 1439 3119 1481 manu
3140 1429 3271 1481 erat
3294 1426 3625 1493 coccinum,
3641 1438 3823 1495 quem

2146 1518 2479 1586 appellavit
2500 1518 2736 1571 Zaram.
2766 1514 3027 1580 Qualiter
3052 1513 3299 1569 historia
3322 1513 3399 1568 de
3419 1511 3595 1580 Juda,
3630 1516 3690 1569 et
3717 1512 3824 1568 tri-

2146 1604 2262 1660 bus
2291 1604 2426 1659 ﬁliis
2456 1604 2606 1675 ejus,
2639 1608 2697 1659 et
2724 1617 2909 1658 uxore
2952 1603 3210 1658 Thamar
3240 1602 3394 1658 intra
3423 1606 3547 1657 tam
3577 1616 3824 1674 paucos

2146 1708 2341 1749 annos
2396 1692 2686 1764 compleri
2737 1692 2971 1764 potuit?
3016 1705 3155 1745 cum
3204 1705 3349 1759 ergo
3404 1690 3533 1762 ipse
3590 1690 3823 1762 Joseph
3873 1694 3884 1704 ‘

2146 1797 2310 1838 anno
2342 1783 2598 1854 septimo
2628 1781 2865 1836 decimo
2893 1780 3080 1835 aetatis
3137 1795 3260 1834 sum
3306 1779 3584 1835 venditus
3628 1779 3825 1833 fuisse

2148 1871 2445 1935 credatur,
2508 1869 2797 1925 tredecim
2848 1884 3042 1925 annos
3085 1873 3396 1940 peregerat
3448 1867 3510 1923 in
3556 1871 3827 1939 Egypto

2146 1960 2388 2029 ignotus
2424 1960 2736 2015 Pharaoni.
2770 1958 2859 2014 Ad
2901 1958 3013 2013 hos
3062 1958 3223 2012 enim
3274 1957 3556 2013 tredecim
3613 1970 3824 2012 annos

2146 2054 2529 2106 accesserunt
2558 2053 2791 2119 septem
2839 2047 2983 2103 anni
3035 2047 3342 2114 ubertatis,
3375 2051 3433 2102 et
3479 2045 3619 2101 facti
3670 2051 3825 2101 sunt

2147 2138 2291 2195 anui
2310 2138 2546 2207 viginti;
2570 2138 2662 2192 his
2688 2136 2993 2192 adduntur
3013 2135 3154 2203 duo,
3180 2135 3324 2207 quia
3354 2135 3622 2190 secundo
3646 2149 3821 2189 anno

2148 2227 2325 2283 famis
2356 2227 2596 2282 intravit
2622 2225 2809 2282 Jacob
2855 2225 2915 2280 in
2945 2228 3267 2296 Egyptum
3296 2239 3437 2279 cum
3492 2223 3629 2278 ﬁliis
3661 2225 3821 2293 suis,

2146 2322 2204 2372 et
2227 2316 2613 2371 inveniuntur
2640 2314 2850 2383 viginti
2879 2314 3002 2369 duo
3034 2313 3178 2369 anni
3238 2312 3462 2385 quibus
3491 2312 3688 2368 abfuit
3721 2315 3822 2369 Jo-

2147 2408 2297 2478 seph
2324 2422 2361 2463 a
2391 2411 2558 2479 patre
2588 2409 2646 2461 et
2685 2421 2722 2461 a
2750 2404 3032 2459 fratribus
3077 2406 3199 2458 suis
3224 2419 3238 2468 ;
3268 2418 3391 2475 quo
3433 2403 3633 2458 medio
3658 2408 3822 2458 tem-

2146 2511 2292 2568 pore
2324 2494 2634 2568 quomodo
2663 2493 2788 2549 ﬁeri
2815 2493 3181 2565 potuerunt?

2220 2584 2379 2640 Solet
2425 2584 2587 2639 enim
2631 2583 2933 2654 Scriptura
2982 2586 3191 2637 sancta
3241 2595 3353 2654 pro
3383 2579 3821 2654 capitulatione

2148 2673 2337 2729 multa
2348 2674 2645 2746 praeferre.
2665 2672 3111 2745 Aliquotannos
3125 2676 3261 2727 ante
3276 2670 3569 2727 vinditum
3582 2672 3820 2743 Joseph

2144 2763 2274 2818 haec
2289 2763 2417 2818 ﬁeri
2434 2763 2684 2835 ccepisse
2706 2761 2949 2833 intelligi
2965 2761 3161 2817 datur.
3178 2762 3367 2817 Etiam
3396 2775 3559 2826 mox,
3579 2764 3646 2815 ut
3665 2760 3819 2815 ado-

2150 2852 2391 2908 lesce.et
2425 2854 2636 2922 Judas,
2667 2852 2912 2924 coeperit
2938 2851 3220 2906 incidisse
3266 2849 3327 2905 in
3375 2864 3646 2906 amorem
3676 2852 3818 2919 ejus

2142 2957 2334 3013 quam
2363 2941 2534 2997 duxit
2579 2956 2851 3008 uxorem,
2879 2939 3154 2996 nondum
3194 2940 3438 2995 vendito
3481 2939 3704 3011 Joseph
3753 2940 3816 2995 in

2145 3034 2489 3103 Egyptum.
2512 3034 2623 3087 Cur
2651 3031 2798 3086 dixit
2817 3030 2893 3085 de
2908 3031 3187 3100 Thamar,
3203 3030 3484 3098 depositis
3502 3030 3818 3085 vestimen-

2149 3121 2222 3175 tis
2244 3121 2556 3175 vicinitatis
2578 3124 2743 3177 sum?
2771 3121 3077 3184 Quatenus
3100 3118 3456 3187 intelligeres
3485 3132 3557 3172 ex
3582 3123 3818 3189 tempo—

2146 3208 2312 3263 ribus
2340 3208 2821 3280 patriarcharum
2849 3211 3008 3262 certa
3032 3211 3091 3262 et
3118 3222 3228 3262 sua
3246 3206 3428 3261 fuisse
3454 3206 3814 3261 vestimenta

2146 3295 2490 3363 viduarum,
2522 3312 2645 3352 non
2678 3296 2886 3369 utique
2917 3295 3056 3351 talia
3082 3295 3286 3367 qualia
3317 3294 3811 3365 conjugatarum.

2216 3388 2410 3451 Quare
2426 3385 2573 3441 dixit
2585 3388 2611 3440 J
2618 3384 2768 3441 udas
2788 3402 2801 3439 :
2820 3386 3053 3440 Justior
3068 3389 3153 3440 est
3176 3385 3442 3440 Thamar
3464 3397 3645 3454 quam
3662 3383 3814 3453 ego?

2144 3472 2414 3530 Thamar
2440 3489 2583 3529 vero
2612 3473 2674 3528 in
2705 3472 2865 3528 bivio
2894 3472 3013 3528 sive
3043 3472 3105 3527 in
3135 3472 3401 3544 compito
3432 3470 3667 3529 sedens.
3703 3471 3813 3526 ubi

2142 3561 2483 3632 diligentius
2495 3562 2675 3617 debet
2694 3562 2886 3618 viator
2903 3562 3169 3633 aspicere
3185 3560 3354 3634 quod
3374 3560 3481 3616 iter
3494 3560 3811 3629 gradiendi

2141 3653 2361 3725 capiat,
2379 3668 2501 3709 non
2523 3658 2588 3708 ut
2605 3667 2833 3722 vagans
2855 3650 3238 3724 turpitudinis
3266 3649 3576 3705 libidinem
3598 3649 3811 3722 imple-

2143 3749 2251 3810 ret,
2285 3742 2393 3798 sed
2424 3748 2485 3799 ut
2514 3742 2734 3798 liberos
2779 3758 2818 3799 a
2866 3757 3076 3797 socero
3125 3741 3437 3814 acciperet,
3463 3740 3680 3812 justior
3720 3747 3809 3795 est

2144 3846 2334 3888 causa
2361 3847 2549 3904 quam
2577 3848 2766 3887 socer.
2798 3831 2897 3887 llle
2922 3830 3202 3894 libidinis,
3236 3830 3338 3886 illa
3364 3830 3718 3886 liberorum.
3742 3833 3811 3885 Et

2145 3921 2283 3977 ideo
2310 3921 2373 3976 in
2400 3920 2851 3993 comparatione
2880 3921 3010 3992 ejus
3034 3920 3236 3976 minus
3266 3919 3422 3975 male
3455 3918 3694 3975 fecerat.

2220 4010 2277 4067 Si
2303 4010 2464 4067 enim
2505 4010 2724 4067 Phares
2751 4010 2891 4065 inde
2914 4010 3155 4066 sortitus
3183 4013 3273 4066 est
3316 4024 3542 4065 nomen
3572 4008 3812 4065 divisio-

2144 4100 2259 4170 nis,
2282 4099 2425 4172 quia
2440 4099 2720 4155 diviserat
2744 4098 3167 4155 membranam
3193 4098 3621 4169 secundarum,
3643 4098 3809 4154 unde

2145 4193 2289 4245 Zara
2316 4189 2399 4244 sic
2424 4204 2647 4244 nomen
2672 4188 2945 4259 accepit?
2972 4192 3119 4243 Zara
3132 4188 3552 4260 interpretatur
3573 4187 3808 4252 Oriens,

2140 4278 2275 4333 Sive
2300 4277 2478 4347 igitur
2526 4276 2672 4348 quia
2721 4276 2952 4347 primus
2985 4275 3283 4347 apparuit,
3318 4275 3441 4330 sive
3488 4274 3636 4347 quia
3678 4275 3812 4347 plu-

2142 4366 2278 4423 rimi
2307 4381 2381 4423 ex
2406 4381 2476 4422 eo
2501 4366 2626 4422 naﬁ
2665 4370 2803 4420 sunt
2827 4364 2990 4435 justi,
3030 4364 3200 4421 sicuti
3222 4365 3284 4421 in
3306 4363 3811 4437 Paralipomenon

2145 4455 2421 4527 legimus.

2733 4562 2965 4619 CAPUT
3002 4564 3218 4618 XXXIX.

2215 4672 2385 4725 Vens.
2420 4674 2467 4725 t.
2501 4702 2569 4710 —
2602 4671 2801 4741 Igitur
2850 4669 3072 4741 Joseph
3115 4671 3331 4727 ductus
3369 4672 3432 4727 in
3470 4671 3806 4741 Egyptum,

2143 4759 2401 4829 emitque
2429 4774 2560 4815 eum
2607 4760 2936 4828 Putiphar,
2964 4761 3272 4817 eunuchus
3301 4761 3666 4816 Pharaonis.
3697 4760 3807 4816 Ubi

2140 4847 2427 4920 quazritur
2440 4848 2750 4921 quomodo
2771 4853 2980 4921 postea
3010 4866 3258 4904 uxorem
3280 4848 3505 4905 habere
3530 4848 3807 4905 dicatur?

2139 4936 2405 4992 Tradunt
2427 4937 2649 4993 Hebraei
2674 4941 2947 5011 emptum
2971 4938 3049 4995 ab
3070 4938 3186 4994 hoc
3205 4938 3428 5011 Joseph
3448 4938 3528 4994 ob
3552 4938 3807 4995 nimiam

2141 5025 2647 5099 pulchritudinem
2677 5027 2737 5082 in
2760 5033 2930 5101 turpe
2960 5027 3380 5098 ministerium,
3403 5035 3458 5085 et
3487 5044 3522 5084 a
3549 5029 3807 5085 Domino

2141 5115 2368 5171 viribus
2417 5117 2546 5187 ejus
2598 5116 2894 5187 arefactis,
2925 5123 3135 5191 postea
3166 5117 3419 5174 electum
3452 5134 3584 5174 esse
3629 5118 3808 5190 juxta

2141 5220 2375 5261 morem
2412 5205 2955 5277 Hierophantarum
2986 5205 3049 5261 in
3079 5205 3495 5279 pontiﬁcatum
3526 5206 3807 5279 Heliopo-

2140 5292 2290 5366 leos,
2344 5298 2401 5350 et
2446 5294 2628 5367 hujus
2679 5294 2871 5352 ﬁliam
2920 5312 3052 5353 esse
3102 5300 3328 5353 Asenec
3386 5296 3500 5369 [Z.,
3530 5299 3802 5369 Asanez],

2140 5399 2330 5457 quam
2354 5388 2565 5458 postea
2591 5384 2812 5458 Joseph
2841 5402 3092 5442 uxorem
3125 5385 3439 5460 acceperit.

2780 5513 3006 5568 CAPUT
3045 5514 3165 5568 XL.

2212 5634 2376 5687 Vsus.
2406 5636 2540 5687 6.-
2568 5633 2677 5688 His
2698 5635 2900 5705 itaque
2915 5636 3113 5704 gestis,
3138 5635 3357 5694 accidit
3390 5640 3455 5689 ut
3472 5640 3803 5704 peccarent

2139 5719 2258 5776 duo
2288 5723 2566 5789 eunuchi,
2578 5725 2875 5791 pincerna
2896 5727 3051 5795 regis
3069 5724 3365 5795 zEgyptii
3388 5730 3442 5780 et
3466 5726 3679 5795 pistor,
3704 5725 3804 5780 do-

2138 5810 2300 5871 mino
2323 5826 2448 5869 suo.
2475 5812 2796 5885 [ratusque
2808 5820 2893 5871 est
2913 5813 3161 5874 Pharao
3189 5820 3403 5873 contra
3418 5829 3538 5882 eos,
3555 5820 3612 5872 et
3638 5815 3801 5872 misit
