3956 6416
403 429 523 495 939

823 435 1233 497 HAYMONIS
1265 432 1816 495 HALBERSTAT.
1849 428 2094 490 EPISC.
2130 429 2303 491 OPP.
2341 430 2545 491 PARS
2578 430 2628 490 Ι.
2660 466 2737 475 -
2768 432 3180 495 COMMENT.
3204 433 3402 497 BIBL.

3707 436 3822 497 940

403 567 604 624 omnia
623 585 759 625 cum
782 586 897 623 non
911 572 1471 639 essent,«exponat»
1499 561 2062 636 illequomodoordi-
2089 565 2145 629 Α
2174 563 2369 618 domo.
2399 586 2426 612 ››
2458 564 2599 629 Quis
2630 565 2788 621 enim
2819 565 3008 638 possit
3037 566 3145 623 hoc
3167 568 3418 638 credere,
3453 568 3612 640 quod
3644 570 3815 633 ascia,

403 662 542 714 nata
566 663 747 714 sunt:
778 681 805 708 (ι
826 676 893 713 ex
925 675 1042 728 quo
1078 657 1355 713 constitui
1389 655 1671 728 populum
1704 654 2014 726 antiquum
2041 670 2053 709 :

396 750 715 802 venturaet
749 764 878 818 qua:
908 747 1105 801 futura
1129 751 1267 801 sunt
1291 746 1642 801 annuntient
1679 745 1784 799 eis.
1808 766 1834 792 ››
1870 743 2058 815 Popu-

393 834 517 889 lum
541 834 853 906 antiquum
891 834 1147 906 appellat
1178 834 1261 889 vel
1287 852 1458 889 omne
1499 851 1686 906 genus
1727 832 2057 887 humanum

394 923 466 977 ab
496 922 809 991 Adam,vel
843 923 1129 995 populum
1166 924 1768 993 Isracliticum,quem
1792 920 1967 991 elegit
1998 920 2055 973 in

389 1011 795 1067 Abraham.Et
815 1017 905 1068 est
928 1029 1140 1068 sensus
1166 1031 1178 1067 :
1208 1014 1285 1067 Ex
1306 1030 1422 1084 quo
1462 1010 1739 1067 constitui
1772 1009 2055 1082 populum

394 1099 704 1173 antiquum
736 1119 770 1156 a
800 1102 992 1173 primo
1014 1102 1355 1167 homine,nt
1387 1101 1531 1156 mihi
1566 1099 1826 1166 serviret,
1855 1098 1939 1153 vel
1975 1098 2057 1153 Is-

394 1188 723 1246 raeliticum
746 1189 1134 1263 populum,ut
1165 1191 1309 1245 mihi
1342 1194 1496 1245 esset
1527 1188 1780 1261 populus
1806 1186 2057 1260 peculia-

397 1279 499 1349 ris,
530 1283 777 1336 ventura
806 1284 864 1335 et
894 1280 1093 1335 futura
1138 1279 1481 1335 annuntiavi
1526 1279 1631 1334 eis.
1658 1279 1726 1333 Et
1775 1278 1928 1332 sicut
1953 1292 2058 1348 ego

398 1367 743 1424 annuntiavi
768 1367 853 1424 eis
885 1369 1101 1434 futura,
1123 1368 1171 1424 si
1203 1374 1341 1423 sunt
1359 1366 1477 1422 veri
1506 1367 1608 1435 dii,
1631 1367 1983 1421 annuntient
2004 1368 2062 1420 et

397 1456 512 1528 ipsi
545 1457 822 1513 similiter
851 1475 978 1530 qua:
1012 1460 1207 1513 futura
1238 1461 1398 1513 sunt.

471 1569 499 1595 ‹‹
524 1545 715 1602 Nolite
737 1547 1007 1614 timere,»
1040 1564 1071 1601 o
1095 1547 1863 1617 credentes,persecutorum
1898 1542 2059 1598 szrvi-

398 1636 547 1691 tiam
573 1635 671 1707 qui
689 1634 845 1691 idola
858 1635 1113 1703 colunt,u
1134 1652 1320 1707 neque
1338 1634 1767 1689 conturbemini
1787 1657 1812 1682 ››
1829 1636 2063 1705 propter

397 1723 591 1779 minas
631 1741 871 1792 eorum;
906 1748 932 1773 ‹‹
966 1742 1032 1779 ex
1064 1729 1228 1789 tunc,
1268 1747 1293 1772 ››
1326 1724 1383 1778 id
1415 1728 1503 1777 est
1535 1740 1603 1777 ex
1634 1740 1748 1794 quo
1780 1722 1924 1794 elegi
1967 1738 2063 1794 po-

395 1811 679 1885 populum
708 1813 1049 1885 antiquumu
1070 1813 1271 1868 audire
1297 1813 1489 1878 feci,et
1512 1812 1851 1867 annuntiavi
1868 1811 2060 1883 nquod

338 1942 343 1947 ι
394 1900 618 1957 idolum
635 1900 778 1956 mihi
802 1907 892 1957 est
916 1918 928 1957 :
953 1903 1054 1957 sed
1078 1920 1226 1975 opus
1252 1919 1535 1956 manuum
1561 1900 1867 1957 hominum
1886 1918 1897 1956 :
1917 1925 1943 1950 ‹‹
1958 1917 2061 1955 vos

392 1989 538 2047 estis
557 1994 736 2047 testes
761 1990 896 2059 mei,
920 2014 947 2040 ››
972 2008 1004 2047 o
1039 1990 1237 2064 populi
1272 1991 1564 2063 mei,quis
1595 2008 1700 2063 ego
1732 2007 1864 2045 sum
1900 1990 2056 2045 Deus

394 2079 680 2136 universzn
711 2084 941 2147 terrae,«
969 2079 1239 2152 nunquid
1282 2086 1371 2136 cst
1414 2081 1570 2136 Deus
1601 2081 1825 2151 absque
1852 2096 1967 2147 mc,
2000 2082 2058 2134 et

393 2169 680 2225 formator
729 2186 901 2241 quem
952 2187 1059 2242 ago
1110 2188 1226 2224 non
1278 2169 1575 2224 noverim?
1612 2191 1637 2217 »
1675 2169 1731 2223 Si
1767 2168 1918 2222 alius
1967 2171 2057 2221 est

394 2257 555 2315 Deus
587 2261 797 2331 praeter
818 2274 909 2313 me
931 2262 988 2313 et
1011 2260 1309 2325 formator,
1326 2276 1562 2314 necesse
1585 2262 1673 2313 est
1697 2261 1760 2312 ut
1783 2258 2055 2312 ostenda-

397 2351 499 2402 tur
523 2350 581 2401 et
611 2344 764 2402 alius
795 2346 1056 2402 mundus
1085 2365 1232 2401 esse.
1259 2347 1370 2401 Sed
1406 2346 1544 2418 quia
1575 2365 1691 2401 non
1730 2345 2058 2400 invenietur

399 2451 595 2506 neque
628 2434 929 2501 formator,
963 2452 1152 2506 neque
1184 2436 1464 2502 mundus,
1501 2434 1659 2489 nullo
1685 2436 1856 2489 modo
1906 2434 2057 2487 alius

400 2526 495 2579 est
526 2522 681 2577 Deus
713 2527 921 2595 praeter
950 2540 1045 2577 me
1076 2523 1173 2595 qui
1208 2522 1450 2578 formavi
1478 2523 1679 2578 istum.

477 2634 505 2662 κ
531 2610 755 2667 Plastes
776 2611 975 2680 idoli,»
997 2612 1053 2666 id
1079 2617 1169 2667 est
1194 2612 1539 2668 formatores
1562 2612 1891 2668 idolorumu
1911 2611 2056 2667 nihil

400 2702 564 2770 sunt,
594 2722 621 2749 ››
644 2699 799 2756 sicut
834 2700 1145 2756 Psalmista
1166 2701 1343 2756 dicit:
1371 2701 1603 2757 Similes
1636 2701 1753 2757 illis
1784 2702 1927 2756 ﬁant
1958 2700 2058 2773 qui

397 2788 626 2846 faciunt
645 2805 715 2844 ea
734 2790 1155 2862 (Psal.cxxxrv).
1180 2814 1206 2838 ››
1230 2814 1255 2839 ‹‹
1284 2792 1353 2845 Et
1374 2791 1779 2846 amentissima
1796 2808 2057 2857 eorum,»

393 2878 687 2936 subaudis
713 2877 887 2948 idola,
908 2902 935 2928 «
965 2897 1077 2934 non
1099 2880 1422 2952 proderunt
1452 2881 1556 2948 eis,
1583 2902 1609 2929 ››
1644 2880 1753 2935 hoc
1777 2885 1863 2936 est
1881 2880 2060 2936 culto-

392 2968 564 3025 ribus
594 2967 719 3025 suis
751 2968 810 3022 in
843 2968 937 3024 die
968 2968 1255 3024 examinis
1308 2970 1798 3043 uniuscujusque.
1834 2969 2059 3026 Plastes

393 3057 665 3115 Graecum
697 3061 806 3126 est,
841 3061 897 3113 et
928 3058 1145 3113 dicitur
1178 3058 1461 3114 formator
1508 3060 1627 3115 sive
1676 3059 2056 3131 compositor.

396 3168 427 3199 ι(
452 3145 570 3219 Ipsi
602 3169 631 3196 ››
662 3146 885 3219 plastes
908 3171 934 3197 ‹‹
971 3151 1111 3203 sunt
1142 3152 1321 3204 testes
1353 3165 1577 3217 eorum,
1604 3171 1633 3197 »
1656 3148 1713 3202 id
1746 3153 1835 3203 est
1873 3147 2058 3202 idolo-

396 3251 554 3305 rum,
580 3258 609 3286 «
633 3236 773 3308 quia
795 3253 909 3292 non
934 3237 1349 3309 vident,neque
1372 3236 1801 3310 intelligunt,ut
1820 3239 2061 3293 confun-

2167 651 2403 719 lima,et
2433 653 2670 708 cerebro
2693 652 3022 727 mallcoque
3044 656 3327 711 formetur
3346 657 3522 723 Deus,
3556 662 3614 713 et
3644 658 3728 713 vel
3761 660 3813 713 in

2167 741 2375 813 primis
2407 742 2727 797 simulacra
2760 743 3085 799 fundantur
3113 749 3170 800 et
3195 744 3253 799 in
3276 745 3493 801 circino
3514 750 3747 801 tornata
3764 748 3817 801 in

2167 830 2308 885 deos
2340 835 2575 901 repente
2626 837 3032 905 consurgant:
3070 832 3391 905 praesertim
3442 852 3578 890 cum
3628 835 3823 891 vilitas

2166 919 2311 973 artis
2344 918 2400 973 in
2436 921 2588 974 fame
2620 925 2673 975 et
2708 920 2807 975 siti
2839 921 3081 977 artiﬁcis
3110 924 3584 980 demonstretur?

2240 1030 2265 1053 α
2303 1006 2564 1060 Succidit
2582 1029 2607 1055 »
2634 1006 2729 1061 ille
2752 1006 3037 1079 lignarius
3060 1032 3087 1058 ‹‹
3113 1010 3317 1067 cedros
3340 1035 3367 1060 ›ι
3392 1012 3463 1066 ad
3487 1013 3824 1069 fabricanda

2169 1093 2345 1161 idola,
2375 1117 2402 1143 «
2439 1093 2573 1149 tulit
2592 1094 2880 1164 ilicem,et
2908 1114 3355 1172 quercum,qua3
3380 1105 3700 1156 steterant»
3724 1120 3827 1174 per

2170 1181 2357 1237 multa
2378 1187 2644 1255 tempora
2666 1208 2692 1233 ‹‹
2719 1183 2873 1240 inter
2900 1184 3017 1241 alia
3045 1184 3206 1259 ligna
3236 1187 3421 1244 saltus
3450 1205 3463 1242 :
3497 1211 3524 1240 ››
3557 1194 3615 1245 et
3646 1189 3825 1245 fabri-

2168 1274 2335 1325 catus
2368 1277 2458 1326 est
2486 1271 2621 1328 inde
2654 1272 3063 1329 simulacrum.
3098 1298 3125 1325 «
3162 1274 3447 1332 Plantavit
3474 1278 3682 1350 pinum
3708 1303 3739 1329 ››
3764 1286 3829 1335 ut

2168 1358 2382 1413 faceret
2396 1376 2464 1415 ex
2494 1376 2563 1415 ea
2582 1359 2779 1427 deum,
2804 1383 2832 1410 ‹‹
2857 1378 3035 1433 quam
3059 1360 3266 1434 pluviae
3288 1385 3315 1414 »
3340 1380 3442 1435 per
3458 1363 3678 1420 multos
3697 1366 3828 1421 dies

2170 1470 2197 1497 ‹‹
2231 1447 2522 1504 nutriunt.
2560 1471 2589 1497 »

2242 1558 2270 1585 ‹‹
2304 1536 2375 1590 Et
2410 1536 2562 1593 facta
2604 1541 2693 1593 est
2722 1560 2750 1589 »
2787 1536 2888 1593 illa
2926 1537 3101 1609 pinus
3134 1555 3203 1594 ex
3231 1545 3394 1611 parte
3425 1564 3451 1591 «
3484 1540 3829 1598 hominibus

2171 1624 2230 1679 in
2264 1624 2764 1698 focum.Sumpsit
2793 1642 2861 1681 ex
2888 1626 2973 1682 eis
2996 1649 3023 1676 »
3044 1626 3310 1683 videlicet
3333 1645 3400 1685 ex
3439 1630 3631 1699 cedro,
3648 1630 3824 1699 illice,

2170 1729 2390 1785 quercu
2418 1718 2475 1769 et
2505 1714 2642 1787 pino
2674 1738 2700 1765 ‹‹
2737 1720 2794 1771 et
2825 1714 3141 1773 calefactus
3170 1721 3260 1773 est
3291 1735 3358 1773 ex
3386 1719 3490 1775 eis.
3522 1741 3551 1771 ι»

2245 1826 2273 1853 ‹‹
2306 1803 2619 1876 Reliquum
2654 1808 2853 1860 autem
2883 1804 3013 1876 ejus
3042 1806 3218 1861 deum
3250 1806 3404 1874 fecit,
3440 1830 3467 1857 ››
3489 1808 3545 1864 id
3566 1814 3660 1865 est
3688 1809 3823 1865 reli-

2172 1909 2355 1965 quum
2387 1895 2543 1964 quod
2573 1893 2879 1962 remansit,
2904 1894 3210 1951 fabricavit
3234 1896 3346 1953 sibi
3378 1896 3437 1953 in
3468 1896 3717 1954 idolum.

2239 2005 2267 2033 «
2301 1982 2425 2038 Non
2458 1983 2858 2057 recogitantin
2890 1988 3085 2041 mente
3114 2002 3222 2041 sua
3247 2008 3274 2035 »
3294 1987 3449 2058 quod
3466 2003 3570 2060 ego
3588 1988 3825 2044 fecerim

2166 2088 2287 2139 eos,
2323 2094 2351 2122 «
2384 2090 2575 2144 neque
2605 2079 2970 2146 cognoscunt
3006 2096 3033 2123 ››
3057 2074 3196 2146 quia
3225 2074 3335 2148 ipsi
3384 2093 3499 2132 non
3548 2082 3689 2133 sunt
3722 2078 3825 2146 dii,

2166 2161 2267 2215 sed
2300 2177 2477 2232 opera
2497 2178 2785 2216 manuum
2808 2161 3143 2230 hominum,
3166 2186 3193 2212 ‹‹
3218 2180 3405 2235 neque
3426 2168 3750 2232 sentiunt,»
3775 2171 3828 2221 et

2168 2266 2282 2304 non
2311 2249 2648 2322 intelligunt
2679 2274 2707 2300 ‹‹
2737 2254 2805 2307 ut
2836 2250 3035 2305 dicant
3068 2273 3096 2300 »
3118 2252 3273 2323 apud
3295 2269 3376 2309 se.
3400 2276 3427 2303 ‹‹
3454 2254 3823 2310 Medietatem

2166 2340 2295 2410 ejus
2326 2340 2625 2395 combussi
2660 2340 2814 2412 igne,
2833 2344 2888 2395 et
2913 2340 3039 2395 coxi
3070 2358 3248 2413 super
3277 2343 3556 2399 carbones
3581 2345 3714 2414 ejus
3732 2362 3830 2416 pa.

2168 2445 2271 2483 nes
2305 2446 2317 2483 :
2352 2428 2475 2483 coxi
2508 2446 2714 2485 carnes
2745 2447 2810 2485 eo
2844 2433 2901 2484 et
2931 2430 3179 2497 comedi,
3212 2434 3269 2486 et
3299 2431 3371 2486 de
3421 2431 3643 2504 reliquo
3694 2434 3823 2503 cjus

2170 2516 2393 2572 idolum
2425 2517 2674 2573 faciam?
2702 2520 2851 2573 Ante
2908 2521 3184 2573 truncum
3232 2518 3376 2593 ligni
3425 2521 3764 2593 procidam?
3794 2544 3823 2570 ››

2169 2606 2295 2661 Non
2328 2605 2560 2675 faciam,
2585 2607 2804 2679 quare?

2242 2719 2269 2745 ‹‹
2295 2696 2441 2761 Quia
2468 2714 2604 2768 pars
2649 2697 2778 2767 ejus
2800 2695 2949 2752 cinis
2970 2700 3059 2753 est
3082 2714 3095 2753 :
3124 2714 3224 2753 cor
3251 2697 3534 2770 insipiens
3563 2700 3828 2757 adoravit

2170 2783 2401 2853 illud,et
2421 2803 2536 2841 non
2560 2784 2829 2841 liberavit
2848 2787 3108 2842 animam
3127 2804 3297 2844 suam
3321 2804 3334 2843 :
3359 2792 3415 2844 et
3433 2804 3618 2861 neque
3635 2789 3822 2846 dicet:

2172 2874 2340 2929 Forte
2376 2897 2403 2923 ››
2436 2874 2493 2930 id
2526 2879 2616 2931 est
2649 2875 2892 2932 forsitan
2926 2899 2954 2926 «
2985 2877 3356 2933 mendacium
3404 2882 3493 2933 est
3537 2878 3595 2933 in
3641 2895 3825 2934 manu

2170 2980 2322 3019 mea.
2361 2986 2387 3011 »
2420 2963 2570 3020 Cum
2600 2965 2870 3021 adoraret
2896 2964 2985 3021 vel
3018 2966 3329 3022 fabricaret
3358 2965 3828 3034 idolum,debue-

2170 3056 2261 3108 rat
2292 3052 2407 3109 ista
2442 3054 2695 3126 cogitare
2716 3060 2773 3109 et
2795 3055 2986 3110 dicere
3026 3055 3181 3127 apud
3204 3056 3587 3129 semetipsum
3612 3074 3624 3113 :
3658 3056 3825 3112 Certe

2171 3141 2230 3196 in
2264 3158 2444 3197 manu
2477 3158 2626 3213 mea,
2650 3142 2708 3197 id
2739 3146 2831 3198 est
2853 3142 2913 3197 in
2944 3143 3280 3215 operatione
3298 3158 3430 3201 mea
3450 3145 3822 3201 mendacium

2171 3230 2435 3303 est,quia
2457 3230 2567 3287 hoc
2598 3233 2754 3304 quod
2784 3250 2888 3304 pro
2923 3233 3029 3288 deo
3046 3232 3171 3289 colo
3201 3238 3259 3289 et
3289 3237 3478 3300 teneo,
3510 3251 3684 3307 opera
3703 3250 3827 3290 ma-

398 3323 619 3381 dantur
646 3345 675 3373 ››
697 3340 874 3397 super
893 3342 1085 3381 errore
1108 3326 1528 3394 suo,subaudis
1552 3327 1679 3381 ideo
1702 3332 1842 3382 sunt
1861 3331 2057 3382 testes.
2092 3332 2135 3399 ί]
2174 3338 2359 3375 nuum
2393 3338 2657 3377 mearum
2677 3326 2785 3377 est.
2804 3324 2929 3377 Haec
2955 3322 3285 3379 debuerunt
3305 3322 3464 3396 vigili
3486 3327 3675 3379 mente
3694 3339 3828 3395 per-

398 3413 495 3471 Sic
526 3412 686 3468 enim
720 3412 1037 3469 Psalmista
1069 3414 1247 3469 dicit:
1275 3416 1459 3469 Aures
1490 3415 1711 3470 habent
1739 3420 1796 3470 et
1816 3434 1932 3471 non
1964 3434 2061 3472 au-

399 3501 585 3568 dient,
618 3499 822 3556 oculos
851 3500 1071 3557 habent
1111 3506 1170 3556 et
1200 3520 1315 3558 non
1364 3503 1582 3573 vident,
1618 3503 1758 3575 quia
1806 3522 1921 3560 non
1972 3510 2064 3561 est

401 3586 651 3659 spiritus
680 3586 741 3641 in
764 3586 872 3643 eis.

472 3698 504 3726 «ι
536 3674 678 3742 Quis
709 3675 982 3733 formavit
1012 3677 1222 3747 Deum,
1258 3684 1313 3734 et
1340 3678 1613 3752 sculptile
1661 3680 1934 3737 conﬂavit
1990 3682 2061 3737 ad

400 3762 548 3822 nihil
583 3762 766 3821 utile?

474 3877 503 3905 «
526 3855 673 3910 Ecce
704 3871 911 3911 omnes
934 3856 1251 3930 participes
1273 3859 1403 3930 ejus
1425 3860 1860 3916 confundenlur
1884 3877 1896 3915 :
1922 3883 1949 3912 »
1975 3861 2064 3916 vi-

394 3943 608 4001 delicet
637 3948 694 3999 et
712 3944 813 4017 qui
837 3945 1130 4018 formavit,
1150 3952 1205 4002 et
1228 3947 1327 4019 qui
1358 3949 1647 4018 adoravit;
1676 3973 1701 3998 ‹‹
1725 3949 1872 4005 fabri
1906 3949 2063 4005 enim

396 4037 539 4091 sunt
566 4048 637 4089 ex
667 4032 1010 4089 hominibus
1045 4058 1073 4085 ››
1104 4036 1176 4090 ad
1211 4036 1553 4093 fabricanda
1584 4038 1775 4106 idola;
1804 4061 1831 4089 «
1855 4055 2063 4094 conve-

397 4121 563 4179 nient
598 4138 827 4192 omnes,
867 4145 894 4173 »
929 4125 1220 4181 subaudis
1269 4126 1647 4182 fabricatores
1691 4126 2065 4199 cultoresque

399 4211 697 4269 idolorum
719 4212 777 4267 in
812 4212 906 4269 die
929 4214 1141 4285 judicii
1173 4239 1199 4265 ‹‹
1229 4216 1469 4271 stabunt
1491 4240 1517 4265 ››
1546 4217 1617 4271 ad
1637 4216 1932 4287 judicium
1956 4242 1981 4267 ‹‹
2009 4220 2067 4273 et

399 4302 717 4376 pavehunt,
756 4324 784 4351 ››
814 4303 1190 4360 recordantes
1241 4310 1615 4377 peccatorum
1674 4324 1916 4362 suorum
1953 4329 1981 4357 ‹‹
2009 4311 2066 4362 et

399 4390 842 4448 confundentur
871 4391 1051 4447 simul
1087 4416 1114 4441 ››
1138 4394 1212 4449 ab
1244 4411 1437 4449 errore
1470 4412 1599 4451 suo.

475 4503 503 4531 α
520 4479 708 4535 Faber
719 4478 1155 4537 ferrariuslima
1168 4487 1441 4554 operatus
1461 4488 1551 4539 est
1570 4507 1594 4529 η
1615 4484 1835 4539 idolum
1859 4503 1913 4540 τα
1932 4502 2065 4541 esu-

403 4569 517 4626 riet
539 4590 568 4620 »
604 4568 887 4624 formator
915 4570 1065 4641 ejus,
1085 4570 1223 4642 quia
1256 4588 1370 4627 non
1405 4572 1568 4627 dabit
1600 4573 1649 4627 ei
1676 4573 1872 4628 cibum
1899 4575 2064 4641 deus,

408 4672 556 4715 suus
576 4680 603 4707 ‹‹
629 4661 688 4713 et
716 4657 946 4715 deﬁciet
964 4681 991 4708 ››
1013 4676 1116 4731 pro
1135 4660 1351 4728 labore,
1373 4685 1399 4711 ‹‹
1426 4665 1481 4717 et
1508 4679 1622 4716 non
1646 4661 1807 4717 hibet
1828 4680 2065 4735 aquam,

408 4752 467 4803 et
496 4746 768 4815 lacesset,
800 4769 827 4797 n
860 4746 918 4801 id
953 4752 1043 4803 est
1080 4748 1127 4803 si
1161 4767 1275 4804 non
1328 4750 1540 4804 biberit
1570 4767 1785 4821 aquam
1831 4750 2069 4807 aliunde

408 4833 677 4903 lacesset,
711 4834 853 4905 quia
882 4851 998 4889 non
1030 4836 1309 4906 prmbebit
1331 4836 1381 4891 ei
1415 4837 1559 4892 deus
1591 4856 1734 4893 suus
1768 4844 1993 4910 potum.

481 4922 741 4977 «Artifex
762 4921 1655 4995 lignariusextenditnormam,»
1682 4926 1788 4982 hoc
1812 4933 1900 4983 est
1924 4945 2068 5000 pra:-

409 5011 635 5085 paravit
658 5011 943 5083 regulam,
964 5016 1027 5066 ut
1047 5018 1243 5083 posset
1263 5014 1334 5068 ad
1352 5015 1758 5070 rectitudinem
1784 5017 2070 5073 deducere

406 5099 553 5156 illud
584 5098 840 5169 idolum;
876 5123 902 5150 α
932 5101 1200 5155 formavit
1238 5101 1379 5157 illud
1408 5103 1463 5157 in
1499 5126 1523 5149 η
1550 5103 1793 5172 idolum,
1818 5106 1876 5160 id
1899 5111 1987 5161 est
2010 5106 2069 5161 in

408 5188 741 5245 runcinam.
759 5189 1027 5244 Runcina
1044 5190 1339 5261 quoddam
1362 5192 1678 5247 artiﬁcium
1702 5199 1791 5248 est
1811 5194 2067 5267 lignarii,

409 5276 626 5351 gracile
647 5281 705 5332 et
726 5295 1056 5346 recurvum,
1074 5296 1141 5333 ex
1173 5296 1288 5351 quo
1310 5286 1593 5336 cavantur
1622 5282 1834 5337 tabula:
1858 5284 2070 5340 domus

410 5370 469 5421 et
516 5382 637 5421 una
684 5364 850 5421 alteri
898 5371 1301 5423 connectatur.
1334 5393 1361 5418 «
1406 5369 1563 5425 Fecit
1602 5369 1747 5425 illud
1786 5396 1813 5420 ››
1846 5372 2069 5429 idolum

411 5473 440 5501 «
472 5451 535 5507 in
565 5453 968 5525 angularibus,
1007 5478 1035 5505 ››
1069 5456 1176 5511 hoc
1206 5461 1296 5513 est
1325 5459 1703 5532 quadratum,
1740 5467 1847 5516 «et
1877 5461 1935 5516 in
1958 5463 2068 5518 cir-

411 5539 543 5594 cino
575 5543 827 5599 tornavit
856 5543 1022 5613 illud,
1042 5568 1068 5593 ››
1089 5544 1199 5601 hoc
1217 5546 1383 5601 estin
1414 5552 1583 5603 torno
1608 5554 1664 5604 et
1685 5552 2065 5620 rotunditate,

413 5646 444 5675 «
473 5629 534 5681 et
561 5626 696 5684 fecit
728 5655 756 5680 ››
786 5633 866 5688 ibi
902 5633 962 5688 in
989 5635 1295 5705 quadrato,
1323 5636 1408 5690 vel
1446 5636 1503 5692 in
1538 5640 1785 5695 rotundo
1807 5663 1833 5689 ‹‹
1858 5640 2065 5714 imagi-

413 5723 549 5765 nem
575 5711 684 5770 viri
714 5721 883 5790 quasi
915 5722 1247 5793 speciosum
1272 5721 1573 5781 hominem
1604 5726 1970 5783 habitantem
1985 5711 2063 5787 vin

2173 3410 2427 3483 pendere
2457 3410 2710 3466 cultores
2760 3409 3074 3480 idolorum,
3108 3411 3209 3466 sed
3253 3428 3369 3467 non
3419 3413 3695 3468 fecerunt.
3721 3412 3829 3469 Ca-

2173 3497 2410 3570 pientur
2437 3497 2498 3554 in
2532 3498 2840 3571 iniquitate
2863 3516 2991 3569 sua,
3026 3515 3131 3555 nec
3175 3499 3583 3557 liberabuntur
3608 3500 3827 3558 auxilio

2173 3586 2418 3642 deorum
2450 3605 2718 3643 suorum.

2248 3699 2275 3726 ‹‹
2312 3676 2669 3734 Mementote
2702 3677 2913 3734 horum
2941 3678 3215 3749 Jacob,et
3236 3677 3434 3752 Israel,
3458 3679 3597 3751 quia
3624 3696 3826 3736 servus

2175 3782 2344 3821 meus
2363 3783 2425 3822 es
2447 3770 2532 3822 tu.
2548 3789 2577 3816 »
2602 3766 2771 3823 Modo
2794 3766 3115 3840 alloquitur
3128 3767 3407 3841 populum
3420 3767 3824 3836 Israeliticum,

2174 3858 2231 3909 et
2263 3853 2464 3910 ﬁdeles
2494 3854 2594 3927 qui
2626 3856 2685 3910 in
2718 3857 2971 3912 adventu
3002 3856 3231 3913 Domini
3262 3856 3657 3913 crcdiderunt.
3680 3857 3824 3914 Cum

2175 3943 2376 3998 omnia
2396 3943 2478 3999 ita
2501 3945 2621 4001 sint
2643 3950 2706 4001 ut
2727 3946 2867 4013 dixi,
2883 3950 2939 4001 et
2967 3944 3123 4002 idola
3142 3946 3290 4002 scias
3312 3962 3441 4001 esse
3471 3946 3752 4019 ﬁgmenta
3772 3953 3826 4004 et

2174 4033 2631 4104 compositiones
2659 4034 2967 4091 hominum
2992 4052 3006 4092 :
3032 4059 3059 4087 «
3086 4052 3191 4092 nec
3219 4034 3600 4106 obliviscaris,
3624 4057 3654 4086 »
3678 4053 3713 4093 ο
3743 4037 3825 4093 Is-

2176 4120 2320 4189 rael,
2343 4146 2371 4172 «
2398 4123 2677 4180 creatoris
2695 4123 2840 4193 tui,»
2863 4128 2928 4181 ut
2948 4125 3154 4181 adores
3175 4122 3482 4196 idola,qute
3505 4124 3563 4179 in
3575 4125 3825 4183 adventu

2178 4210 2306 4266 Filii
2337 4212 2452 4268 mei
2482 4214 2840 4269 destruenda
2870 4218 3029 4283 sunt,
3062 4213 3288 4286 tibique
3316 4213 3428 4286 ipsi
3456 4213 3734 4285 injuriam
3757 4216 3832 4271 fa-

2178 4300 2298 4357 cias
2326 4306 2389 4357 ut
2423 4302 2636 4358 adores
2666 4319 2844 4375 opera
2872 4319 3157 4359 manuum
3190 4306 3447 4358 tuarum.

2252 4413 2279 4441 «
2312 4390 2526 4462 Delevi,
2562 4414 2591 4441 »
2622 4409 2726 4464 pro
2774 4409 2840 4449 eo
2891 4392 3049 4465 quod
3082 4396 3173 4448 est
3202 4391 3428 4459 delebo,
3461 4414 3489 4441 «
3524 4396 3588 4447 ut
3616 4392 3828 4449 nubem

2179 4479 2523 4553 iniquitates
2556 4486 2709 4550 tuas,
2744 4486 2800 4537 et
2826 4482 2996 4554 quasi
3031 4480 3307 4538 nebulam
3338 4486 3573 4554 peccata
3595 4486 3752 4537 tua.»
3774 4484 3827 4539 Si

2179 4571 2437 4625 audieris
2469 4588 2583 4642 me,
2606 4570 2881 4640 Israel,et
2901 4571 3223 4627 attenderis
3246 4588 3373 4643 quae
3412 4570 3515 4625 tibi
3542 4571 3827 4643 praecipio,

2180 4656 2262 4711 ita
2293 4656 2498 4713 delebo
2520 4657 2579 4712 in
2613 4658 2863 4713 adventu
2898 4657 3025 4713 Filii
3056 4658 3170 4714 mei
3220 4658 3557 4730 iniquitates
3604 4663 3736 4715 tuas
3776 4664 3832 4715 et

2180 4751 2417 4816 peccata
2445 4750 2568 4815 tua,
2600 4747 2773 4802 sicuti
2808 4746 3149 4803 dissolvitur
3180 4747 3368 4803 nubes
3400 4748 3723 4817 tenebrosa,
3745 4747 3827 4805 vel

2180 4835 2396 4891 nebula
2426 4852 2460 4891 a
2490 4835 2678 4891 calore
2697 4836 2859 4908 solis,
2883 4836 2969 4891 vel
2992 4841 3160 4892 vento
3183 4841 3447 4909 reptante
3477 4841 3823 4893 attenuatur.

2181 4947 2208 4973 ‹‹
2237 4910 2540 4980 Revertere
2568 4925 2637 4979 ad
2671 4942 2783 4992 me,
2810 4948 2838 4975 »
2872 4942 2904 4980 ο
2939 4925 3208 4995 Israel,et
3257 4943 3362 4999 age
3413 4925 3821 4997 paenitentiam,

2184 5036 2211 5063 «
2243 5014 2523 5085 quoniam
2559 5015 2778 5069 redemi
2812 5019 2927 5082 te,»
2958 5033 3062 5088 pro
3094 5033 3159 5071 co
3181 5017 3336 5087 quod
3368 5020 3455 5071 est
3478 5016 3821 5072 redimamte

2178 5104 2431 5175 pretioso
2464 5104 2750 5177 sanguine
2781 5105 2909 5160 Filii
2940 5106 3075 5161 mei.

2252 5216 2279 5241 ‹‹
2308 5192 3033 5265 Laudate,coeli,quoniam
3051 5195 3187 5251 fecit
3205 5194 3489 5251 Dominus
3510 5194 3819 5251 miscricor-

2182 5279 2341 5336 diam
2364 5298 2497 5336 cum
2520 5282 2724 5349 Jacob,
2747 5282 3000 5354 jubilate
3030 5289 3291 5340 extrema
3316 5289 3500 5339 terrm.
3524 5307 3552 5334 ››
3588 5284 3692 5340 Per
3710 5302 3816 5341 cm-

2179 5369 2268 5426 los
2282 5371 2564 5427 debemus
2579 5370 2906 5445 intelligere
2918 5389 3185 5430 summas
3203 5373 3495 5446 angelicas
3514 5377 3816 5445 potestates

2180 5461 2238 5515 in
2261 5460 2403 5516 cmlo
2438 5461 2781 5529 residentes,
2813 5466 2873 5517 et
2911 5480 3015 5535 per
3043 5466 3302 5518 extrema
3349 5466 3511 5518 terra:
3563 5462 3816 5518 similiter

2177 5549 2475 5622 angelicas
2505 5554 2977 5622 potestates,qua3
3007 5556 3269 5625 praesunt
3300 5550 3634 5608 hominibus
3665 5550 3813 5606 habi-

2174 5639 2438 5696 tantibus
2488 5639 2546 5693 in
2594 5643 2768 5695 terra.
2810 5640 2911 5696 Vel
2962 5642 3138 5697 etiam
3198 5659 3301 5713 per
3353 5646 3610 5696 extrema
3666 5645 3811 5695 terris

2174 5727 2421 5803 apostoli
2454 5732 2511 5784 et
2540 5728 2835 5801 propheta:
2866 5729 3233 5804 intelligendi
3265 5734 3421 5799 sunt,
3455 5745 3702 5802 quorum
3721 5730 3811 5785 do-
