3956 6420
158 474 285 535 941
1220 470 1631 534 COMMENT.
1677 472 1755 533 IN
1800 469 2091 533 ISAIAM.
2138 506 2216 517 -—
2258 472 2410 535 LIB.
2457 473 2535 535 II.
3475 479 3594 539 942

163 607 364 661 ctrina
393 610 451 661 et
496 605 781 662 miracula
828 610 887 660 et
934 605 1456 660 intercessionibus
1503 606 1835 660 consistunt
1864 607 1919 672 Α
1948 604 2075 675 ejus
2104 606 2422 661 suscitabo.
2462 629 2487 655 ››
2520 607 2599 662 De
2634 606 3057 664 restauratione
3100 625 3229 680 qua:
3261 608 3414 664 facta
3436 584 3531 664 est
3560 627 3596 666 a

163 694 445 750 homines
504 694 839 749 habitantes
886 693 946 748 in
997 698 1171 757 terra,
1206 694 1345 765 quia
1390 694 1449 747 in
1502 694 1644 765 ipsis
1694 697 1834 747 sunt
1940 693 2253 747 Zorobabel
2288 698 2344 748 et
2375 696 2601 750 creteris
2632 696 2885 751 ducibus
2917 696 3291 767 permittente
3312 696 3456 769 Cyro
3482 697 3596 753 ista

165 782 422 838 fundati.
464 783 631 839 Sicut
675 782 992 855 Apostolus
1038 783 1179 837 dicit
1208 799 1219 836 :
1256 807 1281 831 ‹‹
1323 783 1603 837 rliditieati
1657 800 1834 853 super
1939 780 2199 852 loquitur
2232 799 2244 837 :
2279 799 2407 854 qua:
2438 783 2741 855 captivitas
2772 784 2963 839 adhuc
2994 784 3293 856 implenda
3321 788 3592 859 erat.Ego

162 871 625 927 fundamentum
656 871 1053 944 apostolorum
1082 875 1140 925 et
1172 871 1589 942 prepbetarum
1615 870 1826 940 (Ep/tes.

163 964 316 1027 m).»
338 982 363 1009 «
394 958 1266 1025 Resonate,montes,laudem,n
1295 960 1349 1013 id
1383 964 1472 1013 est
1504 958 1687 1013 sancti
1714 958 1832 1012 lau-

162 1049 492 1116 dationem,
508 1048 609 1120 qui
628 1048 685 1102 in
706 1047 965 1103 culmine
982 1047 1270 1102 virtutum
1288 1047 1636 1112 consistitis;
1659 1072 1684 1095 ‹‹
1714 1044 1827 1100 sal-

163 1140 268 1191 tus
299 1142 355 1191 et
378 1153 553 1192 omne
586 1135 811 1209 lignum
844 1138 991 1207 ejus,
1026 1159 1053 1183 ››
1087 1135 1192 1189 hoc
1222 1140 1311 1190 est
1341 1152 1545 1189 omnes
1575 1134 1739 1189 electi
1771 1139 1829 1188 et

152 1226 335 1296 justi.
360 1226 430 1280 Et
458 1242 640 1297 quare
672 1224 824 1280 hoc?
846 1247 872 1274 ‹‹
898 1224 1178 1296 quoniam
1212 1222 1460 1278 redemit
1490 1223 1775 1278 Dominus
1800 1245 1827 1271 η
1895 1219 1900 1222 ’

162 1314 430 1387 pretioso
464 1313 753 1385 sanguine
780 1313 906 1369 Filii
939 1312 1053 1381 sui,
1079 1338 1105 1361 ‹‹
1130 1313 1311 1368 Jacob
1332 1331 1345 1380 ;
1370 1318 1426 1368 et
1449 1312 1624 1369 Israel
1656 1310 1829 1383 glori-

160 1401 503 1470 ficabitur,»
535 1402 594 1457 id
625 1406 716 1457 est
748 1418 1001 1474 magnus
1035 1402 1154 1456 ﬁet.
1177 1400 1221 1456 Ο
1255 1400 1453 1467 Israel,
1477 1401 1525 1456 si
1560 1418 1826 1455 reversus

159 1491 355 1546 fueris
385 1490 457 1546 ad
491 1507 585 1546 me
616 1490 676 1545 in
708 1494 827 1545 toto
855 1490 1048 1558 corde,
1074 1493 1131 1545 et
1160 1490 1349 1559 egeris
1381 1488 1782 1561 paenitentiam
1808 1504 1821 1542 :

158 1581 241 1635 de
276 1578 463 1634 salute
494 1583 596 1634 tua
623 1577 979 1634 laetabuntur
1009 1576 1199 1650 angeli
1225 1578 1281 1632 in
1306 1578 1543 1649 emlo,et
1564 1578 1827 1657 quiprm-

158 1671 313 1724 sunt
361 1667 703 1723 hominibus
733 1667 793 1723 in
827 1673 1001 1738 terra,
1033 1672 1090 1721 et
1118 1666 1364 1738 apostoli
1414 1684 1481 1721 ac
1530 1666 1824 1738 prophetae

154 1772 492 1829 omnesque
539 1755 730 1824 electi,
765 1756 1017 1811 scientes
1064 1755 1343 1827 quoniam
1393 1756 1731 1827 redemptus
1760 1771 1823 1809 es

154 1845 455 1918 sanguine
489 1843 615 1900 Filii
649 1845 800 1916 ejus.

234 1958 265 1984 ‹‹
300 1934 430 1989 Ilaec
461 1933 606 1989 dicit
636 1932 924 1989 Dominus
957 1934 1291 2005 redemptor
1320 1938 1483 1999 tuus,
1509 1956 1536 1981 »ι
1561 1949 1593 1988 o
1621 1931 1817 1999 Israel,

1940 869 2092 924 Deus
2124 872 2220 942 qui
2256 871 2362 925 hoc
2395 873 2524 939 feci,
2558 872 2643 927 vel
2676 872 3075 944 completurus
3121 891 3276 928 sum.
3310 876 3427 945 Ego
3459 875 3590 929 dico

1940 957 2299 1013 Hierusalem
2347 962 2498 1032 quod
2555 960 2766 1016 iterum
2817 962 3112 1031 fundetur,
3144 966 3201 1017 et
3233 963 3362 1018 dico
3410 964 3588 1019 etiam

1937 1046 2272 1102 civitatibus
2302 1049 2465 1103 Juda‘.
2489 1050 2959 1119 .‘Editicabimini,
2976 1055 3033 1105 et
3054 1051 3285 1107 deserta
3312 1053 3442 1123 ejus
3464 1070 3591 1107 sus-

1937 1135 2149 1191 citabo.

2007 1248 2033 1272 «
2068 1225 2175 1291 Qui
2208 1226 2336 1281 diro
2388 1228 2696 1299 profundo,
2727 1251 2754 1277 ››
2791 1227 2846 1282 id
2897 1234 2987 1282 est
3032 1228 3333 1301 Babyloni,
3366 1246 3493 1301 qua:
3526 1229 3585 1285 in

1934 1313 2221 1384 profundo
2252 1320 2623 1386 peccatorum
2656 1317 2915 1384 sedebat,
2947 1340 2974 1367 ‹‹
3010 1317 3283 1373 Desolare
3316 1341 3342 1365 ››
3377 1318 3449 1373 ab
3483 1318 3584 1372 ha-

1934 1400 2289 1458 bitatoribus
2320 1404 2440 1458 tuis
2475 1421 2486 1459 :
2522 1428 2549 1453 ‹‹
2585 1408 2643 1459 et
2674 1405 2919 1460 [lumina
2944 1410 3044 1460 tua
3074 1429 3101 1455 ››
3133 1406 3348 1478 Tygrin
3382 1410 3438 1461 et
3468 1408 3586 1462 Eu-

1933 1490 2199 1561 phraten,
2221 1515 2247 1541 ‹‹
2269 1493 2604 1547 arcfaciam.
2630 1516 2655 1541 ››
2680 1493 2797 1548 Hoc
2821 1493 3207 1565 adimpletum
3229 1499 3317 1550 est
3337 1512 3372 1550 a
3392 1495 3583 1563 Dario,

1931 1583 1987 1632 et
2018 1579 2163 1650 Cyro
2195 1585 2403 1653 nepote
2436 1582 2584 1653 ejus.
2620 1582 2764 1636 Nam
2800 1587 2966 1637 nocte
2996 1582 3231 1654 quando
3282 1582 3589 1638 Balthasar

1931 1665 2270 1723 interfectus
2297 1674 2385 1724 est
2415 1671 2488 1724 ab
2519 1669 2620 1738 eis,
2653 1670 2941 1725 exercitus
2979 1670 3217 1725 illorum
3249 1670 3585 1743 Euphraten

1932 1757 2197 1823 fluvium,
2213 1757 2310 1829 qui
2331 1776 2433 1830 per
2452 1760 2705 1814 mediam
2725 1758 3018 1814 civitatem
3041 1759 3585 1832 decurrebat,longe

1930 1861 1963 1900 a
1994 1845 2223 1901 civitate
2254 1847 2313 1902 in
2346 1846 2563 1902 multos
2595 1846 2810 1903 rivulos
2834 1847 3159 1903 diviserunt
3178 1851 3236 1902 et
3258 1847 3583 1904 exsiccatus

1929 1938 2018 1987 est
2044 1951 2055 1988 :
2082 1934 2139 1988 in
2162 1940 2392 1990 tantum
2427 1940 2490 1991 ut
2520 1953 2623 2008 per
2651 1936 2880 1992 alveum
2903 1936 3063 1992 illius
3086 1953 3189 2008 per
3210 1952 3385 2008 quem
3408 1940 3583 1993 antea

154 2023 265 2095 qui
330 2026 384 2077 te
442 2022 854 2095 redempturus
910 2027 1022 2091 est,
1049 2047 1075 2071 ‹‹
1111 1992 1175 2077 εί
1213 1992 1495 2078 formator
1552 2027 1691 2076 tuus
1748 1992 1821 2076 ab
1852 1992 1899 2056 Β
1929 2022 2427 2095 decurrebat,ipsi
2450 1992 2744 2080 civitatem
2776 1992 3297 2096 ingrederentur‘et
3316 1992 3580 2081 devasta-

152 2118 350 2179 utero,
378 2134 407 2160 ››
437 2110 496 2167 id
527 2115 619 2168 est
649 2128 784 2167 cum
818 2129 933 2167 non
964 2128 1124 2168 esses
1150 2129 1195 2166 ευ
1222 2114 1339 2184 Ego
1371 2129 1501 2167 sum
1535 2111 1820 2166 Dominus

152 2200 387 2256 faciens
416 2200 635 2256 omnia.
674 2223 695 2249 ι
731 2200 1016 2272 Superius
1042 2200 1275 2255 locutus
1320 2206 1409 2255 est
1458 2200 1528 2254 de
1575 2201 1820 2254 subver-

152 2289 328 2345 sione
356 2288 646 2345 idolorum
675 2293 732 2344 et
762 2288 1160 2360 redemptione
1198 2288 1371 2344 Israel
1408 2306 1420 2343 :
1456 2288 1504 2343 si
1536 2289 1819 2360 pmniten-

156 2379 311 2434 tiam
344 2382 559 2450 ageret.
583 2378 749 2433 Nunc
778 2382 976 2433 autem
1009 2378 1079 2432 de
1114 2377 1520 2449 magnitudine
1550 2376 1821 2449 potentiae

160 2486 287 2523 sua:
309 2466 593 2539 loquitur,
617 2467 773 2539 quod
802 2466 925 2538 ipse
953 2467 1152 2521 fecerit
1177 2466 1379 2520 omnia
1402 2466 1666 2531 solus,ne
1690 2464 1822 2537 quis

161 2556 397 2612 dubitet
425 2556 495 2611 de
526 2554 845 2611 salvatione
877 2554 1074 2621 Israel,
1108 2560 1337 2610 tantum
1370 2554 1417 2609 si
1441 2555 1512 2609 ad
1535 2571 1667 2609 eum
1694 2571 1825 2608 con-

162 2662 376 2700 versus
407 2644 601 2700 fuerit.
634 2646 777 2699 Cum
810 2648 1008 2699 autem
1040 2644 1184 2699 dicit
1218 2660 1229 2698 :
1257 2668 1283 2693 ‹‹
1309 2644 1627 2699 extendens
1649 2642 1825 2698 ccelos

163 2733 355 2804 solus,
379 2738 436 2789 et
464 2732 770 2789 stabiliens
801 2738 1113 2803 terram,et
1135 2732 1335 2789 nullus
1359 2750 1589 2788 mecum
1616 2750 1628 2788 :
1657 2756 1684 2782 »
1709 2750 1823 2787 non

164 2821 429 2879 excludit
459 2822 672 2877 Filium
695 2838 729 2878 a
750 2838 1039 2894 se,neque
1069 2822 1351 2894 Spiritum
1386 2822 1826 2892 sanctum,quia

168 2929 359 2968 unum
387 2914 546 2977 sunt,
580 2914 638 2966 et
666 2910 1070 2985 separabiliter
1100 2914 1401 2982 nequeunt
1425 2911 1672 2982 operari,
1706 2911 1825 2965 sic-

168 3005 240 3056 ut
271 3000 398 3072 ipse
432 2998 615 3056 Filius
645 2999 785 3055 dicit
814 3015 828 3054 :
864 3022 893 3050 «
927 2999 1045 3071 Ego
1076 3003 1135 3054 et
1166 3000 1334 3055 Pater
1382 3016 1566 3054 unum
1616 3014 1825 3054 sumus

166 3091 352 3159 (Joan.
385 3088 462 3161 x).
499 3110 527 3137 ››
561 3088 673 3143 Sed
708 3087 863 3144 sicut
911 3087 1184 3160 superius
1232 3087 1509 3157 diximus,
1544 3104 1647 3159 per
1675 3088 1827 3143 hanc

167 3176 528 3235 sententiam
559 3175 864 3232 excludere
892 3175 1018 3232 vult
1050 3176 1207 3232 idola
1226 3195 1261 3232 a
1292 3177 1636 3233 formatione
1667 3192 1826 3231 crea-

169 3272 234 3323 tu
244 3281 468 3322 rarum.

1932 2117 2060 2166 rent
2091 2114 2252 2181 (Dan.
2285 2114 2360 2184 v).
2397 2113 2648 2169 Possunt
2678 2114 2852 2169 etiam
2887 2114 3087 2169 referri
3130 2113 3231 2169 illa
3277 2115 3582 2187 superiora

1931 2200 2002 2254 ad
2038 2201 2351 2256 Eeclesiam
2386 2207 2753 2274 prmscntcm,
2775 2207 2832 2257 et
2851 2204 2962 2257 ista
2979 2204 3051 2257 ad
3071 2202 3229 2258 hunc
3262 2203 3576 2258 mundum.

1932 2289 2037 2353 Qui
2067 2290 2195 2343 dico
2228 2290 2586 2345 Hierusalem
2622 2290 2987 2345 IIabitaberis
3018 2309 3053 2345 a
3082 2291 3478 2363 credentibus,
3512 2309 3582 2347 ex

1931 2368 2134 2449 gentili
2164 2384 2221 2433 et
2249 2379 2494 2434 Judaico
2527 2379 2837 2451 populo.Et
2859 2379 3192 2436 civitatibus
3221 2380 3469 2448 Judaz,id
3493 2384 3583 2437 est

1932 2466 2193 2521 ecclesiis
2224 2467 2628 2522 confitentium
2659 2468 2718 2522 in
2742 2472 2859 2523 toto
2881 2468 3017 2523 orbe
3050 2468 3585 2535 constructis,/Edi-

1933 2554 2252 2610 ﬁcabimini
2290 2573 2302 2610 :
2336 2561 2393 2611 et
2423 2574 2550 2629 qua:
2582 2562 2755 2623 antea
2783 2558 3016 2613 deserta
3045 2562 3215 2613 erant
3262 2558 3581 2614 suscitabo.

1934 2643 2039 2709 Qui
2074 2644 2201 2699 dico
2234 2646 2548 2717 profundo,
2582 2645 2639 2700 id
2666 2650 2754 2701 est
2785 2645 2922 2701 huic
2973 2647 3216 2711 mundo,
3253 2645 3521 2702 Desolare
3552 2663 3587 2702 a

1934 2732 2259 2788 cultoribus
2294 2734 2411 2789 tuis
2441 2738 2497 2788 et
2528 2733 2913 2789 amatoribus.
2946 2733 3016 2788 Et
3049 2734 3297 2790 ﬂumina
3326 2740 3428 2790 tua
3458 2751 3584 2791 are-

1936 2821 2166 2887 faciam,
2191 2820 2301 2875 hoc
2333 2826 2440 2886 est,
2471 2822 2819 2893 sapientiam
2852 2822 3034 2893 hujus
3065 2824 3270 2877 mundi
3302 2822 3587 2879 annibila—

1935 2910 2028 2963 bo.
2063 2909 2361 2980 Sapientia
2391 2911 2620 2965 Domini
2654 2910 2897 2966 stultam
2929 2910 3063 2966 fecit
3092 2910 3442 2982 sapientiam
3471 2910 3585 2966 hu-

1926 2998 2031 3067 jus
2060 2997 2288 3052 mundi.

2006 3108 2033 3135 «
2069 3086 2175 3151 Qui
2209 3085 2339 3141 dico
2365 3085 2508 3158 Cyro
2544 3102 2557 3141 :
2594 3086 2797 3142 Pastor
2825 3103 2992 3141 meus
3023 3103 3106 3156 es,
3135 3110 3164 3137 ››
3198 3087 3257 3142 in
3280 3087 3428 3144 meis
3452 3087 3590 3143 {ide-

1936 3173 2092 3229 libus
2127 3192 2139 3229 :
2172 3198 2197 3223 ‹‹
2234 3178 2290 3229 et
2320 3191 2555 3229 omnem
2585 3174 2946 3230 voluntatem
2980 3192 3173 3232 meam
3204 3176 3527 3249 complebis
3559 3199 3589 3227 ι»

1937 3263 2285 3319 dimittendo
2315 3263 2708 3335 captivitatem
2739 3263 2937 3337 populi
2970 3264 3108 3321 mei.
3132 3288 3159 3316 ‹‹
3187 3266 3296 3333 Qui
3316 3265 3445 3322 dico
3465 3265 3592 3322 Hie-

245 3378 275 3406 ‹‹
309 3355 480 3411 Irrita
515 3354 756 3423 faciens,
793 3377 821 3403 ››
846 3353 905 3409 id
937 3358 1025 3410 est
1071 3353 1292 3423 inania,
1322 3378 1349 3405 «
1384 3355 1714 3410 divinorum
1748 3353 1826 3409 si-
1858 3357 1902 3424 (ἶ
1942 3351 2197 3407 rusalem
2230 3369 2243 3407 :
2276 3352 2694 3421 .Ediﬁcaberis,
2730 3375 2758 3402 »
2791 3370 2825 3408 a
2847 3354 2990 3409 Jesu
3031 3355 3329 3410 sacerdote
3374 3371 3590 3427 magno

171 3462 315 3518 gna,
347 3448 407 3500 et
436 3442 695 3500 hariolos
724 3444 783 3498 in
816 3443 1094 3511 furorem,
1132 3466 1159 3492 ››
1194 3444 1251 3498 id
1284 3448 1373 3500 est
1402 3443 1462 3499 in
1510 3443 1830 3499 amentiam

172 3558 203 3584 ‹‹
240 3537 493 3589 vertens.
529 3555 558 3583 ››
591 3532 807 3587 Harioli
840 3537 982 3588 sunt
1011 3533 1426 3603 incantatorcs,
1462 3533 1561 3605 qui
1595 3532 1835 3605 quibus-

175 3623 320 3678 dam
351 3620 854 3677 incantationibus
884 3637 1116 3692 semper
1145 3625 1361 3676 cuncta
1406 3625 1608 3694 agunt.
1643 3620 1833 3676 Divini

178 3713 362 3767 iidem
395 3714 536 3766 sunt
565 3710 664 3783 qui
691 3714 750 3766 et
780 3710 1087 3783 pythones,
1120 3710 1177 3765 id
1209 3714 1300 3765 est
1326 3710 1698 3783 ventriloqui,
1730 3710 1836 3766 ha-

177 3801 388 3856 bentes
418 3798 693 3871 spiritum
724 3798 1051 3871 malignum
1082 3798 1141 3853 in
1172 3805 1393 3868 ventre,
1427 3805 1484 3855 et
1512 3799 1839 3873 loquuntur

177 3886 374 3944 multa
387 3887 558 3960 signa
571 3890 629 3943 et
643 3890 933 3959 portenta.
949 3888 1078 3943 Hmc
1099 3887 1336 3959 quidem
1362 3892 1496 3943 ante
1520 3891 1835 3944 adventum

179 3975 419 4032 Domini
446 3975 617 4032 multi
648 3975 1053 4048 adimplebant
1077 3992 1089 4031 :
1118 3978 1218 4031 sed
1242 3983 1541 4032 crescente
1563 3977 1843 4033 Christia-

180 4082 400 4122 norum
433 4065 566 4136 fide,
598 4082 668 4121 ex
697 4068 859 4137 parte
889 4064 1188 4121 eradicata
1225 4070 1387 4121 sunt.
1420 4089 1448 4115 α
1484 4067 1841 4122 Convertens

180 4153 503 4228 sapientes,
534 4176 564 4204 »
594 4154 776 4225 hujus
827 4153 1025 4209 saeculi
1059 4177 1086 4204 «
1122 4159 1466 4219 retrorsum,
1504 4178 1530 4203 ››
1563 4155 1621 4210 id
1662 4158 1751 4209 est
1778 4153 1840 4209 in

179 4241 613 4315 insipientiam,
629 4263 657 4293 α
670 4246 726 4298 et
742 4241 1049 4298 scientiam
1074 4260 1276 4298 eorum
1302 4242 1544 4298 stultam
1566 4243 1842 4314 faciens,»

182 4332 330 4405 quia
358 4348 485 4403 quas
515 4330 700 4386 stulta
728 4347 896 4387 erant
915 4330 1113 4404 elegit,
1132 4337 1190 4388 et
1211 4332 1562 4404 sapientiam
1593 4331 1844 4404 philoso-

185 4422 445 4495 phorum
476 4418 721 4476 stultam
752 4420 908 4476 fecit.
1216 4432 1226 4441 ‘

262 4532 292 4559 ‹‹
327 4508 634 4566 Suscitans
662 4509 906 4566 verbum
937 4510 1085 4566 servi
1118 4509 1233 4579 sui,
1265 4514 1323 4565 et
1348 4510 1660 4566 consilium
1690 4528 1845 4566 nun-

189 4600 414 4655 tiorum
444 4614 687 4653 suorum
710 4596 1033 4670 complens.
1061 4621 1089 4648 ››
1116 4599 1257 4665 Quis
1280 4604 1369 4654 est
1390 4599 1500 4655 iste
1524 4617 1725 4655 servus
1748 4598 1849 4655 Dei

194 4687 407 4754 Patris,
429 4686 543 4742 nisi
565 4685 663 4742 ille
692 4686 764 4743 de
795 4704 909 4759 quo
937 4688 1210 4760 superius
1240 4688 1497 4744 diximus
1522 4706 1535 4744 :
1565 4690 1708 4744 Ecce
1731 4706 1851 4743 ser-

194 4793 307 4832 vus
339 4792 527 4843 meus,
561 4774 882 4847 suscipiam
913 4792 1070 4831 eum.
1104 4777 1174 4831 Et
1206 4776 1349 4831 illud
1385 4794 1397 4832 :
1435 4777 1644 4833 Parum
1670 4782 1759 4832 est
1791 4777 1855 4832 ti-

196 4865 281 4931 bi,
315 4868 381 4919 ut
410 4863 553 4918 mihi
587 4863 669 4919 sis
702 4864 945 4919 servus?
967 4865 1081 4920 Iste
1112 4870 1201 4920 est
1231 4882 1456 4932 servus,
1486 4866 1585 4937 qui
1609 4871 1664 4922 et
1688 4884 1852 4938 puer.

196 4954 458 5009 Verbum
489 4957 686 5008 autem
718 4951 879 5008 istud
909 4954 1244 5025 evangelica
1276 4955 1540 5009 doctrina
1562 4960 1855 5027 est,quam

199 5044 358 5098 Deus
385 5044 548 5113 pater
577 5058 755 5113 super
785 5041 1126 5097 universum
1159 5044 1358 5097 orbem
1400 5043 1721 5111 suscitavit,
1757 5061 1860 5116 per

199 5130 443 5187 nuntios
476 5129 603 5185 Filii
636 5130 756 5197 sui,
786 5130 895 5185 hoc
922 5135 1147 5203 est'per
1186 5132 1501 5203 apostolos.
1537 5132 1858 5188 Consilium

198 5218 606 5293 apostolorum
638 5218 771 5285 fuit,
803 5223 871 5273 ut
900 5219 1151 5291 dispersi
1204 5238 1306 5292 per
1351 5225 1606 5292 quatuor
1653 5222 1859 5277 mundi

198 5308 441 5364 climata
461 5324 648 5361 unum
667 5306 1048 5380 Evangelium
1070 5308 1661 5380 przedicarent,unam
1686 5311 1861 5365 tidem

199 5398 562 5463 docerent,et
592 5395 1061 5468 omnipotentem
1093 5396 1631 5464 Deum,trinitatem
1655 5399 1712 5452 in
1739 5416 1861 5470 per-

201 5484 388 5551 sonis,
420 5486 479 5540 et
507 5484 797 5539 unitatem
824 5483 883 5539 in
910 5484 1263 5553 substantia,
1299 5485 1511 5541 habere
1543 5488 1863 5541 annuntia-

1941 3445 1998 3495 et
2027 3442 2211 3497 Esdra
2238 3442 2577 3513 ceterisque
2612 3441 2997 3514 principibus,
3033 3444 3105 3499 de
3135 3442 3468 3517 captivitate
3501 3461 3591 3500 re-

1943 3530 2281 3601 deuntibus,
2307 3553 2333 3580 «
2367 3534 2424 3586 et
2454 3552 2481 3581 »
2515 3531 2616 3603 qui
2647 3530 2776 3586 dico
2808 3555 2833 3581 ‹‹
2868 3531 3086 3604 templo
3122 3549 3136 3588 :
3172 3531 3594 3589 Fundaberis.»

1945 3620 2103 3675 Idem
2136 3637 2348 3676 sensus
2379 3620 2534 3675 sicut
2564 3619 2625 3675 in
2655 3620 2836 3693 priori
2866 3638 3058 3677 versu.

2554 3761 2787 3818 CAPUT
2826 3762 2992 3818 XLV.

2023 3911 2050 3939 ‹‹
2084 3890 2212 3943 llaec
2252 3886 2394 3941 dicit
2441 3886 2726 3942 Dominus
2774 3887 2996 3944 christo
3042 3905 3174 3944 meo
3232 3891 3396 3961 Cyro,
3429 3891 3601 3960 cujus

1950 3977 2307 4050 apprehendi
2339 3980 2640 4031 dexteram
2664 3981 2730 4031 ut
2751 3977 3065 4047 subjiciam
3088 3982 3223 4032 ante
3244 3978 3449 4033 faciem
3473 3978 3603 4047 ejus

1950 4072 2175 4140 gentes,
2210 4089 2237 4115 »
2268 4064 2638 4137 Babylonios,
2673 4065 2996 4133 Chaldaeos,
3026 4066 3345 4139 IEgyptios,
3380 4066 3601 4136 Medos,

1952 4160 2303 4225 craterasque
2334 4152 2392 4208 in
2426 4153 2673 4209 circuitu
2707 4170 2836 4221 suo,
2865 4176 2893 4203 «
2926 4158 2983 4209 et
3013 4154 3190 4209 dorsa
3238 4170 3444 4227 regum
3473 4171 3605 4209 ver-

1953 4248 2072 4299 tam
2111 4265 2138 4291 ››
2171 4243 2241 4297 ad
2275 4241 2619 4314 fugiendum
2654 4245 2786 4295 ante
2817 4258 2975 4296 eum.
3008 4239 3177 4296 Multi
3221 4257 3387 4313 reges
3434 4240 3609 4296 dorsa

1952 4335 2252 4388 verterunt
2271 4334 2407 4386 ante
2426 4347 2583 4397 eum,
2603 4329 2851 4385 Domino
2874 4328 2958 4384 illi
2981 4329 3276 4386 tribuente
3298 4328 3605 4385 auxilium.

1957 4422 2108 4489 Haec,
2141 4420 2353 4492 inquit,
2379 4418 2522 4474 dicit
2552 4418 2840 4474 Dominus
2870 4418 3089 4474 christo
3119 4435 3249 4474 meo
3280 4416 3613 4490 Cyro.Chri-

1958 4513 2088 4565 stus
2116 4509 2535 4580 interpretatur
2563 4511 2797 4562 unctus.
2826 4505 3172 4578 Antiquitus
3222 4505 3379 4562 enim
3420 4505 3478 4560 in
3508 4522 3610 4578 po-

1960 4598 2098 4671 pulo
2114 4595 2984 4668 Judaiorum,quemadmodum
3002 4596 3156 4667 apud
3180 4595 3474 4651 Romanos
3495 4594 3615 4650 dia-

1962 4689 2133 4743 dema
2164 4686 2453 4742 faciebant
2479 4690 2536 4740 et
2567 4684 2887 4756 regem.Sic
2908 4682 3226 4739 chrismate
3247 4682 3517 4756 peruncti
3538 4682 3617 4738 ef-

1964 4777 2314 4831 ﬁciebantur
2344 4790 2509 4846 reges
2536 4778 2593 4828 et
2623 4773 3047 4839 sacerdotes,ut
3074 4774 3263 4827 Aaron
3296 4790 3331 4828 a
3359 4772 3538 4839 Mose,
3558 4776 3617 4826 et

1965 4865 2145 4921 David
2178 4882 2212 4919 a
2242 4862 2693 4928 Samuel.Quare
2723 4878 2858 4934 ergo
2889 4860 3215 4933 appellatur
3234 4860 3416 4933 Cyrus
3437 4860 3616 4916 chris-

1966 4960 2227 5022 tus,cum
2258 4970 2374 5008 non
2407 4951 2484 5006 sit
2515 4956 2835 5022 perunctus
2866 4951 2936 5005 de
2977 4950 3103 5005 oleo
3147 4947 3619 5005 benedictionis?

1968 5044 2108 5117 quia
2135 5042 2392 5115 dignitas
2422 5039 2747 5111 imperialis
2775 5057 2877 5112 pro
2902 5039 3220 5094 chrismate
3249 5037 3302 5093 ei
3332 5038 3464 5093 fuit.
3490 5037 3620 5092 Hmc

1969 5131 2113 5186 dicit
2147 5130 2428 5185 Dominus
2459 5127 2677 5183 christo
2709 5144 2968 5200 meo,pro
2998 5145 3064 5182 eo
3095 5127 3250 5199 quod
3281 5130 3370 5182 est
3399 5124 3621 5182 christo

1971 5238 2079 5276 suo
2102 5237 2114 5274 ε
2140 5218 2229 5274 vel
2262 5223 2437 5273 uncto
2469 5234 2598 5286 suo,
2614 5216 2725 5272 hoc
2756 5221 2866 5284 est,
2899 5216 3016 5287 regi
3051 5233 3158 5271 suo
3185 5232 3197 5270 :
3224 5239 3252 5265 ‹‹
3276 5219 3334 5270 et
3363 5214 3623 5286 aperiam

1973 5326 2169 5365 coram
2202 5325 2268 5363 eo
2291 5309 2531 5379 jauuas,
2564 5310 2621 5360 et
2653 5310 2832 5377 portre
2879 5304 3131 5360 civitatis
3178 5321 3296 5359 non
3345 5302 3623 5358 clauden-

1968 5403 2084 5454 tur.
2116 5398 2234 5469 Ego
2266 5399 2399 5453 ante
2431 5399 2483 5450 te
2513 5393 2630 5459 ibo,
2666 5415 2694 5443 »
2727 5411 2759 5448 o
2790 5393 2952 5465 Cyre,
2987 5416 3014 5442 «
3048 5396 3103 5448 et
3132 5391 3419 5465 gloriosos
3458 5395 3625 5448 terrae

1975 5487 2325 5553 humiliabo,
2363 5506 2391 5533 ››
2423 5483 2533 5538 hoc
2563 5486 2654 5538 est
2701 5480 3048 5554 Babylonios
3084 5486 3143 5538 et
3170 5481 3491 5549 Chaldaeos,
3523 5479 3627 5551 qui

204 5572 1008 5631 rent.Hocconsiliumverbo
1032 5574 1296 5629 tenusab
1318 5573 1435 5629 illis
1458 5575 1866 5641 dictum,Deus
1975 5576 2212 5650 gloriosi
2276 5572 2646 5629 habebantur
2709 5568 2768 5624 in
2835 5574 2955 5625 toto
3021 5571 3264 5627 mundo.
3329 5593 3358 5621 «
3424 5570 3629 5626 Portas

209 5666 378 5738 pater
407 5661 585 5716 rebus
615 5661 949 5734 complevit.
977 5683 1005 5712 ‹‹
1027 5663 1134 5727 Qui
1158 5662 1288 5717 dico
1310 5661 1673 5718 Hierusalem
1698 5663 1870 5720 Habi-

209 5749 456 5821 taberis,
475 5753 535 5809 et
548 5747 883 5808 civitatibus
907 5749 939 5807 J
944 5751 1064 5808 uda
1084 5749 1620 5822 «Ediﬁeabiminiﬁt
1638 5751 1871 5813 deserta

1977 5681 2154 5720 aereas
2214 5665 2511 5718 conteram
2562 5682 2591 5710 ››
2643 5662 2776 5714 ante
2840 5662 2918 5728 te,
2959 5674 2992 5714 ο
3039 5659 3204 5733 Cyre,
3235 5682 3264 5710 «
3316 5663 3375 5715 et
3435 5661 3629 5715 vectes

1985 5755 2204 5813 ferreos
2248 5750 2636 5825 confringam.
2663 5772 2692 5804 ››
2725 5750 2860 5818 Qua:
2909 5747 3112 5808 civitas
3157 5749 3245 5808 illi
3293 5767 3408 5809 non
3440 5744 3636 5826 patuit
