3956 6488
390 432 520 511 343

774 431 1181 495 HAYMONIS
1228 432 1769 495 IIALBEBSTAT.
1815 433 2060 499 EPISC.
2109 432 2280 499 OPP.
2329 434 2530 499 PARS
2575 434 2625 496 Ι.
2670 469 2750 480 --
2793 435 3199 497 COMMENT.
3245 435 3446 497 BIBL.

3710 437 3824 498 914

398 544 619 639 (inquit
644 568 852 624 beatus
883 567 1335 639 Hieronymus?)
1361 567 1501 633 Quis
1523 584 1640 622 non
1663 583 1868 639 regum
1894 572 2054 641 terga
2081 570 2137 636 Α
2168 569 2324 635 bras,
2362 590 2389 617 »
2419 567 2481 623 id
2511 573 2602 624 est
2629 572 2860 626 noctem
2895 586 2908 624 :
2944 592 2973 619 ‹‹
3007 568 3226 625 faciens
3264 586 3488 641 pacem,
3521 573 3583 627 et
3612 587 3822 627 creans

398 655 651 728 subjecit
675 655 799 711 illi?
829 655 935 722 Qui
970 655 1147 723 muri,
1177 656 1344 729 prius
1394 655 1904 729 inexpugnabiles,
1937 672 2053 712 non

394 744 559 800 illius
601 744 906 801 obsidione
955 745 1220 801 subversi
1270 746 1454 801 sunt?
1487 745 1617 799 Haec
1668 746 1770 817 qui
1820 744 2055 817 plenius

397 850 745 909 cognoscere
793 834 935 902 vult,
968 834 1125 907 legat
1171 834 1480 890 historiam
1531 834 1932 906 Xenophontis
1984 835 2056 889 de

398 924 542 995 Cyro
602 925 842 996 majore,
878 930 936 979 et
983 924 1239 979 inveniet
1288 943 1357 981 ea
1406 942 1534 981 esse
1582 924 1875 996 completa
1925 942 2054 996 quae

401 1012 585 1093 Isaias
606 1012 776 1086 longe
808 1018 943 1069 ante
977 1014 1265 1086 prazdixit,
1300 1014 1546 1068 Domino
1581 1012 2016 1068 manifestante.

469 1124 498 1153 ‹‹
532 1102 604 1158 Et
633 1103 783 1158 dabo
806 1103 937 1173 tibi,
961 1126 989 1152 »
1013 1104 1174 1175 Cyre,
1200 1128 1227 1152 ‹‹
1252 1103 1561 1157 thesauros
1586 1126 1612 1151 ››
1637 1118 1841 1174 regum
1867 1126 1893 1151 ‹‹
1921 1102 2055 1156 abs-

400 1191 667 1249 conditos
701 1214 729 1242 »
761 1196 820 1250 et
850 1192 1215 1248 diversarum
1265 1192 1522 1258 urbium,
1553 1214 1581 1240 «
1616 1194 1674 1245 et
1721 1208 1936 1246 arcana
1965 1205 2055 1244 se-

401 1284 755 1350 cretorum,»
778 1282 836 1336 id
869 1286 960 1337 est
980 1298 1049 1337 ea
1069 1298 1195 1353 quae
1218 1297 1385 1352 reges
1406 1284 1462 1335 et
1482 1281 1694 1352 reginae
1716 1279 1773 1334 in
1797 1278 2055 1334 conclavi

403 1387 640 1443 semper
684 1370 1005 1435 habebant,
1048 1369 1153 1423 tibi
1206 1370 1379 1425 dabo.
1414 1371 1483 1425 Et
1532 1386 1711 1441 quare
1756 1369 1909 1423 hoc?
1940 1391 1967 1417 ‹‹
2001 1371 2058 1423 et

404 1458 578 1528 scias,
610 1458 749 1531 quia
796 1475 902 1531 ego
955 1455 1260 1527 Dominus,
1294 1458 1396 1529 qui
1447 1476 1584 1513 voco
1633 1475 1845 1513 nomen
1888 1462 2058 1511 tuum

400 1547 561 1608 Deus
586 1546 786 1613 Israel,
819 1570 846 1597 »
879 1547 1048 1619 longe
1079 1552 1394 1618 antequam
1426 1547 1707 1602 nascaris.
1731 1546 1894 1603 Sicut
1916 1545 2056 1601 olim

403 1636 603 1695 vocavi
633 1636 795 1693 Isaac
828 1640 885 1692 et
907 1636 1107 1703 Jacob,
1137 1641 1195 1691 et
1227 1635 1414 1691 multa
1444 1642 1576 1691 ante
1607 1636 1844 1708 praedixi
1878 1637 1949 1691 de
1980 1640 2055 1703 te,

405 1730 470 1783 ut
500 1726 572 1782 de
598 1726 760 1782 Isaac
790 1730 846 1781 et
872 1726 1055 1782 Josia.
1090 1730 1157 1780 Et
1188 1725 1297 1781 hoc
1331 1744 1446 1782 non
1477 1726 1584 1781 foci
1617 1730 1855 1798 propter
1877 1730 2057 1793 tc,ne-

402 1830 517 1887 que
544 1831 652 1887 pro
684 1817 783 1870 tuo
815 1815 1043 1881 merito,
1078 1815 1183 1870 sed
1220 1832 1233 1871 :

473 1926 501 1956 α
533 1903 776 1985 Propter
803 1921 1037 1960 servum
1068 1920 1267 1959 meum
1300 1905 1501 1972 Jacob,
1527 1909 1582 1959 et
1610 1903 1785 1959 Israel
1805 1903 2058 1959 electum
2089 1944 2137 2009 Β

401 2010 622 2061 meum,
649 2015 677 2042 υ
709 1996 776 2048 ut
805 1992 1071 2049 dimittas
1102 2010 1236 2048 cum
1260 2010 1327 2048 ex
1348 1993 1766 2065 captivitate,et
1786 2008 2060 2064 recogno-

398 2099 531 2140 scas
563 2099 691 2155 qua:
714 2080 820 2137 tibi
842 2086 974 2137 ante
999 2082 1236 2155 praedixi
1262 2099 1440 2153 quam
1465 2083 1885 2149 nascereris,ut
1907 2083 2060 2136 bona

398 2170 583 2228 servis
610 2170 760 2227 meis
796 2171 1133 2243 impendere
1184 2172 1444 2227 studeas.
1481 2196 1506 2221 ‹‹
1541 2173 1610 2227 Et
1644 2170 1838 2226 vocavi
1868 2174 1925 2225 te
1955 2187 2057 2225 no-

399 2260 559 2317 mine
589 2264 713 2330 tuo,
743 2282 771 2311 ››
804 2259 914 2316 hoc
947 2265 1058 2326 est,
1091 2265 1157 2315 ut
1188 2261 1372 2333 Cyrus
1404 2259 1731 2315 vocareris:
1765 2281 1791 2310 ‹‹
1823 2259 2058 2315 assimi-

399 2348 511 2406 lavi
543 2353 599 2404 te
631 2372 661 2399 »
692 2349 751 2404 in
784 2350 1021 2404 nomine
1053 2349 1183 2404 Filii
1232 2350 1366 2417 mei,
1402 2372 1429 2399 α
1463 2354 1519 2404 et
1569 2367 1683 2404 non
1733 2349 2056 2421 cognovisti

400 2454 517 2505 me.
540 2459 569 2489 »
594 2436 766 2494 Multi
791 2436 995 2493 volunt
1020 2438 1141 2492 haec
1164 2438 1376 2493 referre
1400 2439 1471 2493 ad
1504 2438 1821 2493 Dominum
1851 2438 2057 2493 Jesum

400 2525 725 2594 Christum,
758 2542 885 2597 quae
918 2525 976 2580 in
1006 2526 1115 2582 hac
1147 2526 1442 2581 sententia
1471 2526 1787 2581 dicuntur:
1814 2526 1916 2581 sed
1941 2543 2055 2581 non

399 2602 730 2687 loquuntur
757 2632 825 2671 ea
852 2631 979 2686 qua:
1010 2632 1146 2670 vera
1176 2618 1335 2670 sunt.
1369 2614 1680 2688 Cyrus,qui
1710 2614 2055 2687 interpreta-

399 2708 501 2760 tur
529 2704 736 2772 hmres,
767 2721 904 2759 nam
931 2709 987 2760 et
1014 2705 1137 2776 ipse
1176 2704 1577 2759 haereditatem
1625 2704 1930 2759 avcunculi
1964 2703 2055 2760 sui

398 2799 589 2852 Daran
626 2795 889 2866 suscepit
924 2812 935 2850 :
972 2812 1219 2867 regnum
1264 2794 1530 2850 videlicet
1580 2794 2052 2868 Babyloniorum,

395 2881 825 2950 Chaldzeorum,
858 2884 1162 2939 Medorum
1195 2889 1251 2938 et
1282 2885 1613 2954 Persarum,
1638 2889 1815 2955 atque
1844 2884 2053 2955 z’Egyp-

395 2972 638 3039 tiorum,
670 2976 728 3028 et
757 2972 857 3045 qui
888 2972 1157 3029 Christus
1186 2974 1364 3028 etiam
1404 2977 1645 3028 vocatur
1691 2976 1930 3045 propter
1961 2973 2053 3028 di-

394 3061 679 3136 gnitatem
712 3060 980 3134 imperii:
1013 3062 1363 3117 asssimilari
1397 3062 1613 3118 dicitur
1643 3062 1889 3118 Domino
1912 3062 2053 3117 Jesu

392 3150 625 3219 Christo
659 3154 891 3209 tantum
922 3150 983 3206 in
1014 3152 1251 3207 nomine
1283 3150 1383 3223 qui
1414 3151 1817 3207 hmreditatem
1840 3155 2054 3223 apatre

391 3240 656 3315 suscepit
686 3257 699 3296 :
726 3239 881 3296 sicut
910 3240 968 3295 in
1001 3239 1230 3313 psalmo
1262 3240 1547 3297 habetur:
1569 3263 1596 3289 ‹‹
1624 3240 1914 3296 Postulaa
1935 3257 2050 3308 me,

2164 656 2409 724 malum,
2448 678 2476 706 »
2508 655 2565 712 id
2598 660 2689 713 est
2714 656 2957 725 bellum,
2979 656 3068 712 vel
3086 656 3500 714 afﬂictionem:
3527 681 3558 709 α
3582 675 3701 732 πο
3720 660 3822 715 Do-

2164 744 2364 800 minus
2394 745 2616 801 faciens
2644 745 2842 802 omnia
2871 746 3013 802 haec.
3038 768 3067 795 »
3096 746 3228 802 Sive
3255 746 3433 803 etiam
3459 746 3663 803 lucem
3686 765 3822 821 pos-

2164 852 2374 891 sumus
2404 834 2727 907 intelligere
2759 834 3112 891 laxationem
3137 836 3573 908 captivitatis,et
3603 855 3716 910 per
3742 842 3823 892 te-

2162 924 2378 979 nebras
2405 924 2827 995 captivitatem,
2855 928 2913 979 et
2945 940 3048 996 per
3075 923 3298 981 malum
3327 924 3589 980 laborem
3618 943 3634 980 :
3671 927 3824 981 sicut

2162 1013 2225 1067 in
2256 1013 2567 1085 Evangelia
2605 1031 2618 1068 :
2654 1036 2681 1062 ‹‹
2717 1012 2983 1081 Sufficit,
3011 1012 3221 1085 inquit,
3271 1014 3387 1069 diei
3437 1014 3675 1070 malitia
3720 1034 3824 1070 sua

2166 1101 2371 1173 (Matth.
2404 1101 2506 1173 v1,)
2540 1125 2567 1151 ››
2601 1102 2657 1156 id
2690 1107 2780 1157 est
2810 1101 2975 1157 labor
3017 1119 3185 1158 suus.
3215 1102 3348 1158 Acsi
3388 1103 3621 1159 diceret
3654 1122 3670 1160 :
3706 1106 3821 1176 Ego

2166 1189 2453 1248 Dominus
2484 1191 2586 1263 qui
2618 1208 2721 1247 vos
2752 1189 2904 1247 male
2930 1195 3166 1263 agentes
3193 1196 3251 1247 et
3280 1208 3315 1247 a
3342 1208 3436 1248 me
3478 1194 3821 1249 recedentes

2166 1280 2227 1334 in
2277 1279 2670 1351 captivitatem
2718 1280 3076 1346 transmitte,
3109 1284 3166 1336 et
3196 1280 3412 1336 iterum
3461 1286 3822 1337 revertentes

2166 1369 2239 1423 ad
2272 1386 2365 1423 me
2397 1385 2543 1441 puro
2575 1369 2645 1424 de
2676 1369 2868 1437 corde,
2903 1369 3115 1425 reduco
3158 1369 3220 1424 in
3270 1369 3518 1442 patriam
3566 1371 3822 1443 proprie

2170 1456 2418 1514 telluris.

2242 1568 2271 1597 ‹‹
2303 1546 2532 1612 Itorate,
2565 1546 2717 1614 ccnli,
2749 1547 3019 1619 desuper,
3044 1550 3101 1603 et
3128 1546 3316 1603 nubes
3339 1546 3545 1619 pluant
3554 1549 3819 1619 justum,

2169 1634 2468 1706 aperiatur
2496 1639 2649 1691 terra
2678 1640 2737 1691 et
2764 1635 3056 1708 germinet
3084 1634 3466 1707 Salvatorem,
3495 1640 3551 1692 et
3580 1637 3822 1708 justitia

2168 1724 2394 1780 oriatur
2412 1723 2615 1779 simul.
2639 1747 2666 1775 η
2686 1726 2956 1797 Loquens
2977 1724 3250 1797 superius
3268 1740 3466 1781 sermo
3487 1724 3729 1793 divinus
3751 1727 3820 1782 de

2168 1810 2312 1884 Cyro
2343 1828 2476 1884 rege
2509 1812 2817 1868 Persarum
2840 1812 2941 1885 qui
2962 1811 3355 1884 captivitatem
3374 1811 3822 1886 relaxavit,qua—

2169 1900 2303 1957 liter
2330 1906 2465 1957 ante
2495 1900 2666 1974 longe
2695 1902 3040 1974 praedictum
3070 1900 3148 1959 sit
3174 1917 3209 1957 a
3236 1899 3479 1958 Domino
3507 1919 3524 1957 :
3558 1919 3722 1959 nunc
3751 1905 3817 1958 de

2168 1989 2418 2046 adventu
2449 1990 2684 2047 Domini
2713 1990 3030 2047 Salvatoris
3059 1994 3117 2047 et
3144 1994 3427 2063 conceptu
3447 1990 3608 2047 illius
3625 1991 3814 2064 loqui-

2168 2083 2267 2134 tur
2298 2096 2310 2135 :
2346 2079 2389 2135 Ο
2420 2079 2570 2147 coeli,
2605 2085 2795 2135 rorate
2824 2081 3098 2152 desuper,
3120 2079 3181 2137 id
3200 2084 3290 2136 est
3319 2095 3508 2135 rorem
3537 2081 3810 2136 emittite.

2169 2169 2277 2225 Per
2304 2171 2516 2226 coelum
2547 2171 2832 2226 debemus
2856 2170 3177 2243 intelligere
3200 2169 3436 2242 angelos
3455 2169 3812 2226 habitatores

2167 2257 2468 2329 caelorum,
2483 2264 2540 2315 et
2562 2259 2786 2331 positus
2807 2264 2897 2316 est
2917 2258 3162 2332 pluralis
3190 2275 3471 2315 numerus
3490 2276 3595 2331 pro
3616 2259 3807 2332 singw

2167 2346 2296 2404 lari.
2332 2348 2438 2403 Per
2465 2366 2656 2404 rorem
2689 2349 2865 2405 verba
2894 2348 3176 2421 angelica.
3209 2346 3359 2404 Dicit
3389 2348 3594 2405 beatus
3612 2350 3807 2422 Augu-

2168 2437 2362 2493 stinus
2386 2454 2399 2492 :
2424 2437 2633 2493 Veniat
2652 2436 2884 2493 Gabriel
2913 2436 3383 2511 archangelus,et
3396 2436 3622 2493 emittat
3639 2439 3807 2493 nobis

2167 2542 2381 2592 rorem,
2413 2525 2472 2580 id
2504 2530 2594 2582 est
2622 2525 2931 2583 annuntiet
2958 2525 3323 2583 nativitatem
3355 2524 3585 2581 Domini
3622 2525 3805 2582 salva-

2165 2613 2410 2684 toris,Et
2439 2616 2626 2671 nubes
2657 2615 2866 2688 pluant
2888 2613 3298 2687 justum.Quid
3322 2630 3424 2686 per
3444 2614 3625 2670 nubes
3647 2614 3808 2670 intel-

2166 2702 2345 2776 ligere
2375 2703 2681 2772 debemus,
2716 2703 2830 2761 nisi
2860 2703 3173 2777 prophetas
3202 2704 3302 2775 qui
3334 2703 3503 2760 nobis
3552 2702 3803 2776 pluviam

2166 2792 2487 2848 salutarem
2519 2793 2808 2849 dederunt
2837 2794 2993 2849 unde
3016 2792 3339 2866 irrigantur
3366 2793 3541 2849 corda
3582 2795 3800 2860 nostra,

2164 2882 2570 2938 annuntiando
2601 2882 2965 2939 nativitatem
2984 2882 3237 2950 Domini,
3258 2881 3803 2956 passionem,resur—

2166 2970 2504 3041 rectionem,
2538 2971 3060 3043 ascensionemque
3086 2971 3235 3041 ejus,
3261 2969 3677 3027 beatitudinem
3696 2971 3804 3025 ele-

2163 3064 2393 3115 ctorum
2423 3066 2480 3116 et
2508 3076 2740 3132 pcenam
2774 3059 3198 3132 reproborum?
3227 3060 3308 3116 De
3325 3059 3540 3132 quibus
3562 3062 3620 3115 et
3639 3074 3801 3131 supe-

2164 3149 2289 3205 rius
2318 3149 2523 3221 quinto
2555 3153 2612 3205 et
2638 3148 2886 3222 septimo
2907 3149 3096 3222 capite
3116 3148 3331 3205 dicitur
3351 3166 3366 3205 :
3391 3148 3675 3204 Mandabo
3694 3165 3799 3204 nu—

2163 3237 2359 3306 bibus,
2384 3254 2457 3293 ne
2487 3238 2696 3310 pluant
2717 3256 2895 3311 super
2914 3256 3014 3295 eos
3036 3238 3600 3294 imbrem.Ponamus
3624 3253 3797 3293 unam

391 3333 449 3386 et
477 3328 630 3386 dabo
661 3328 767 3386 tibi
797 3332 1000 3401 gentes
1042 3329 1444 3401 hzereditatcm
1495 3334 1660 3385 tuam
1690 3330 1863 3401 (Psal.
1897 3332 1985 3399 ιι).
2021 3352 2050 3381 ››
2082 3317 2124 3384 C
2163 3327 2383 3383 nubem
2412 3344 2482 3384 ex
2513 3326 2719 3383 multis
2750 3326 2963 3384 Isaiam
2994 3326 3358 3400 prophetam,
3388 3330 3446 3383 et
3473 3325 3795 3382 considere.

392 3417 463 3473 Et
492 3417 593 3489 qui
615 3420 831 3473 unctus
849 3421 940 3472 est
964 3415 1090 3472 oleo
1111 3416 1326 3472 laetitia:
1348 3434 1463 3489 prae
1490 3417 1879 3489 participibus
1902 3418 2048 3475 suis.

390 3505 728 3583 Assimilavi
759 3510 815 3560 te
845 3504 1078 3577 (inquit)
1112 3505 1172 3560 in
1203 3506 1440 3561 nomine
1474 3505 1618 3561 Filio
1663 3523 1814 3574 meo,
1846 3512 1905 3562 et
1936 3525 2050 3563 non

394 3593 718 3666 cognovisti
746 3610 839 3649 me
871 3610 999 3649 0880
1026 3611 1228 3649 verum
1279 3598 1479 3661 Deum,
1515 3593 1615 3666 qui
1648 3598 1704 3649 te
1734 3594 1842 3649 feci
1872 3594 2048 3651 victo-

391 3698 515 3739 rem
571 3681 897 3737 multarum
943 3681 1209 3755 gentium
1246 3700 1259 3738 :
1296 3684 1396 3738 sed
1448 3682 1703 3739 adorasti
1736 3682 1891 3739 idola
1921 3702 2047 3757 quae

387 3769 494 3826 tibi
528 3768 611 3826 nil
642 3771 1012 3844 proluerunt.

461 3882 489 3912 ‹‹
520 3860 640 3933 Ego
675 3859 975 3932 Dominus,
999 3864 1193 3917 etnon
1226 3865 1314 3917 est
1344 3860 1601 3934 amplius
1627 3885 1654 3911 »
1681 3867 1828 3917 Deus
1850 3880 2042 3934 verus,

383 3971 411 3999 «
446 3951 609 4008 extra
637 3965 731 4005 me
765 3966 880 4004 non
911 3953 1001 4005 est
1034 3952 1207 4006 Deus.
1246 3973 1274 3999 ››
1306 3951 1432 4006 Non
1463 3950 1721 4007 excludit
1768 3950 1976 4007 Filium
2011 3969 2046 4009 a

381 4054 445 4097 se
476 4055 668 4111 neque
700 4036 987 4111 Spiritum
1036 4043 1332 4107 sanctum,
1367 4057 1502 4095 cum
1552 4039 1695 4095 dicit
1741 4044 1902 4095 extra
1952 4058 2044 4097 me

381 4122 497 4185 non
527 4131 617 4184 est
645 4127 820 4196 Deus,
853 4128 991 4200 quia
1024 4128 1191 4185 Pater
1219 4146 1355 4185 cum
1385 4129 1527 4184 Filio
1557 4132 1614 4185 et
1646 4129 1867 4201 Spiritu
1904 4148 2040 4186 san-

379 4220 472 4275 cto
499 4234 657 4274 unus
685 4220 775 4273 est
794 4217 971 4288 Deus,
995 4218 1151 4274 sicut
1171 4217 1432 4291 loquitur
1461 4217 1588 4291 ipse
1620 4218 1804 4275 Filius
1828 4236 1841 4274 :
1869 4242 1895 4269 ‹‹
1922 4221 2040 4292 Ego

376 4304 439 4362 in
469 4306 637 4364 Patre
665 4310 722 4364 et
752 4306 923 4362 Pater
950 4306 1010 4362 in
1061 4323 1155 4361 me
1204 4312 1313 4363 est.
1352 4331 1378 4357 ››
1411 4308 1501 4373 Et,
1537 4330 1564 4358 α
1598 4308 1716 4379 Ego
1765 4313 1822 4363 et
1872 4309 2041 4364 Pater

377 4412 567 4455 unum
598 4411 809 4453 sumus
842 4395 1017 4467 (Joan.
1041 4413 1157 4461 xw,
1182 4399 1260 4465 χ).
1290 4420 1310 4446 υ
1350 4420 1377 4447 ‹‹
1412 4396 1647 4452 Accinxi
1678 4400 1733 4451 te
1768 4419 1795 4446 »
1826 4397 2041 4455 virtute

377 4487 444 4542 ut
472 4484 809 4558 acquireres
839 4484 946 4539 tibi
978 4501 1178 4557 regna,
1215 4507 1241 4535 ‹‹
1276 4490 1333 4540 et
1365 4502 1480 4541 non
1509 4485 1832 4558 cognovisti
1866 4504 1979 4554 me,
2007 4510 2035 4536 ››

375 4572 549 4631 sicuti
582 4574 1027 4648 cognoscendus
1056 4591 1237 4630 eram.
1276 4574 1526 4646 Ideoque
1577 4573 1800 4630 accinxi
1832 4580 1888 4630 te
1916 4576 2034 4631 vir-

374 4666 497 4720 tute
525 4666 583 4719 et
613 4662 744 4719 dedi
777 4661 1029 4736 gloriam
1061 4680 1395 4735 regnorum.

445 4774 474 4802 ‹‹
507 4750 582 4808 Ut
608 4768 714 4825 per
743 4756 798 4807 te
831 4751 1021 4807 sciant
1052 4751 1152 4824 qui
1173 4753 1245 4807 ab
1270 4756 1401 4807 ortu
1426 4752 1567 4808 solis
1591 4756 1811 4821 sunt,et
1832 4754 1931 4825 qui
1956 4755 2030 4810 ab

369 4840 694 4909 occidente,
726 4840 1008 4913 quoniam
1058 4842 1280 4913 absque
1320 4859 1413 4897 me
1444 4859 1557 4896 non
1591 4847 1679 4897 est
1709 4848 1881 4897 Deus.
1916 4844 2033 4915 Ego

368 4930 678 4998 Dominus,
711 4934 769 4986 et
802 4948 917 4986 non
951 4934 1041 4985 est
1084 4929 1249 4986 alter.
1288 4954 1315 4979 ››
1349 4930 1591 5004 Legitur
1638 4931 1695 4986 in
1736 4930 2032 4988 volumine

368 5018 501 5079 libri
534 5021 731 5076 Esdraa
765 5018 1074 5091 scripsisse
1104 5019 1318 5092 Cyrum
1351 5021 1421 5075 ad
1456 5038 1662 5076 omnes
1684 5026 2032 5093 gentes,non

366 5124 496 5167 esse
527 5108 713 5166 alium
746 5109 930 5164 Deum
956 5113 1164 5180 praster
1185 5109 1502 5164 Dominum
1524 5109 1708 5165 Deum
1725 5109 2032 5165 Israel.Vel

364 5193 544 5252 etiam
579 5195 660 5251 ita
690 5194 1141 5268 intelligendum
1175 5201 1354 5265 est,ut
1385 5215 1453 5253 ex
1485 5197 1845 5267 captivorum
1872 5197 2030 5253 laxa-

365 5282 523 5341 tione
550 5283 652 5340 Dei
683 5284 1105 5357 omnipotentis
1135 5285 1450 5342 clementia
1480 5286 1671 5341 notior
1710 5287 1940 5342 cunctis
1969 5287 2029 5343 in

366 5371 601 5445 populis
631 5373 783 5431 facta
812 5374 1078 5429 est.Dieit
1105 5374 1401 5448 Josephus
1433 5376 1493 5430 in
1516 5377 1754 5431 Historia
1776 5376 2030 5448 Antiqui-

368 5458 559 5529 latum,
594 5462 811 5520 idcirco
860 5462 1175 5520 dimissum
1226 5482 1353 5520 esse
1402 5464 1686 5537 populum
1719 5482 1753 5520 a
1793 5465 2026 5521 vinculo

365 5548 739 5621 captivitatis,
774 5551 916 5624 quia
947 5550 1088 5624 legit
1116 5552 1214 5609 ille
1259 5554 1318 5608 in
1371 5553 1521 5610 libro
1573 5553 1734 5610 Isaia:
1782 5571 1851 5610 ea
1896 5571 2024 5626 qua:

367 5631 652 5713 Dominus
684 5657 788 5715 per
810 5638 1026 5696 Isaiam
1057 5642 1404 5715 prophetam
1436 5643 1506 5698 de
1534 5641 1634 5698 illo
1652 5642 2019 5713 praedixerat.

395 5788 413 5798 υ
437 5740 467 5768 ‹‹
500 5721 781 5785 Formans
812 5726 1027 5805 lucem,
1057 5751 1085 5778 »
1116 5729 1175 5787 id
1205 5732 1296 5786 est
1325 5729 1506 5801 diem,
1535 5754 1563 5782 ‹‹
1600 5746 1806 5787 creans
1849 5734 2017 5789 tene-

2164 3434 2299 3473 mus
2331 3417 2474 3489 quid
2507 3417 2677 3474 nobis
2707 3416 3014 3489 protulerit
3035 3434 3049 3474 ε
3072 3418 3216 3473 Ecce
3237 3415 3471 3488 (inquit)
3491 3414 3651 3488 virgo
3669 3432 3799 3471 con-

2159 3506 2336 3579 cipiet
2362 3510 2421 3562 et
2448 3506 2633 3579 pariet
2664 3505 2936 3577 filium,et
2953 3506 3258 3563 vocabitur
3284 3521 3493 3561 nomen
3514 3505 3643 3576 ejus
3666 3504 3796 3560 Em-

2160 3594 2497 3652 manuel.Et
2525 3594 2670 3650 illud
2695 3612 2708 3653 :
2734 3594 2949 3652 Emitte
2969 3592 3797 3669 agnum,Domine,dominato—

2158 3701 2282 3740 rem
2311 3689 2499 3753 terrae,
2533 3684 2604 3741 de
2634 3684 2802 3741 Petra
2833 3683 3048 3742 deserti
3076 3684 3149 3741 ad
3181 3686 3437 3741 montem
3467 3681 3595 3738 ﬁliis
3638 3681 3790 3738 Sion.

2155 3774 2300 3830 Ecce
2330 3773 2529 3846 pluvia
2558 3773 2857 3846 salutaris,
2888 3790 3009 3845 qua
3036 3772 3355 3847 irrigantur
3381 3772 3554 3829 corda
3601 3778 3794 3828 nostra

2155 3861 2228 3917 ad
2256 3860 2699 3935 intelligendam
2731 3859 3094 3918 nativitatem
3145 3858 3329 3917 nostri
3375 3858 3788 3930 Redemptoris.

2153 3950 2434 4022 Sequitur
2465 3966 2478 4006 :
2511 3949 2823 4022 Aperiatur
2846 3953 3002 4006 terra
3030 3953 3087 4006 et
3116 3948 3402 4022 germinet
3421 3946 3789 4005 Salvatorem.

2152 4039 2395 4094 Terram
2413 4038 2670 4111 appellat
2686 4038 3090 4096 beatissimam
3100 4037 3385 4111 virginem
3396 4035 3787 4108 Mariam,qna

2151 4126 2503 4200 germinavit
2533 4127 2851 4183 Dominum
2882 4126 3262 4187 Salvatorsm.
3282 4124 3590 4198 Aperiatur
3616 4129 3783 4192 terra,

2150 4215 2259 4272 hoc
2289 4220 2379 4273 est
2397 4234 2496 4272 cor
2515 4216 2775 4289 Virginis
2796 4216 2869 4273 ad
2892 4215 3422 4275 credendum.Nam
3444 4229 3577 4271 cum
3596 4215 3667 4270 ab
3688 4230 3783 4269 an-

2149 4302 2278 4378 gelo
2309 4305 2575 4362 audisset
2603 4307 2757 4376 (Luc.
2781 4308 2820 4376 ι)
2847 4322 2861 4361 :
2886 4328 2913 4356 ‹‹
2938 4321 3072 4363 ecce
3099 4304 3392 4377 concipias
3421 4310 3478 4360 et
3506 4303 3695 4376 paries
3721 4302 3781 4357 ti-

2148 4393 2351 4450 liumm
2377 4394 2560 4451 dixit:
2592 4418 2620 4447 ‹‹
2643 4395 2945 4463 Quomodo
2976 4394 3036 4450 in
3069 4410 3163 4452 me
3193 4395 3293 4452 fiet
3321 4392 3778 4464 istud,quoniam

2145 4482 2336 4543 virum
2367 4501 2483 4540 non
2514 4484 2874 4556 cognosco?»
2894 4483 3275 4558 Etangelusm
3304 4480 3775 4555 Spiritus,inquit,

2146 4577 2388 4629 sanctus
2419 4573 2790 4646 superveniet
2817 4573 2878 4630 in
2908 4577 3051 4643 te,et
3070 4574 3255 4630 virtus
3282 4569 3564 4630 Altissimi
3590 4569 3779 4627 obum-

2065 4662 2340 4785 Itbrabit
2370 4662 2535 4718 tibi.»
2562 4664 2688 4719 Haec
2709 4680 2845 4719 cum
2867 4663 3424 4737 audisset,apertum
3441 4664 3530 4717 est
3544 4676 3641 4715 cor
3657 4659 3777 4731 ejus

2142 4752 2210 4785 ,ιιι
2238 4752 2593 4785 nnnAnnAnm
2625 4757 2679 4785 nt
2706 4753 2781 4785 ..ει
2807 4769 2819 4781 .
2848 4775 2875 4785 η
2900 4753 3044 4785 Dona
3067 4750 3271 4785 ηηηςιιη
3300 4749 3523 4785 homini
3555 4749 3647 4785 Ωςιι
3675 4747 3774 4785 mi-

2141 4752 2214 4807 ad
2238 4752 2683 4821 credendum,et
2703 4753 2820 4809 ait:
2847 4775 2875 4805 ‹‹
2900 4753 3045 4809 Εο00
3064 4750 3277 4808 ancilla
3300 4749 3653 4820 Domini,ﬁat
3675 4747 3774 4804 mi-

2144 4840 2203 4895 hi
2234 4841 2563 4896 secundum
2594 4842 2837 4897 verbum
2867 4846 3098 4899 tuum.»
3125 4842 3196 4897 Et
3223 4838 3509 4913 germinet
3531 4836 3772 4893 Salvato~

2142 4931 2469 4986 rem.Jesus
2486 4930 2905 5002 interpretatur
2925 4930 3471 5001 Salvator.thuare
3492 4925 3771 4983 Salvator?

2143 5019 2283 5091 quia
2311 5018 2435 5090 ipse
2467 5020 2694 5075 salvum
2730 5020 2902 5075 faciet
2939 5018 3224 5092 populum
3271 5035 3445 5075 suum
3477 5033 3511 5072 a
3534 5014 3769 5089 peccatis

2141 5110 2443 5164 eorum.Et
2472 5108 2587 5165 tale
2617 5114 2705 5165 est
2731 5111 2885 5181 quod
2919 5108 3078 5177 dicit,
3093 5107 3382 5181 germinet
3409 5104 3764 5171 Salvatorem,

2141 5197 2310 5269 quasi
2343 5197 2561 5254 diceret
2589 5198 2918 5254 Jesum.Sic
2950 5197 3107 5254 enim
3139 5197 3285 5253 dixit
3312 5194 3584 5268 angelos:
3608 5216 3635 5243 «
3669 5193 3765 5247 νο.

2138 5287 2371 5342 cahitur
2390 5304 2601 5343 nomen
2624 5290 2753 5361 ejus
2775 5288 2949 5345 Jesus
2970 5287 3278 5360 (Mauh.1).»
3303 5288 3371 5341 Et
3384 5283 3614 5356 justitia
3630 5282 3764 5339 oria-

2137 5379 2235 5431 tur
2263 5376 2600 5449 simul.lpse
2632 5382 2721 5432 est
2741 5375 3116 5449 justus,quia
3146 5379 3449 5448 peccatum
3480 5388 3597 5429 non
3622 5372 3763 5437 fecit,

2135 5481 2242 5520 nec
2274 5464 2446 5522 dolus
2475 5464 2748 5521 inventus
2779 5471 2869 5523 est
2898 5467 2958 5521 in
2984 5480 3082 5522 ore
3101 5465 3394 5537 ejus.Ipse
3414 5467 3502 5519 est
3511 5460 3761 5534 justitia:

2135 5554 2277 5627 quia
2296 5554 2421 5626 ipso
2434 5554 2727 5627 justificat
2744 5556 3048 5613 credentes
3064 5554 3123 5610 in
3142 5560 3308 5611 se.De
3324 5569 3436 5625 quo
3454 5557 3510 5607 et
3527 5551 3728 5606 dicitur
3746 5567 3761 5604 :

2134 5643 2393 5699 «Justus
2415 5648 2613 5701 autem
2636 5661 2804 5701 meus
2826 5661 2895 5701 ex
2914 5645 3029 5700 fide
3049 5642 3188 5700 vivit
3208 5643 3483 5715 (Rom.i).»
3500 5664 3527 5691 ι(
3542 5640 3658 5713 Ego
3678 5644 3766 5696 Do-

2130 5733 2384 5802 minus,»
2410 5734 2697 5794 subaudis
2728 5734 2918 5806 Pater,
2942 5757 2970 5787 ‹‹
2997 5733 3186 5792 creavi
3207 5749 3364 5791 eum.
3390 5753 3418 5782 »
3438 5729 3763 5795 Secundum
