3956 6386
178 463 305 527 949

1244 466 1656 530 COMMENT.
1700 467 1779 533 IN
1823 463 2125 530 ISAIAM.
2153 500 2234 512 —
2262 468 2409 530 LIB.
2455 469 2534 531 II.

3478 473 3596 538 950

179 599 428 672 Egypto
464 618 492 647 «
523 596 760 670 prmdixi
794 596 938 654 illud
980 621 1006 648 ››
1057 600 1212 672 quod
1262 600 1483 656 idolum
1535 598 1681 655 nihil
1734 598 1830 653 sit.
1862 596 1918 666 Α
1948 616 2060 655 nus
2096 617 2106 655 :
2143 624 2169 649 ‹‹
2204 600 2455 656 Videant
2498 618 2671 674 opera
2717 606 2911 658 vestra
2958 602 3132 672 bona,
3166 608 3225 660 et
3267 602 3599 677 glorificent

180 711 213 739 ‹‹
247 686 526 759 Nunquid
559 703 674 742 non
706 703 811 759 ego
839 686 1221 758 Dominus,et
1251 706 1365 744 non
1390 694 1479 744 est
1510 689 1663 744 ultra
1684 689 1838 744 Deus

180 777 409 849 absque
440 776 574 831 me?
607 780 758 831 Deus
780 776 985 847 justus
1008 781 1065 831 et
1094 776 1328 832 salvans
1360 795 1477 832 non
1509 782 1599 831 est
1630 782 1839 849 praeter

180 882 301 922 me.
336 888 364 915 ››
398 865 462 921 In
495 864 662 920 Patre
692 868 781 920 est
811 864 1015 933 Filius,
1051 868 1108 921 et
1138 865 1197 920 in
1233 865 1375 922 Filio
1411 866 1695 921 subaudis
1729 866 1839 921 Pa-

178 959 294 1010 ter.

259 1065 287 1093 «
315 1041 731 1099 Convertimini
761 1043 835 1098 ad
868 1060 979 1112 me,
1005 1047 1063 1098 et
1092 1042 1237 1098 salvi
1270 1043 1672 1110 eritis,omnes
1694 1045 1838 1098 lines

1950 688 2177 744 Patrem
2208 694 2489 758 vestrum,
2524 690 2623 762 qui
2671 695 2760 746 est
2789 689 2847 746 in
2902 691 3064 747 oculis
3116 691 3322 761 (Matth.
3355 693 3433 766 v).
3471 717 3498 744 »
3529 696 3600 752 Et

1949 776 2265 832 Psalmista
2300 796 2313 833 :
2352 778 2670 833 Lmtabitur
2692 780 2897 849 justus
2928 779 2985 834 in
3017 780 3265 836 Domino
3313 784 3371 836 et
3400 798 3598 855 spera-

1948 864 2033 919 bit
2066 865 2122 919 in
2150 883 2239 931 eo,
2270 871 2326 921 et
2357 866 2755 922 laudabuntur
2780 885 2984 923 omnes
3030 868 3168 926 recti
3221 869 3394 926 corde
3424 869 3595 944 (Psal.

1950 955 2125 1022 LXI").

2544 1080 2779 1134 CAPUT
2810 1080 2999 1135 XLVI.

177 1136 373 1187 terrae.
407 1153 436 1182 υ
471 1131 887 1187 Convertimini
921 1133 993 1187 ad
1041 1132 1216 1187 fidem
1263 1150 1453 1187 meam
1487 1133 1559 1187 ab
1594 1132 1837 1187 idolola-
1938 1201 1942 1204 ,

177 1221 316 1288 tria,
350 1237 555 1277 omnes
585 1224 810 1292 gentes,
842 1224 900 1276 et
929 1219 1164 1277 salvabo
1193 1238 1296 1276 vos
1326 1222 1398 1276 ab
1445 1221 1683 1276 interitu
1735 1239 1837 1293 ge-

178 1310 415 1365 hennze.
450 1309 670 1381 Impleo
702 1308 874 1379 illud,
905 1310 1061 1382 quod
1096 1309 1262 1364 Pater
1310 1309 1454 1365 Filio
1506 1310 1840 1381 repromisit

178 1397 387 1453 dicens
419 1414 433 1452 :
470 1420 498 1448 «
531 1397 770 1454 Postula
797 1414 831 1453 a
859 1414 972 1466 me,
998 1402 1054 1453 et
1084 1397 1235 1452 dabo
1268 1397 1370 1452 tibi
1405 1403 1607 1469 gentes
1657 1399 1863 1453 biero"

178 1487 433 1542 ditatem
495 1490 681 1553 tuam,
734 1490 793 1541 et
848 1486 1281 1558 possessionem
1340 1492 1504 1542 tuam
1556 1488 1838 1542 terminos

177 1581 353 1632 terra:
386 1576 559 1645 (Psal.
593 1578 678 1644 ιι).
713 1598 741 1626 ››
772 1575 1016 1631 Addidit
1046 1576 1118 1630 de
1148 1576 1466 1647 semetipso
1501 1594 1513 1631 :

256 1688 285 1714 ‹‹
313 1663 514 1721 Juravi
547 1686 575 1715 ››
607 1681 713 1737 ego
746 1664 901 1719 Deus
944 1664 1130 1734 Pater,
1164 1665 1451 1720 subaudis
1502 1666 1655 1736 quod
1704 1683 1836 1721 sen-

179 1752 372 1810 tentia
396 1752 514 1809 oris
535 1752 649 1808 mei
680 1756 739 1808 et
756 1753 1001 1807 verbum
1033 1753 1188 1824 quod
1216 1753 1393 1808 semel
1416 1753 1630 1825 protuli
1661 1754 1731 1808 de
1754 1772 1839 1809 sa-

178 1841 306 1898 lute
335 1841 622 1915 gentium,
656 1857 1033 1913 nequaquam
1068 1841 1300 1895 irritum
1335 1842 1434 1896 {iet
1466 1858 1478 1895 :
1514 1842 1614 1896 sed
1666 1860 1838 1914 opere

176 1930 546 2004 implebitur.
572 1929 696 1985 Non
728 1929 1012 1985 debemus
1044 1934 1248 2002 putare
1280 1930 1432 2002 quod
1466 1931 1836 2004 omnipotens

177 2020 342 2077 Deus
362 2019 527 2090 juret
556 2035 659 2091 per
689 2017 922 2088 aliquod
947 2019 1386 2089 juramcntum:
1408 2020 1507 2073 sed
1531 2020 1733 2091 jurare
1756 2020 1838 2075 di-

178 2106 513 2180 citur,quia
541 2124 733 2163 sermo
762 2106 925 2163 illius
954 2107 1335 2162 firmissimus
1359 2112 1417 2163 et
1450 2108 1837 2165 immutabilis

180 2202 293 2254 est.
328 2221 356 2247 «
392 2196 737 2268 Egredietur
783 2196 855 2252 de
904 2213 1003 2252 ore
1053 2213 1182 2252 meo
1226 2197 1475 2269 justitize
1503 2198 1768 2263 verbum,
1808 2222 1833 2247 ››

178 2287 295 2343 hoc
326 2289 417 2342 est
446 2284 627 2341 Filius
655 2302 822 2340 meus
853 2284 1276 2352 incarnabitur,
1312 2286 1411 2357 qui
1460 2290 1549 2341 est
1578 2286 1834 2343 Verbum

180 2373 509 2444 meum,vel
539 2373 717 2430 etiam
747 2372 1039 2429 sententia
1058 2374 1503 2445 justiﬁcationis
1533 2391 1636 2446 per
1656 2393 1834 2447 quam

173 2463 574 2537 justiticanda:
623 2464 764 2519 sunt
812 2467 1038 2534 gentes,
1070 2483 1097 2511 ‹‹
1129 2466 1186 2517 et
1230 2480 1344 2517 non
1397 2467 1716 2519 revertetur
1762 2465 1834 2520 ad

181 2570 279 2608 me
314 2574 342 2600 ››
376 2550 557 2608 Filius
590 2552 758 2606 meus
789 2567 925 2606 cum
958 2556 1266 2623 assumpta
1304 2569 1497 2615 carne,
1530 2553 1713 2608 donec
1743 2571 1837 2608 re-

181 2642 374 2698 dimat
391 2657 578 2713 genus
609 2640 962 2695 humanum.
976 2639 1077 2695 Vel
1097 2656 1289 2695 sermo
1306 2645 1363 2695 et
1393 2641 1683 2695 sententia
1702 2659 1839 2713 prm-

181 2728 496 2787 dicationis
528 2746 643 2783 non
668 2732 986 2784 revertetur
1002 2729 1073 2783 ad
1106 2746 1197 2783 me
1231 2730 1356 2784 sine
1387 2730 1837 2797 fructu.Quare?

256 2818 407 2885 Quia
436 2817 583 2873 mihi
633 2818 959 2873 curvabth
1005 2834 1159 2889 genu
1209 2817 1427 2884 omnia,
1470 2841 1496 2867 ››
1550 2820 1836 2875 subaudis

181 2924 400 2983 genera
438 2905 771 2971 hominum,
805 2922 933 2977 qua:
985 2909 1156 2960 antea
1195 2904 1654 2961 incurvabantur
1701 2912 1836 2962 ante

182 2996 344 3054 idola
373 3014 386 3052 :
423 3000 479 3052 ct
509 3013 623 3051 non
658 2993 847 3051 solum
880 3011 1072 3067 genua
1101 2995 1382 3067 corporis,
1417 2996 1515 3051 sed
1566 2995 1835 3052 voluntas

182 3085 427 3150 mentis,

255 3176 337 3231 De
368 3174 478 3229 hoc
509 3172 651 3228 dicit
682 3170 1009 3243 apostolus:
1047 3195 1073 3221 ‹‹
1109 3171 1172 3227 In
1204 3172 1440 3227 nomine
1464 3173 1693 3228 Domini
1715 3190 1833 3228 om-

185 3282 258 3321 ne
290 3279 446 3337 genu
478 3262 747 3317 ﬂectatur
774 3260 1004 3332 (Philip.
1037 3260 1119 3333 ιι),
1156 3283 1184 3309 ››
1235 3265 1343 3316 etc.
1379 3283 1406 3311 «
1435 3262 1504 3316 Et
1543 3262 1771 3332 jurabit
1802 3284 1828 3311 ››

2020 1244 2044 1267 ‹‹
2080 1219 2376 1275 Conﬂatus
2411 1222 2787 1289 (confractus)
2818 1226 2907 1277 est
2937 1222 3099 1289 Bel,»
3132 1223 3187 1279 id
3222 1229 3311 1280 est
3342 1225 3400 1280 in
3424 1243 3597 1299 pecu-

1949 1309 2057 1362 nia:
2092 1310 2343 1379 pretium
2380 1311 2647 1364 redactus
2678 1311 3145 1367 est.«Contritus
3176 1318 3263 1368 est
3289 1315 3537 1370 Naboth.
3564 1338 3592 1364 ›ι

1950 1397 2083 1451 Post
2116 1398 2474 1451 vocationem
2507 1399 2794 1467 gentium,
2821 1398 3017 1453 statim
3051 1401 3431 1474 subjungitur
3460 1403 3597 1459 sub-

1946 1484 2135 1539 versio
2167 1485 2477 1540 idolorum.
2506 1485 2598 1541 Bel
2630 1486 2747 1540 sive
2780 1487 3068 1541 Saturnus
3100 1488 3323 1544 idolum
3353 1490 3463 1545 fuit
3491 1492 3597 1547 Ba-

1949 1573 2316 1645 byloniorum
2350 1574 2959 1646 primum.I’osteaque
2981 1576 3052 1630 ab
3082 1575 3198 1631 illis
3220 1583 3602 1651 sumpserunt

1948 1667 2005 1716 et
2034 1662 2159 1716 alim
2205 1668 2429 1734 gentes.
2465 1663 2666 1718 Dictus
2697 1668 2787 1717 est
2817 1668 3015 1718 autem
3048 1664 3166 1731 Bel,
3203 1683 3237 1721 a
3268 1666 3401 1723 Belo
3430 1671 3594 1740 patre

1946 1750 2085 1804 vini.
2119 1752 2407 1822 Tantique
2439 1751 2676 1806 honoris
2710 1756 2767 1806 et
2799 1751 3095 1823 religionis
3136 1754 3247 1809 fuit
3292 1756 3447 1827 apud
3497 1773 3597 1812 ve-

1948 1842 2192 1902 teres,ut
2221 1838 2271 1893 ei
2305 1857 2418 1893 non
2454 1839 2642 1894 solum
2669 1839 2958 1895 humanas
2991 1840 3213 1897 hostias
3232 1844 3593 1915 captivorum

1946 1926 2547 1998 ignobiliumque,sed
2582 1928 2821 1998 insuper
2851 1945 2990 1983 suos
3016 1928 3167 1984 ﬁlios
3197 1929 3591 1988 immolarent.

1945 2015 2173 2069 Naboth
2207 2020 2263 2070 et
2295 2016 2489 2086 ipsum
2520 2016 2743 2070 idolum
2776 2018 2992 2083 cst,sed
3013 2034 3125 2072 non
3144 2023 3232 2073 est
3253 2018 3312 2074 in
3332 2018 3444 2076 isto
3465 2020 3592 2077 loco

1946 2104 2201 2175 positum
2235 2121 2336 2175 pro
2360 2104 2643 2171 idolo,sed
2678 2122 2780 2176 pro
2803 2105 3281 2177 interpretatione
3301 2108 3595 2165 suinomi—

1946 2192 2059 2247 nis.
2097 2192 2520 2264 Interpretatur
2547 2194 2703 2247 enim
2734 2194 3017 2264 proiihetia
3059 2195 3175 2250 sive
3202 2196 3491 2254 divinatio.
3523 2199 3595 2254 Et

1946 2282 2270 2335 notandum
2303 2281 2443 2353 quia
2473 2298 2606 2335 cum
2640 2281 2786 2335 dixit
2815 2283 3102 2337 conflatus
3141 2288 3230 2338 est
3260 2284 3378 2353 Bel,
3410 2286 3591 2358 proti-

1947 2386 2059 2423 nus
2088 2370 2411 2441 subjunxit,
2446 2370 2734 2425 contritus
2760 2374 2848 2425 est
2876 2370 3101 2426 Naboth
3137 2388 3149 2426 :
3175 2389 3209 2427 a
3239 2373 3595 2445 specietran-

1947 2456 2081 2512 sivit
2110 2458 2178 2512 ad
2214 2475 2423 2529 genus,
2451 2458 2793 2529 signiﬁcans
2826 2458 2967 2530 quia
3010 2464 3143 2531 post
3190 2461 3593 2518 ascensionem

1946 2546 2179 2601 Domini
2212 2547 2730 2618 apostolorumque
2762 2548 3255 2618 praedicationem,
3282 2566 3429 2621 pene
3460 2550 3597 2606 uni-

1945 2652 2112 2689 versa
2144 2634 2299 2689 idola
2330 2636 2581 2689 conﬂata
2612 2640 2749 2689 sunt
2780 2640 2834 2689 et
2866 2637 3099 2690 redacta
3129 2637 3199 2691 ad
3233 2637 3505 2707 nihilum,
3541 2643 3599 2695 et

1947 2723 2141 2778 cultus
2172 2740 2237 2778 ac
2263 2722 2463 2795 religio
2480 2740 2681 2777 eorum
2709 2724 3151 2794 insuperomnis
3169 2726 3598 2797 prophetiadae-

1945 2828 2188 2866 monum
2221 2815 2278 2866 et
2308 2810 2589 2865 divinatio
2623 2828 2930 2883 magorum
2963 2812 3272 2867 hominum
3323 2814 3591 2869 cessavit.

1947 2921 1977 2951 ‹‹
2008 2901 2178 2955 Facta
2210 2903 2348 2953 sunt
2380 2898 2694 2953 simulacra
2727 2917 2996 2964 eorum,»
3021 2900 3304 2955 subaudis
3325 2902 3590 2971 deorum,

1945 3011 1970 3036 ‹‹
2007 2987 2212 3042 bestiis
2244 2991 2300 3041 et
2322 2987 2668 3057 jumentis,»
2702 2987 2756 3041 id
2790 2992 2881 3041 est
2913 2992 2977 3041 ut
3007 2989 3476 3045 adorarenturab
3493 2989 3593 3045 bo-

1943 3075 2394 3140 minibus,more
2410 3075 2733 3129 bestiarum
2751 3079 2807 3129 et
2812 3077 2837 3145 j
2848 3079 3218 3131 umentorum
3230 3077 3584 3135 viventibus.

1943 3186 1971 3214 «
2008 3164 2190 3218 Homo
2222 3162 2378 3217 enim
2411 3162 2585 3229 (sicut
2616 3162 2757 3217 dicit
2788 3162 3117 3231 Psalmista)
3140 3162 3352 3219 cumin
3370 3165 3591 3223 honore

1942 3256 2096 3307 esset
2125 3268 2240 3306 non
2276 3250 2579 3317 intellexit,
2613 3255 2986 3322 comparatus
3016 3256 3106 3307 est
3126 3252 3416 3323 jumentis
3454 3254 3593 3311 insi-

182 3330 399 3423 inquit,
436 3373 463 3400 «
499 3348 692 3406 omnis
741 3330 964 3421 lingua,
1002 3370 1027 3396 ››
1061 3330 1345 3403 subaudis
1389 3330 1561 3403 mihi:
1610 3349 1671 3404 In
1721 3349 1831 3404 hoc
1862 3330 1905 3396 C
1945 3340 2242 3413 pientibus
2272 3342 2443 3408 (Ρςαι.
2476 3358 2649 3395 XLVIII
2679 3349 2730 3396 et
2758 3344 3002 3409 cxxxw),
3038 3363 3067 3390 »
3118 3346 3175 3397 et
3221 3341 3466 3415 reliqua.
3521 3345 3594 3401 Et

180 3440 310 3496 loco
339 3438 593 3494 maxime
624 3437 766 3493 fides
798 3437 1062 3509 gentium
1094 3437 1585 3501 ostenditur.Non
1617 3436 1833 3493 idcirco

181 3545 378 3585 sermo
409 3527 643 3583 divinus
673 3524 787 3580 ista
814 3525 1096 3596 loquitur,
1130 3526 1288 3597 quod
1312 3526 1515 3597 jurare
1546 3543 1651 3581 nos
1683 3543 1833 3597 prae-

180 3617 367 3690 cipiat
398 3634 411 3671 :
447 3616 549 3671 sed
582 3614 774 3669 omnis
803 3631 995 3670 sermo
1025 3613 1489 3669 Christianorum
1516 3616 1721 3670 firmus
1742 3616 1837 3670 de-

182 3707 284 3762 bet
313 3722 464 3770 esse,
498 3702 668 3775 quasi
700 3702 812 3759 sub
836 3703 1174 3775 juramento
1210 3718 1223 3756 :
1258 3707 1322 3757 ut
1352 3702 1453 3774 qui
1498 3703 1652 3759 filios
1681 3704 1833 3759 veri-

181 3793 325 3858 tatis
355 3810 418 3847 se
447 3792 801 3848 conﬁtentur
829 3807 978 3860 esse,
1012 3790 1315 3846 veritatem
1347 3807 1416 3846 ex
1447 3793 1619 3847 corde
1650 3797 1708 3847 et
1738 3809 1835 3848 ore

184 3882 504 3955 proferant.

258 3992 287 4020 ‹‹
320 3970 470 4041 Ergo
519 3967 580 4023 in
619 3967 866 4024 Domino
902 3985 915 4023 :
951 3967 1097 4022 dixit
1142 3966 1398 4039 populus
1444 3968 1833 4036 Christianus,

186 4083 214 4109 α
249 4059 389 4114 Meae
420 4060 559 4114 sunt
580 4056 826 4128 justitia:
857 4079 885 4107 ››
920 4055 1066 4128 legis
1097 4060 1155 4110 et
1184 4055 1590 4128 Evangeliizac
1615 4056 1835 4128 baptis-

180 4164 317 4202 mus
347 4150 406 4200 et
434 4144 624 4218 gratia
648 4144 836 4200 sancti
869 4143 1145 4215 Spiritus,
1185 4161 1300 4198 non
1352 4142 1566 4215 p0pulo
1605 4144 1834 4199 Judzeo-

179 4252 340 4302 rum,
377 4256 405 4285 ‹‹
441 4238 498 4289 et
530 4233 867 4305 imperium,
904 4255 931 4281 »
965 4231 1253 4288 subaunis
1302 4248 1407 4303 ego
1455 4231 1690 4287 obtineo
1736 4250 1838 4303 per

180 4323 527 4380 universum
560 4323 798 4391 orbem;
837 4344 864 4372 ‹‹
897 4322 968 4377 ad
1001 4338 1137 4376 eum
1173 4342 1199 4369 ››
1234 4320 1289 4374 id
1317 4325 1406 4375 est
1437 4322 1507 4375 ad
1541 4320 1836 4376 Christum

181 4434 211 4462 «
244 4410 480 4466 venient
512 4427 719 4465 omnes
752 4431 781 4458 υ
811 4412 1036 4482 gentes,
1072 4413 1225 4464 recte
1272 4410 1560 4465 credendo
1606 4414 1664 4465 et
1694 4410 1839 4465 bene

176 4500 496 4567 vivendo,«
525 4504 584 4555 et
615 4498 1049 4555 confundentur
1076 4519 1103 4547 ι)
1138 4497 1197 4551 in
1229 4515 1336 4552 suo
1366 4515 1559 4553 errore
1582 4521 1607 4547 ‹‹
1635 4514 1839 4553 omnes

180 4587 289 4661 qui
325 4590 655 4660 repugnant
684 4586 735 4642 ei
773 4608 800 4635 ››
831 4589 1173 4658 respuentes
1205 4602 1506 4641 sermones
1535 4586 1837 4657 ejus.Con-

180 4676 511 4732 fundentur
540 4674 873 4747 quidem,id
898 4678 988 4729 est
1016 4674 1361 4729 erubescent
1392 4674 1461 4729 de
1493 4674 1617 4730 suis
1640 4674 1832 4742 malis,
1860 4694 1918 4760 Β

182 4769 251 4821 ut
283 4781 399 4819 non
434 4767 693 4835 pereant,
731 4763 830 4819 sed
864 4766 930 4817 ut
977 4762 1298 4834 potentiam
1331 4767 1529 4833 agant,
1564 4763 1717 4818 sicut
1745 4763 1835 4817 di-

180 4853 265 4909 cit
310 4851 674 4923 Apostolus:
727 4875 755 4901 ‹‹
808 4853 991 4916 Quem
1042 4868 1179 4922 ergo
1231 4850 1482 4905 fructum
1545 4850 1838 4907 habuistis

182 4947 329 4997 tunc
379 4941 437 4995 in
471 4940 688 5011 quibus
738 4956 894 4994 nunc
933 4937 1277 4994 erubescitis
1308 4940 1481 5006 (Rom.
1515 4939 1592 5010 v1)
1614 4941 1642 4995 ?
1674 4963 1702 4989 η
1736 4940 1837 4996 Vel

186 5033 345 5086 certe
378 5029 457 5083 illi
493 5029 592 5101 qui
624 5029 682 5084 in
716 5046 822 5083 suo
862 5045 1055 5083 errore
1107 5028 1554 5099 permanserint,
1588 5029 1836 5083 confun-

189 5120 408 5175 dentur
438 5118 496 5172 in
528 5117 877 5189 diejudicii,
911 5116 1215 5172 audientes
1260 5134 1296 5172 a
1348 5117 1589 5172 Domino
1623 5135 1635 5171 :
1671 5142 1697 5167 ‹‹
1736 5120 1836 5187 Ite,

188 5204 510 5273 maledicti,
544 5205 602 5260 in
635 5205 832 5277 ignem
864 5208 1145 5260 aeternum
1176 5203 1387 5273 (Matth.
1419 5208 1571 5272 xxv).
1612 5227 1636 5253 ››

263 5316 291 5344 ‹‹
324 5294 387 5349 In
421 5293 666 5350 Domino
690 5291 1122 5365 justiﬁeabitur
1155 5314 1183 5341 ››
1215 5292 1275 5346 in
1307 5294 1577 5363 praesenti
1608 5311 1710 5364 per
1740 5294 1841 5349 ba-

181 5382 495 5456 ptismum,
514 5386 571 5439 et
600 5400 704 5455 per
733 5380 1159 5454 poznitentiam,
1177 5403 1205 5431 «
1228 5384 1283 5435 et
1313 5380 1650 5436 laudabitur
1670 5400 1842 5438 omne

182 5489 386 5529 semen
416 5470 613 5540 Israel,
638 5493 664 5521 ››
686 5471 796 5526 hoc
826 5474 916 5525 est
946 5468 1141 5525 omnis
1172 5469 1387 5525 chorus
1419 5470 1840 5542 apostolorum,

179 5560 271 5617 vel
303 5560 407 5632 qui
439 5561 509 5614 de
540 5576 741 5615 eorum
776 5558 957 5631 stirpe
1007 5556 1468 5630 pullulaverunt,
1500 5563 1559 5613 et
1588 5559 1840 5615 credide-

184 5653 326 5706 runt
354 5648 416 5703 in
447 5647 679 5703 Christo
708 5647 995 5704 habentes
1018 5646 1318 5718 justitiam
1343 5651 1400 5701 et
1429 5645 1673 5718 gloriam
1694 5666 1842 5704 sem-

185 5739 503 5812 piternam.
536 5736 617 5793 De
646 5736 753 5794 hac
799 5734 1137 5794 laudatione
1166 5739 1224 5790 et
1253 5732 1439 5807 gloria
1469 5734 1610 5792 dicit
1638 5735 1838 5794 Domi-

1944 3454 1971 3481 ‹‹
2007 3429 2229 3484 similes
2264 3428 2379 3483 illis
2403 3430 2543 3483 fiant
2574 3430 2671 3500 qui
2692 3430 3210 3486 faciuntea.0nera
3225 3435 3415 3487 vestra
3431 3432 3591 3506 gravi

1943 3520 2199 3591 pondere
2248 3535 2436 3589 usque
2482 3518 2553 3572 ad
2604 3517 3016 3574 lassitudinem
3067 3520 3514 3576 contabuerunt.
3560 3543 3589 3572 η

1944 3610 2131 3663 Onera
2162 3606 2440 3673 vestra,id
2472 3611 2561 3661 est
2592 3606 2911 3662 simulacra
2938 3613 3133 3663 vestra
3161 3608 3318 3681 gravi
3340 3610 3597 3682 pondere

1944 3696 2222 3763 sunt,hoc
2254 3701 2343 3750 est
2372 3713 2588 3767 magna
2619 3697 2877 3767 pondera
2907 3695 3278 3752 metallorum
3310 3697 3371 3752 in
3401 3714 3464 3754 se
3494 3697 3597 3754 ha~

1944 3785 2104 3840 bent.
2131 3783 2233 3837 Vel
2265 3783 2445 3837 etiam
2480 3783 2593 3837 alio
2626 3784 2798 3837 modo
2826 3799 2839 3836 :
2865 3782 3196 3838 Simulacra
3224 3788 3418 3839 vestra
3448 3784 3595 3839 nihil

1945 3876 2085 3927 sunt
2115 3870 2272 3926 aliud
2309 3869 2423 3924 nisi
2457 3886 2635 3924 onera
2666 3871 3035 3925 sacerdotum
3075 3875 3134 3925 et
3180 3871 3539 3941 portantium
3572 3888 3586 3928 :

1945 3957 2335 4032 deprimentia
2366 3974 2555 4028 usque
2586 3958 2659 4011 ad
2691 3957 3122 4012 lassitudinem.
3156 3957 3597 4014 Contabuerunt

1946 4050 2076 4121 ipsa
2105 4044 2443 4109 simulacra,
2480 4045 2535 4098 id
2567 4049 2657 4100 est
2703 4046 3063 4112 defecerunt,
3095 4045 3423 4101 annibilata
3453 4050 3597 4102 sunt

1946 4141 2079 4209 post
2111 4133 2536 4189 ascensionem.
2573 4134 2657 4188 Ita
2688 4131 2952 4204 loquitur
2981 4133 3268 4205 Propheta
3298 4134 3367 4188 de
3398 4134 3595 4191 futuro

1947 4225 2115 4297 quasi
2148 4223 2218 4278 de
2251 4222 2565 4295 praeterito.
2601 4245 2627 4271 ‹‹
2662 4221 2787 4276 Non
2820 4226 3136 4292 potuerunt
3166 4221 3269 4277 illa
3300 4244 3328 4272 »
3360 4221 3598 4279 simula-

1947 4332 2048 4370 cra
2076 4337 2102 4363 ‹‹
2140 4311 2364 4368 salvare
2395 4315 2723 4382 portantem
2759 4334 2786 4359 ››
2821 4328 2883 4366 se
2930 4311 3000 4366 de
3048 4309 3443 4380 tribulatione,
3477 4334 3506 4361 «
3539 4316 3598 4369 et

1948 4403 2147 4459 anima
2176 4417 2401 4466 eorum,
2436 4423 2464 4449 ››
2515 4400 2571 4454 id
2622 4404 2711 4454 est
2741 4399 3178 4469 fabricantium,
3210 4399 3596 4472 portantium,

1948 4491 2265 4548 colentium
2299 4513 2325 4538 ‹‹
2359 4488 2419 4544 in
2461 4488 2853 4560 captivitatem
2896 4511 2923 4535 »
2975 4488 3308 4543 daemonum
3344 4510 3373 4539 ‹‹
3403 4487 3531 4544 ibit.
3568 4510 3596 4538 ››

1948 4582 2074 4637 Non
2107 4585 2197 4637 est
2226 4580 2576 4652 putandum,
2598 4578 2751 4650 quod
2787 4577 3102 4633 simulacra
3127 4581 3292 4633 muta
3320 4581 3379 4632 et
3407 4577 3601 4634 insen-

1951 4671 2147 4727 sibilia
2177 4669 2436 4725 animam
2471 4667 2755 4735 habeant;
2791 4668 2892 4722 sed
2923 4668 2993 4722 de
3036 4666 3235 4722 anima
3281 4665 3597 4723 colentium

1950 4759 2173 4814 dictum
2207 4761 2456 4813 constat.

2018 4872 2045 4898 ‹‹
2078 4847 2287 4902 Audite
2318 4846 2656 4912 me,domus
2684 4845 2951 4911 Jacob,ct
2981 4861 3153 4900 omne
3183 4845 3485 4901 residuum
3502 4846 3600 4901 do-

1949 4954 2082 4991 mus
2115 4935 2309 4989 Israel.
2348 4958 2375 4983 ››
2411 4935 2535 4989 Non
2567 4933 2712 4989 dixit
2752 4952 2765 4988 :
2806 4934 3004 4989 audite
3053 4952 3168 5002 me,
3200 4933 3348 4989 servi
3381 4934 3516 5000 mei,
3540 4937 3600 4989 et

1947 5025 2113 5081 electi
2148 5024 2282 5086 mei,
2315 5040 2449 5077 cum
2483 5022 2804 5094 adjectione
2834 5022 3097 5089 honoris,
3119 5023 3219 5077 sed
3250 5023 3461 5078 Audite
3482 5038 3597 5089 me,

1949 5116 2162 5169 domus
2192 5113 2392 5178 Jacob,
2416 5112 2472 5166 id
2505 5116 2593 5166 est
2624 5112 2751 5166 dum
2784 5112 2976 5167 tribus
3006 5111 3179 5179 Juda,
3205 5109 3509 5183 Benjamin
3533 5127 3599 5166 ac

1951 5202 2084 5259 Levi
2119 5200 2432 5257 carnaliter
2462 5200 2806 5263 viventes,et
2837 5201 3005 5272 longe
3036 5217 3069 5254 a
3100 5216 3193 5254 me
3215 5199 3548 5255 recedentes
3581 5215 3596 5254 :

1952 5295 2009 5347 et
2035 5307 2206 5346 omne
2238 5288 2541 5344 residuum
2579 5289 2785 5343 :lomus
2818 5288 3015 5354 Israel,
3048 5288 3156 5343 hoc
3204 5291 3295 5343 est
3341 5286 3599 5360 reliquiae

1952 5381 2151 5435 decem
2184 5379 2467 5445 tribuum,
2507 5395 2631 5448 qua:
2664 5377 2938 5433 similiter
2968 5395 3068 5449 per
3100 5375 3439 5432 idololatria
3470 5375 3601 5432 cul-

1951 5473 2142 5524 turam
2177 5486 2211 5521 a
2242 5484 2335 5520 me
2359 5465 2955 5530 reccssistis.Quando
2977 5463 3604 5537 Prophetaistaloque-

1950 5559 2142 5623 batur,
2178 5560 2296 5609 tres
2328 5555 2520 5610 tribus
2552 5554 2741 5608 adhuc
2776 5554 3158 5609 morabantur
3185 5553 3243 5607 in
3275 5553 3602 5620 Judzea,de-

1952 5664 2077 5703 cem
2127 5662 2259 5699 vero
2302 5644 2429 5714 jam
2481 5645 2666 5697 ducta:
2718 5647 2885 5697 erant
2916 5643 2973 5698 in
3005 5641 3274 5715 Assyrios
3307 5659 3320 5698 :
3349 5641 3604 5715 ideoque

1952 5734 2096 5792 dixit
2126 5732 2426 5789 residuum
2476 5732 2687 5788 domus
2743 5730 2942 5788 Israel.
2976 5731 3139 5798 Quod
3190 5734 3388 5788 autem
3439 5730 3607 5788 addit
