3956 6426
365 474 509 541 951.

729 482 1141 543 HAYMONIS
1186 480 1722 542 HALBERS'I‘AT.
1771 472 2008 542 EPISC.

2124 472 2234 541 P‘P.
2282 479 2502 541 PARS.
2549 479 2599 541 Ι.
2650 479 3180 542 ωὈΟΜΜΕΝΤ.
3224 479 3421 542 BlBL.

3667 474 3790 545 952

367 638 396 665 ‹‹
428 612 525 686 qui
559 612 875 685 portamini
907 629 941 668 a
972 628 1101 667 meo
1132 615 1320 679 utero,
1344 613 1443 684 qui
1476 604 1791 686 geStamini
1823 631 1857 669 a
1887 631 2017 670 mea
2046 608 2189 681 Α’οι
2238 613 2311 668 ab
2365 612 2532 668 initio
2569 633 2596 661 »
2630 601 3031 667 creaturarum
3086 633 3115 661 »
3164 598 3294 684 quae
3336 614 3587 691 necdum
3634 614 3787 672 facta

367 698 597 770 vulva,»
631 718 749 757 non
781 692 1067 757 debemus
1088 706 1297 775 putare
1328 703 1513 759 Deum
1534 703 2018 775 omnipotentem,

364 792 462 867 qui
492 790 740 864 spiritus
769 791 1101 859 est,habere
1125 792 1355 847 vulvam
1388 797 1492 848 aut
1519 795 1750 847 uterum
1773 778 1902 848 :sed
1921 810 2022 867 per

364 874 597 938 vulvam
632 884 690 936 et
737 884 992 946 uterum,
1022 880 1398 937 clementiam
1446 886 1503 937 et
1550 882 2017 937 misericordiam

362 971 523 1027 illius
556 970 842 1026 debemus
873 969 1197 1043 intelligere
1219 988 1337 1043 qua
1358 972 1819 1044 protegimur.Et
1839 989 2023 1044 quan-

358 1066 487 1117 tum
518 1061 591 1115 ad
622 1058 881 1115 litteram
916 1058 1189 1131 pertinet,
1222 1059 1413 1114 instar
1450 1076 1766 1131 puerorum
1801 1077 1866 1115 ac
1898 1060 2014 1116 lac-

360 1148 740 1215 tentium,ille
774 1147 1028 1221 populus
1060 1149 1143 1203 ita
1172 1150 1316 1203 adeo
1342 1148 1508 1221 quasi
1542 1150 1748 1205 matris
1770 1149 1826 1204 in
1853 1154 2018 1205 utero

358 1243 418 1295 et
446 1228 1008 1310 vulva-praegnantis
1038 1254 1106 1293 ex
1128 1239 1372 1310 IEgypto
1406 1243 1672 1310 portatus
1704 1244 1794 1293 est
1825 1240 1881 1294 in
1910 1245 2021 1295 ter-

359 1344 486 1384 ram
539 1327 1063 1401 repromissionis:
1102 1332 1392 1399 quantum
1444 1344 1579 1382 vero
1627 1328 1698 1382 ad
1748 1327 2015 1385 altiorem

359 1418 724 1474 intellectum
756 1417 984 1484 attinet,
1019 1420 1284 1489 portatus
1313 1420 1402 1472 est
1430 1434 1464 1472 a
1485 1416 1585 1472 Dei
1618 1416 2020 1474 misericordia

360 1524 466 1581 per
495 1508 820 1574 desertum,
853 1492 994 1578 quia
1026 1504 1312 1561 sustinuit
1342 1522 1475 1560 eum
1528 1509 1867 1577 peccantem
1911 1524 2019 1563 no-

360 1594 488 1651 lens
519 1595 719 1651 statim
754 1598 977 1649 tantam
1005 1593 1447 1649 multitudinem
1488 1594 1700 1650 delere.
1736 1594 2021 1653 Similiter

360 1688 678 1756 postquam
711 1682 1037 1739 introduxit
1067 1699 1202 1737 eum
1244 1683 1302 1738 in
1333 1687 1549 1739 terram
1581 1683 1859 1740 omnibus
1892 1703 2017 1742 me-

357 1771 588 1839 liorem,
622 1776 681 1827 et
712 1770 809 1827 ille
832 1772 906 1827 ab
955 1788 1021 1827 eo
1054 1788 1207 1843 saepe
1239 1772 1579 1828 recessisset
1609 1772 1850 1829 irritans
1882 1792 2017 1830 eum

359 1863 432 1923 ad
480 1862 848 1918 iracundiam
900 1861 1197 1917 adorando
1252 1861 1427 1928 idola,
1480 1861 1580 1917 diu
1631 1863 1916 1919 sustinuit
1963 1869 2020 1920 et

2132 706 2296 769 sunt,
2335 724 2362 751 »
2395 702 2687 757 subaudis
2715 718 2821 774 ego
2851 701 3218 757 annuntiavi.
3251 702 3383 758 Acsi
3409 702 3628 761 diceret
3655 702 3792 761 aliis

2129 786 2323 845 verbis
2357 807 2371 845 :
2407 790 2557 858 Sunt
2589 789 2669 844 dii
2702 789 3049 861 manufacti,
3082 778 3529 864 sed-nequeunt
3557 810 3788 850 annun-

2129 881 2275 937 tiare
2310 882 2528 936 futura.
2561 882 2634 935 At
2661 897 2795 936 vero
2826 897 2934 953 ego
2961 880 3246 936 annuntio
3295 881 3369 937 ab
3394 868 3627 940 exordio
3676 886 3809 939 no—'

2128 971 2465 1036 vissimum,
2497 969 2607 1024 hoc
2641 973 2732 1024 est
2760 970 3078 1025 adventum
3114 968 3243 1025 Filii
3275 970 3411 1039 mei,
3445 971 3783 1029 electionem

2129 1058 2549 1131 apostolorum,
2583 1057 2947 1113 vocationem
2981 1058 3268 1131 gentium.
3301 1044 3388 1115 Ab
3417 1062 3651 1117 exordio
3678 1076 3783 1118 an-

2130 1148 2417 1203 nuntiavit
2454 1148 2770 1202 adventum
2792 1145 2919 1202 Filii
2941 1134 3129 1213 Dei,et
3144 1134 3502 1204 vocationem
3521 1150 3784 1223 gentium

2128 1236 2376 1309 loquens
2410 1234 2481 1291 ad
2515 1235 2843 1291 Abraham:
2869 1257 2896 1284 «
2935 1236 2999 1291 In
3029 1235 3257 1292 semine
3287 1240 3410 1305 tuo,
3430 1259 3459 1287 »
3483 1238 3589 1294 hoc
3606 1245 3691 1296 est
3720 1240 3785 1296 in

2128 1324 2382 1392 Christo,
2417 1349 2444 1375 ‹‹
2481 1323 2902 1380 benedicentur
2930 1339 3139 1380 omnes
3166 1328 3391 1398 gentes.
3414 1348 3443 1376 »
3472 1328 3541 1383 Et
3570 1345 3669 1402 per
3686 1331 3785 1385 Ja-

2128 1415 2264 1471 cob:
2286 1438 2313 1465 «
2350 1416 2476 1470 Non
2508 1414 2741 1469 deﬁciet
2770 1413 3043 1486 princeps
3074 1429 3145 1470 ex
3172 1404 3346 1482 Juda,
3379 1416 3562 1473 donec
3592 1419 3788 1475 veniat

2129 1505 2230 1577 qui
2263 1504 2591 1559 mittendus
2622 1507 2731 1569 est,
2765 1507 2823 1558 et
2854 1503 2979 1575 ipse
3005 1503 3117 1559 erit
3140 1505 3495 1576 exspectatio
3518 1498 3787 1579 gentium’

2127 1594 2284 1664 (Gen.
2316 1611 2454 1649 χχιιι
2482 1601 2535 1648 et
2562 1596 2735 1661 xux).
2775 1614 2804 1642 »
2836 1588 3116 1648 Similiter
3147 1608 3251 1665 per
3282 1590 3503 1663 Mosen,
3536 1582 3638 1668 per
3666 1596 3783 1653 Da-

2126 1684 2221 1739 vid
2254 1687 2312 1739 et
2342 1699 2446 1755 per
2474 1686 2712 1737 caeteros
2739 1681 3083 1753 prophetas.
3118 1683 3309 1748 Quare
3345 1698 3481 1756 ergo
3508 1683 3651 1740 dixit
3677 1694 3785 1742 no-

2126 1760 2522 1828 vissimum?«
2552 1769 2699 1837 Quia
2726 1786 2862 1825 cum
2894 1769 3198 1842 plenitudo
3225 1758 3506 1844 temporis
3526 1760 3783 1843 intravit,

2128 1860 2292 1915 misit
2312 1861 2466 1915 Deus
2486 1857 2695 1914 [ﬁlium
2720 1876 2895 1914 suum
2921 1860 3139 1915 factum
3162 1875 3230 1915 ex
3254 1860 3497 1917 muliere
3513 1846 3786 1933 (ϐαλιὰν

361 1951 615 2025 portavit
644 1951 1016 2024 iniquitatem
1048 1952 1198 2023 ejus,
1233 1952 1576 2024 praestolans
1605 1970 1740 2009 eum
1791 1954 1863 2009 ad
1897 1971 2015 2027 pm-
2048 1976 2100 2051 Β
2129 1952 2198 2005 Et
2224 1950 2497 2051 Joannes.
2518 1950 2588 2004 de
2621 1948 2730 2004 bac
2764 1944 2975 2004 ultima
3016 1952 3183 2029 aetate
3217 1965 3230 2006 :
3266 1972 3295 2029 ς(
3330 1938 3539 2023 Filioli,’
3572 1938 3782 2031 inquit,

359 2041 669 2097 nitentiam
706 2058 719 2096 :
754 2041 909 2097 sicut
937 2045 997 2095 et
1026 2044 1161 2113 post
1202 2040 1535 2113 passionem
1570 2060 1738 2098 suam
1773 2060 1877 2116 per
1908 2062 2017 2099 an-

358 2148 469 2187 nos
498 2129 891 2204 quadraginta
921 2131 1089 2185 duos.

433 2243 462 2270 ‹‹
500 2220 697 2292 Usque
730 2220 801 2275 ad
832 2223 1152 2286 senectam,
1189 2242 1216 2268 »
1258 2219 1542 2276 subaudis
1589 2224 1866 2289 vestram,
1902 2240 2018 2277 non

358 2326 610 2376 meam,«
632 2326 738 2382 ego
763 2308 946 2381 ipse,»
970 2308 1257 2364 subaudis
1279 2309 1538 2383 sum,qui
1559 2311 1674 2365 dixi
1690 2310 1828 2366 olim
1848 2310 2014 2367 Mosi:

366 2421 395 2450 ‹‹
432 2401 549 2471 Ego
580 2414 714 2475 sum
746 2398 847 2471 qui
881 2416 1012 2454 sum
1046 2397 1236 2472 (Emod.
1271 2403 1393 2467 In);
1431 2421 1458 2449 ››
1490 2400 1576 2455 vel
1618 2400 1795 2455 etiam
1830 2419 2019 2473 usque

357 2489 441 2565 ad
464 2490 761 2544 senectam
792 2492 1047 2543 vestram
1098 2505 1204 2560 ego
1248 2486 1372 2559 ipse
1422 2491 1723 2561 protegam
1772 2509 1873 2545 vos
1907 2516 1933 2539 ‹‹
1963 2495 2020 2547 et

358 2594 550 2649 usque
582 2578 653 2631 ad
683 2593 861 2632 canos
888 2599 913 2625 »
944 2580 1167 2631 vestros
1189 2594 1299 2632 non
1336 2579 1580 2645 meos,id
1615 2584 1705 2633 est
1734 2597 1921 2651 usque
1944 2581 2016 2635 ad

357 2664 517 2722 diem
562 2665 775 2741 judicii
810 2688 835 2714 ‹‹
872 2682 977 2739 ego
1028 2666 1292 2738 portabo,
1329 2689 1356 2714 ››
1404 2684 1505 2721 vos
1558 2668 1910 2724 sustinebo:
1957 2673 2021 2725 ut

363 2770 500 2813 cum
536 2752 838 2827 plenitudo
888 2755 1151 2827 gentium
1203 2755 1526 2825 intraverit,
1558 2774 1661 2813 vos
1712 2757 2017 2814 salvemini

364 2844 657 2901 credendo
688 2842 748 2899 in
801 2860 915 2899 me.
950 2866 979 2893 «
1012 2844 1131 2917 Ego
1185 2843 1290 2900 feci
1342 2862 1463 2913 vos,
1497 2849 1553 2901 et
1597 2862 1702 2919 ego
1748 2846 1951 2916 feram,
1990 2871 2017 2897 ››

362 2934 423 2991 id
454 2936 564 3003 est,
594 2949 700 3005 ego
732 2933 1076 3004 exspectabo
1107 2949 1208 2989 vos
1234 2933 1305 2988 ad
1338 2933 1740 3006 paenitentiam
1773 2960 1799 2987 ‹‹
1834 2942 1890 2993 et
1911 2938 2022 2995 sal-

360 3023 509 3079 vabo
545 3044 572 3071 »
606 3022 653 3078 si
688 3021 747 3076 in
778 3036 871 3076 me
902 3021 1135 3077 credere
1166 3020 1486 3078 volueritis.

437 3136 467 3162 ‹‹
501 3110 626 3179 Cui,
665 3132 692 3161 »
725 3110 1011 3166 subaudis
1062 3110 1170 3165 deo
1221 3111 1581 3180 manufacto,
1615 3135 1642 3162 «
1677 3113 2018 3170 assimilasti

364 3202 512 3277 me?
562 3224 591 3251 »
641 3199 810 3256 Nunc
860 3199 1112 3256 maxime
1160 3205 1362 3255 contra
1410 3194 1544 3257 illos
1596 3201 1875 3274 loquitur,
1919 3204 2019 3276 qui

359 3288 728 3362 temporibus
757 3287 949 3344 Achaz
978 3292 1036 3344 et
1065 3287 1321 3344 Ezechiae
1351 3288 1507 3345 idola
1534 3290 1860 3360 coluerunt,
1888 3297 2012 3349 sta-

357 3353 595 3434 tuentes
644 3394 714 3435 ea
761 3378 820 3432 in
871 3376 1149 3434 omnibus
1198 3377 1433 3451 angulis
1481 3353 1919 3451 platearum,'et
1952 3382 2012 3437 in
2042 3353 2088 3421 α

360 3467 571 3537 hortis,
605 3465 1085 3538 nemoribusque,
1118 3468 1174 3521 et
1205 3483 1382 3538 super
1411 3468 1637 3523 domos.

429 3580 457 3607 ‹‹
492 3555 635 3622 Quis
662 3555 940 3611 confertis
971 3571 1181 3609 aurum
1214 3555 1284 3610 de
1313 3554 1590 3611 sacculo»
1614 3557 1768 3612 sicut
1800 3560 2017 3631 tempo-

359 3645 530 3701 ribus
560 3645 751 3698 Aaron
783 3641 843 3698 in
876 3644 1127 3710 deserto,
1162 3666 1187 3693 «
1226 3648 1283 3698 et
1327 3648 1639 3717 argentum
1690 3644 1747 3700 in
1800 3652 2016 3704 statera

357 3730 697 3815 ponderatis
733 3754 760 3780 »
789 3729 1049 3787 volentes
1081 3730 1229 3787 scire
1268 3736 1557 3803 quantum
1602 3734 2015 3810 unusquisque

359 3819 566 3879 atterat
598 3818 793 3891 (Exod.
826 3820 1001 3892 xxxn)
1037 3837 1049 3876 :
1084 3844 1110 3870 ‹‹
1143 3821 1559 3891 conducentes,
1592 3844 1619 3873 »
1654 3822 1710 3877 id
1758 3828 1847 3880 est
1875 3842 2013 3882 con-

354 3910 631 3969 vocantes
665 3932 695 3961 ‹‹
716 3906 1076 3978 aurificem,»
1095 3908 1203 3964 hoc
1226 3913 1314 3965 est
1336 3911 1689 3967 statuarium
1709 3937 1735 3963 ‹‹
1761 3918 1824 3969 ut
1841 3914 2015 3971 faciat

355 4000 524 4058 vobis
557 3984 732 4057 deum
769 4016 782 4055 :
816 4004 873 4056 et
902 3999 1211 4071 procidant
1247 4021 1274 4047 »
1306 4002 1439 4055 ante
1473 3999 1639 4056 illum
1673 4019 1879 4059 omnes
1910 4005 2011 4076 qui

356 4107 494 4147 eum
527 4088 931 4163 perspexerint
961 4112 989 4138 «
1021 4090 1078 4145 et
1107 4088 1351 4143 adorent
1378 4087 1547 4159 illud,
1581 4095 1638 4146 et
1675 4097 1912 4163 portant
1943 4094 2011 4148 il-
2052 4134 2057 4143 .

356 4176 457 4236 lud
495 4202 522 4229 ››
554 4177 937 4235 simulacrum
963 4177 1294 4234 sacerdotes
1316 4178 1388 4233 de
1408 4176 1533 4234 loco
1556 4181 1625 4235 ad
1649 4179 2014 4255 locum,guia

355 4284 474 4326 non
503 4267 657 4324 valet
681 4266 942 4341 seipsum
977 4283 1225 4335 movere,
1260 4290 1287 4317 «
1322 4272 1379 4322 et
1409 4264 1589 4323 stabit
1634 4268 1691 4324 in
1724 4286 1791 4325 eo
1822 4271 1946 4328 loco
1984 4296 2010 4321 »

354 4342 453 4414 ubi
487 4356 747 4429 positum
784 4356 1003 4412 fuerit«
1020 4373 1085 4411 ac
1116 4356 1186 4411 de
1216 4355 1343 4411 loco
1376 4373 1484 4411 suo
1501 4375 1613 4413 non
1638 4359 2010 4416 movebitur»

354 4463 463 4502 sua
487 4444 722 4502 virtute.
756 4469 783 4495 α
821 4446 932 4501 Sed
964 4448 1022 4501 et
1070 4461 1204 4499 cum
1258 4443 1639 4502 clamaverint
1685 4449 1758 4503 ad
1811 4467 1945 4505 eum
1979 4473 2007 4501 »

354 4534 690 4591 sacerdotes
718 4538 777 4589 et
807 4532 1061 4589 cultores
1093 4534 1241 4604 ejus,
1276 4556 1305 4583 «
1340 4551 1455 4588 non
1497 4534 1698 4590 audiet
1730 4553 1849 4592 eos.
1886 4536 2009 4594 Me~

353 4626 611 4679 mentote
644 4620 798 4677 istud
830 4644 855 4671 »
876 4621 1274 4689 fabricatores,
1300 4620 1671 4695 cultoresque
1694 4624 2006 4695 idolorum,

352 4712 449 4802 qui
487 4716 654 4767 tanta
687 4711 844 4767 mala
873 4711 1256 4802 perpetrastis
1290 4715 1397 4802 «fet
1436 4712 1927 4802 confundamini»
1952 4717 2009 4771 in
2041 4738 2097 4802 Π

350 4801 465 4856 fide
518 4804 758 4873 agentes
811 4799 1237 4871 paenitentiam.
1287 4799 1622 4871 Alloquitur
1680 4804 1853 4858 modo
1910 4823 2010 4861 eos

349 4887 639 4945 Dominus
670 4891 727 4943 et
760 4892 1036 4960 provocat
1064 4888 1133 4942 ad
1169 4888 1602 4960 pmnitentiam:
1628 4890 1833 4948 nolens
1858 4910 2006 4949 mor-

348 4979 467 5032 tem
511 4993 740 5041 eorum,
774 4976 871 5031 sed
926 4978 1115 5048 magis
1165 4975 1288 5031 vult
1336 4980 1399 5031 ut
1432 4977 1734 5034 salventur
1786 4983 1999 5048 (Ewch.

347 5065 530 5137 nm).
565 5087 592 5114 ‹‹
627 5064 852 5137 Redite,
893 5066 1383 5137 praevaricatores,
1418 5068 1489 5121 ad
1542 5085 1660 5131 cor,
1694 5092 1722 5118 »
1757 5069 1867 5126 hoc
1916 5076 2004 5128 est

346 5153 419 5209 ad
453 5154 713 5233 mentem
748 5160 998 5209 vestram
1032 5158 1088 5208 et
1118 5153 1481 5210 intellectum
1507 5156 1774 5226 justitiae.

415 5265 446 5291 «
480 5241 889 5297 Recordamini
924 5242 1134 5315 prioris
1168 5241 1433 5311 seaculi,»
1468 5243 1525 5299 id
1557 5250 1645 5299 est
1678 5246 1747 5300 ad
1785 5264 2002 5303 memo-

343 5330 491 5407 riam
528 5330 785 5387 reducite
828 5334 1026 5388 omnia
1078 5332 1253 5402 bona,
1287 5350 1414 5404 qum
1463 5335 1627 5390 vobis
1678 5336 2000 5394 subminis~

338 5416 487 5472 travi
524 5434 626 5486 per
656 5436 851 5477 servos
883 5439 1045 5476 meos
1077 5420 1391 5494 prephetas
1431 5425 1488 5476 et
1527 5420 1782 5493 judiccs,
1817 5443 1850 5480 a
1904 5427 1998 5484 die

338 5517 458 5571 qua
508 5504 681 5559 eduxi
730 5528 830 5566 vos
873 5510 944 5566 de
985 5508 1259 5581 squalore
1290 5510 1539 5565 carceris
1570 5512 1994 5583 Egyptiorum,

337 5606 374 5673 ff
399 5587 541 5673 ςιιιὶει
572 5604 677 5659 ego
708 5613 837 5652 sum
872 5599 1027 5653 Deus
1064 5619 1088 5643 »
1122 5613 1291 5650 verus
1325 5597 1422 5665 qui
1457 5600 1620 5655 vobis
1658 5600 1767 5655 ista
1816 5619 1991 5673 praes-

335 5669 423 5721 titi
459 5692 487 5715 ‹‹
525 5686 629 5725 nec
662 5688 751 5737 est
782 5686 995 5740 similis
1030 5683 1165 5738 mei.
1204 5707 1230 5731 ι)

398 5771 433 5796 ‹‹
467 5752 844 5829 Annuntiang
876 5772 948 5828 ab
976 5771 1212 5826 exordio
1238 5795 1263 5818 η
1298 5771 1502 5825 mundi
1536 5800 1563 5823 ‹‹
1597 5776 1986 5835 novissimum

2131 2038 2454 2093 novissima
2481 2037 2625 2093 hora
2648 2041 2740 2092 est
2768 2038 2816 2107 (Ι
2842 2038 3000 2094 Joan.
3035 2024 3121 2107 ιι).
3159 2059 3186 2087 ιι
3236 2024 3309 2094 Et
3345 2028 3621 2113 egregius
3647 2024 3789 2114 pra:—

2128 2128 2390 2183 d‘ieator:
2416 2149 2444 2178 ‹‹
2477 2128 2595 2183 Nos
2625 2142 2858 2199 sumus,
2892 2116 2951 2183 in
2984 2120 3101 2200 quo
3132 2128 3281 2185 fines
3312 2130 3790 2188 saeculorumde~

2126 2206 2415 2273 venerunt
2446 2218 2495 2285 (I
2527 2220 2650 2273 Cor.
2684 2216 2762 2288 Χ).
2800 2237 2828 2265 ››
2860 2239 2888 2266 ‹‹
2917 2216 3241 2273 Consilium
3273 2204 3541 2289 meum,»
3573 2208 3788 2277 subau-

2129 2307 2222 2362 dis
2252 2304 2408 2379 quod
2441 2296 2646 2372 statui,
2674 2328 2702 2353 ‹‹
2737 2305 2977 2361 stabit.»
3004 2305 3306 2373 Videlicet,
3342 2311 3406 2363 ut
3435 2325 3541 2381 per
3568 2309 3783 2366 Filium

2129 2412 2327 2451 meum
2362 2394 2646 2449 redimam
2681 2408 2869 2466 genus
2900 2394 3227 2449 humanum
3273 2417 3301 2444 α
3335 2400 3392 2450 et
3439 2398 3634 2454 omnis
3685 2404 3785 2455 vo-

2126 2484 2323 2540 luntas
2354 2500 2485 2538 mea
2516 2484 2633 2537 fiet.
2672 2504 2700 2530 »
2732 2479 3018 2538 Voluntas
3047 2478 3149 2538 Dei
3179 2474 3365 2561 patris
3394 2484 3525 2555 fuit
3572 2504 3640 2542 ac
3694 2490 3786 2543 to-

2126 2573 2243 2629 tius
2274 2571 2596 2639 Trinitatis,
2632 2574 2697 2625 ut
2727 2564 2906 2625 Filius
2938 2570 3039 2626 Dei
3071 2583 3306 2627 carnem
3339 2579 3691 2643 assumeret,
3727 2579 3789 2632 et

2127 2679 2314 2736 genus
2362 2662 2712 2726 humanum,
2747 2660 2902 2733 quod
2951 2660 3251 2734 captivum
3296 2663 3630 2732 tenebatur,
3672 2683 3787 2721 sua

2128 2758 2314 2808 morte
2344 2751 2675 2806 redimeret.

2199 2864 2226 2891 ‹‹
2259 2840 2487 2896 Vovens
2510 2839 2583 2894 ab
2614 2838 2836 2894 oriente
2859 2854 3045 2907 avem,
3080 2841 3137 2893 et
3167 2838 3240 2894 de
3265 2842 3425 2895 terra
3456 2839 3783 2916 longinqua

2126 2931 2319 2987 virum
2341 2928 2663 2985 voluntatis
2699 2944 2861 2983 mem.
2899 2950 2928 2977 »
2974 2926 3197 2983 Hebraei
3243 2929 3502 2985 referunt
3550 2929 3658 2988 hoc
3705 2934 3781 2988 ad

2128 3022 2343 3095 Cyrum
2370 3035 2565 3093 regem
2600 3016 3070 3083 Persarum,sive
3100 3017 3341 3073 Darium
3374 3035 3566 3092 regem
3586 3021 3781 3077 Medo-

2129 3111 2699 3180 rum,comparantes
2730 3123 2829 3161 eos
2860 3105 2971 3173 avi,
2992 3105 3093 3178 qui
3121 3105 3235 3162 cito
3265 3107 3339 3163 ab
3370 3108 3591 3185 oriente
3609 3124 3778 3167 vene-

2128 3205 2287 3277 runt,
2321 3204 2379 3255 et
2405 3196 2638 3254 Domini
2667 3196 3028 3252 voluntatem
3060 3199 3266 3252 contra
3297 3196 3645 3272 Babylonem
3667 3199 3777 3256 im-

2128 3291 2454 3365 pleverunt.
2486 3287 2604 3343 Nos
2635 3290 2853 3353 antem,
2885 3285 3079 3341 verius
3103 3285 3488 3353 afﬁrmantes,
3512 3287 3778 3347 dicamus

2128 3379 2446 3437 Dominum
2479 3378 2748 3432 nostrum
2778 3375 2983 3431 Jesum
3016 3373 3315 3432 Christum
3366 3394 3400 3431 a
3449 3375 3565 3433 Deo
3614 3378 3776 3450 patre

2127 3469 2214 3527 avi
2251 3465 2695 3524 assimilatum':
2730 3463 2870 3537 quia
2899 3465 3053 3521 sicut
3083 3463 3205 3521 avis
3248 3463 3521 3539 velociter
3548 3465 3619 3522 de
3650 3465 3774 3524 loco

2127 3559 2201 3615 ad
2234 3557 2430 3613 locum
2462 3554 2695 3621 transit,
2725 3552 2810 3629 sic
2843 3551 3075 3609 Domini
3105 3552 3441 3625 praz'dicatio
3468 3571 3573 3627 per
3601 3564 3774 3629 apos-

2126 3646 2276 3704 tolos
2306 3643 2596 3717 incipiens
2631 3643 2703 3698 ab
2728 3642 3077 3711 Jerusalem,
3101 3641 3221 3717 cito,
3245 3630 3579 3717 decucurrit
3604 3644 3775 3721 longe

2123 3738 2356 3808 lateque
2388 3750 2495 3806 per
2523 3731 3098 3807 universum‘orbem
3131 3749 3145 3787 :
3191 3729 3250 3785 in
3281 3733 3510 3787 tantum
3544 3736 3610 3787 ut
3638 3734 3775 3789 ante

2122 3826 2398 3882 deﬁceret
2427 3821 2512 3877 eis
2545 3825 2698 3877 terra
2727 3808 2906 3893 quam
2938 3819 3161 3893 lingua,
3195 3820 3347 3876 sicut
3366 3818 3508 3876 dicit
3523 3819 3775 3877 Psalmi-

2124 3919 2248 3972 sta:
2284 3937 2311 3963 ‹‹
2347 3913 2410 3967 In
2443 3926 2679 3966 omnem
2711 3913 2927 3965 terram
2960 3909 3134 3965 exivit
3164 3925 3342 3983 sonus
3365 3925 3567 3965 eorum
3599 3910 3769 3980 (Psal.

2122 4001 2306 4073 xvm),
2360 4004 2473 4073 etc.
2520 3998 2607 4052 Ab
2657 3996 2877 4053 oriente
2928 4013 3065 4070 ergo
3110 3996 3334 4053 vocavit
3394 3997 3549 4073 Deus
3606 3998 3773 4055 Pater

2124 4106 2311 4158 avem,
2346 4072 2663 4144 Dominum
2696 4074 2965 4141 videlicet
2987 4087 3197 4161 .Jesum
3224 4084 3519 4141 Christum
3558 4103 3663 4160 per
3690 4087 3773 4143 in-

2128 4176 2487 4237 carnationis
2518 4175 2867 4249 mysterium
2903 4192 2916 4230 :
2952 4171 3096 4247 quia
3118 4178 3276 4250 terra.
3303 4162 3770 4247 reprbmissionis

2121 4270 2181 4325 in
2212 4286 2331 4341 qua
2359 4265 2646 4322 Dominus
2674 4266 2849 4319 natus
2880 4264 3055 4339 est,in
3087 4261 3354 4337 partibus
3381 4264 3620 4321 orientis
3649 4264 3765 4322 est:

2122 4365 2178 4416 et
2211 4359 2336 4430 ipse
2382 4356 2472 4410 vir
2518 4354 2713 4410 oriens
2762 4351 3110 4426 appellatur,
3158 4353 3385 4409 dicente
3436 4352 3764 4426 Propheta:

2122 4473 2149 4500 ‹‹
2183 4449 2328 4504 Ecce
2357 4447 2445 4502 vir
2475 4442 2673 4500 oriens
2706 4460 2919 4499 nomen
2952 4442 3081 4516 ejus
3111 4440 3409 4512 (Zach.'vx).
3446 4463 3473 4492 »
3505 4432 3584 4499 De
3614 4448 3767 4501 terra

2120 4536 2299 4594 etiam
2350 4533 2675 4608 longinqua
2726 4532 2915 4588 virum’
2974 4528 3294 4589 voluntatis
3347 4549 3467 4588 sua:
3522 4534 3761 4602 vocavit,

2120 4624 2355 4700 quando
2385 4620 2683 4679 Christum
2716 4639 2818 4694 per
2848 4619 3269 4694 assumptionis
3299 4621 3663 4695 mysterium,
3694 4616 3766 4680 de

2116 4716 2230 4773 hac
2262 4719 2415 4770 terra
2447 4710 3100 4785 peregrinationis,quze
3133 4709 3303 4783 longe
3331 4715 3420 4766 est
3448 4709 3522 4766 ab
3552 4717 3764 4767 aeterna

2122 4803 2504 4868 beatitudine,
2540 4799 2784 4857 elevavit
2814 4801 2884 4855 ad
2923 4800 3220 4856 dexteram
3266 4799 3589 4870 majestatis
3620 4818 3756 4856 sum.

2120 4916 2146 4944 ‹‹
2175 4894 2431 4949 Locutus
2463 4908 2617 4958 sum,
2655 4913 2681 4939 »
2715 4907 2821 4963 per
2857 4889 3172 4963 prophetas
3222 4888 3294 4944 de
3337 4888 3585 4945 adventu
3632 4890 3756 4945 Filii

2115 4983 2314 5049 mei,et
2338 4980 2736 5054 redemptione
2766 4974 3010 5035 humani
3042 4979 3294 5052 generis,
3324 5002 3353 5029 ‹‹
3386 4983 3443 5035 et
3472 4975 3754 5035 adducam

2114 5068 2280 5139 illud,
2314 5094 2342 5122 »
2380 5069 2664 5127 subaudis
2692 5064 3006 5125 consilium
3041 5084 3261 5137 meum,
3286 5086 3389 5142 per
3419 5067 3755 5125 incarnatio-

2114 5161 2205 5215 nis
2253 5154 2618 5234 mysterium,
2674 5154 2883 5215 Filium
2932 5158 3202 5215 videlicet
3248 5175 3471 5227 meum,
3520 5158 3617 5232 qui
3668 5164 3754 5219 est

2112 5250 2310 5321 magni
2343 5247 2572 5305 consilii
2604 5249 2849 5321 angelus
2883 5265 2895 5305 :
2933 5270 2961 5303 ‹‹
2992 5252 3049 5305 et
3097 5247 3349 5315 creavi»
3382 5246 3438 5313 id
3486 5253 3592 5313 cst,
3626 5248 3749 5304 dis-

2111 5339 2279 5410 posui
2327 5356 2461 5395 cum
2496 5338 2620 5410 ipso
2651 5342 2708 5393 et
2738 5328 2959 5409 Spiritu
3011 5342 3236 5406 sancto,
3271 5336 3559 5410 quomodo
3610 5336 3747 5394 illud

2108 5427 2445 5499 impleatur,
2479 5452 2505 5476 «
2541 5432 2598 5483 et
2632 5422 2837 5482 faciam
2872 5424 3017 5481 illud
3054 5449 3083 5477 »
3117 5427 3431 5483 consilium
3454 5427 3621 5499 juxta
3652 5432 3745 5481 vo-

2107 5515 2391 5571 luntatem
2417 5534 2631 5572 meam.

2176 5629 2205 5655 ‹‹
2239 5604 2448 5661 Audite
2482 5623 2572 5661 me
2604 5607 2752 5661 duro
2787 5607 2980 5675 corde,
3003 5604 3103 5680 qui
3136 5605 3305 5680 longe
3336 5605 3477 5662 estis
3515 5623 3548 5661 a
3577 5605 3746 5677 justi-

2104 5696 2203 5749 tia.
2243 5718 2268 5741 ι»
2301 5694 2523 5761 Quibus
2554 5712 2733 5766 supra
2765 5695 2989 5752 dixerat
3019 5696 3146 5752 sine
3168 5695 3465 5769 privilegio
3484 5694 3737 5761 honoris,

2101 5781 2299 5838 audite
2332 5801 2445 5849 me,
2480 5785 2692 5840 domus
2722 5784 2988 5855 Jacob,et
3019 5802 3191 5843 omne
3221 5786 3520 5843 residuum
3537 5783 3742 5840 domas
