3956 6380
199 488 327 550 953

1255 497 1664 561 COMMENT.
1709 499 1786 559 IN
1832 496 2129 559 ISAIAM.
2178 532 2256 543 —
2300 498 2447 559 LIB.
2496 500 2572 561 Il.

3501 508 3619 576 954

197 620 404 678 Israel.
439 624 510 679 Et
553 624 697 681 illud
734 643 747 681 :
785 626 987 683 Redite
1046 630 1518 701 praevaricatores
1574 633 1645 687 ad
1704 649 1805 688 cor
1836 648 1849 686 :
1882 632 1938 699 Α
1969 630 2335 703 imprimunt,
2369 636 2427 687 et
2454 634 2801 692 vestimenta
2860 655 3062 695 earum
3110 645 3275 698 terrae
3323 643 3620 718 pulverem

194 713 276 768 ad
309 713 545 768 eosdem
607 716 778 771 modo
836 716 1097 789 loquitur
1129 736 1142 773 :
1176 719 1384 774 Audite
1418 737 1509 773 me
1541 719 1855 793 (inquiens)

195 801 352 856 duro
373 803 696 869 corde,hoc
719 808 826 873 est,
847 805 1131 861 increduli
1167 808 1264 880 qui
1297 826 1528 881 semper
1558 810 1855 882 prOphetis

192 892 256 945 et
288 889 361 944 ad
394 889 670 947 ultimum
724 892 865 949 Filio
925 912 1053 950 meo
1112 896 1434 963 restitistis,
1467 902 1523 952 ct
1553 900 1650 969 qui
1686 898 1854 972 longe

191 978 344 1034 estis
367 979 671 1051 ajustitia,
691 982 747 1037 id
771 987 880 1050 est,
904 1001 939 1039 a
960 985 1187 1041 Christo
1210 987 1308 1058 qui
1336 988 1627 1058 justiﬁcat
1649 1005 1854 1044 omnes

193 1068 259 1122 in
295 1084 357 1123 se
394 1070 717 1126 credentes.
751 1071 831 1127 De
890 1072 1019 1131 istis
1078 1074 1294 1129 talibus
1354 1082 1410 1130 et
1468 1081 1857 1150 protomartyr

192 1155 535 1229 Stephanus
570 1158 626 1213 in
658 1177 841 1232 agone
886 1162 1244 1218 constitutus
1275 1164 1454 1220 dixit:
1491 1190 1514 1213 ‹‹
1544 1166 1699 1221 Dura
1729 1184 1849 1221 cer-

189 1244 323 1301 vice
355 1250 411 1302 et
441 1248 837 1305 incircumcisi
872 1252 1148 1307 cordibus
1174 1257 1229 1307 et
1259 1254 1539 1309 auribus:
1574 1273 1673 1310 vos
1705 1274 1854 1311 sem-

191 1351 305 1407 per
333 1332 577 1408 Spiritui
610 1342 811 1394 sancto
842 1340 1159 1410 restitistis,
1182 1342 1335 1397 sicut
1365 1347 1423 1398 et
1454 1349 1647 1415 patres
1678 1347 1851 1401 vestri

190 1424 333 1494 (Act.
368 1424 489 1496 vn).
528 1446 555 1473 η

272 1535 301 1563 «ι
334 1512 517 1586 Prope
574 1515 681 1571 feci
728 1517 1025 1588 justitiam
1087 1536 1301 1590 meam,
1334 1539 1445 1576 non
1482 1521 1854 1595 elongabitur

191 1598 362 1681 salus
391 1618 539 1658 mea.
573 1624 603 1654 »
637 1603 818 1678 Prope
872 1606 998 1673 feci,
1035 1624 1137 1679 pro
1196 1626 1263 1664 eo
1310 1611 1463 1681 quod
1497 1616 1586 1666 est
1618 1611 1849 1667 faciam.

187 1670 439 1746 Justitia
468 1691 567 1747 Dei
602 1670 789 1749 Patris
838 1670 1175 1751 Filiu's.est.
1213 1670 1393 1770 Prope
1446 1716 1581 1771 ergo
1640 1700 1849 1757 faciam

186 1786 391 1834 meam
407 1779 727 1851 justitiam,
758 1781 815 1837 id
848 1789 959 1849 est,
994 1785 1049 1839 in
1086 1787 1348 1857 proximo
1380 1793 1490 1859 est,
1523 1794 1586 1843 ut
1619 1791 1848 1846 mittam

189 1867 409 1925 Filium
441 1885 660 1938 meum,
694 1886 798 1943 per
836 1872 1257 1931 incarnationis
1308 1877 1650 1949 mysterium
1685 1898 1697 1934 :
1735 1898 1848 1936 non

188 1954 587 2030 elongabitur,
623 1960 927 2026 subaudis,
962 1963 1102 2034 quia
1159 1963 1215 2019 in
1268 1970 1322 2019 te
1368 1972 1662 2033 nascetur,
1692 1974 1747 2023 et
1776 1970 1847 2024 ad
1882 1994 1929 2068 Β

188 2050 366 2102 tuum
391 2062 539 2118 opus
558 2048 779 2117 veniet;
805 2054 863 2105 et
886 2051 1048 2108 salus
1073 2069 1227 2121 mea,
1250 2053 1306 2108 id
1333 2059 1440 2123 est,
1471 2056 1630 2112 filius
1663 2076 1850 2125 meus,

186 2134 294 2208 qui
331 2130 580 2192 salvabit
628 2142 932 2209 sperantes
978 2139 1038 2195 in
1090 2159 1174 2207 se,
1207 2160 1321 2198 non
1354 2144 1700 2200 morabitur.
1737 2148 1854 2203 Ista

185 2228 284 2280 est
312 2224 470 2279 enim
503 2225 686 2291 salus,
720 2227 789 2281 de
820 2245 935 2300 qua
966 2229 1108 2284 dicit
1155 2231 1400 2303 angelus
1449 2234 1519 2287 ad
1554 2234 1797 2290 Mariam
1834 2254 1847 2291 :

186 2304 389 2385 «Ipse
444 2308 672 2370 salvum
731 2316 903 2371 faciet
960 2318 1241 2390 populum
1301 2339 1475 2376 suum
1528 2340 1561 2377 a
1599 2324 1851 2395 peccatis

185 2418 396 2458 eorum
422 2400 624 2474 (Matth.
661 2404 721 2475 ι).
758 2426 785 2454 ››
828 2429 855 2454 ‹‹
901 2406 1062 2461 Dabo
1101 2409 1157 2463 in
1200 2409 1338 2465 Sion
1372 2410 1645 2482 salutem,
1682 2436 1707 2461 υ
1740 2412 1848 2478 vel,

188 2494 261 2546 ut
292 2481 677 2564 Septuaginta
726 2494 1017 2561 dixerunt,
1052 2496 1394 2553 salutarem.
1424 2521 1451 2547 «
1483 2500 1550 2554 Et
1584 2481 1639 2555 in
1676 2502 1849 2557 Israel

194 2578 447 2652 gloriam
498 2597 710 2635 meam.
750 2604 777 2630 ››
816 2584 952 2639 Sion
985 2588 1041 2639 et
1074 2586 1248 2641 Israel
1281 2604 1464 2641 unum
1492 2588 1848 2661 signiﬁcant.

193 2668 360 2724 Dabo
381 2669 623 2741 (inquit)
646 2671 703 2727 in
729 2671 864 2727 Sion
888 2672 1265 2742 salutem,vel
1300 2676 1642 2744 salutarem,
1662 2679 1849 2735 ﬁlium

192 2766 398 2813 meum
432 2758 504 2814 de
534 2775 651 2831 quo
672 2760 799 2832 jam
854 2762 1128 2834 superius
1183 2763 1438 2820 diximus
1469 2767 1744 2839 angelum
1775 2770 1847 2823 ad

192 2845 446 2905 Mariam
478 2864 607 2905 esse
636 2848 922 2905 locutum.
948 2852 1017 2906 Et
1047 2852 1118 2907 de
1151 2868 1265 2924 quo
1299 2853 1532 2909 Simeon
1569 2874 1582 2911 :

192 2938 346 2991 runt‘
367 2935 605 3007 (inquit)
633 2937 786 2992 oculi
834 2939 947 2995 mei
998 2940 1266 2996 Salutare
1310 2946 1477 2997 tuum
1512 2945 1661 3012 (Luc.
1698 2948 1782 3014 ιι).
1817 2968 1845 2996 ››

190 3023 361 3089 Quod
419 3028 615 3095 autem
676 3025 881 3081 addit:
917 3031 985 3082 Et
1029 3027 1087 3081 in
1131 3029 1305 3083 Israel
1351 3029 1597 3102 gloriam
1631 3050 1844 3102 meam,

189 3111 350 3167 idem
382 3116 489 3181 est,
524 3112 664 3186 quia
709 3113 895 3187 gloria
944 3117 1042 3172 Dei
1096 3117 1284 3173 Patris
1329 3118 1509 3174 Filius
1541 3126 1629 3176 est
1661 3138 1675 3176 :
1710 3121 1847 3194 quia

189 3200 395 3256 omnia
443 3214 571 3272 quaa
622 3202 757 3257 fecit
796 3204 867 3259 ad
896 3204 1133 3262 laudem
1163 3211 1219 3261 et
1250 3206 1496 3279 gloriam
1526 3209 1627 3264 Dei
1660 3210 1847 3266 Patris

187 3288 331 3362 egit,
382 3289 587 3345 dicens
619 3307 632 3345 :
664 3313 693 3341 ‹‹
729 3292 898 3348 Pater
954 3294 1012 3349 in
1073 3312 1165 3350 me
1227 3313 1472 3353 manens
1524 3298 1649 3370 ipse
1709 3299 1846 3355 facit

186 3394 371 3450 opera
426 3380 602 3447 (Joan.
635 3381 773 3453 xtv).
811 3404 838 3431 »
889 3383 1020 3439 Haec
1079 3389 1275 3440 autem
1334 3386 1535 3441 referri
1594 3372 1913 3459 possuntC

186 3466 526 3539 specialiter
567 3469 638 3523 ad
690 3469 1053 3526 Hierusalem
1087 3477 1143 3528 et
1170 3474 1424 3541 Judacos,
1457 3476 1516 3531 in
1545 3474 1662 3549 qua
1690 3483 1748 3534 et
1775 3496 1845 3534 ex

185 3555 406 3627 quibus
439 3559 601 3612 ortus
631 3561 739 3613 est.
786 3559 1144 3616 Generaliter
1187 3567 1382 3618 autem
1434 3566 1503 3620 ad
1540 3566 1841 3623 universa-

185 3643 304 3700 lem
345 3644 685 3714 Ecclesium,
721 3665 849 3720 quas
882 3650 939 3705 in
973 3650 1087 3705 ﬁde
1118 3651 1332 3707 Christi
1365 3655 1611 3711 fundata
1640 3662 1750 3725 est,
1785 3662 1843 3713 et

183 3733 247 3788 in
278 3734 517 3807 speculo
548 3736 762 3792 mentis
793 3738 1051 3794 coelestia
1081 3741 1529 3813 contemplatur.

769 3878 1003 3935 CAPUT
1040 3880 1256 3938 XLVII.

259 4024 287 4052 ι(
312 4000 628 4073 Descende,
654 4004 791 4060 sede
811 4003 867 4059 in
890 4004 1147 4076 pulvere,
1167 4006 1329 4080 virgo
1358 4008 1476 4063 {ilia
1499 4010 1777 4082 Babylon.
1806 4036 1834 4063 »

182 4091 483 4147 Hactenus
502 4091 573 4146 de
593 4091 813 4147 Judaais
835 4097 893 4147 et
912 4093 1162 4149 adventu
1186 4096 1434 4167 Domini,
1458 4115 1613 4153 nunc
1634 4104 1838 4156 contra

180 4177 538 4251 Babylonem
589 4179 849 4252 loquitur
878 4185 936 4237 et
965 4180 1287 4254 Chaldaaos,
1321 4184 1430 4240 sub
1462 4203 1711 4257 persona
1740 4205 1834 4244 ca-

178 4266 351 4338 ptivae
384 4265 650 4323 mulieris
680 4285 807 4341 quae
841 4270 1138 4341 quondam
1179 4272 1380 4344 regina
1409 4273 1539 4339 fuit,
1574 4290 1700 4346 quae
1732 4292 1832 4348 po-

178 4353 393 4427 pulum
422 4356 551 4427 ejus
579 4355 873 4413 interfecit
911 4374 1056 4429 pene
1085 4360 1447 4430 universum,
1480 4367 1539 4418 et
1568 4365 1835 4421 residuos

174 4441 351 4516 gravi,
400 4444 734 4515 captivitate
780 4447 1092 4517 oppressit.
1127 4447 1444 4516 Descende,
1477 4468 1509 4506 ο
1553 4452 1832 4525 Babylon,

177 4530 572 4602 desuperbia
618 4537 741 4597 tua,
773 4537 833 4588 et
861 4533 931 4589 de
963 4534 1109 4590 solio
1142 4536 1410 4607 potentiae
1444 4542 1577 4605 tute,
1611 4542 1745 4597 sedc
1772 4542 1829 4597 in

173 4618 415 4691 pulvere
441 4620 595 4675 sicut
622 4620 869 4694 captiva.
904 4622 1049 4679 Filia
1081 4624 1337 4697 Babylon
1371 4627 1701 4699 appellatur
1731 4630 1843 4686 illa

1617 2880 1645 2905 ‹‹
1677 2856 1848 2912 Vide-
1882 2856 1905 2867 “’

1966 737 2081 774 non
2115 724 2380 791 tangant.
2415 721 2663 795 Ideoque
2697 725 2807 779 sub
2839 728 3031 798 specie
3063 730 3297 803 reginae,
3330 734 3423 789 vel
3451 737 3620 792 nobi-

1964 807 2038 864 lis
2069 808 2554 875 mulieris,sermo
2587 812 2821 870 divinus
2856 815 2968 871 ista
2997 816 3259 891 loquitur
3278 821 3349 876 ad
3384 823 3621 899 Babylo-

1966 914 2119 952 nem.

2008 1027 2063 1079 ‘(t
2099 1002 2260 1059 Tolle
2320 1005 2559 1074 molam,
2595 1013 2650 1063 et
2682 1009 2833 1067 mole
2866 1012 3112 1070 farinam
3149 1039 3175 1064 ››
3209 1016 3463 1076 dominis
3498 1021 3618 1079 tuis

1966 1092 2150 1146 Medis
2183 1098 2239 1147 et
2282 1094 2471 1149 Persis
2525 1097 2737 1169 Magna
2778 1100 3035 1173 miseria,
3068 1108 3133 1159 ut
3182 1106 3380 1179 regina
3429 1126 3615 1182 quon-

1941 1182 2096 1235 dam
2159 1182 2337 1236 molat
2394 1184 2640 1241 farinam
2678 1204 2690 1242 :
2725 1190 2879 1259 quod
2921 1196 3010 1245 est
3054 1194 3211 1248 durae
3262 1198 3616 1269 captivitatis

1961 1275 2016 1326 et
2040 1277 2307 1326 extremae
2340 1274 2639 1329 servitutis
2672 1275 3149 1337 indicium.Dicit
3174 1283 3379 1341 beatus
3413 1288 3612 1344 Hiero.

1962 1360 2342 1431 nymus,quia
2374 1361 2629 1418 molendi
2652 1365 2910 1422 ofﬁcium
2936 1367 3046 1425 isto
3074 1370 3281 1429 inloco
3302 1376 3373 1430 ad
3398 1378 3615 1434 coitum

1965 1453 2154 1519 potest
2186 1449 2407 1517 referri,
2443 1455 2507 1505 ut
2539 1452 2613 1506 sit
2645 1470 2854 1509 sensus
2888 1472 2901 1511 :
2936 1456 3097 1514 Tolle
3142 1460 3357 1517 molam
3383 1468 3439 1519 et
3467 1467 3618 1522 mole

1962 1536 2299 1603 farinam,id
2333 1542 2442 1603 est,
2477 1540 2666 1611 prmbe
2693 1542 2912 1598 coitum
2946 1545 3263 1604 victoribus
3286 1552 3403 1607 tuis
3435 1554 3620 1611 Medis

1961 1630 2019 1680 et
2068 1625 2280 1696 Persis,
2313 1626 2413 1698 qui
2462 1628 2875 1685 ferventissimi
2923 1640 3065 1689 sunt
3112 1637 3185 1691 ad
3234 1638 3475 1711 coitum.
3518 1642 3617 1698 Se-

1961 1715 2398 1771 cundumhunc
2423 1734 2663 1772 sensum
2697 1719 2903 1775 dicunt
2932 1722 3154 1778 Hebraei
3190 1725 3336 1783 illud
3368 1732 3523 1800 quod
3556 1731 3617 1788 in

1960 1802 2237 1891 Judicum
2287 1803 2436 1861 libro
2468 1807 2621 1875 (Iud.
2658 1810 2714 1877 x)
2745 1809 2816 1863 de
2858 1810 3107 1867 Samson
3158 1812 3425 1885 habetur,
3460 1821 3615 1891 quod

1968 1890 2281 1946 Philistiim
2357 1910 2492 1948 eum
2540 1894 2792 1951 emolere
2848 1898 3132 1969 fecerunt,
3194 1902 3248 1957 id
3310 1910 3419 1973 est,
3478 1890 3614 1964 cum

1962 1979 2309 2056 moulieribus
2371 1998 2611 2037 suarum
2674 1985 2941 2057 gentium
2990 1991 3378 2049 concumbere
3410 2012 3613 2070 coege-

1962 2073 2119 2135 runt,
2155 2072 2220 2122 ut
2249 2087 2315 2125 ex
2360 2068 2459 2125 illo
2509 2072 2878 2144 susciperent
2930 2093 3155 2150 magna:
3214 2084 3451 2138 statura:
3510 2068 3612 2142 ho-

1962 2173 2172 2213 IIIIDCS.

2034 2290 2059 2314 ‹‹
2105 2256 2346 2320 Denuda
2399 2267 2851 2338 turpitudinem,
2886 2294 2914 2321 »
2950 2271 3007 2326 id
3066 2279 3175 2341 est,
3234 2276 3488 2348 vulvam,
3551 2284 3616 2336 ut

1960 2358 2157 2425 pateat
2187 2353 2418 2409 libidini
2440 2356 2675 2412 victoris
2698 2360 2803 2413 tui.
2833 2382 2860 2409 ‹‹
2884 2361 3216 2436 Discoopcri
3240 2366 3613 2439 humerum,»

1960 2447 2025 2496 ut
2056 2460 2342 2514 appareas
2386 2461 2515 2499 esse
2574 2445 2805 2501 mulier.
2842 2470 2867 2497 ‹‹
2903 2449 3111 2506 Revela
3142 2471 3313 2510 crura
3335 2461 3455 2524 tua,
3487 2480 3515 2508 ››
3550 2464 3616 2515 ut

1961 2532 2334 2602 prostituaris
2385 2549 2419 2586 a
2469 2533 2587 2589 tuis
2646 2535 3167 2607 depraadatoribus.
3219 2543 3321 2598 Vel
3378 2547 3451 2601 ad
3506 2546 3616 2603 hoc

1960 2620 2165 2685 revela,
2202 2642 2229 2668 ‹‹
2266 2625 2330 2674 ut
2376 2625 2641 2678 transeas
2702 2623 2967 2695 flumina,
3005 2650 3033 2676 ››
3064 2629 3287 2702 Tigrin,
3349 2632 3615 2691 videlicet

1958 2711 2015 2761 et
2046 2707 2378 2779 Euphraten
2411 2726 2477 2765 ac
2522 2710 2773 2777 Chobar,
2806 2719 2864 2768 et
2914 2732 3013 2770 eas
3070 2717 3129 2771 in
3188 2720 3607 2792 captivitatem.

1958 2796 2159 2851 Solent
2200 2797 2355 2851 enim
2408 2798 2685 2855 mulieres
2732 2802 3032 2859 denudare
3061 2823 3233 2862 crura
3262 2808 3322 2863 in
3357 2812 3609 2868 transitu

1958 2885 2293 2951 ﬂuminum,
2348 2892 2412 2941 ut
2458 2904 2661 2942 earum
2722 2891 3071 2948 vestimenta
3127 2897 3298 2967 aquis
3328 2916 3445 2955 non
3478 2905 3606 2957 tan-

1956 2980 2189 3045 gantur.

2027 3103 2055 3129 ‹‹
2092 3080 2462 3136 Revelabitur
2511 3082 2836 3154 ignominia
2885 3089 3006 3154 tua,
3041 3109 3079 3151 ››,
3104 3090 3475 3163 subauditur,
3509 3114 3604 3153 co—

1955 3185 2080 3222 ram
2138 3168 2408 3226 hostibus
2464 3171 2583 3225 tuis
2630 3187 2643 3225 :
2704 3191 2725 3219 ι
2759 3177 2817 3228 et
2873 3175 3166 3233 videbitur
3221 3180 3603 3253 opprobrium

1955 3261 2146 3324 tuum,
2184 3280 2211 3307 ››
2243 3258 2301 3313 id
2334 3264 2442 3325 est,
2503 3259 2764 3327 miseria,
2817 3268 2876 3318 et
2932 3267 3286 3338 captivitatis
3334 3272 3599 3345 malum;

1953 3369 1981 3396 α
2016 3346 2296 3402 ultionem
2346 3349 2597 3421 capiam,
2632 3371 2659 3398 »
2692 3352 2997 3421 subaudis,
3030 3370 3099 3410 ex
3138 3361 3215 3427 te,
3250 3358 3307 3413 id
3337 3366 3446 3428 est,
3477 3364 3600 3419 vin-

1952 3433 2158 3491 dicabo
2216 3437 2498 3509 populum
2551 3454 2796 3495 meum:
2840 3463 2869 3491 ‹‹
2901 3445 2958 3497 et
3006 3460 3123 3500 non
3175 3449 3408 3505 resistet
3454 3454 3599 3508 mihi

1951 3523 2148 3592 homo,
2175 3548 2201 3574 ››
2232 3526 2540 3596 subaudis,
2574 3545 2763 3601 neque
2796 3530 3040 3604 angelus
3088 3536 3188 3607 qui
3232 3543 3441 3609 praeest
3471 3540 3599 3611 tibi,

1951 3628 2140 3685 neque
2199 3615 2484 3686 propheta
2532 3616 2579 3670 si
2627 3634 2719 3672 me
2772 3622 3059 3691 rogaverit
3110 3640 3213 3696 pro
3261 3625 3603 3691 liberatione

1950 3705 2072 3770 tua,
2107 3702 2261 3758 sicut
2292 3704 2482 3759 Moses
2513 3706 2810 3776 quondam
2843 3708 2899 3762 in
2933 3726 3129 3767 eremo
3178 3719 3414 3785 quando
3444 3720 3601 3776 volui

1948 3788 2139 3846 delere
2205 3791 2488 3863 populum
2564 3794 2693 3863 ejus
2752 3795 2942 3866 (Exod.
3002 3800 3234 3871 xxxvn).
3293 3804 3364 3860 Et
3419 3822 3601 3877 quare

1946 3879 2137 3933 veniet
2180 3880 2283 3933 tibi
2337 3879 2489 3934 hoc?
2526 3881 2674 3945 Quia
2702 3884 2760 3936 et
2790 3883 2838 3938 si
2871 3886 3114 3958 praecepi
3147 3884 3212 3943 ut
3265 3892 3598 3951 verberares

1947 3972 2005 4022 et
2021 3962 2311 4039 atlligeres
2343 3968 2625 4039 populum
2648 3984 2867 4039 meum,
2888 3988 3002 4027 non
3027 3975 3302 4045 imperavi
3340 3984 3403 4033 ut
3433 3982 3596 4052 peni-

1946 4059 2045 4111 tus
2075 4057 2408 4112 destrueres
2439 4061 2496 4110 et
2526 4057 2821 4114 occideres
2844 4068 3032 4132 usque
3060 4064 3133 4118 ad
3164 4060 3379 4121 solum.

2020 4185 2047 4213 ‹‹
2081 4162 2433 4234 Redemptor
2452 4161 2736 4218 Dominus
2759 4169 2956 4220 noster
2983 4164 3593 4245 exercituum,nomen

1943 4250 2101 4306 illius
2132 4255 2374 4305 sanctus
2423 4249 2621 4306 Israel.
2658 4273 2684 4301 ››
2715 4252 2837 4308 Vox
2897 4255 3095 4328 populi
3151 4263 3492 4318 revertentis
3523 4265 3594 4333 de

1944 4338 2300 4411 capitivitate
2322 4343 2455 4410 post
2486 4340 2862 4413 septuaginta
2889 4360 3097 4401 annos.
3132 4346 3483 4421 Redemptor
3510 4350 3595 4408 in;

1924 4428 2157 4500 -quiunt
2217 4433 2417 4483 noster
2474 4427 2760 4485 Dominus
2813 4434 3173 4490 exercituum
3224 4443 3335 4505 est,
3366 4438 3425 4493 id
3480 4444 3590 4508 est,

1942 4517 2097 4572 Deus
2130 4515 2472 4588 angelorum
2504 4521 2561 4571 et
2589 4517 2921 4588 hominum,
2953 4522 3053 4594 qui
3102 4541 3208 4581 nos
3248 4527 3318 4582 de
3351 4522 3590 4601 captivi-

1940 4609 2061 4661 tate
2118 4604 2439 4660 durissima
2499 4607 2790 4662 redemit:
2831 4630 2851 4657 α
2887 4610 3109 4667 Nomen
3160 4613 3318 4670 illius
3350 4621 3591 4674 sanctus

171 4706 349 4779 1,1ng
375 4711 437 4764 et
457 4692 736 4780 Populus},
765 4709 906 4780 quia
932 4709 994 4765 in
1026 4692 1317 4784 Babylbne
1374 4692 1493 4770 ηὶλὶί
1554 4722 1712 4785 sunt,
1742 4719 1829 4774 vel
1860 4740 1909 4804 ι)
1942 4693 2141 4804 Israel.
2164 4718 2188 4741 ››
2212 4692 2313 4793 Ille
2338 4695 2569 4804 proprie
2590 4699 2679 4750 est
2700 4701 2961 4804 sanctus,
2996 4702 3095 4772 qui
3116 4702 3267 4804 dicit
3292 4720 3303 4759 :
3341 4724 3362 4752 ι
3389 4705 3586 4804 Sancti

170 4795 354 4853 etiam
385 4797 525 4868 quia
554 4815 589 4853 a
618 4797 734 4865 Deo
767 4798 903 4854 facti
934 4804 1095 4855 sunt.
1145 4801 1321 4875 Virgo
1352 4804 1681 4875 appellatur
1710 4824 1825 4863 non

2022 4787 2140 4849 ote,
2193 4787 2333 4853 quia
2381 4788 2439 4837 et
2487 4799 2592 4855 ego
2641 4790 2881 4841 sanctus
2931 4804 3061 4844 sum
3109 4792 3250 4860 (Leu.
3287 4810 3362 4860 ιι,
3408 4797 3522 4865 xx).
3558 4820 3585 4845 υ

169 4888 412 4956 propter
440 4885 835 4961 integritatem
866 4888 1101 4956 mentis,
1135 4890 1235 4946 sed
1252 4870 1507 4964 propter
1561 4894 1825 4951 infecun-
1935 4871 2004 4925 Et
2035 4871 2159 4941 ipse
2190 4870 2519 4925 Sanamem
2548 4878 2850 4943 Sperantes
2881 4875 2940 4931 in
2973 4894 3056 4933 39'

167 4973 417 5043 ditatem
444 4975 733 5041 bonorum
760 4978 1272 5051 operum.Propter
1302 4983 1458 5052 quod
1489 4983 1703 5039 dicitur
1729 4986 1778 5040 ei
1809 5002 1820 5041 :
2013 4996 2033 5023 ε
2070 4975 2236 5041 δεάον
2272 4978 2418 5042 ἴδεθ’
2452 4981 2511 5031 et
2538 4976 2693 5033 intra
2726 4980 2781 5034 in
2814 4982 3102 5053 tenebraS,
3138 4985 3258 5043 ﬁlia
3286 4987 3582 5049 Chaldaeo-

166 5084 197 5111 ‹‹
233 5062 383 5117 Sede
416 5062 473 5118 in
504 5066 660 5120 terra
694 5088 719 5113 υ
752 5069 816 5119 ut
844 5065 1079 5138 ancilla,
1108 5068 1199 5123 vel
1246 5068 1497 5126 humilia
1526 5076 1600 5128 te,
1635 5096 1662 5123 «
1698 5074 1822 5130 Non
1935 5083 2086 5120 rum.
2124 5087 2150 5113 »
2185 5064 2512 5119 Revertitur
2566 5066 2778 5123 iterum
2828 5071 2899 5125 ad
2951 5070 3324 5146 Babylonem,
3359 5084 3418 5135 et
3447 5080 3585 5138 facit

164 5153 258 5205 est
288 5150 502 5207 solium
536 5152 718 5226 regni,
756 5176 782 5201 n
815 5153 925 5209 hoc
956 5159 1065 5223 est,
1098 5173 1216 5212 non
1256 5162 1345 5213 est
1379 5159 1507 5231 jam
1566 5162 1822 5234 dignitas
1932 5153 2381 5211 translationem
2413 5155 2483 5209 de
2511 5155 2737 5244 civitate
2769 5159 2840 5213 ad
2875 5160 3174 5234 mulieres,
3195 5171 3252 5222 et
3281 5168 3350 5223 de
3380 5172 3582 5244 regina

164 5241 238 5313 et.
272 5228 535 5311 potentia
591 5242 895 5315 regnandi.
930 5267 955 5293 ‹‹
990 5243 1143 5299 Filia:
1201 5228 1660 5317 Chaldl'eorum,w
1683 5250 1822 5323 quia
1932 5245 2229 5318 quondam
2289 5244 2358 5297 ad
2423 5243 2695 5300 ῖιηθῘΠίιῐη
2756 5248 3040 5305 ΟῙΓΟοῑαῐη·
3076 5228 3271 5310 Etvcst
3315 5228 3574 5317 sensus:

163 5325 320 5382 ultra
368 5345 483 5384 non
542 5330 842 5385 vocaberis
899 5330 1094 5386 mollis
1153 5337 1210 5388 et
1258 5337 1475 5404 tenera,
1511 5360 1538 5387 ››
1575 5337 1681 5394 hoc
1708 5345 1816 5407 est,
1928 5331 2184 5399 Sede,id
2218 5335 2324 5400 est,
2355 5330 2605 5387 humilia
2660 5339 2735 5390 te.
2783 5338 2953 5408 Tace,
2987 5341 3293 5399 considera
3345 5340 3579 5406 calami-

160 5412 415 5472 delicata
432 5412 737 5475 et-deliciis
767 5419 1055 5476 afﬂuens:
1088 5420 1174 5476 vel
1205 5421 1378 5478 etiam
1421 5429 1486 5480 ut
1515 5426 1653 5482 hinc
1681 5426 1817 5484 inde
1926 5427 2107 5478 tatem
2143 5420 2516 5509 tuamrsicut
2573 5420 2763 5479 solent
2820 5424 3087 5484 homines
3136 5431 3331 5490 tristes
3381 5454 3571 5509 agere.

160 5498 513 5564 sustenteris
543 5506 759 5565 auxilio
790 5508 1153 5565 diversarum
1179 5510 1463 5583 gentium,
1490 5515 1658 5585 quasi
1690 5532 1813 5571 ma-
1926 5513 2085 5568 Intra
2115 5509 2171 5563 in
2208 5508 2474 5564 tenebras
2507 5526 2578 5563 ne
2620 5509 2813 5567 videat
2868 5513 3083 5588 aliquis
3143 5514 3571 5593 turpitudinem

157 5588 336 5649 nibus
358 5586 729 5677 ancillarum.
764 5597 963 5653 Solent
993 5598 1203 5670 regina:
1236 5604 1293 5654 et
1324 5600 1547 5657 nobiles
1572 5621 1815 5677 quaeque
1922 5605 2106 5656 tuam.
2128 5595 2274 5652 Filia
2302 5596 2701 5653 Chaldwot‘um
2735 5586 3125 5676 dicitur,vquia
3150 5586 3401 5666 Chaldaei
3433 5631 3569 5670 con-

156 5674 437 5766 mulie'r'es
469 5682 606 5739 hinc
638 5685 773 5742 inde
803 5686 1117 5742 sustentari
1142 5688 1418 5744 manibus
1440 5674 1809 5761 ancillarum,
1922 5689 2261 5746 struxerunt
2283 5686 2547 5741 eamdem
2570 5687 2960 5747 civitatem.Et
2980 5710 3160 5766 quare
3182 5696 3289 5754 hoc
3309 5700 3337 5755 ?
3369 5725 3395 5752 ‹‹
3422 5703 3570 5771 Quia

151 5752 399 5841 insuper
445 5774 504 5826 et
554 5762 903 5829 servorum:
949 5773 1030 5830 ita
1086 5779 1153 5829 ut
1210 5778 1374 5831 terra:
1431 5778 1526 5835 vix
1578 5780 1809 5852 plantas
1919 5796 2036 5835 non
2065 5773 2362 5833 vocaberis
2393 5773 2546 5831 ultra
2575 5776 2817 5834 domina
2847 5797 3229 5856 regnorum,»
3255 5780 3562 5861 subaudis,
