3944 6436
1466 339 1811 401 COMEEN‘I‘.
1857 340 1925 398 IN
1966 342 2126 400 GEN.

3409 361 3519 416 230

107 481 181 522 eos
215 466 271 520 in
297 477 599 521 carcerem
632 465 694 521 in
735 481 850 538 quo
879 471 1011 523 erat
1044 474 1279 524 vinctus
1320 474 1375 525 et
1403 466 1643 539 Joseph,
1678 471 1736 523 et
1763 471 1810 523 A
1845 474 1985 525 sunt
2027 469 2101 527 de
2123 470 2455 540 femoribus
2476 472 2691 531 Jacob:
2724 474 2872 550 quid
2902 476 3400 551 respondendum
3430 494 3521 547 est

104 562 288 611 cratera
318 569 639 628 usquequo
692 556 774 611 ait
802 555 1086 611 fratribus
1118 557 1243 612 suis
1269 574 1281 612 :
1316 558 1445 627 Ego
1474 573 1605 614 sum
1633 557 1733 612 Jo—

1845 556 1929 613 eis
1958 560 2059 631 qui
2100 560 2215 617 hoc
2263 562 2609 620 testimonio
2641 566 3000 622 conﬁrmare
3043 569 3314 627 nituntur
3342 588 3379 628 a
3416 588 3520 646 pa-

105 644 245 715 seph,
275 658 443 716 quem
490 645 847 701 vendidistis
900 645 965 702 in
1024 646 1393 717 zEgyptum.
1441 646 1544 701 Hic
1576 646 1737 702 enim
1843 649 2112 704 rentibus
2141 651 2321 706 simul
2350 653 2586 709 animas
2619 670 2758 710 cum
2782 655 3135 729 corporibus
3165 644 3520 733 propagari?

104 732 398 807 spiritalem
426 732 882 802 intelligentiam
926 736 1456 807 przetermittimus,
1499 736 1649 792 sicut
1676 736 1739 790 in

103 822 424 895 pradatione
455 823 868 895 praediximus,
898 828 958 879 et
984 823 1353 881 historialem
1377 824 1739 880 intellectum

103 912 359 985 prosequi
415 912 684 980 nitimur,
725 928 801 969 ne
841 914 1095 969 modum
1135 913 1318 970 libelli
1349 915 1736 970 excedamus.

104 1002 340 1074 Denique
380 1002 675 1074 queri'ur,
733 1002 902 1058 salvo
937 1002 1231 1076 spirituali
1274 1003 1592 1067 intellectu,
1636 1019 1742 1059 cur

102 1090 325 1160 gentiles
356 1091 639 1146 homines
694 1092 935 1147 fuerunt
963 1092 1024 1148 in
1055 1108 1293 1149 carcere
1325 1109 1465 1149 cum
1496 1086 1738 1166 loseph,

100 1185 150 1234 et
195 1180 485 1252 praesagia
542 1181 881 1237 futurorum
943 1181 1268 1239 viderunt?
1310 1185 1437 1239 Non
1479 1199 1589 1257 pro
1618 1182 1743 1238 suis

100 1269 320 1335 meritis,
346 1270 448 1325 sed
480 1275 546 1326 ut
568 1270 1066 1340 magniﬁcaretur
1092 1274 1337 1345 Ioseph,
1369 1276 1426 1329 et
1459 1271 1743 1329 manifes-

101 1362 298 1414 taretur
327 1360 433 1431 qui
458 1359 703 1416 latebat.

159 1449 293 1512 Quae
323 1452 463 1504 sunt
489 1453 607 1504 tres
637 1450 1003 1523 propagines
1019 1451 1047 1505 ?
1066 1453 1204 1507 Tres
1219 1450 1586 1524 propagines
1606 1454 1748 1506 sunt

98 1538 203 1591 tres
226 1538 393 1593 rami.

162 1626 271 1681 Cur
296 1627 533 1683 Pharao
560 1628 656 1685 vel
688 1629 952 1685 Herodes
983 1630 1112 1685 dies
1136 1630 1459 1686 nativitatis
1490 1646 1613 1685 suae
1635 1630 1744 1686 ho-

96 1714 325 1771 noribus
354 1716 603 1772 festivos
656 1718 1042 1774 habuerunt?
1083 1722 1163 1775 Eo
1187 1719 1356 1791 quod
1387 1723 1749 1792 putaverunt

1846 738 2093 794 Animas
2121 740 2280 796 enim
2312 740 2505 797 dictas
2528 758 2639 814 pro
2665 743 3040 814 hominibus,
3065 762 3102 802 a
3128 752 3296 820 parte
3328 754 3519 806 totum

1849 825 2229 895 signiﬁcante
2257 828 2580 897 locutione,
2612 830 2815 888 nullus
2837 832 3017 891 debet
3043 832 3337 894 dubitare.
3419 899 3427 906 ,

1920 917 2087 971 Vens.
2124 916 2204 972 15.
2237 949 2308 958 —
2336 920 2424 973 Hi
2455 920 2574 986 ﬁlii
2601 920 2746 986 Liae,
2771 936 2916 993 quos
2936 925 3145 993 genuit
3166 926 3229 980 in
3258 926 3523 998 Mesopo-

1851 1006 2036 1060 tamia
2059 1006 2253 1074 Syria:
2279 1022 2411 1062 cum
2430 1008 2628 1079 Dina;
2652 1012 2873 1067 anima:
2889 1012 3158 1079 ﬁliorum
3180 1018 3235 1071 et
3249 1016 3518 1084 ﬁliarum

1852 1094 2110 1163 triginta
2130 1101 2268 1153 tres.
2300 1097 2582 1169 Nunquid
2608 1097 2738 1154 istae
2771 1114 2986 1155 omnes
3002 1101 3288 1173 tringinta
3320 1111 3375 1161 et
3401 1112 3517 1162 tres

1853 1182 2071 1237 animae
2116 1201 2188 1239 ex
2222 1184 2319 1241 Lia
2377 1186 2435 1240 in
2477 1189 2910 1259 Mesopotamia
2952 1190 3135 1262 Syriis
3165 1199 3321 1249 natae
3355 1201 3516 1262 sunt,

1853 1270 2003 1327 dum
2042 1271 2125 1327 ibi
2153 1273 2340 1330 Iacob
2371 1288 2494 1330 non
2534 1275 2673 1348 plus
2703 1276 2910 1347 viginti
2936 1281 3111 1335 annis
3140 1297 3280 1339 cum
3310 1299 3519 1341 socero

1857 1376 1969 1416 suo
1999 1367 2270 1418 moratus
2301 1366 2411 1431 est,
2445 1366 2501 1419 et
2528 1369 2757 1437 septem
2792 1366 2936 1422 anni
2966 1370 3332 1427 transierunt
3352 1378 3518 1429 ante-

1854 1465 2041 1523 quam
2082 1452 2245 1507 Liam
2275 1466 2525 1509 uxorem
2554 1450 2854 1510 duxisset?
2876 1455 3013 1512 Ideo
3052 1456 3231 1514 etiam
3259 1460 3520 1534 Scriptu-

1853 1555 1921 1595 ra
1953 1545 2167 1596 sancta
2213 1542 2326 1596 hos
2359 1558 2572 1597 omnes
2627 1543 2688 1598 in
2727 1545 3159 1619 Mesopotamia
3189 1552 3352 1604 ortos
3385 1565 3519 1606 esse

1855 1627 2019 1696 dixit,
2052 1629 2345 1702 quoniam
2371 1646 2581 1688 eorum
2608 1637 2809 1705 patres
2839 1634 2923 1689 ibi
2953 1637 3064 1691 orti
3095 1641 3253 1693 sunt.

1929 1718 2094 1774 Vsus.
2128 1716 2312 1775 26.27.
2342 1748 2409 1760 --
2439 1719 2493 1774 Si
2517 1722 2834 1791 sexaginta
2856 1727 2913 1777 et
2963 1736 3065 1778 sex
3101 1729 3242 1781 sunt
3269 1741 3405 1799 quae
3434 1724 3523 1781 in-

95 1805 245 1876 quod
290 1806 439 1862 liora
483 1808 809 1863 nativitatis
834 1824 1050 1865 eorum
1083 1826 1146 1864 se
1190 1809 1528 1865 ordinasset
1556 1809 1615 1864 in
1658 1824 1745 1865 re-
1778 1824 1816 1878 Β
1857 1823 2075 1877 gressae
2102 1814 2241 1864 sunt
2270 1807 2487 1866 anima:
2520 1827 2658 1866 cum
2691 1812 2874 1867 Iacob
2896 1812 2955 1867 in
2981 1814 3334 1888 Egyptum,
3362 1816 3519 1871 etibi

97 1909 288 1963 gnum,
310 1896 569 1952 similem
598 1913 727 1953 rem
774 1896 1060 1953 facientes
1090 1898 1479 1965 adorationis,
1512 1903 1575 1954 ut
1602 1898 1745 1953 dici-

98 1985 199 2051 tur,
227 2000 489 2057 quorum
538 1991 667 2043 erat
714 2002 825 2059 par
861 1988 1162 2060 impietas,
1209 1992 1361 2043 esset
1401 1992 1460 2042 et
1488 2003 1611 2043 una
1655 2002 1747 2043 so-

96 2071 373 2130 lemnitas.

159 2164 300 2228 Quid
327 2170 419 2221 est
435 2165 609 2238 quod
636 2166 871 2222 Pharao
900 2166 1082 2222 dixit:
1115 2169 1418 2224 Putabam
1447 2184 1540 2224 me
1567 2184 1748 2238 super

93 2253 322 2320 [luvium
352 2260 520 2311 stare
541 2259 570 2310 ?
614 2254 678 2311 Id
706 2259 798 2310 est
826 2256 993 2327 quod
1022 2260 1080 2312 et
1108 2256 1169 2311 in
1201 2256 1320 2312 alio
1366 2257 1499 2313 loco
1531 2258 1747 2313 dicitur

95 2340 149 2395 in
175 2344 379 2398 Genesi
410 2363 424 2399 :
449 2344 608 2401 Ecce
650 2360 756 2415 ego
795 2360 979 2415 super
1004 2346 1232 2416 fontem
1262 2353 1373 2403 sto.
1407 2354 1599 2419 Atque
1630 2349 1745 2403 hoc

95 2445 292 2499 genere
321 2434 644 2490 locutionis
673 2440 732 2490 et
757 2435 819 2489 in
870 2436 1107 2507 psalmo
1154 2436 1411 2491 dicitur:
1448 2437 1564 2504 Qui
1598 2439 1742 2507 fun-

93 2521 243 2577 davit
298 2530 532 2580 terram
584 2538 768 2593 super
822 2540 1044 2597 aquam
1086 2526 1273 2595 (Psal.
1315 2540 1477 2592 xxut,
1506 2527 1581 2597 2).
1617 2530 1744 2581 Non

94 2616 369 2680 cogantur
404 2613 692 2669 homines
720 2618 927 2685 putare
953 2631 966 2668 :
995 2614 1288 2670 Fundavit
1316 2619 1537 2671 terram
1566 2631 1747 2687 super

94 2716 320 2772 aquam.
358 2703 709 2758 Secundum
762 2703 920 2759 hanc
974 2703 1137 2759 enim
1189 2703 1553 2760 locutionem
1589 2710 1745 2760 recte

93 2788 417 2862 intelligitur
468 2791 639 2864 quod
669 2790 845 2847 altior
896 2792 971 2848 sit
1024 2797 1182 2849 terra
1219 2810 1405 2866 quam
1439 2795 1745 2867 aqua;ab

92 2876 172 2934 his
206 2881 431 2954 quippe
464 2882 646 2955 aquis
678 2881 1025 2949 sustollitur,
1057 2882 1163 2939 ubi
1199 2882 1469 2939 habitent
1510 2888 1747 2940 terrena

89 2968 377 3027 animalia.

151 3061 463 3123 Quomodo
503 3058 829 3116 multitudo
877 3059 1120 3130 frugum
1150 3075 1349 3117 arenas
1379 3060 1744 3117 multitudini

1853 1898 2072 1970 Ioseph
2102 1914 2239 1954 cum
2258 1897 2501 1955 duobus
2518 1900 2674 1955 ﬁlius
2693 1900 2816 1956 suis
2844 1899 3122 1959 inventus
3144 1908 3252 1967 est,
3267 1921 3523 1978 quomo-

1854 1987 1933 2042 do
1952 1989 2332 2061 septuaginta
2350 1994 2558 2061 postea
2587 1989 2868 2045 dicuntur
2898 2008 3029 2047 esse
3054 1993 3274 2049 animas
3295 1991 3519 2050 domus

1854 2076 2044 2131 Jacob
2067 2075 2096 2132 7
2125 2078 2262 2149 Ipso
2292 2091 2431 2132 vero
2477 2082 2645 2150 patre
2674 2077 2859 2135 Iacob
2888 2079 3067 2151 quasi
3096 2078 3297 2136 radice
3331 2097 3519 2137 anuu-

1855 2171 2084 2223 merato
2111 2170 2492 2239 septuaginta
2525 2181 2656 2222 esse
2697 2174 3050 2225 noscuntur.

1929 2258 2082 2311 Dum
2123 2256 2284 2325 enim
2324 2256 2385 2311 in
2435 2254 2650 2312 Genesi
2701 2256 2956 2328 legimus
2989 2261 3370 2332 septuaginta
3397 2260 3522 2316 ani-

1856 2360 1992 2401 mas
2015 2362 2146 2400 esse
2169 2346 2388 2401 domus
2409 2344 2613 2413 Jacob,
2646 2347 2957 2419 quomodo
2987 2348 3048 2403 in
3074 2350 3319 2404 Actibus
3347 2365 3522 2422 apos-

1856 2436 2115 2491 tolorum
2144 2434 2358 2490 dicitur
2388 2435 2450 2490 in
2484 2435 2807 2492 animabus
2839 2436 3221 2509 septuaginta
3250 2438 3519 2511 quinque

1854 2524 2237 2580 descendisse
2267 2525 2455 2581 Jacob
2476 2528 2535 2580 in
2562 2525 2893 2599 Egyptum
2910 2527 2937 2581 ζ)
2960 2530 3087 2583 Non
3109 2527 3269 2584 enim
3291 2527 3521 2602 aliquid

1852 2617 2087 2686 poterat
2118 2617 2304 2669 Lucas
2335 2615 2702 2671 contrarium
2733 2615 2991 2671 scribere
3024 2616 3345 2673 adversum
3380 2633 3518 2673 eam

1856 2703 2221 2774 Scripturam
2238 2718 2373 2775 qum
2394 2704 2524 2774 jam
2554 2702 2747 2760 fuerat
2775 2705 3053 2775 gentibus
3083 2704 3428 2777 divulgata;
3456 2708 3523 2763 ut

1854 2792 2059 2865 utique
2112 2793 2360 2863 majoris
2420 2790 2721 2865 opinionis
2771 2793 2872 2849 illo
2917 2793 3211 2851 duntaxat
3253 2802 3521 2869 tempore

1854 2880 2645 2954 septuagintalnterpretum
2673 2880 2971 2938 habeatur
2989 2884 3313 2940 auctoritas
3332 2901 3517 2958 quam

1855 2972 2064 3040 Lucas,
2092 2970 2196 3043 qui
2225 2970 2489 3039 ignotus,
2520 2974 2579 3026 et
2604 2968 2760 3039 vilis,
2796 2976 2853 3027 et
2880 2970 3055 3029 malae
3074 2968 3215 3028 ﬁdei
3243 2973 3305 3029 in
3335 2973 3521 3031 natio-

1850 3058 2034 3113 nibus
2065 3058 2418 3115 ducebatur.
2450 3058 2569 3115 Hoc
2593 3063 2794 3115 autem
2818 3061 3174 3130 generaliter
3189 3061 3521 3118 observan-

94 3151 505 3223 comparatur?
533 3149 688 3215 Quia
716 3149 870 3206 sicut
912 3165 1100 3205 arena
1128 3150 1589 3205 innumerabilis
1632 3154 1740 3217 est,
1780 3187 1819 3241 Ο
1854 3146 2023 3215 dum,
2056 3147 2242 3220 quod,
2275 3146 2626 3220 ubicunque
2658 3150 2851 3204 sancti
2884 3148 3142 3221 apostoli
3187 3155 3289 3206 aut
3342 3165 3522 3223 apos-

91 3235 163 3291 ita
188 3239 510 3296 multitudo
540 3239 786 3309 frugum
821 3239 1040 3296 usitato
1068 3255 1324 3295 numero
1354 3241 1745 3313 comprehen-

92 3324 147 3380 di
171 3342 286 3384 non
314 3334 579 3401 poterat.

153 3418 465 3482 Quomodo
481 3418 566 3475 de
597 3417 725 3474 viro
746 3421 957 3474 sancto
974 3418 1201 3491 Ioseph
1215 3417 1541 3487 intelligere
1560 3416 1745 3474 debe-

92 3519 216 3560 mus
260 3508 427 3580 quod
460 3508 681 3564 fratres
728 3523 872 3564 suos
913 3507 1315 3564 inebriassct?
1346 3507 1616 3563 Ebrietas
1644 3523 1747 3564 au-

94 3598 199 3650 tem
225 3597 572 3654 secundum
602 3596 830 3653 idioma
855 3596 1157 3653 Hebraicae
1182 3596 1406 3667 lingua
1435 3612 1547 3669 pro
1577 3596 1748 3653 satie-

94 3687 197 3739 tate
217 3686 480 3758 ponitur,
505 3686 665 3742 sicut
692 3686 796 3742 ibi:
826 3687 1092 3744 Visitasti
1112 3691 1431 3756 terram,et
1458 3686 1748 3743 inebrias-

92 3774 135 3827 ti
159 3792 279 3832 eam
307 3778 504 3847 (Psal.
533 3792 691 3846 LXtV,
730 3776 835 3845 10).
878 3778 947 3832 Et
972 3776 1223 3832 iterum:
1277 3775 1753 3833 Inebriabuntur

91 3864 158 3918 ab
181 3865 450 3923 ubertate
477 3869 697 3923 domus
720 3872 836 3921 tum
867 3866 1054 3937 (Psal.
1078 3882 1263 3930 xxxv,
1292 3868 1367 3936 9).
1608 3915 1617 3926 .

152 3955 300 4021 Quid
338 3956 454 4014 sibi
486 3954 624 4013 vult
666 3954 834 4029 quod
875 3955 1097 4027 Ioseph
1145 3953 1358 4012 fratres
1394 3970 1538 4012 suos
1577 3954 1750 4012 toties

87 4039 420 4118 ludiﬁcavit,
464 4051 525 4104 et
554 4048 726 4102 tanta
756 4043 1200 4117 exspectatione
1243 4044 1556 4117 suspendit
1584 4048 1751 4102 ante.

86 4146 258 4204 quam
286 4136 687 4192 manifestare
704 4150 767 4190 se
786 4133 1111 4191 voluisset?
1126 4132 1477 4192 Tribulabat
1492 4149 1599 4191 eos
1628 4148 1752 4192 non

88 4227 144 4276 ut
168 4240 227 4279 se
256 4225 603 4283 vindicaret
632 4223 694 4280 in
724 4223 831 4293 eis,
864 4223 969 4279 sed
999 4228 1066 4279 ut
1084 4222 1221 4280 illos
1263 4228 1551 4295 purgaret
1579 4239 1616 4279 a
1644 4223 1755 4279 cri-

87 4311 232 4368 mine
276 4313 578 4371 transacti
611 4312 853 4368 sceleris
886 4312 946 4368 in
980 4329 1139 4369 eum.
1166 4311 1268 4368 Vel
1298 4312 1513 4383 magis,
1546 4316 1614 4369 ut
1638 4312 1754 4369 hac

88 4400 353 4460 dilatione
382 4402 881 4462 accumularelur
900 4401 1197 4473 gaudium
1226 4417 1458 4469 eorum,
1489 4401 1637 4457 dum
1664 4418 1756 4457 os-

89 4490 431 4563 tenderetur,
461 4497 524 4551 et
554 4496 789 4550 tantam
811 4491 1066 4563 gloriam
1094 4491 1226 4562 ejus
1255 4490 1549 4548 vidissent
1568 4505 1755 4564 quem

89 4594 123 4636 a
154 4598 212 4638 se
231 4584 607 4641 exstinctum
638 4597 779 4639 esse
816 4580 1285 4640 arbitrabantur.

701 4727 928 4785 CAPUT
965 4726 1142 4782 XLVI.

153 4853 313 4912 ναις.
346 4859 404 4912 5.
436 4884 510 4896 ——
539 4853 832 4911 Surrexit
860 4857 1061 4909 autem
1082 4850 1270 4908 Jacob
1297 4865 1336 4907 a
1364 4856 1543 4921 puteo
1569 4852 1754 4908 Jure-

93 4946 261 4999 menti
278 4950 334 5001 et
354 4943 683 5002 descendit
714 4942 777 4998 in
792 4942 1164 5014 (Egi/ptum,
1183 4945 1236 4998 et
1267 4940 1388 5009 ﬁlii
1403 4943 1555 5012 ejus,
1572 4945 1630 4997 et
1652 4956 1755 4997 ne-

88 5037 260 5099 potes,
291 5035 463 5104 ﬁliis,
500 5039 560 5091 et
594 5037 819 5089 cuncta
849 5032 1033 5088 simul
1065 5031 1408 5101 progenies,
1437 5042 1758 5102 usquequo

95 5119 190 5177 ait:
217 5139 415 5182 omnes
444 5125 680 5182 animus
696 5122 910 5178 domus
939 5119 1128 5177 Jacob
1146 5135 1283 5193 quae
1300 5120 1591 5191 ingressa:
1614 5124 1759 5177 sunt

98 5210 428 5285 ﬁgi/plum
440 5214 711 5285 fueimnt
729 5211 1151 5281 septuaginta.
1169 5209 1488 5270 Quomodo
1504 5208 1720 5265 dicitur
1741 5225 1756 5264 :

98 5300 206 5357 Filii
237 5304 367 5374 ejus
422 5308 486 5361 et
538 5301 682 5359 ﬁlias
735 5300 868 5373 ejus
915 5298 1360 5357 descenderunt
1409 5314 1550 5355 cum
1600 5297 1762 5355 eoin

101 5388 428 5466 Egyptum,
460 5407 617 5451 cum
668 5389 858 5448 Iacob
886 5388 1181 5463 pluriores
1212 5403 1338 5446 non
1367 5387 1584 5444 habuit
1606 5385 1762 5444 ﬁlias

100 5494 270 5550 Quam
298 5484 524 5541 Dinam
554 5478 1033 5538 tantummodo?
1062 5481 1177 5536 Aut
1201 5477 1384 5535 etiam
1411 5481 1670 5550 nepotes
1698 5475 1765 5532 ﬁ-

100 5564 292 5630 liarum
338 5572 603 5632 nomine
653 5568 1028 5641 signiﬁcatas
1057 5566 1388 5637 intelligere
1425 5566 1761 5637 debemus;

103 5665 189 5716 aut
214 5663 461 5735 pluralis
490 5676 797 5719 numerus
826 5675 937 5732 pro
986 5656 1277 5729 singulari
1306 5660 1516 5729 pastus
1547 5660 1655 5727 est,
1688 5655 1763 5712 si-

103 5754 187 5807 cut
210 5752 318 5811 ibi:
350 5755 523 5812 Misit
557 5754 627 5809 in
664 5752 750 5808 eis
780 5764 1050 5808 muscam
1070 5749 1379 5806 caninam.

164 5842 324 5908 Quod
349 5845 502 5905 dicit
528 5841 873 5917 Scriptura:
895 5839 1110 5899 Omnes
1136 5839 1357 5898 αηὰηκ
1370 5852 1505 5909 qua
1523 5851 1769 5911 egressa

1855 3236 2014 3293 tolici
2068 3236 2173 3292 viri
2230 3236 2563 3309 loquuntur
2617 3236 2694 3292 ad
2721 3236 3001 3311 populos,
3033 3236 3126 3294 his
3158 3238 3521 3312 plerumque

1856 3325 2211 3383 testimoniis
2244 3323 2575 3381 abutuntur
2595 3340 2730 3398 quae
2747 3326 2878 3398 jam
2900 3328 3135 3384 fuerant
3158 3328 3221 3384 in
3244 3328 3522 3398 gentibus

1855 3416 2181 3486 divulgata.
2218 3416 2373 3471 Licet
2395 3412 2665 3489 plerique
2695 3415 2939 3473 tradunt
2964 3416 3424 3487 evangelistam,
3457 3420 3524 3472 ut

1854 3505 2252 3579 proselytum,
2285 3503 2572 3560 Hebraeus
2600 3503 2828 3561 litteras
2870 3505 3201 3576 ignorasse.

2461 3649 2689 3705 CAPUT
2724 3650 2927 3705 XLVII.

1933 3776 2100 3830 Vsus.
2132 3776 2280 3829 3-31.
2310 3803 2379 3812 —
2408 3770 2536 3827 Filii
2550 3763 2771 3839 'Jacob,
2797 3770 3141 3843 interrogati
3162 3770 3310 3845 quid
3328 3775 3523 3843 operis

1864 3860 2199 3919 haberent?
2223 3860 2692 3931 responderunt:
2732 3860 3014 3918 Pastores
3054 3863 3248 3917 ovium
3295 3875 3522 3932 sumus,

1861 3954 2015 4009 sicut
2064 3956 2121 4008 et
2157 3956 2362 4022 patres
2400 3950 2613 4017 nostri,
2663 3953 2722 4006 et
2772 3949 3025 4023 reliqua,
3072 3965 3391 4024 usquequo
3421 3951 3520 4020 ait,

1863 4041 2097 4099 vocavit
2128 4039 2524 4097 autemJacob
2548 4040 2704 4109 ﬁlios
2729 4055 2886 4111 suos,
2914 4046 2970 4096 et
3009 4042 3093 4096 ait
3126 4040 3241 4097 eis:
3272 4040 3525 4112 Congre-

1863 4131 2112 4203 gamini,
2158 4135 2223 4185 ut
2267 4132 2621 4186 annuntiem
2674 4145 2811 4201 qute
2860 4135 3117 4187 ventura
3167 4135 3308 4186 sunt
3365 4130 3527 4187 vobis

1864 4221 2068 4277 diebus
2117 4220 2472 4275 novissimis.
2526 4218 2653 4274 Filii
2709 4219 2916 4288 Iacob,
2980 4219 3328 4290 interrogati
3378 4218 3528 4293 quid

1864 4310 2062 4384 operis
2118 4308 2431 4377 haberent,
2480 4307 2963 4381 responderunt:
3006 4313 3277 4366 Pastores
3329 4311 3527 4366 ovium

1864 4415 2089 4467 sumus,
2132 4399 2283 4455 sicut
2341 4403 2397 4455 et
2440 4402 2647 4468 patres
2685 4402 2897 4455 nostri.
2930 4399 3125 4466 Quare
3155 4398 3529 4473 patriarchas

1863 4491 2097 4566 primos
2125 4492 2402 4563 pastores
2423 4489 2653 4561 ovium,
2684 4492 2743 4546 et
2768 4504 2893 4546 non
2949 4505 3121 4561 reges
3151 4490 3420 4560 gentium
3448 4488 3528 4545 1e-

1867 4581 2068 4651 gimus
2096 4593 2229 4636 esse
2246 4579 2275 4635 ?
2304 4578 2460 4647 Quia
2507 4579 2635 4635 sine
2664 4578 2791 4635 ulla
2818 4577 3194 4635 dubitatione
3221 4578 3384 4651 iusta
3410 4592 3531 4634 ser-

1864 4671 2021 4728 vitus
2051 4673 2109 4726 et
2131 4669 2298 4741 justa
2325 4668 2682 4737 dominatio,
2731 4682 2874 4724 cum
2898 4682 3121 4740 pecora
3143 4666 3376 4723 homini
3406 4679 3530 4721 ser-

1863 4761 2055 4829 viunt,
2084 4765 2143 4817 et
2160 4760 2346 4816 homo
2370 4758 2692 4831 pecoribus
2720 4757 3088 4814 dominatur.
3104 4756 3197 4813 Sic
3226 4755 3387 4811 enim
3407 4752 3530 4810 dic-

1866 4854 1993 4907 tum
2044 4854 2132 4906 est
2183 4862 2322 4905 eum
2373 4851 2711 4903 crearetur:
2740 4847 3065 4902 Faciamus
3114 4844 3410 4901 hominem
3447 4843 3532 4899 ad

1867 4941 2187 5011 imaginem
2218 4943 2275 4995 et
2311 4936 2765 4993 similitudinem
2786 4939 3077 5001 nostram,
3105 4937 3161 4988 et
3184 4932 3401 4989 habeat
3424 4948 3532 5003 pos

1870 5035 2136 5086 testatem
2161 5027 2421 5098 piscium
2446 5026 2654 5091 maris,
2676 5029 2729 5079 et
2760 5022 3098 5080 volatilium
3128 5021 3285 5091 coeli,
3313 5027 3369 5079 et
3405 5037 3529 5079 om-

1869 5121 2037 5175 nium
2066 5130 2198 5190 qua:
2221 5120 2361 5172 sunt
2385 5128 2568 5185 super
2596 5122 2842 5169 terram.
2866 5111 2972 5168 Ubi
2986 5111 3327 5169 insinuatur
3350 5111 3530 5169 ratio-

1870 5224 2011 5266 nem
2040 5204 2144 5279 [Z.,
2183 5202 2559 5278 rationalem]
2589 5202 2809 5259 debere
2838 5201 3157 5258 dominare
3202 5198 3533 5258 irrationali

1868 5300 2024 5358 vitai.
2058 5301 2305 5354 Servum
2328 5299 2530 5353 autem
2544 5292 2857 5350 hominem
2882 5291 3114 5350 homini
3132 5290 3228 5348 vel
3248 5291 3532 5364 iniquitas

1868 5385 1965 5443 vel
1997 5381 2330 5441 adversitas
2350 5379 2509 5438 fecit.
2543 5378 2831 5452 Iniquitas
2850 5376 3118 5451 quidem,
3139 5376 3291 5433 sicut
3304 5375 3533 5432 dictum

1870 5479 1959 5532 est
1992 5490 2007 5531 :
2041 5472 2399 5530 Malediccus
2448 5469 2769 5538 Chanaan,
2814 5469 2933 5525 erit
2977 5479 3185 5522 servus
3230 5465 3532 5537 fratribus

1867 5566 2012 5621 suis.
2047 5559 2397 5618 Adversitas
2422 5570 2586 5625 vero,
2612 5558 2766 5614 sicut
2796 5554 3014 5614 accidit
3046 5554 3165 5627 ipsi
3190 5554 3437 5628 Ioseph,
3468 5558 3537 5611 ut

1870 5653 2147 5712 venditus
2180 5666 2219 5708 a
2247 5649 2530 5706 fratribus
2560 5663 2770 5704 servus
2818 5644 3169 5715 alienigena
3198 5644 3385 5702 ﬁeret.
3428 5649 3538 5701 ltao

1873 5758 1993 5817 que
2012 5742 2243 5817 primos
2263 5754 2467 5796 servos
2487 5736 2712 5812 quibus
2735 5737 2852 5794 hoc
2864 5749 3092 5793 nomen
3105 5735 3169 5791 in
3196 5734 3402 5792 Latina
3423 5733 3534 5790 lin-

1878 5849 2001 5906 gua
2028 5831 2344 5890 inductum
2385 5832 2494 5901 est,
2516 5826 2681 5886 bella
2703 5825 2997 5885 locean
3014 5824 3132 5892 Qui
3152 5823 3323 5883 enim
3346 5823 3537 5883 homo
