3956 6382
146 466 270 527 957

1213 465 1617 528 COMMENT.
1665 463 1745 524 IN
1792 463 2086 525 ISAIAM.
2122 465 2376 526 —LIB.
2424 467 2502 528 lI.

3447 473 3566 536 958

148 602 310 654 runt.
345 599 470 655 Non
501 602 592 654 est
620 623 642 651 ι
669 598 884 672 aliquis
915 615 1116 654 eorum
1141 622 1166 647 «
1194 597 1296 671 qui
1327 596 1507 653 salvct
1537 600 1591 651 te
1619 618 1645 645 »
1667 612 1803 651 cum
1833 594 1888 662 Α
1916 595 2180 667 Egypto,
2213 601 2270 651 et
2300 597 2642 654 imminente
2691 600 3024 674 captivitate
3054 620 3184 676 qua:
3234 604 3385 662 facta
3414 611 3505 664 est
3533 623 3568 664 a

147 687 376 744 venerit
404 686 726 744 tribulatio.

724 832 957 888 CAPUT
993 831 1236 888 XLVIII.

226 981 253 1007 ‹‹
273 957 483 1012 Audite
507 957 634 1024 hoc,
659 958 872 1012 domus
901 956 1216 1028 Jacob,qui
1249 955 1536 1010 vocamini
1572 955 1809 1009 nomine

150 1045 356 1114 Israel,
383 1049 439 1100 et
459 1047 530 1101 de
551 1046 722 1118 aquis
742 1045 896 1100 Juda
916 1046 1177 1100 existis.»
1196 1045 1478 1116 Superius
1501 1045 1626 1114 jam
1656 1060 1808 1114 strpe

149 1134 607 1206 diximus,quod
630 1135 864 1206 quando
888 1134 1014 1188 sine
1047 1134 1282 1188 nomine
1305 1132 1605 1202 dignitatis
1626 1133 1807 1186 Jaeob

148 1223 240 1278 vel
266 1222 443 1279 Israel
467 1222 892 1295 ponitur,verbi
918 1221 1128 1292 gratia,
1155 1226 1219 1276 ut
1241 1239 1355 1276 non
1381 1221 1610 1275 dicatur
1627 1221 1808 1275 Jacob

151 1329 317 1368 serve
349 1329 540 1379 meus,
561 1315 618 1366 et
648 1310 822 1366 Israel
857 1311 1036 1365 clecte
1069 1327 1256 1381 meus,
1279 1311 1350 1364 de
1382 1309 1557 1363 Israel
1587 1307 1809 1363 carnali

149 1405 214 1456 et
241 1400 424 1457 Jacob
455 1399 900 1472 intelligendum
934 1404 1042 1454 est.
1071 1401 1305 1470 lstoque
1337 1399 1394 1453 in
1427 1397 1552 1453 loco
1583 1398 1654 1452 ad
1687 1414 1807 1461 eos,

149 1489 418 1562 loquitur
437 1488 844 1562 propheta,qui
872 1488 1236 1542 mendaciter
1254 1488 1614 1542 vocabantur
1635 1487 1813 1541 Israe-

149 1577 271 1634 lita:
291 1582 350 1633 et
364 1577 670 1650 Jacob,qui
696 1594 810 1631 non
834 1580 1000 1631 erant
1021 1575 1494 1648 supplantatores
1509 1575 1809 1640 vitiorum,

151 1682 347 1739 neque
377 1664 483 1720 viri
513 1664 775 1719 videntes
814 1665 1023 1734 Deum,
1046 1665 1147 1718 sed
1183 1663 1446 1718 carnales
1485 1668 1542 1718 et
1583 1667 1813 1718 terrena

146 1753 592 1827 amplectentes.
615 1753 825 1809 Audite
862 1752 1101 1824 (inquit)
1126 1753 1236 1807 hoc
1278 1753 1490 1807 domus
1517 1752 1718 1818 Jacob,
1751 1751 1808 1806 id

145 1847 240 1900 est
271 1843 400 1898 dua)
448 1841 640 1898 tribus
697 1859 765 1898 ac
827 1841 982 1908 Levi,
1017 1841 1174 1913 quod
1208 1840 1474 1896 dicturus
1523 1858 1676 1908 sum,
1712 1857 1813 1919 qui

139 1930 436 1988 vocamini
473 1931 713 1986 nomine
765 1930 965 1998 Israel,
1001 1931 1110 1986 hoc
1165 1935 1254 1985 est
1285 1930 1384 2002 qui
1435 1929 1810 2003 appellamini
1844 1964 1889 2028 Β

141 2020 511 2077 mendaciter
541 2019 740 2085 Israel,
763 2020 913 2074 etde
934 2019 1105 2091 aquis
1125 2019 1280 2075 Juda
1299 2021 1522 2085 existis,
1548 2019 1603 2074 id
1628 2019 1807 2074 estde

141 2107 373 2166 semine
407 2107 568 2163 illius
597 2108 991 2180 processistis.
1015 2109 1160 2163 Cum
1193 2108 1334 2162 dicit
1364 2109 1434 2163 de
1461 2107 1631 2180 aquis
1656 2108 1811 2163 Juda

140 2197 375 2264 existis,
413 2213 528 2252 non
559 2200 626 2251 ut
666 2196 948 2251 honorem
981 2197 1065 2252 eis
1096 2197 1318 2252 tribuat
1365 2197 1474 2252 hoc
1523 2196 1806 2268 loquitur,

144 2287 252 2344 sed
287 2290 353 2342 ut
383 2285 656 2341 ostendat
685 2302 784 2340 eos
817 2303 1190 2358 nequaquam
1211 2285 1426 2340 virtute.
1458 2285 1810 2357 patriarcha-

143 2393 279 2432 rum
304 2391 432 2431 esse
459 2374 632 2436 ﬁlios,
656 2375 756 2428 sed
781 2390 954 2428 carne
980 2390 992 2427 :
1020 2374 1265 2446 ideoque
1291 2374 1424 2428 facit
1451 2375 1806 2428 mentionem

147 2465 336 2527 Judze,
359 2462 498 2536 quia
521 2463 721 2518 decem
754 2461 944 2517 tribus
973 2463 1094 2533 jam
1120 2463 1305 2517 ductae
1337 2467 1505 2517 erant
1537 2464 1593 2516 in
1630 2464 1810 2534 capti-

144 2553 413 2620 vitatem,
448 2551 688 2624 solaque
718 2551 908 2606 tribus
937 2551 1091 2606 Juda
1121 2551 1180 2606 in
1213 2555 1368 2606 terra
1403 2553 1808 2624 repromissio-

152 2641 246 2698 nis
279 2657 543 2708 manens,
569 2657 702 2694 cum
737 2641 1042 2709 Benjamln
1089 2657 1154 2694 ac
1206 2639 1360 2708 Levi,
1395 2658 1593 2696 semen
1630 2642 1806 2696 David

147 2729 381 2804 regium
417 2729 744 2785 servabat.«
767 2729 872 2795 Qui
899 2729 1116 2800 juratis
1146 2728 1205 2783 in
1239 2729 1474 2784 nomine
1503 2729 1755 2796 Domini,
1783 2752 1809 2778 ››

146 2817 509 2876 subauditur
537 2835 651 2873 non
684 2818 756 2872 ad
790 2816 1071 2872 honorem
1116 2816 1276 2872 illius
1308 2817 1586 2887 nominis,
1611 2819 1712 2872 sed
1746 2823 1811 2872 ut

144 2925 352 2965 verum
387 2906 760 2963 mendacium
786 2907 1064 2962 statuatis
1094 2923 1160 2962 ac
1191 2907 1498 2962 roboretis.
1525 2906 1809 2962 Dominus

152 2995 416 3071 praicipit
446 2997 531 3053 eis
571 3013 644 3051 ne
685 2995 958 3066 jurarent
1005 3013 1108 3067 per
1153 3013 1364 3050 nomen
1399 3001 1805 3050 extraneorum

150 3087 418 3156 deorum,
443 3085 542 3140 sed
572 3101 675 3157 per
705 3101 915 3139 nomen
952 3085 1081 3154 ejus
1109 3083 1346 3139 :volens
1372 3101 1471 3139 eos
1502 3101 1809 3156 segregare

151 3173 226 3228 ab
257 3169 606 3227 idololatria.
631 3172 701 3226 Et
720 3169 803 3225 illi
825 3171 1138 3226 adorantes
1165 3170 1320 3226 idola
1342 3171 1810 3243 falsa,jurabant

148 3261 209 3316 in
241 3259 480 3316 nomine
503 3258 663 3316 illius
685 3259 1133 3323 dicentes,Vivit
1153 3259 1469 3327 Dominus;
1494 3277 1609 3314 non
1631 3261 1809 3316 hono-

1914 684 2469 742 Nabuchodonosor.
2504 688 2668 744 Nunc
2691 695 2887 744 autem
2911 696 3228 764 antequam
3251 695 3564 766 ducantur,

1916 773 2179 845 prazdicit
2224 792 2426 831 eorum
2480 776 2882 834 liberationem
2939 798 3004 836 ac
3047 782 3458 853 reversionem,
3509 791 3568 843 et

1915 861 2320 919 Chaldmorum
2368 867 2774 933 vastationem,
2811 873 2868 923 et
2907 869 3081 925 infert
3121 887 3188 925 ια
3233 872 3564 944 Repente,»

1917 951 2202 1006 subaudis
2233 969 2360 1024 qua:
2393 971 2548 1009 nunc
2589 956 2858 1026 przedico,
2883 980 2910 1006 ‹‹
2935 962 3207 1028 operatus
3250 977 3382 1016 sum
3409 986 3431 1014 ι
3460 979 3564 1034 pro

1917 1054 1983 1092 eo
2005 1041 2158 1110 quod
2191 1046 2279 1095 est
2310 1044 2611 1112 cperabor,
2639 1067 2664 1093 ‹‹
2689 1049 2746 1098 et
2767 1051 3106 1112 venerunt,»
3147 1065 3270 1120 pro,
3295 1066 3362 1104 eo
3405 1052 3563 1122 quod

1917 1131 2006 1182 est
2035 1128 2563 1193 venient,videlicet
2592 1137 2648 1186 et
2671 1133 3074 1189 Clialdzeorum
3107 1137 3406 1194 subversio
3437 1156 3562 1195 ves-

1919 1220 2124 1286 traque
2157 1219 2426 1273 reversio.

1990 1328 2016 1352 ‹‹
2044 1306 2174 1360 Scio
2205 1309 2360 1361 enim
2386 1307 2522 1380 quia
2544 1309 2727 1364 durus
2751 1327 2814 1365 es
2837 1315 2920 1377 tu,
2949 1333 2975 1360 »
3004 1312 3059 1366 id
3087 1317 3175 1368 est
3203 1313 3562 1385 incredulus,

1923 1415 1949 1443 ‹‹
1980 1398 2036 1448 et
2068 1411 2278 1450 nervus
2312 1398 2532 1452 ferreus
2562 1399 2752 1453 cervix
2783 1403 2941 1464 tua,»
2965 1401 3073 1456 hoc
3103 1407 3192 1457 est
3221 1405 3565 1461 irrevocabi-

1919 1480 1992 1535 lis
2022 1487 2111 1535 est
2142 1484 2415 1554 superbia
2440 1488 2560 1551 tua,
2587 1509 2612 1534 ‹‹
2639 1492 2694 1540 et
2718 1487 2878 1541 frons
2909 1492 3010 1543 tua
3034 1507 3238 1558 aerea,»
3261 1493 3566 1560 subaudis,

1921 1569 2058 1640 quia
2089 1571 2326 1627 noluisti
2353 1575 2716 1630 erubescere.

1992 1659 2075 1714 Ad
2108 1677 2208 1715 eos
2239 1661 2350 1716 ista
2380 1662 2638 1735 loquitur
2669 1681 2862 1720 sermo
2883 1667 3134 1736 divinus,
3163 1671 3262 1741 qui
3296 1672 3367 1727 de
3398 1673 3568 1745 aquis

1920 1747 2072 1802 Juda
2092 1749 2368 1816 exierant,
2394 1756 2450 1806 et
2471 1751 2528 1805 in
2553 1752 2755 1807 Judzea
2777 1754 2970 1809 adhuc
2994 1758 3394 1827 morabantur,
3417 1761 3570 1818 vide-

1921 1835 2056 1890 licet
2083 1836 2248 1892 Judm
2279 1842 2336 1893 et
2365 1839 2687 1911 Benjamin.
2712 1843 2872 1906 Quod
2903 1844 3053 1899 dura
3089 1846 3307 1902 cervice
3337 1865 3570 1922 semper

1921 1929 2395 1990 essent,testatur
2409 1933 2798 2002 protomartyr
2808 1931 3160 2004 Stephanus.
3177 1935 3262 1990 Du
3273 1953 3333 1991 ra
3349 1939 3569 1996 cervice

1918 2014 2154 2085 (inquit)
2187 2021 2241 2070 et
2272 2015 2664 2072 incircumcisi
2698 2020 2891 2084 corde,
2913 2038 3014 2075 vos
3054 2039 3288 2095 semper
3323 2025 3566 2098 Spiritui

1917 2103 2129 2157 Sancto
2161 2104 2478 2160 restitistis.
2513 2107 2581 2160 Et
2609 2107 2681 2161 de
2725 2107 3091 2179 impudentia
3121 2128 3224 2182 per
3251 2113 3566 2172 Jeremiam

1917 2191 2177 2263 loquitur
2205 2194 2275 2248 ad
2308 2211 2408 2249 eos
2438 2195 2759 2251 Dominus:
2789 2219 2816 2244 α
2850 2198 3032 2254 Frons
3063 2201 3385 2258 meretricis
3417 2204 3572 2260 facta

1915 2285 2005 2334 est
2035 2281 2162 2346 tibi,
2188 2281 2426 2337 noluisti
2452 2284 2792 2340 erubescere
2815 2287 2982 2357 (Hier.
3002 2305 3094 2355 1n;
3117 2289 3307 2345 Ezech.
3333 2295 3478 2359 111).»

1989 2394 2014 2418 α
2045 2370 2284 2425 Ρτδηίἰχὶ
2320 2371 2423 2426 tibi
2453 2396 2478 2419 »
2501 2389 2568 2427 ea
2599 2390 2726 2444 qum
2759 2375 2958 2430 futura
2987 2382 3125 2431 sunt
3155 2378 3280 2444 tibi,
3305 2384 3362 2434 et
3392 2381 3573 2453 Baby-

1918 2457 2095 2523 Ioni,«
2120 2466 2389 2526 extunc,»
2414 2462 2699 2516 subaudis
2730 2480 2797 2517 ex
2821 2480 2936 2534 quo
2959 2465 3104 2537 coepi
3135 2465 3292 2538 loqui
3328 2486 3430 2540 per
3449 2487 3574 2542 pro-

1919 2547 2128 2619 phetas
2162 2567 2321 2603 meos
2353 2568 2529 2622 super
2557 2550 2940 2623 Babylonem;
2966 2577 2993 2602 ‹‹
3030 2571 3102 2609 ne
3134 2555 3278 2611 forte
3308 2557 3569 2614 diceres:

1919 2635 2073 2691 idola
2105 2655 2237 2692 mea
2278 2639 2539 2694 fecerunt
2578 2639 2719 2707 hmc,
2750 2663 2776 2688 »
2811 2642 3184 2712 subauditur,
3211 2649 3277 2700 ut
3314 2646 3576 2703 venirent

1917 2725 2100 2797 Cyrus
2131 2731 2186 2780 et
2219 2727 2442 2793 Darius,
2468 2732 2524 2782 et
2556 2744 2648 2782 me
2680 2727 3044 2785 vindicarent
3074 2732 3145 2787 de
3178 2733 3532 2806 Babyloniis.

1991 2837 2017 2863 ‹‹
2042 2817 2174 2879 Qua}
2210 2816 2424 2869 audisti
2459 2839 2486 2864 »
2524 2821 2662 2870 tunc
2697 2819 2980 2889 temporis
3013 2836 3116 2890 per
3145 2822 3496 2894 prophetas:
3525 2825 3571 2881 O

1916 2902 2130 2973 popule
2173 2904 2423 2957 duarum
2459 2904 2742 2970 tribuum,
2767 2927 2794 2952 «
2825 2906 2954 2960 vide
2984 2908 3202 2978 omnia,
3229 2932 3258 2957 »
3284 2911 3570 2967 subaudis

1919 2990 2229 3062 completa,
2253 3009 2357 3062 pro
2379 3009 2445 3046 eo
2467 2993 2622 3064 quod
2646 2997 2735 3047 est
2763 2992 3007 3048 videbis.
3027 3018 3054 3044 ι(
3075 2995 3191 3051 Vos
3221 3003 3418 3054 autem
3451 3017 3567 3056 non

1917 3081 2336 3144 annuntiastis,
2367 3102 2394 3128 »
2419 3080 2708 3135 subaudis
2738 3080 2872 3135 filiis
2916 3083 3143 3150 vestris,
3169 3102 3295 3156 qua:
3325 3093 3571 3146 ventura

1916 3171 2081 3220 erant
2111 3184 2288 3238 super
2319 3165 2693 3239 Babylonem.
2721 3189 2748 3217 «
2768 3166 2983 3223 Audita
3013 3168 3116 3224 feci
3141 3170 3248 3226 tibi
3281 3189 3429 3229 nova
3449 3196 3478 3224 »
3503 3192 3572 3231 ea

1918 3272 2043 3326 qua:
2058 3256 2182 3326 jam
2203 3255 2234 3309 d
2247 3251 2358 3310 icta
2376 3260 2514 3310 sunt
2531 3257 2602 3312 de
2620 3256 2891 3312 vastitate
2907 3258 3219 3330 Babylonis
3235 3279 3285 3329 ;«
3298 3266 3566 3331 extunc,»

148 3349 231 3405 ris
265 3365 462 3414 causa,
485 3349 588 3404 sed
621 3352 684 3403 ut
705 3337 996 3403 mendacii
1020 3348 1110 3403 sui
1134 3365 1296 3403 error
1316 3347 1540 3403 ﬁrmior
1569 3347 1807 3404 babere-
1836 3329 1880 3395 C
1918 3361 1987 3398 ex
2017 3360 2132 3416 quo
2165 3344 2309 3416 cmpi
2343 3343 2499 3417 loqui
2530 3349 2735 3400 contra
2763 3362 2950 3413 eam,«
2975 3351 3032 3402 et
3061 3354 3401 3406 conservata
3431 3357 3572 3408 sunt,

147 3442 264 3494 tur.
290 3438 452 3505 Quod
485 3441 680 3492 autem
713 3436 875 3492 addit
899 3454 911 3491 :
935 3459 962 3486 ‹‹
989 3440 1046 3492 et
1078 3437 1178 3492 Dei
1215 3436 1388 3492 Israel
1419 3438 1804 3493 recordamini

148 3544 266 3583 non
298 3527 358 3582 in
389 3525 652 3584 veritate.
685 3541 873 3597 neque
905 3525 960 3578 in
987 3525 1240 3596 justitia.
1261 3548 1287 3572 »
1314 3526 1533 3581 Idcirco
1574 3525 1682 3582 hoc
1722 3528 1807 3582 di-

146 3616 248 3680 cit,
273 3614 413 3686 quia
443 3613 525 3668 illi
547 3614 720 3669 verbo
743 3613 1014 3669 dicebant
1045 3631 1107 3668 sc
1136 3613 1324 3669 colere
1355 3615 1537 3670 Deum
1573 3621 1802 3688 patrum

149 3720 416 3769 suorum,
441 3703 614 3758 corde
644 3705 838 3757 autem
870 3707 927 3756 ct
967 3719 1140 3774 opere
1171 3701 1339 3773 longe
1372 3708 1538 3758 erant
1567 3705 1640 3759 ab
1673 3704 1802 3773 illo;

148 3792 304 3848 sicut
334 3791 458 3862 ipse
481 3789 624 3845 dicit
646 3789 758 3845 alio
789 3789 848 3844 in
881 3789 1006 3846 loco
1031 3807 1082 3845 :«
1108 3789 1365 3861 Populus
1389 3790 1483 3847 hic
1505 3791 1678 3848 labiis
1713 3811 1807 3848 me

147 3879 418 3949 honorat,
434 3895 533 3933 cer
557 3882 753 3934 autem
775 3893 977 3932 eorum
1001 3877 1171 3950 longe
1201 3883 1291 3932 est
1312 3896 1346 3933 a
1367 3896 1458 3934 me
1481 3879 1688 3948 (Matih.
1708 3900 1803 3950 xv,

144 3968 310 4023 lare.
331 3967 456 4039 v11).
485 3989 514 4017 »

221 4080 244 4107 ι
273 4057 354 4113 De
385 4055 616 4112 civitate
645 4055 798 4111 enim
830 4060 1033 4112 sancta
1051 4057 1236 4113 vocati
1271 4061 1468 4124 sunt,»
1495 4059 1802 4128 subaudis,

143 4149 208 4202 ut
239 4146 313 4201 ab
341 4143 756 4216 Hierosolyma
802 4144 1314 4218 Hierosolymitani
1363 4151 1660 4219 vocentur,
1685 4171 1712 4197 ‹‹
1746 4153 1804 4204 et

142 4250 325 4308 super
353 4233 538 4288 Deum
572 4232 745 4288 Israel
779 4232 1025 4288 stabiliti
1060 4239 1256 4301 sunt,»
1287 4233 1397 4290 hoc
1429 4239 1517 4290 est
1547 4235 1797 4292 fundati.

142 4322 405 4379 Ironicos
433 4320 696 4394 loquitur
724 4321 858 4376 istic
889 4321 1192 4393 propheta.
1217 4322 1310 4378 Sic
1340 4324 1496 4380 enim
1529 4325 1802 4380 dicebant

139 4411 226 4468 illi
251 4413 546 4482 jactantes
567 4413 624 4465 et
643 4409 962 4482 gloriantes
985 4428 1046 4466 sc
1067 4411 1136 4466 de
1159 4410 1464 4467 nobilitate
1485 4413 1714 4485 generis
1745 4420 1803 4471 et

139 4498 554 4572 magnitudine
578 4499 741 4554 urbis
765 4516 778 4553 :
804 4500 921 4555 Nos
943 4516 1152 4556 sumus
1175 4499 1276 4554 ﬁlii
1302 4501 1720 4574 prephetarum
1744 4509 1802 4560 et

140 4587 638 4661 patriarcharum,
661 4588 936 4652 Abraam,
965 4588 1126 4643 Isaac
1168 4592 1225 4642 et
1265 4588 1440 4644 Israel
1473 4590 1796 4646 amicorum

1915 3451 2042 3506 qua:
2075 3434 2268 3489 nescis
2315 3451 2491 3490 nunc.
2520 3457 2546 3483 »
2580 3435 2697 3490 Isto
2727 3433 2788 3489 in
2821 3434 2945 3490 loco
2993 3439 3084 3492 est
3113 3436 3568 3511 distinguendus

1915 3523 2024 3578 iste
2067 3521 2414 3578 versiculus.
2449 3523 2581 3578 Aesi
2615 3524 2831 3579 diceret
2863 3541 2876 3580 :
2912 3524 3100 3581 Multa
3146 3526 3250 3582 tibi
3301 3529 3411 3584 feci
3440 3547 3572 3602 quae

1916 3629 2154 3666 narrare
2187 3617 2419 3683 potero;
2448 3613 2547 3668 sed
2580 3613 2720 3685 quia
2748 3619 2810 3668 tu
2843 3631 2958 3669 non
2992 3617 3316 3673 recordaris
3343 3635 3567 3688 eorum,

1915 3701 2186 3755 omittam
2220 3706 2276 3755 et
2305 3718 2411 3774 ego
2459 3701 2561 3756 illa
2609 3719 2786 3771 nunc,
2820 3704 3282 3760 annuntiaturus
3327 3712 3572 3764 ventura

1915 3789 2045 3842 tibi.

1989 3897 2018 3928 α
2049 3880 2252 3931 Creata
2281 3881 2423 3931 sunt
2452 3877 2606 3948 apud
2641 3895 2734 3933 me
2773 3895 2902 3950 quae
2938 3879 3136 3934 futura
3172 3884 3313 3934 sunt
3354 3880 3481 3946 tibi,
3509 3886 3568 3937 et

1913 3984 2028 4022 non
2060 3969 2290 4030 exlunc,
2310 3988 2336 4012 »
2361 3966 2718 4020 subauditur
2745 3966 2961 4022 audisti
2991 3966 3079 4022 vel
3123 3967 3464 4040 cognovisti,
3497 3986 3566 4025 ex

1913 4071 2026 4126 quo
2059 4053 2212 4125 apud
2247 4070 2339 4107 me
2371 4052 2659 4125 disposita
2704 4058 2870 4120 sunt;
2896 4077 2923 4103 «
2957 4059 3017 4109 et
3045 4059 3178 4110 ante
3207 4055 3384 4124 diem,
3411 4079 3438 4106 »
3463 4074 3563 4113 su-

1910 4142 2120 4198 baudis
2149 4141 2492 4196 vastationis
2529 4146 2643 4196 tua:
2691 4141 3012 4197 constituta
3058 4141 3262 4211 habeo,
3294 4165 3315 4194 ι
3339 4149 3398 4200 et
3446 4163 3561 4201 non

1908 4229 2124 4286 audisti
2153 4247 2220 4285 ca
2244 4253 2271 4280 »
2301 4248 2334 4285 a
2362 4230 2475 4285 diis
2507 4229 2646 4284 tuis.

1980 4321 2048 4376 Et
2079 4337 2258 4391 quare
2292 4336 2404 4373 non
2437 4317 2738 4374 audisti?«
2766 4319 2846 4374 Ne
2879 4319 3026 4376 forte
3065 4321 3262 4377 dicas:
3291 4322 3435 4377 Ecce
3463 4339 3558 4378 co-

1909 4409 2077 4482 gnovi
2111 4425 2236 4474 ea,»
2259 4407 2562 4474 subaudis,
2590 4407 2758 4463 adiis
2789 4409 2965 4477 meis;
2996 4433 3016 4459 ι
3054 4426 3243 4482 neque
3271 4415 3500 4480 extunc,
3529 4435 3557 4461 »

1906 4497 2264 4553 subauditur
2291 4496 2525 4564 iterum,
2559 4513 2626 4551 ex
2657 4513 2772 4569 quo
2818 4498 2973 4569 apud
3014 4515 3108 4553 me
3147 4499 3560 4570 praedestinata

1908 4591 2066 4654 sunt,
2091 4611 2118 4636 ‹‹
2145 4590 2344 4658 aperta
2373 4589 2464 4641 est
2492 4585 2652 4641 auris
2681 4591 2784 4640 tua
2807 4609 2835 4635 »
2858 4591 2924 4641 ut
2945 4603 3012 4642 ea
3033 4587 3267 4643 audires
3285 4587 3372 4643 vel
3395 4587 3559 4645 intel-

138 4676 266 4742 Dei,
283 4680 342 4732 et
361 4675 720 4732 habitatores
740 4675 994 4730 civitatis
1014 4676 1135 4730 Dei.
1157 4677 1273 4732 Nos
1294 4694 1503 4734 sumus
1524 4695 1557 4733 a
1573 4679 1802 4736 civitate
1831 4697 1876 4759 Ι)
1908 4675 2174 4748 ligeres.«
2200 4675 2330 4730 Scio
2359 4675 2538 4740 enim,
2557 4676 2698 4746 quia
2727 4675 3112 4747 praevaricans
3143 4677 3556 4748 prtevaricabe-

137 4767 349 4822 sancta
373 4763 558 4819 vocati
584 4763 1114 4836 ﬂierosolymitani,
1139 4769 1196 4820 et
1217 4783 1394 4838 super
1415 4767 1598 4822 Deum
1624 4768 1800 4824 Israel

135 4852 370 4909 fundati
422 4869 630 4908 sumus
672 4853 1021 4920 (Joan.vm).
1044 4876 1072 4902 «
1097 4853 1384 4909 Dominus
1435 4855 1794 4912 exercituum

135 4957 354 4997 nomen
388 4941 573 5012 ejus,»
599 4942 903 5006 subaudis,
929 4945 1036 5008 est,
1065 4943 1235 5014 cujus
1260 4943 1405 4998 servi
1441 4961 1669 5000 sumus.

209 5053 238 5078 ‹‹
264 5029 519 5098 Priora,»
543 5029 601 5084 id
626 5034 717 5085 est
747 5030 994 5101 antiqua
1016 5053 1044 5080 ‹‹
1071 5047 1141 5086 ex
1174 5033 1314 5086 tunc
1345 5033 1689 5088 annuntiavi
1723 5033 1794 5089 ti-

132 5117 256 5187 bi,»
277 5116 564 5174 subaudis
594 5134 662 5173 ex
694 5135 808 5190 quo
836 5118 980 5190 ccepi
1014 5117 1172 5191 loqui
1209 5123 1412 5176 contra
1443 5121 1794 5194 Babylonem

131 5206 340 5262 dicens
365 5221 378 5260 :
403 5205 566 5262 Onus
597 5206 932 5280 Babylonis,
961 5229 989 5256 «
1019 5212 1078 5262 et
1119 5225 1187 5263 ex
1219 5225 1316 5264 ore
1348 5226 1477 5264 meo
1508 5211 1795 5282 exierunt,

127 5299 187 5351 et
218 5295 421 5350 audita
449 5311 518 5350 ea
547 5295 654 5350 feci
677 5295 842 5366 tibi,»
860 5296 940 5354 De
969 5313 1068 5352 ore
1099 5313 1228 5352 meo
1251 5297 1466 5370 (inquit
1496 5315 1688 5354 sermo
1711 5299 1793 5354 di-

123 5384 328 5451 vinus)
379 5382 645 5438 exierunt
692 5401 761 5439 ea
799 5401 927 5456 qua:
976 5385 1213 5456 prazdixi
1247 5403 1260 5441 :
1297 5373 1404 5441 hoc
1437 5391 1527 5442 est
1573 5388 1644 5444 de
1693 5405 1790 5443 ore

128 5471 571 5544 prophetarum,
595 5471 697 5544 qui
720 5490 786 5528 os
818 5473 1050 5528 Domini
1074 5473 1476 5546 appellantur;
1503 5475 1657 5530 sicut
1677 5475 1788 5548 ipsi

127 5561 339 5616 dicunt
363 5576 416 5614 :«
438 5560 515 5615 Os
543 5561 697 5616 enim
722 5562 954 5617 Domini
983 5562 1243 5618 locutum
1267 5569 1358 5619 est
1379 5565 1508 5634 (lsa.
1529 5567 1628 5630 1).»
1653 5567 1788 5630 Quae

129 5649 370 5705 fuerunt
399 5649 594 5721 prima
613 5667 739 5721 qua).
762 5654 896 5706 ante
922 5652 1335 5707 annuntiavit?
1358 5652 1639 5708 Miracula
1659 5670 1786 5724 qua:

129 5742 412 5810 operatus
431 5741 522 5794 est
551 5736 612 5792 in
643 5738 835 5794 medio
858 5755 1082 5807 eorum,
1107 5757 1141 5796 a
1161 5739 1255 5796 die
1277 5757 1394 5811 qua
1423 5739 1690 5797 exierunt
1720 5759 1789 5798 ex

1910 4764 2050 4831 ris,»
2071 4764 2378 4832 subaudis,
2403 4764 2462 4818 in
2485 4764 2735 4820 adventu
2778 4763 2902 4819 Filii
2944 4764 3078 4832 mei,
3107 4764 3216 4820 hoc
3245 4770 3335 4821 est
3362 4769 3554 4824 trans-

1906 4853 2188 4926 gredieris
2218 4854 2403 4925 legem
2449 4870 2551 4925 per
2582 4853 2780 4908 Mosen
2812 4855 3032 4922 datam,
3056 4857 3114 4909 et
3150 4853 3335 4926 legem
3372 4855 3553 4911 Evan-

1904 4941 2040 5013 gelii
2063 4960 2237 5014 quam
2273 4960 2304 4996 a
2337 4941 2477 4997 Filio
2510 4959 2638 4997 meo
2669 4943 2980 4997 auditurus
3011 4960 3092 5010 es,
3120 4960 3232 4998 non
3265 4945 3552 5001 credendo

1905 5031 1964 5085 in
1997 5048 2162 5099 eum;
2187 5054 2214 5079 «
2240 5035 2297 5086 et
2327 5035 2821 5103 transgressorem
2845 5048 2914 5086 ex
2933 5035 3130 5086 ventre
3153 5055 3180 5080 »
3203 5033 3323 5088 sive
3343 5049 3411 5088 ex
3434 5037 3555 5090 ute-

1905 5137 1968 5174 ro
1991 5145 2018 5169 ‹‹
2051 5121 2245 5174 vocavi
2279 5124 2355 5186 te,
2383 5143 2410 5168 »
2433 5118 2542 5174 hoc
2571 5124 2682 5187 est,
2710 5137 2744 5174 a
2771 5119 2866 5174 die
2897 5137 3013 5192 qua
3044 5120 3229 5192 legem
3281 5121 3386 5176 tibi
3416 5122 3548 5177 dedi

1905 5209 2140 5281 quando
2161 5209 2416 5263 adorasti
2439 5207 2681 5276 idolum,
2701 5207 2921 5264 oblitus
2943 5210 3094 5280 quod
3119 5214 3254 5264 ante
3275 5211 3553 5282 promise-

1902 5316 1996 5353 ras
2028 5297 2229 5352 dicens
2258 5313 2270 5352 :
2296 5320 2324 5345 ‹‹
2358 5296 2569 5353 Omnia
2599 5313 2725 5368 quae
2769 5296 3002 5353 locutus
3031 5302 3120 5353 est
3150 5297 3320 5353 nobis
3353 5299 3548 5354 Domi-

1901 5404 2034 5452 nus,
2058 5385 2368 5442 audiemus
2397 5389 2453 5441 et
2485 5385 2765 5440 faciemus
2797 5386 2986 5457 (Exod.
3018 5391 3192 5454 xxw).
3221 5410 3248 5434 »
3271 5387 3400 5442 Sive
3443 5406 3547 5443 an-

1899 5480 2133 5546 tequam
2168 5475 2416 5529 intrares
2464 5474 2523 5528 in
2573 5477 2785 5528 terram
2838 5473 3329 5547 repromissionis.
3365 5475 3547 5532 Sicuti

1899 5563 2110 5618 mulier
2139 5580 2265 5634 qua:
2315 5563 2374 5616 in
2403 5566 2602 5616 ventre
2651 5566 2841 5634 gestat
2886 5580 3157 5634 puerum,
3190 5581 3326 5618 cum
3379 5565 3550 5622 enixa

1898 5653 2072 5708 fuerit
2103 5651 2288 5707 nutrit
2309 5669 2375 5708 ac
2397 5651 2548 5706 fovet
2577 5667 2744 5720 eum;
2770 5652 2853 5708 sic
2875 5653 3028 5708 Deus
3054 5653 3426 5726 omnipotens
3445 5672 3548 5727 per

1897 5743 2126 5798 deserta
2152 5739 2442 5798 vastitatis
2481 5743 2721 5812 portans
2777 5740 2912 5798 illos
2953 5758 3064 5797 sua
3121 5742 3544 5813 misericordia,
