3956 6456
407 464 536 528 969

790 465 1196 526 HAYMONIS
1243 463 1781 526 IIALBERSTAT.
1828 461 2070 525 EPISC.
2119 460 2542 526 OPP.'PAHS
2584 465 2634 527 I.
2680 465 3207 529 -‘COMMENT.
3253 467 3452 529 BIBL.

409 601 726 672 postquam
755 597 1004 668 ingressi
1036 601 1176 653 sunt
1214 597 1272 652 in
1303 601 1516 652 terram
1548 598 1825 654 omnibus
1856 596 2058 652 melio-
2087 594 2144 662 Α
2173 597 2500 670 gregamini
2522 615 2729 655 omnes
2746 617 2850 655 vos
2875 598 3003 656 nvel
3026 597 3278 670 cmli,vel
3298 609 3504 658 omnes
3523 604 3840 664 creature,

410 704 552 754 rem,
569 685 813 742 nutrivit
827 701 927 740 eos
951 684 1294 757 perjudices
1313 687 1645 742 sacerdotes
1661 705 1727 742 ac
1749 686 2064 758 prophetas

409 791 713 847 regesque,
742 791 1049 847 usqueqno
1082 775 1444 846 praivaricati
1467 781 1606 831 sunt
1637 777 1958 832 reccdendo
1989 777 2062 831 ab

408 865 528 921 illo.

476 977 502 1003 ‹‹
539 953 783 1024 Propter
819 970 1034 1009 nomen
1079 970 1298 1019 meum,
1330 977 1356 1003 ››
1387 953 1495 1010 hoc
1539 959 1647 1020 est,
1682 959 1918 1027 propter
1945 954 2064 1025 glo-

405 1043 550 1098 riam
584 1059 779 1098 meam
812 1060 884 1097 ne
915 1042 1274 1109 annulletur,
1299 1067 1328 1094 «
1361 1043 1531 1116 longe
1565 1043 1771 1098 faciam
1805 1045 2060 1099 furorem

404 1147 688 1192 meum.»
721 1131 1009 1187 subaudis
1070 1133 1400 1188 reducendo
1460 1138 1516 1188 te
1574 1133 1644 1187 de
1702 1134 2058 1204 captivitate,

401 1243 430 1270 ‹‹
464 1219 638 1274 laude
667 1237 856 1291 mea,»
880 1220 938 1275 id
969 1225 1058 1278 est
1095 1223 1168 1277 ob
1200 1220 1430 1277 laudem
1467 1239 1678 1289 meam,
1705 1227 1768 1276 ut
1798 1240 1903 1294 ego
1935 1222 2060 1276 lau-

400 1309 504 1364 der
534 1333 554 1357 «ι
593 1308 903 1364 infrenabo
933 1314 989 1364 te
1013 1333 1040 1358 ››
1072 1308 1197 1382 lege
1231 1327 1384 1378 mea,
1414 1333 1434 1360 σι
1472 1328 1543 1365 ne
1574 1311 1847 1366 intereas.
1873 1333 1898 1359 ››
1923 1311 2059 1366 Pos-

396 1411 612 1450 sumus
641 1400 700 1452 et
728 1396 838 1452 hoc
871 1397 1084 1453 referre
1110 1399 1181 1454 ad
1217 1403 1450 1470 tempus
1471 1397 1826 1470 egressionis
1857 1416 2059 1454 eorum

394 1502 464 1540 ex
496 1485 762 1558 Egypto,
787 1491 852 1542 ut
883 1485 1162 1558 loquatur
1189 1488 1261 1542 de
1293 1489 1580 1558 praeterito
1605 1488 1773 1559 quasi
1799 1488 1869 1542 de
1899 1487 2057 1542 futu-

392 1591 480 1629 ro.
507 1573 750 1646 Propter
770 1590 982 1629 nomen
1018 1591 1215 1629 meum
1235 1575 1470 1646 (inquit)
1498 1592 1568 1630 ne
1595 1575 1865 1636 violetur,
1890 1575 2060 1645 longe

389 1663 609 1726 faciam
659 1663 918 1718 furorem
949 1681 1170 1730 meum,
1197 1681 1298 1735 pro
1332 1681 1398 1720 eo
1429 1665 1584 1736 quod
1619 1668 1708 1719 est
1739 1663 1845 1718 feci
1878 1681 2061 1735 quan-

386 1752 464 1808 do
514 1751 772 1808 adorasti
821 1751 1092 1818 vitulum,
1122 1769 1194 1808 ne
1243 1752 1642 1826 disperderem
1686 1758 1760 1816 te,
1793 1758 1850 1808 et
1880 1751 2055 1808 laude

388 1858 547 1908 mea,
574 1842 632 1896 id
666 1845 756 1897 est
774 1841 849 1896 ob
879 1839 1116 1896 laudem
1148 1842 1454 1898 infrenabo
1476 1849 1550 1908 te,
1579 1859 1681 1914 pro
1703 1859 1770 1897 eo
1793 1843 1948 1914 quod
1969 1846 2060 1898 est

383 1929 678 1987 intrenavi
712 1933 785 1997 te,
809 1929 999 2001 legem
1033 1930 1228 1985 dando
1259 1930 1364 1986 tibi
1399 1949 1470 1986 ne
1501 1930 1792 1987 interires.

463 2044 493 2070 ‹‹
517 2022 662 2076 Ecce
691 2018 888 2074 excoxi
922 2023 996 2086 te,
1023 2041 1050 2068 »
1074 2019 1184 2075 hoc
1215 2025 1304 2074 est
1336 2021 1573 2092 probavi
1607 2025 1662 2076 te
1685 2020 1932 2076 diversis
1962 2023 2060 2076 ﬂa-

383 2109 618 2184 gellis,«
641 2110 740 2164 sed
770 2126 884 2164 non
909 2108 1079 2180 quasi
1105 2114 1474 2182 argentum,»
1490 2110 1800 2176 subaudis,
1821 2111 2057 2182 probavi

383 2203 467 2266 te,
503 2197 644 2270 quia
671 2213 789 2252 non
835 2213 898 2251 es
947 2201 1255 2267 purgatus,
1281 2221 1308 2246 «
1343 2202 1402 2252 et
1432 2196 1576 2270 elegi
1611 2202 1668 2253 te
1716 2196 1776 2252 in
1825 2197 2056 2254 camino

383 2285 817 2361 paupertatis,»
840 2285 952 2340 hoc
981 2290 1069 2339 est
1099 2284 1158 2340 in
1193 2285 1573 2341 tribulatione
1607 2287 1972 2358 paupertatis
2002 2290 2059 2342 et

382 2376 622 2450 inopiae,
673 2375 824 2431 dans
869 2373 1105 2430 divitias
1155 2379 1289 2430 tuas
1340 2375 1610 2431 hostibus
1659 2377 1798 2431 tuis.
1835 2376 1964 2432 Sive
1997 2376 2054 2430 in

380 2468 656 2539 IEgypto,
683 2463 784 2520 ubi
815 2481 946 2521 eras
977 2465 1147 2536 quasi
1189 2464 1248 2519 in
1282 2465 1514 2520 camino
1546 2466 1942 2538 pauperrima.
1976 2467 2058 2521 Ex

381 2573 506 2628 quo
525 2556 701 2611 datur
717 2552 988 2624 intelligi,
1004 2553 1144 2624 quia
1161 2553 1314 2608 Deus
1332 2555 1726 2626 omnipotens,
1742 2555 2058 2626 aliquando

379 2641 958 2714 divitiis,aliquande
979 2645 1336 2714 paupertate,
1359 2643 1567 2714 probat
1582 2643 2054 2700 homines.Verbi

381 2734 582 2810 gratia
605 2749 620 2788 :
643 2731 779 2788 illos
799 2731 902 2804 qui
925 2732 1232 2788 abundant
1255 2731 1494 2800 divitiis,
1521 2733 1569 2788 si
1595 2733 1713 2790 illis
1736 2733 1887 2790 male
1909 2734 2055 2788 abu-

382 2829 620 2890 tuntur,
648 2822 788 2878 facit
830 2839 930 2878 eos
959 2821 1227 2878 devenire
1258 2821 1316 2876 in
1360 2826 1787 2894 paupertatem.
1813 2823 1918 2888 Qui
1952 2841 2054 2878 au-

380 2921 508 2973 tem
531 2913 582 2968 ei
616 2912 724 2968 rite
757 2915 1018 2978 utentur,
1044 2911 1185 2966 facit
1207 2910 1465 2982 amplius
1493 2911 1816 2967 abundare.
1843 2911 2058 2967 Simili-

382 3011 476 3062 ter
498 3002 599 3075 qui
629 3003 1035 3074 paupertatem
1063 2999 1352 3073 patienter
1383 3000 1772 3069 tolerant,dat
1802 3001 1886 3056 eis
1918 3000 2058 3056 divi-

382 3093 524 3162 tias,
550 3091 704 3146 sicut
724 3093 962 3146 econtra
980 3089 1114 3145 illos
1136 3090 1235 3162 qui
1258 3094 1654 3155 murmurant,
1677 3091 1748 3145 ad
1773 3091 2054 3162 majorem

385 3183 711 3256 egestatem
745 3179 1002 3236 deducit.
1024 3179 1188 3235 Unde
1211 3183 1269 3234 et
1301 3177 1576 3234 Salomon
1605 3196 1652 3235 ια
1679 3178 1922 3234 Divitias
1943 3180 2054 3246 (in-

385 3270 542 3344 quit)
573 3272 631 3325 et
660 3272 1065 3340 paupertatem
1100 3285 1172 3324 ne
1204 3267 1438 3323 dederis
1471 3267 1614 3323 mihi
1640 3269 1825 3337 (Prov.
1850 3272 2004 3338 xxx).
2024 3290 2052 3318 »

462 3384 488 3409 -‹
516 3359 760 3429 Propter
789 3373 882 3412 me
914 3355 1147 3423 faciam,
1168 3376 1194 3408 ιι
1224 3355 1333 3412 hoc
1353 3361 1444 3412 est
1471 3361 1709 3428 propter
1730 3356 2058 3412 misericor-
2087 3338 2130 3405 Ο

389 3448 550 3504 diam
583 3461 776 3501 meam
810 3444 1071 3500 liberabo
1105 3449 1160 3500 te
1191 3446 1262 3501 de
1300 3446 1660 3518 captivitate.
1687 3445 1761 3502 Ut
1791 3463 1906 3502 non
1935 3446 2059 3502 bla-

393 3537 693 3608 sphemer,
728 3534 785 3588 id
819 3538 908 3589 est
940 3549 1012 3588 ne
1051 3533 1110 3588 in
1153 3539 1499 3605 perpetuum
1533 3539 1588 3590 te
1619 3535 1677 3590 in
1729 3535 2060 3607 captivitate

390 3625 716 3681 retinentes
747 3622 968 3687 dicant,
1003 3623 1156 3693 quod
1192 3622 1272 3676 dii
1314 3639 1516 3677 eorum
1557 3641 1660 3678 vos
1692 3623 2062 3680 retinuerunt

391 3716 449 3768 et
480 3727 588 3783 ego
639 3727 757 3765 non
801 3709 1092 3782 potuerim
1126 3709 1374 3766 liberare
1404 3729 1506 3767 vos
1525 3712 1652 3778 (Isa.
1677 3731 1768 3768 xu
1800 3719 1856 3768 et
1884 3718 2056 3782 xuv).

392 3826 419 3853 ‹‹
447 3803 516 3857 Et
536 3799 785 3874 gloriam
811 3816 1058 3867 meam,»
1079 3798 1188 3855 hoc
1211 3804 1301 3855 est
1326 3799 1560 3855 laudem
1587 3818 1778 3857 meam
1793 3827 1818 3851 ‹‹
1845 3801 2007 3858 alteri
2033 3825 2054 3853 ι

392 3891 640 3947 deorum
671 3909 698 3942 α
721 3907 836 3945 non
858 3889 1010 3944 dabo
1036 3910 1062 3937 ››
1085 3899 1151 3944 ut
1172 3889 1327 3945 Deus
1349 3889 1447 3956 sit,
1469 3889 1606 3946 licet
1625 3892 1698 3946 ab
1720 3891 2060 3949 hominibus

393 3981 643 4046 dicatur,
669 3983 1064 4052 praeterquam
1107 3977 1250 4034 Filio
1292 3995 1422 4034 meo
1453 3983 1511 4035 et
1541 3979 1782 4053 Spiritui
1833 3985 2056 4049 sancto,

392 4068 497 4142 qui
527 4067 674 4126 mihi
705 4067 1240 4124 consubstantiales
1269 4073 1326 4124 et
1356 4070 1680 4142 coaequales
1718 4075 1876 4126 sunt.

464 4181 493 4209 «
515 4157 666 4213 Audi
705 4157 811 4230 [Αι.
845 4157 974 4214 add.
1003 4157 1139 4229 me],
1163 4158 1367 4225 Jacob,
1393 4181 1412 4208 ι
1443 4176 1569 4230 quae
1602 4159 1869 4216 dicturus
1901 4177 2058 4226 sum,

393 4270 420 4297 (ι
455 4252 514 4304 et
545 4247 744 4313 Israel,
767 4264 941 4319 quem
973 4264 1080 4319 ego
1117 4264 1258 4302 voco
1287 4270 1306 4295 ι
1345 4249 1418 4303 ad
1461 4248 1866 4320 paenitentiam
1899 4253 1956 4304 et
1985 4248 2058 4304 ad

393 4335 814 4393 salutem.Non
839 4333 982 4390 dicit
1001 4335 1157 4392 Deus
1179 4337 1524 4408 pater,Audi
1549 4354 1666 4404 me,
1683 4338 1864 4393 Jacob
1899 4355 2060 4392 serve

393 4441 563 4482 meus
592 4429 650 4482 et
680 4422 858 4480 Israel
893 4423 1072 4479 electe
1105 4441 1296 4493 meus,
1319 4429 1385 4480 ut
1415 4424 1844 4498 intelligeretur
1867 4427 1937 4482 de
1968 4427 2062 4482 Ja-

393 4515 504 4571 cob
532 4512 620 4570 vel
657 4511 832 4570 Israel
867 4512 1160 4584 spirituali
1194 4513 1442 4580 dictum,
1467 4514 1568 4570 sed
1601 4514 1761 4581 audi,
1790 4515 1971 4570 Jacob
2002 4519 2060 4570 et

395 4602 598 4669 Israel,
625 4601 727 4674 qui
759 4601 1026 4657 carnales
1057 4601 1222 4657 estis.
1255 4624 1276 4652 ι
1305 4603 1422 4674 Ego
1457 4602 1582 4674 ipse
1610 4601 1838 4674 primus
1875 4627 1902 4652 ››
1925 4609 2059 4659 ante

395 4709 570 4764 quem
592 4690 847 4756 nullus,«
873 4695 930 4746 et
947 4707 1052 4763 ego
1073 4691 1467 4747 novissimus»
1491 4696 1626 4764 post
1645 4709 1819 4764 quem
1840 4692 2058 4762 nullus
2089 4705 2139 4770 D

393 4779 532 4836 Tale
561 4784 654 4836 est
682 4783 740 4834 et
768 4779 914 4834 illud
949 4781 1104 4850 quod
1137 4780 1194 4833 in
1227 4780 1561 4852 Apoealipsi
1592 4781 1839 4836 Joannis
1890 4781 2062 4838 habe-

393 4871 531 4923 tur:
565 4867 684 4940 Ego
717 4883 851 4924 sum
883 4865 1062 4938 alpha
1087 4871 1146 4922 et
1176 4883 1404 4940 omega,
1441 4867 1674 4923 initium
1707 4872 1763 4924 et
1794 4869 1949 4926 finis.

472 4978 492 5006 α
515 4956 728 5012 Manus
751 4972 986 5028 quoque
1019 4972 1205 5020 mea,»
1228 4955 1339 5011 hoc
1371 4955 1975 5026 est,Verbum,Filius
2005 4962 2063 5013 et

395 5043 684 5118 sapientia
717 5061 868 5112 mea,
893 5067 921 5094 ‹ι
951 5045 1217 5100 fundavit
1248 5049 1462 5101 terram
1492 5068 1518 5094 η
1541 5063 1720 5118 super
1751 5052 1922 5103 tenue
1954 5047 2063 5103 ele-

395 5138 663 5188 mentum
690 5154 717 5182 ‹‹
747 5137 806 5188 et
835 5133 1071 5188 dextera
1102 5149 1234 5189 mea
1266 5151 1470 5188 mensa
1499 5139 1640 5200 est,»
1672 5135 1728 5190 id
1751 5139 1840 5190 est
1859 5140 2062 5191 exten-

395 5220 484 5276 dit
506 5243 535 5271 «
561 5221 800 5277 cmlos.»
821 5221 1033 5277 Manus
1059 5221 1161 5277 Dei
1187 5222 1376 5278 Patris
1397 5227 1454 5276 et
1475 5224 1711 5278 dextera
1742 5223 1924 5279 Filius
1953 5227 2065 5289 est,

397 5309 538 5379 quia
569 5325 671 5380 per
717 5309 915 5380 ipsum
946 5309 1145 5364 omnia
1184 5310 1517 5375 fecit(10an.
1543 5315 1606 5381 1),
1630 5311 1785 5368 sicut
1815 5311 2058 5366 Psalmi-

399 5401 490 5450 sta
521 5395 662 5450 dicit
693 5413 743 5452 ;‹‹
769 5396 982 5454 Omnia
1031 5397 1088 5452 in
1131 5397 1420 5470 sapientia
1457 5399 1644 5455 fecisti
1679 5401 1848 5471 (Psal.
1873 5418 1971 5456 0111
2003 5404 2060 5456 et

398 5486 635 5548 λειω.»
659 5485 727 5540 Et
755 5503 801 5542 ε·
829 5485 1018 5540 Verbo
1051 5485 1282 5541 Domini
1314 5486 1442 5541 (εωιὶ
1475 5487 1687 5543 firmati
1722 5493 1915 5543 sunt.-
1943 5490 2013 5544 Et
2042 5506 2056 5544 :

402 5589 430 5616 «ι
457 5569 614 5622 Deus
643 5571 937 5644 sapientia
969 5572 1234 5628 fundavit
1278 5579 1515 5642 terram,
1549 5581 1606 5632 et
1635 5577 1870 5631 dextera
1901 5576 2062 5632 illius

400 5668 608 5706 mensa
625 5665 716 5714 est
744 5659 986 5716 cmlos.»
1009 5677 1031 5705 ι
1055 5661 1172 5730 Ego
1203 5661 1420 5716 vocabo
1447 5680 1606 5731 eos,»
1629 5664 1914 5720 subaudis
1947 5681 2059 5720 cm-

397 5735 510 5798 Ῑοεν
536 5756 564 5782 ι(
594 5745 654 5795 et
681 5745 933 5804 stabunt
959 5741 1140 5801 simul
1175 5771 1201 5798 υ
1234 5749 1294 5803 in
1333 5756 1648 5822 conspectu
1680 5765 1831 5808 meo.
1855 5775 1882 5801 ‹‹
1909 5754 2061 5811 Con-

2171 685 2260 742 vel
2283 686 2476 743 omnis
2499 687 2817 743 multitudo
2834 688 3090 744 filiorum
3113 688 3348 758 Israel,«
3364 693 3421 745 et
3439 691 3656 746 audite
3673 712 3704 740 υ
3724 707 3842 762 qua

2172 775 2442 832 dicturus
2491 794 2644 832 sum.
2671 801 2697 827 «
2733 777 2978 844 Quis-de
3006 777 3110 844 eis,
3139 801 3166 827 ››
3187 777 3474 835 subaudis
3515 778 3702 835 caelis
3731 780 3839 835 sive

2171 865 2512 933 creaturis,«
2537 867 2910 922 annuntiavit
2929 867 3052 922 haec
3076 890 3096 920 ι
3123 867 3193 922 de
3213 867 3542 940 Cyro,quod
3569 868 3842 924 destruc-

2171 958 2342 1008 turus
2365 959 2519 1009 esset
2541 955 3019 1028 Babylonem,vel
3041 957 3112 1011 de
3135 955 3278 1011 Filio
3302 973 3431 1012 meo
3453 957 3620 1029 quod
3653 958 3839 1012 nasci-

2170 1047 2342 1098 turus
2372 1048 2528 1098 esset
2547 1061 2616 1099 ex
2631 1045 2894 1118 virgine?
2915 1045 3044 1099 Haec
3065 1053 3192 1117 quae
3220 1050 3572 1117 sequuntur.
3599 1048 3840 1118 proprie

2172 1133 2242 1186 ad
2276 1132 2575 1187 Christum
2627 1133 2944 1204 pertinent,
2979 1138 3227 1204 possunt
3273 1139 3470 1190 tamen
3519 1134 3744 1189 referri
3775 1135 3838 1188 ad

2171 1222 2381 1292 Cyrum
2415 1222 2796 1294 Dariumque,
2821 1223 2974 1276 sicut
3004 1223 3208 1277 beatus
3231 1222 3642 1295 Hieronymus
3677 1223 3838 1286 dicit,

2171 1326 2359 1380 usque
2391 1310 2461 1364 ad
2493 1308 2661 1364 illum
2707 1311 2902 1365 locum
2944 1309 3044 1365 ubi
3085 1310 3300 1365 dicitur
3322 1327 3336 1364 :
3360 1309 3594 1366 Directa
3625 1315 3728 1366 est
3757 1313 3841 1366 via

2170 1397 2321 1468 ejus.
2345 1397 2682 1454 «Dominus
2715 1397 2918 1454 dilexit
2948 1414 3143 1464 eum,»
3176 1399 3460 1454 subaudis
3491 1398 3728 1470 Cyrum
3759 1399 3836 1454 vel

2169 1485 2434 1550 Darium,
2459 1485 2816 1541 avunculum
2839 1487 2989 1556 ejus,
3007 1491 3070 1542 ut
3090 1487 3408 1542 dimitteret
3425 1487 3836 1560 captivitatem

2170 1573 2369 1646 populi
2402 1575 2514 1642 sui,
2539 1598 2569 1624 «
2603 1580 2660 1630 et
2701 1575 2874 1631 faciet
2899 1573 3260 1632 voluntatem
3310 1593 3479 1632 suam
3527 1575 3588 1632 in
3651 1577 3836 1648 Baby-

2169 1662 2358 1730 lone,»
2380 1663 2518 1736 quia
2548 1663 2739 1735 capiet
2767 1681 2897 1719 eam
2920 1687 2945 1713 α
2974 1668 3032 1720 et
3051 1663 3360 1720 brachium
3381 1681 3558 1720 suum
3579 1664 3648 1720 in
3673 1664 3836 1720 Chal-

2168 1751 2368 1817 dzeis,»
2391 1751 2534 1824 quia
2561 1751 2872 1808 interficiat
2901 1769 3000 1808 eos
3031 1753 3140 1824 (Isa
3181 1753 3329 1824 xw).

2241 1863 2268 1888 ‹‹
2302 1841 2442 1912 Ego,
2476 1857 2582 1911 ego
2622 1839 2857 1896 loeutus
2897 1857 3030 1896 sum
3058 1863 3083 1890 »ι
3105 1841 3176 1896 de
3206 1840 3350 1914 Cyro
3379 1857 3482 1914 per
3510 1841 3834 1914 prophetas

2169 1945 2362 1996 meos;
2388 1953 2414 1979 (ι
2449 1934 2506 1985 et
2535 1930 2730 1984 vocavi
2763 1947 2900 1986 eum
2928 1953 2949 1979 ι
2977 1929 3212 1986 nomine
3244 1929 3474 2002 proprio
3505 1935 3830 2003 antequam

2171 2022 2528 2085 nasceretur,
2561 2018 2810 2090 loquens
2841 2036 2946 2092 per
2990 2019 3198 2075 Isaiam
3235 2035 3248 2073 :
3284 2019 3412 2075 Haec
3439 2019 3582 2074 dicit
3623 2019 3830 2076 Domi-

2169 2125 2283 2163 nus
2305 2107 2534 2163 Christo
2559 2124 2688 2162 meo
2705 2107 3141 2180 Cyro.Adduxit
3158 2125 3290 2164 eum
3313 2108 3386 2164 ab
3407 2109 3632 2164 oriente
3655 2125 3832 2180 super

2169 2195 2546 2268 Babylonem,
2583 2200 2649 2252 ut
2679 2213 2807 2252 eam
2839 2200 3094 2252 vastaret
3145 2197 3524 2269 reddere'tque
3565 2196 3625 2252 ei
3659 2198 3829 2267 juxta

2169 2286 2323 2356 quod
2359 2285 2712 2340 merebatur.
2737 2285 2902 2351 Quod
2934 2289 3132 2340 autem
3166 2285 3329 2340 addit
3367 2301 3558 2342 ermo
3585 2285 3826 2342 divinus

2167 2396 2195 2422 ‹‹
2221 2379 2279 2428 et
2305 2373 2524 2429 directa
2549 2379 2639 2429 est
2663 2374 2757 2430 via
2777 2375 2928 2446 ejus,
2956 2397 2982 2423 ››
3006 2375 3297 2447 quomodo
3318 2375 3504 2446 possit
3521 2375 3728 2431 referri
3755 2374 3820 2428 ad

2167 2463 2378 2536 Cyrum
2423 2462 2706 2518 cultorem
2749 2463 3063 2531 idolorum,
3088 2463 3244 2536 quod
3275 2463 3494 2520 directa
3523 2463 3710 2520 fuerit
3737 2463 3820 2517 via

2166 2553 2318 2622 ejus,
2343 2551 2504 2606 nullo
2537 2553 2710 2607 modo
2742 2557 2921 2624 patet.
2945 2553 3288 2608 Referamus
3318 2557 3376 2608 et
3401 2553 3470 2608 ad
3503 2552 3820 2608 Dominum

2164 2642 2369 2697 Jesum
2383 2640 2702 2696 Christum.
2721 2641 2876 2698 Deus
2895 2643 3064 2697 Pater
3078 2640 3279 2698 dilexit
3299 2640 3511 2697 Filium
3527 2657 3732 2707 suum,
3745 2641 3820 2696 si-

2166 2734 2266 2785 cut
2289 2729 2526 2786 unicum
2548 2735 2606 2786 et
2621 2729 3184 2786 consubstantialem
3204 2729 3345 2797 sibi;
3365 2729 3503 2802 quia
3517 2729 3642 2802 ipse
3655 2728 3815 2785 dixit:

2165 2839 2198 2868 (τ
2220 2819 2324 2874 Hic
2357 2823 2447 2874 est
2478 2819 2662 2875 Filius
2693 2836 2862 2876 meus
2891 2819 3144 2875 dilectus
3165 2819 3370 2886 (Matth.
3388 2835 3472 2886 ιιι,
3504 2820 3631 2874 Luc.
3657 2819 3767 2889 111).
3795 2841 3818 2864 »ι

2167 2909 2366 2964 Faciet
2386 2907 2746 2966 voluntatem
2767 2926 2937 2965 suam
2960 2907 3020 2964 in
3039 2908 3413 2981 Babylonem,
3427 2907 3482 2964 id
3504 2907 3674 2964 estin
3691 2924 3818 2964 con-

2167 2999 2460 3054 fusionem
2494 2997 2678 3070 hujus
2708 2997 2936 3066 mundi,
2962 2998 3101 3071 quia
3132 2995 3378 3053 redimet
3405 3011 3590 3070 genus
3617 2995 3820 3052 huma-

2167 3105 2332 3156 num,
2349 3087 2448 3159 qui
2471 3087 2528 3141 in
2547 3087 2892 3143 confusione
2908 3089 3284 3159 peccatorum
3301 3085 3700 3141 morabantur.
3719 3084 3815 3138 Do-

2165 3176 2366 3232 minus
2385 3177 2560 3232 Jesus
2584 3176 2641 3230 in
2669 3175 2948 3232 omnibus
2971 3193 3098 3247 quae
3121 3174 3327 3248 gessit,
3346 3173 3701 3230 voluptatem
3726 3170 3814 3228 Dei

2166 3264 2354 3322 Patris
2385 3263 2747 3336 adimplevit,
2771 3265 2926 3320 sicut
2953 3263 3079 3335 ipse
3109 3262 3291 3318 dixit:
3320 3263 3443 3320 Non
3473 3261 3602 3318 veni
3633 3263 3812 3317 facere

2170 3353 2530 3410 voluntatem
2581 3371 2794 3420 meam,
2815 3353 2918 3410 sed
2958 3354 3088 3424 ejus
3127 3351 3226 3424 qui
3275 3351 3437 3408 misit
3463 3368 3576 3407 me.
3599 3352 3669 3407 Et
3696 3351 3815 3406 bra-

2167 3443 2368 3498 chium
2391 3461 2589 3508 suum,
2607 3443 2663 3498 id
2687 3447 2797 3510 est,
2813 3442 3216 3498 fortitudinem
3235 3458 3404 3497 suam
3421 3445 3479 3496 et
3500 3438 3808 3512 potentiam

2167 3533 2426 3588 extendit
2451 3531 2510 3587 in
2543 3531 2851 3598 Chaldaeis,
2875 3531 2987 3590 hoc
3025 3535 3133 3598 est,
3158 3530 3216 3586 in
3257 3529 3643 3596 daemonibus;
3680 3527 3812 3600 quia

2168 3620 2418 3676 abstulit
2437 3621 2522 3677 eis
2546 3625 2916 3694 potestatem.
2935 3621 3079 3676 Nam
3105 3621 3230 3693 ipse
3251 3619 3395 3675 dixit
3412 3635 3459 3672 :«
3480 3619 3644 3674 Nune
3666 3615 3812 3690 prin-

2169 3727 2306 3780 ceps
2339 3709 2520 3780 hujus
2553 3709 2756 3764 mundi
2789 3709 3059 3783 ejiciatur
3105 3710 3261 3764 foras
3279 3709 3457 3775 (Joan.
3487 3710 3654 3774 1111).»
3679 3707 3808 3777 Ego.

2169 3814 2276 3868 ego
2306 3797 2541 3853 loeutus
2573 3815 2706 3852 sum
2741 3797 2813 3852 de
2844 3796 2988 3852 Filio
3019 3813 3148 3852 meo
3179 3813 3285 3868 per
3314 3795 3529 3850 Mo‘sem
3561 3797 3811 3848 ceteros—

2169 3904 2283 3959 que
2314 3887 2650 3958 prophetas,
2676 3891 2736 3942 et
2757 3885 2952 3942 vocavi
2981 3901 3117 3940 eum
3151 3883 3386 3939 nomine
3415 3881 3645 3956 proprio
3667 3883 3812 3936 ante-

2169 3993 2348 4047 quam
2380 3980 2720 4030 nasceretur
2737 3992 2807 4030 ex
2827 3974 3069 4046 virgine,
3095 3973 3340 4045 loquens
3370 3989 3470 4045 per
3494 3968 3808 4028 Gabrielem

2169 4063 2589 4136 archangelum
2614 4064 2686 4119 ad
2721 4063 2964 4118 Mariam
2989 4079 3038 4117 ;‹‹
3063 4064 3206 4118 Ecce
3235 4059 3523 4132 concipias
3543 4063 3604 4116 et
3631 4056 3810 4131 paries

2168 4153 2450 4222 ﬁlium,et
2471 4153 2706 4209 vocabis
2729 4169 2942 4208 nomen
2963 4151 3094 4223 ejus
3113 4152 3376 4207 Jesum'.»
3393 4147 3641 4214 Adduxi,
3663 4161 3810 4210 eum,

2167 4242 2278 4297 hoc
2308 4248 2418 4308 est,
2441 4241 2736 4297 iucarnari
2758 4239 3041 4297 constitui
3065 4255 3079 4294 :
3105 4243 3162 4296 et
3183 4239 3414 4295 directa
3432 4241 3523 4294 est
3550 4236 3642 4292 via
3669 4236 3811 4307 ejus,

2169 4331 2307 4404 quia
2327 4355 2354 4380 «ι
2381 4348 2494 4386 non
2529 4335 2835 4403 peccatum
2860 4329 2996 4386 fecit
3027 4345 3133 4385 nec
3159 4328 3328 4384 dol‘us
3358 4327 3627 4383 inventus
3647 4323 3809 4381 estin

2169 4438 2266 4477 ore
2297 4421 2427 4493 ejus
2454 4421 2608 4488 (Luc.
2639 4419 2700 4493 1).
2734 4443 2756 4472 ι

2243 4509 2562 4566 «Accedite
2593 4509 2665 4564 ad
2699 4524 2854 4574 me,»
2881 4513 3107 4581 gentes,
3134 4529 3162 4558 ‹‹
3183 4510 3241 4562 et
3269 4503 3467 4563 audite
3494 4503 3624 4560 hoc.
3653 4526 3676 4552 ι
3700 4501 3810 4556 Vox

2171 4598 2300 4654 Filii
2331 4598 2454 4654 Dei.
2478 4621 2507 4648 ‹‹
2542 4598 2668 4654 Non
2709 4613 2744 4654 a
2791 4597 3079 4670 principio
3109 4597 3168 4652 in
3200 4594 3541 4652 abscondito
3591 4592 3810 4649 locutus

2172 4705 2327 4754 sum,
2357 4710 2384 4736 ››
2407 4687 2692 4743 subaudis
2743 4685 2911 4754 Mosi,
2945 4685 3192 4759 loquens
3221 4685 3292 4740 ad
3335 4697 3469 4739 eum
3519 4683 3580 4737 in
3623 4683 3809 4737 monte

2171 4778 2313 4833 Sina
2341 4793 2445 4848 per
2473 4775 2772 4848 angelum,
2787 4775 2926 4848 quia
2947 4775 3117 4830 multi
3141 4773 3456 4829 audierunt
3473 4771 3648 4826 verba
3669 4784 3804 4825 mea.

2174 4890 2195 4915 α
2227 4867 2308 4922 Ex
2337 4870 2601 4938 tempore
2630 4869 2950 4937 antequam
2981 4865 3190 4920 ﬁerent
3209 4879 3277 4918 ea
3299 4884 3328 4912 ››
3351 4879 3478 4934 quas
3505 4860 3657 4915 facta
3685 4859 3808 4914 sunt

2170 4979 2197 5005 ‹‹
2233 4954 2313 5010 ibi
2360 4971 2542 5010 eram.
2570 4975 2599 5005 »
2629 4954 2927 5011 Subaudis
2982 4953 3041 5008 in
3088 4953 3274 5008 Patre.
3310 4950 3491 5006 Filius
3538 4947 3640 5005 Dei
3687 4959 3805 5004 cum

2173 5045 2340 5100 Patre
2371 5043 2603 5099 locutus
2631 5048 2723 5100 est
2768 5043 2937 5110 Mosi,
2961 5059 3098 5099 cum
3149 5041 3316 5097 Patre
3361 5038 3498 5094 fecit
3541 5037 3736 5093 omnia
3759 5035 3805 5087 et

2172 5133 2467 5205 disposuit
2483 5131 2708 5188 omnia:
2730 5131 2885 5188 sicut
2897 5130 3026 5203 ipse
3042 5129 3306 5202 loquitur
3325 5144 3428 5200 per
3441 5125 3800 5198 Sapientiam:

2174 5222 2515 5278 «Dominus
2563 5221 2824 5293 possedit
2863 5235 2958 5276 me
2996 5220 3056 5274 in
3097 5217 3264 5274 initio
3293 5216 3517 5272 viarum
3554 5227 3802 5272 suarum.

2169 5316 2488 5383 antequam
2512 5309 2840 5382 quidquam
2872 5309 3088 5365 faceret
3107 5324 3142 5363 a
3173 5302 3514 5379 principio,»
3541 5306 3600 5357 et
3621 5305 3803 5357 cetera

2170 5417 2380 5472 usque,
2393 5416 2528 5455 cum
2545 5416 2612 5454 eo
2631 5413 2992 5470 componens
3008 5396 3226 5452 omnia.
3241 5395 3312 5451 Et
3327 5393 3540 5449 iterum
3557 5409 3610 5448 εκ
3622 5387 3801 5446 Omnis

2169 5488 2458 5561 sapientia
2479 5505 2513 5544 a
2541 5487 2790 5543 Domino
2814 5487 2929 5542 Deo
2947 5490 3056 5551 est,
3081 5489 3140 5541 et
3161 5499 3294 5539 eum
3321 5481 3417 5537 illo
3438 5480 3548 5536 fuit
3569 5485 3796 5550 semper.

2169 5584 2227 5633 et
2253 5581 2343 5634 est
2372 5581 2505 5632 ante
2537 5591 2722 5630 mvum
2750 5576 2932 5648 (Prov.
2951 5578 3140 5644 v111).»
3165 5596 3193 5622 α
3220 5573 3290 5628 Et
3337 5585 3496 5626 nunc
3545 5566 3798 5624 Dominus

2172 5666 2342 5722 Pater
2363 5665 2524 5720 misit
2545 5664 2812 5731 me,»hoc
2829 5669 2917 5720 est
2934 5661 3228 5720 incarnari
3244 5657 3602 5725 constituit,«
3623 5661 3682 5712 et
3699 5650 3801 5724 Spi-

2173 5755 2323 5812 ritus
2335 5755 2484 5825 ejus.
2494 5751 2692 5810 nBrevi
2707 5748 3302 5810 versiculo'l’rinitatis
3318 5746 3488 5804 nobis
3497 5744 3802 5803 ostenditur
