3956 6426
139 485 274 546 961

1209 480 1616 543 ΟΟΜΜΕΝΤ.
1666 481 1744 541 ΙΝ
1790 477 2085 540 lSAlAM.
2132 515 2210 525 -
2251 479 2402 543 LIB.
2451 480 2524 545 ll.

3451 490 3570 554 962

147 615 822 672 saeramentum.llomo
853 618 1198 685 assumptus
1227 632 1260 668 a
1293 618 1579 686 potestate
1611 615 1806 680 Verbi,
1838 618 1893 683 Α
1922 612 2216 682 apostolos
2245 615 2330 669 vel
2363 616 2698 686 credentes;
2734 623 2793 673 et
2818 619 2960 674 dicit
2985 637 2998 674 :
3025 620 3447 694 Egredimini,o
3475 625 3576 680 Ju-

149 705 430 778 loquitur
457 705 616 777 quod
647 703 804 759 Deus
838 704 1006 759 Pater
1033 709 1091 759 et
1119 704 1374 776 Spiritus
1404 706 1532 776 ejus
1564 706 1809 760 misere-

148 797 264 849 tur
291 809 450 860 eum,
479 791 543 847 id
571 797 662 847 est
694 791 987 846 incarnari
1017 792 1408 848 constituerit.

230 904 262 930 α
298 881 428 936 Haec
445 879 589 934 dicit
605 879 890 935 Dominus
912 881 1061 935 Deus
1074 881 1406 952 redemptor
1419 887 1554 936 tuus
1572 887 1811 936 sanctus

150 969 362 1025 Israel.
381 991 409 1017 ν
423 968 676 1024 Chorum
701 968 1098 1040 apostolorum
1122 969 1233 1025 isto
1253 970 1311 1024 in
1337 969 1460 1026 loco
1471 973 1808 1042 alloquitur.

149 1059 526 1130 Redemptor
553 1058 685 1128 ejus
723 1057 960 1123 dicitur,
992 1058 1130 1129 quia
1162 1059 1409 1113 redemit
1438 1077 1572 1114 eum
1606 1060 1809 1130 pretio,

148 1147 216 1202 id
251 1151 345 1202 est
371 1145 661 1218 sanguine
691 1162 818 1200 suo.
852 1168 880 1194 «
917 1146 1033 1217 Ege
1063 1145 1349 1201 Dominus
1371 1147 1524 1201 Deus
1557 1153 1693 1201 tuus
1717 1149 1813 1202 do-

151 1252 306 1294 cens
331 1240 390 1290 te
418 1234 660 1300 utilia,»
694 1233 803 1288 hoc
831 1238 1078 1307 est,qute
1109 1235 1180 1288 ad
1213 1234 1462 1299 salutem
1496 1237 1810 1308 pertinent,

153 1341 268 1396 per
299 1322 680 1394 Evangelium
711 1345 740 1371 α
775 1323 1112 1394 gubernans
1143 1329 1196 1378 te
1228 1323 1285 1378 in
1318 1323 1408 1378 via
1443 1342 1570 1396 quae
1604 1327 1812 1380 ambu-

155 1413 342 1480 labis,
374 1435 403 1463 ι»
436 1411 547 1468 hoc
577 1416 688 1479 est,
722 1411 780 1464 in
812 1413 1081 1482 praesenti
1114 1412 1348 1483 saeculo,
1381 1414 1500 1468 sive
1534 1415 1590 1468 in
1621 1415 1813 1468 ol‘licio

155 1501 597 1574 praedicationis
629 1515 644 1555 :
679 1501 834 1554 sicut
877 1499 982 1554 tibi
1028 1502 1292 1572 promisi,
1325 1503 1526 1557 dicens
1560 1520 1574 1557 :
1608 1527 1634 1552 ‹‹
1675 1505 1814 1558 Ecce

152 1607 274 1662 ego
319 1589 627 1646 vobiscum
696 1606 831 1644 sum
896 1589 1178 1644 omnibus
1233 1591 1462 1656 diebus,
1507 1608 1693 1664 usque
1741 1593 1812 1646 ad

152 1677 737 1735 consummationem
768 1676 966 1732 saeculi
999 1677 1474 1749 (Matth.xxvm);»
1505 1682 1816 1753 etquando

155 1767 316 1824 dixit
346 1782 362 1823 :
395 1766 496 1832 Ite,
529 1765 728 1820 docete
755 1782 960 1822 omnes
989 1773 1212 1838 gentes.

238 1877 272 1908 ι(
306 1854 538 1912 Utinam
563 1853 916 1909 attendisses
931 1856 1211 1911 mandata
1240 1857 1396 1912 mea!
1424 1859 1596 1912 Facta
1612 1858 1819 1914 fuisset

150 1945 322 2002 sicut
348 1943 568 1999 ﬂumen
597 1959 709 2014 pax
736 1945 860 2014 tua,
876 1965 905 1993 »
938 1943 1046 1998 hoc
1075 1949 1185 2012 est,
1218 1947 1508 2016 profunda
1535 1947 1820 2003 securitas

153 2033 275 2089 tibi
306 2036 482 2088 esset.
497 2031 821 2088 Possumus
852 2032 960 2086 hoc
991 2048 1059 2086 ex
1090 2039 1250 2104 parte
1280 2034 1352 2088 ad
1386 2034 1558 2089 Israel
1585 2037 1815 2090 referre.

156 2124 206 2178 υ
244 2119 444 2188 Israel,
474 2119 525 2176 si
557 2119 915 2176 attendisses
963 2121 1243 2176 mandata
1271 2139 1401 2176 mea
1425 2128 1483 2177 et
1513 2141 1683 2194 opere
1712 2125 1820 2179 ad-

155 2209 661 2282 implesses,facta
687 2215 844 2263 esset
865 2209 1150 2265 securitas
1177 2215 1234 2264 et
1263 2227 1372 2282 pax
1387 2216 1487 2266 tua
1507 2215 1816 2284 profunda.

159 2301 276 2355 Per
301 2299 423 2353 hanc
455 2297 657 2354 omnia
687 2314 813 2370 qua:
828 2300 1546 2370 sequuntur,abundantia
1566 2307 1623 2356 et
1644 2302 1822 2373 pleni-

159 2389 310 2445 tudo
327 2389 613 2442 bonorum
626 2387 892 2441 omnium
907 2387 1443 2459 ostenditur,quam
1460 2390 1552 2444 ille
1570 2391 1740 2462 pepul
1754 2409 1821 2445 us

159 2477 412 2533 haberet
443 2475 556 2530 nisi
609 2475 1020 2546 praevaricator
1067 2474 1357 2531 existeret.
1393 2479 1452 2532 Si
1502 2484 1697 2533 autem
1747 2480 1820 2534 ad

161 2566 418 2622 chorum
444 2561 846 2636 apostolorum
879 2563 1336 2628 referimus,erit
1366 2568 1666 2622 scnsus:0
1685 2567 1822 2622 ch0-

164 2671 272 2710 rus
303 2651 728 2724 apostolorum,
761 2651 988 2707 utinam
1019 2653 1288 2709 attendas
1337 2655 1618 2710 mandata
1656 2657 1817 2711 mea!

164 2743 336 2809 Quod
369 2741 418 2797 si
451 2740 657 2797 feceris
686 2758 814 2812 qua:
847 2741 1232 2813 praecepi,erit
1261 2760 1372 2814 pax
1403 2748 1505 2798 tua
1534 2744 1690 2799 sicut
1721 2746 1824 2800 flu-

167 2848 308 2887 men
340 2830 496 2902 quod
529 2846 760 2901 semper
789 2830 1046 2884 decurrit
1071 2836 1128 2884 et
1149 2848 1454 2902 nunquam
1475 2833 1820 2898 minoratur,

166 2921 281 2975 hoc
312 2923 422 2986 est,
454 2917 740 2973 securitas
783 2923 887 2972 tua
915 2923 972 2973 et
1013 2935 1124 2989 pax
1174 2936 1408 2990 semper
1455 2921 1718 2976 manebit
1765 2923 1822 2976 in

167 3005 537 3064 beatitudine
553 3009 768 3062 aeterna
783 3025 796 3073 ;
813 3029 840 3056 «
856 3011 915 3062 et
943 3007 1053 3062 erit
1074 3007 1312 3077 justitia
1341 3013 1444 3063 tua
1463 3010 1616 3064 sicut
1631 3011 1826 3082 gurgi-

173 3103 269 3152 tes
303 3094 541 3166 maris,»
567 3095 908 3151 ﬂuctuando
937 3100 994 3151 et
1021 3096 1386 3162 elevando,et
1405 3099 1597 3152 eundo
1620 3101 1690 3154 de
1711 3101 1824 3154 vir-

177 3190 306 3240 tute
333 3183 396 3239 in
426 3183 723 3240 virtutem.
757 3207 784 3234 ‹‹
820 3185 887 3239 Et
918 3184 1029 3240 erit
1056 3201 1256 3241 semen
1289 3191 1482 3254 tuum,
1518 3209 1546 3235 »
1577 3187 1688 3243 hoc
1715 3193 1826 3254 est,

173 3288 388 3330 omnes
415 3272 718 3328 credentes
739 3289 843 3344 per
862 3272 1332 3344 prmdicationem
1366 3276 1678 3343 tuam,sive
1695 3294 1829 3348 gen-

1920 700 2127 770 dzei,de
2159 701 2845 775 Babylone,permittente
2867 706 3124 779 Cyro;vel
3143 727 3244 765 vos
3267 712 3572 769 credentes

1919 789 2262 858 egredimini
2311 792 2380 846 de
2435 793 2744 864 Babylone,
2790 794 2898 849 hoc
2946 800 3056 866 est,
3107 798 3178 852 de
3227 800 3571 856 confusione

1921 875 2100 945 hujus
2134 879 2539 944 mundi.0uod
2568 881 2617 935 si
2651 897 2765 935 non
2801 883 3044 953 potestis
3075 901 3334 956 corpore,
3358 886 3568 943 saltem

1922 970 2116 1018 mente
2148 972 2203 1020 et
2235 969 2748 1041 contemplatione.
2771 971 2974 1042 Fugite
3006 990 3105 1027 vos
3136 991 3169 1028 a
3197 974 3484 1030 Chaldaeis
3509 976 3568 1031 in

1922 1058 2134 1108 terrain
2171 1058 2774 1126 reprmnissionis.\r’el
2809 1062 3247 1132 vos,apostoli,a
3276 1065 3569 1120 consortio

1919 1141 2252 1197 (lzemonum
2284 1150 2341 1198 et
2373 1145 2660 1200 malorum
2695 1135 3002 1204 hominum
3044 1151 3245 1222 procul
3298 1153 3566 1210 recedite.

1903 1227 1984 1283 'ln
2016 1246 2153 1284 voce
2170 1233 2575 1288 exsultationis
2592 1240 2648 1289 et
2669 1237 2866 1305 gaudii
2887 1238 3566 1312 annuntiate,subaudis,

1918 1334 2042 1382 vos,
2086 1320 2296 1384 Jmlaai,
2332 1322 2658 1377 libertatem
2707 1330 2960 1381 vestram
3012 1326 3145 1382 aliis
3185 1329 3480 1400 gentibus,
3513 1335 3572 1386 et

1920 1421 2042 1472 vos,
2071 1409 2340 1478 apostoli,
2363 1411 2825 1482 redemptionem
2858 1413 3190 1470 animarum
3220 1423 3568 1474 vestrarum.

1921 1517 1948 1542 «
1982 1495 2262 1550 Auditum
2298 1498 2470 1552 facite
2502 1498 2678 1563 hoc,»
2709 1517 2743 1554 o
2773 1501 2984 1566 Judazi,
3009 1503 3150 1575 quia
3179 1505 3251 1560 de
3282 1506 3573 1578 Babylone

1922 1581 2148 1652 fugitis,
2181 1590 2238 1638 et
2267 1603 2300 1639 o
2333 1586 2602 1656 apostoli,
2636 1588 2775 1659 quia
2817 1589 3104 1647 Dominus
3156 1593 3403 1649 redemit
3449 1611 3570 1652 vos.

1924 1694 1950 1719 α
1989 1672 2152 1726 Ferte
2183 1673 2328 1727 illud
2363 1691 2548 1746 usque
2593 1677 2662 1730 ad
2713 1683 2974 1734 extrema
3021 1684 3206 1748 terrae,
3245 1703 3267 1730 ι
3304 1681 3410 1738 hoc
3462 1689 3570 1752 est,

1925 1775 2028 1830 per
2057 1777 2289 1815 omnem
2324 1764 2610 1818 mundum
2642 1765 2951 1835 praadicate
2983 1773 3048 1822 ut
3077 1773 3135 1822 et
3163 1768 3273 1840 ipsi
3302 1787 3407 1842 per
3435 1788 3574 1827 suc-

1925 1847 2194 1903 cedentes
2251 1851 2657 1921 gnnerationes
2709 1870 2778 1908 ea
2825 1855 3196 1910 annuntient.
3235 1880 3256 1906 ι
3291 1858 3494 1927 Dicite,
3543 1881 3572 1909 »

1925 1951 1958 1990 ο
1985 1936 2169 1991 Judaei
2203 1938 2288 1992 vel
2321 1939 2590 2009 apostoli,
2622 1939 2738 1995 illis
2771 1941 2872 2012 qui
2903 1941 3211 2014 ignorant:
3239 1967 3267 1994 «
3307 1946 3576 2002 Redemit

1850 2003 1898 2067 Β
1931 2025 2208 2079 Dominus
2240 2043 2473 2081 servum
2503 2044 2678 2082 suum
2709 2029 2890 2084 Jacob
2923 2052 2950 2080 ››
2999 2032 3070 2086 de
3105 2032 3416 2104 Babylone,
3453 2035 3574 2090 sive

1927 2131 2131 2168 omnes
2161 2121 2365 2185 gentes
2395 2133 2522 2187 quae
2553 2115 2691 2172 vitia
2722 2119 3105 2190 supplantant
3133 2121 3204 2175 de
3234 2124 3576 2180 confusione

1929 2208 2324 2275 peccatorum.

2000 2315 2026 2340 «
2064 2293 2188 2346 Non
2220 2293 2495 2348 sitierunt
2537 2293 2594 2348 in
2645 2295 2896 2362 deserto,
2933 2320 2960 2346 ››
3007 2300 3294 2356 subaudis
3341 2303 3576 2374 quando

1928 2380 2148 2450 egressi
2180 2388 2317 2435 sunt
2343 2382 2413 2436 de
2437 2382 2726 2455 Babylone
2749 2385 2859 2440 sub
2878 2387 3215 2456 Zorobabel,
3241 2391 3580 2464 caeterisque

1931 2469 2201 2522 ducibus.
2255 2470 2400 2524 Nam
2450 2473 2686 2541 quando
2731 2491 2800 2528 ex
2845 2475 3088 2546 (Egypto
3137 2477 3418 2548 exierunt,
3465 2497 3580 2536 non

1931 2557 2124 2612 solum
2175 2559 2472 2626 sitierunt,
2505 2562 2891 2616 verumetiam
2935 2570 2992 2618 et
3043 2573 3580 2624 murmuraverunt.

1933 2646 2050 2700 Hoc
2101 2653 2299 2700 autem
2364 2649 2536 2718 quod
2568 2651 2852 2720 sequitur,
2885 2674 2913 2700 «
2963 2668 3098 2708 cum
3143 2655 3416 2712 educeret
3461 2674 3583 2730 eos,

1931 2750 2146 2804 aquam
2178 2736 2248 2787 de
2281 2742 2444 2804 petra
2474 2737 2748 2806 produxit
2776 2738 2883 2806 eis,
2918 2760 2946 2786 ››
2979 2741 3224 2796 minime
3267 2743 3582 2814 impletum

1931 2840 2058 2876 esse
2091 2822 2340 2892 legimus
2374 2830 2684 2894 postquam
2709 2833 2924 2880 terram
2957 2830 3430 2898 repromissionis
3459 2849 3584 2904 per-

1931 2917 2248 2981 ceperunt;
2284 2911 2396 2964 nisi
2430 2911 2834 2982 hyperbolicos
2865 2913 2922 2968 in
2955 2916 3404 2974 similitudinem
3435 2919 3584 2992 prio-

1934 2999 2015 3052 ris
2059 2998 2355 3053 t'elicitatis
2405 2998 2647 3070 impleta
2693 3017 2823 3056 esse
2872 3009 3294 3072 contestentur,
3345 3010 3582 3079 quando

1933 3103 2036 3158 per
2065 3087 2362 3141 desertum
2408 3089 2747 3158 pactionum
2797 3097 3084 3148 venerunt
3131 3094 3397 3152 Judaeum
3423 3103 3481 3154 et
3511 3100 3583 3156 de

1934 3175 2270 3246 captivitate
2299 3181 2439 3230 sunt
2468 3176 2720 3244 liberati,
2744 3178 2832 3234 vel
2863 3181 3039 3235 etiam
3061 3181 3177 3238 nisi
3209 3188 3274 3238 ut
3295 3186 3585 3244 referatur

1935 3265 2007 3319 ad
2037 3264 2432 3334 egressionem
2464 3283 2534 3320 ex
2559 3267 2823 3339 1Egypto,
2843 3274 2900 3323 et
2921 3269 3152 3326 dicatur
3171 3289 3286 3328 non
3309 3274 3585 3336 sitierunt

174 3360 462 3430 tuesﬁive
486 3360 740 3428 Judggi,“
767 3359 922 3416 sicut
953 3378 1150 3427 arena,
1172 3384 1200 3411 »
1233 3363 1518 3419 subaudis
1548 3381 1676 3436 qua;
1709 3383 1824 3437 pm
1857 3366 1900 3434 α
1940 3354 1999 3408 in
2030 3355 2282 3417 deserto,
2306 3355 2590 3410 subaudis
2621 3361 2686 3410 ut
2717 3358 2992 3428 perirent.
3025 3360 3085 3416 Si
3118 3367 3317 3418 autem
3347 3364 3420 3420 ad
3452 3383 3584 3438 apo-

175 3449 564 3506 multitudine
595 3449 893 3506 numerari
925 3467 1043 3506 non
1071 3449 1242 3506 valet.
1275 3473 1303 3501 ‹‹
1338 3452 1408 3506 Et
1446 3453 1624 3524 stirps
1674 3455 1824 3508 uteri

174 3539 289 3604 tui,
321 3560 352 3589 »
382 3537 442 3593 id
472 3541 584 3608 est,
614 3537 720 3592 Illii
752 3537 1027 3593 doctrinae
1069 3542 1180 3594 tua:
1227 3545 1403 3595 erunt
1449 3563 1477 3590 «
1525 3545 1592 3596 ut
1641 3541 1825 3615 lapilli

172 3644 388 3684 arena.
423 3647 453 3676 ››
484 3626 696 3682 Semen
727 3631 785 3680 et
813 3625 991 3699 stirps
1019 3628 1420 3699 apostolorum
1453 3635 1592 3685 sunt
1621 3649 1826 3688 omnes

170 3715 662 3784 credentes,sicut
691 3713 832 3770 dicit
857 3715 1208 3788 Apostolus:
1234 3739 1263 3766 ‹‹
1299 3717 1486 3774 Filioli
1519 3719 1633 3776 mei
1678 3733 1827 3792 quos

169 3805 393 3862 iterum
407 3807 574 3876 partu
583 3804 726 3860 rio.»
747 3804 872 3859 Etzu
889 3804 997 3859 Per
1015 3804 1394 3877 Evangelium
1415 3823 1522 3879 ego
1537 3824 1638 3863 vos
1651 3810 1825 3880 genui

172 3893 318 3966 (Gal.
351 3909 433 3959 ιν,
462 3892 488 3948 l
507 3895 635 3950 Cor.
665 3891 766 3964 ιν).
802 3914 832 3941 »
864 3914 891 3941 ‹‹
926 3893 1052 3948 Non
1099 3892 1420 3961 interisset,
1457 3916 1486 3944 ››
1538 3897 1826 3954 subaudis

169 3998 378 4040 semen
395 3984 627 4048 tuum,o
650 3979 825 4037 Israel
836 3979 906 4046 ,si
928 3981 1280 4036 attendisses
1293 3984 1365 4038 ad
1381 3985 1660 4040 mandata
1672 4003 1822 4055 mea;

168 4095 198 4124 α
235 4075 296 4126 et
327 4087 444 4126 non
469 4069 681 4125 fuisset
710 4069 978 4124 attritum
1017 4086 1230 4126 nomen
1256 4072 1430 4152 .ejus,
1461 4094 1490 4121 ››
1535 4074 1824 4130 subaudis

169 4157 411 4228 Israel,«
445 4175 480 4214 a
505 4157 653 4214 facie
683 4174 872 4225 mea,»
885 4163 952 4213 ut
981 4175 1216 4231 semper
1242 4159 1627 4218 virividentes
1639 4163 1822 4219 Deum

168 4251 373 4304 mente
402 4247 758 4304 dicerentur.
792 4248 959 4304 Nunc
990 4252 1188 4304 autem
1226 4249 1366 4321 quia
1410 4251 1824 4322 prevaricatus

164 4354 258 4408 es,
291 4335 564 4392 attritum
587 4340 678 4393 est
706 4353 920 4392 nomen
951 4341 1146 4406 tuum,
1178 4342 1386 4410 praeter
1433 4339 1732 4411 apostolos
1762 4341 1822 4397 in

167 4425 393 4498 quibus
423 4423 732 4482 reservasti
759 4441 960 4482 semen
987 4431 1045 4482 et
1073 4443 1288 4482 nomen
1332 4427 1822 4499 patriarcharum.

166 4514 340 4572 Sicut
382 4513 648 4586 praedixit
697 4513 900 4571 Isaias.
937 4515 1142 4582 «Quia
1191 4516 1306 4572 nisi
1353 4516 1641 4574 Dominus
1688 4518 1822 4574 reli-

166 4602 404 4675 quisset
452 4601 624 4658 nobis
677 4619 901 4672 semen,
961 4603 1132 4675 quasi
1191 4604 1446 4660 Sodoma
1503 4606 1823 4663 fuissemus

1935 3441 2114 3497 stolos
2146 3443 2475 3513 referimus,
2529 3461 2643 3500 non
2693 3446 2970 3503 sitierunt
3015 3447 3077 3504 in
3127 3451 3356 3508 deserto
3403 3453 3584 3526 hujus

1932 3531 2062 3585 vita:
2095 3547 2109 3586 :
2144 3531 2286 3602 quia
2313 3548 2448 3586 cum
2482 3534 2754 3589 educeret
2783 3551 2883 3590 eos
2909 3536 2980 3592 de
3009 3538 3322 3612 Babylone,
3356 3541 3466 3599 hoc
3497 3547 3588 3600 est

1936 3621 2008 3675 de
2037 3620 2381 3678 confusione
2412 3622 2654 3694 peccati,
2686 3641 2790 3696 per
2821 3625 2994 3682 fidem
3033 3645 3205 3684 suam
3253 3647 3466 3703 aquam
3517 3633 3590 3689 de

1936 3715 2100 3781 petra
2137 3711 2414 3781 produxit
2451 3711 2556 3778 eis,
2610 3712 2668 3766 id
2717 3719 2808 3768 est
2855 3715 3045 3786 gratia
3093 3720 3281 3774 sancti
3331 3721 3587 3792 Spiritus

1937 3797 2178 3868 replevit
2207 3815 2346 3866 eos;
2379 3816 2508 3870 qua:
2538 3801 2610 3855 de
2641 3801 2871 3858 Christo
2915 3805 3219 3874 processit.
3247 3830 3278 3857 ‹‹
3311 3810 3381 3862 Et
3413 3809 3586 3865 scidit

1936 3892 2186 3957 petram,
2217 3893 2275 3940 et
2304 3889 2598 3943 fluxerunt
2625 3906 2814 3961 aqua),
2848 3913 2876 3940 υ
2910 3893 3019 3948 hoc
3065 3899 3157 3948 est
3205 3896 3416 3966 aperiri
3451 3913 3584 3967 pro-

1935 3975 2098 4029 misit
2125 3973 2280 4028 latus
2301 3975 2538 4042 Christi,
2562 3977 2632 4031 de
2653 3995 2772 4048 quo
2791 3979 3056 4034 exierunt
3076 3997 3240 4052 aqua:
3267 3982 3585 4040 ablutionis

1934 4071 1992 4119 et
2021 4064 2445 4134 redemptionis
2475 4070 2708 4120 nostras.
2745 4067 3020 4137 Legimus
3050 4069 3110 4123 in
3163 4071 3435 4141 passione
3466 4073 3585 4129 Do-

1935 4152 2102 4216 mini,
2121 4153 2261 4224 quia
2282 4159 2594 4224 postquam
2617 4153 2816 4210 emisit
2844 4155 3304 4227 spiritum,unus
3327 4160 3581 4217 militum

1933 4240 2137 4296 lancea
2166 4241 2321 4296 latus
2342 4243 2472 4312 ejus
2491 4243 2740 4314 aperuit,
2765 4249 2823 4298 et
2843 4245 3122 4302 continu-0
3145 4247 3318 4304 exivit
3337 4251 3583 4323 sanguis

1934 4335 2144 4386 nostrae
2206 4331 2648 4403 redemptionis,
2697 4337 2756 4387 et
2801 4349 2954 4404 aqua
3001 4335 3376 4408 baptismatis
3403 4340 3581 4408 (Joan.

1931 4423 2072 4488 XIX).
3505 4492 3510 4498 .

2005 4531 2032 4558 «
2060 4509 2183 4564 Non
2215 4514 2305 4564 est
2327 4526 2438 4580 pax
2455 4509 2675 4582 impiis,
2705 4532 2733 4558 »
2755 4511 2996 4580 Judaeis,
3012 4535 3040 4564 ‹‹
3061 4513 3202 4570 dicit
3221 4515 3530 4573 Dominus.
3550 4539 3579 4568 »

1933 4597 2081 4664 Quia
2110 4614 2246 4652 cum
2279 4603 2444 4652 tanta
2463 4599 2836 4670 praestiterim
2859 4600 2964 4670 eis,
2990 4618 3106 4657 non
3137 4603 3358 4658 habent
3376 4621 3582 4676 pacem

164 4691 301 4762 (18a.
331 4694 397 4760 ι).
427 4713 456 4740 ››
488 4689 649 4746 Licet
692 4690 851 4746 enim
905 4691 1175 4748 lsraelitaa
1221 4698 1520 4762 vocentur,
1553 4695 1821 4751 attritum
1855 4732 1899 4796 υ
1933 4703 2186 4796 immiti,
2222 4686 2339 4796 1100‘
2361 4693 2450 4742 est
2481 4705 2596 4789 non
2627 4688 3122 4796 creduntinnme.‘
3142 4691 3244 4746 Vel
3270 4693 3583 4796 etiamali-

165 4784 262 4837 est
289 4783 488 4837 tamen
517 4797 731 4837 nomen
761 4797 965 4836 eorum
997 4799 1032 4836 a
1061 4781 1208 4836 facie
1235 4783 1533 4853 mea,quia
1552 4799 1666 4842 non
1701 4801 1821 4838 me-

165 4873 376 4926 rentur
393 4869 582 4925 Deum
606 4869 824 4925 videre.
857 4871 927 4926 Et
958 4871 1006 4926 si
1039 4871 1110 4925 ad
1141 4871 1437 4942 apostolos
1469 4871 1578 4927 hoc
1609 4873 1820 4928 refera-

164 4963 290 5026 tur,
325 4959 436 5013 erit
467 4975 677 5013 sensus
711 4975 724 5012 :
761 4958 807 5014 Ο
839 4958 1055 5014 chorus
1087 4958 1508 5030 apostolorum,
1542 4961 1592 5016 si
1634 4966 1820 5015 atten-

164 5047 327 5104 deris
359 5051 646 5120 praecepta
677 5063 828 5114 mea,
863 5065 976 5104 non
1010 5047 1273 5103 interibit
1303 5066 1500 5104 semen
1544 5054 1734 5112 tuum,
1766 5054 1824 5103 et

166 5153 288 5192 non
317 5137 432 5192 erit
453 5137 720 5192 attritum
751 5154 964 5192 nomen
997 5137 1298 5192 ﬁliationis
1341 5143 1545 5192 vestrae
1595 5155 1629 5193 a
1676 5139 1822 5194 facie

165 5243 322 5293 mea,
353 5224 496 5296 quin
527 5243 562 5282 a
589 5225 822 5281 Christo
853 5225 1169 5281 Christiani
1199 5226 1508 5282 vocemini.

238 5338 267 5365 «
297 5314 662 5387 Egredimini
692 5315 766 5370 de
796 5315 1108 5387 Babylone,
1142 5315 1324 5388 fugite
1371 5333 1407 5370 a
1434 5315 1725 5385 Chaldeis,
1761 5318 1822 5372 in

163 5420 306 5462 voce
336 5402 746 5460 exsultationis
775 5403 1304 5460 annuntiate.»lsta
1332 5403 1606 5460 allocutio
1628 5405 1822 5477 dupli-

165 5492 314 5550 citer
343 5495 540 5564 potest
567 5491 843 5564 intelligi,
873 5493 962 5548 vel
1011 5494 1084 5549 de
1129 5493 1350 5550 Judazis
1397 5493 1499 5564 qui
1546 5500 1713 5550 erant
1761 5495 1820 5549 in

165 5579 462 5654 Babylone
483 5597 553 5637 ex
569 5581 806 5638 duabus
827 5581 1217 5650 tribubus,vel
1239 5582 1416 5638 etiam
1447 5582 1822 5639 credentibus

164 5670 237 5727 de
260 5669 577 5743 apostolis.
611 5668 870 5742 Babylon
898 5670 1116 5726 etenim
1145 5671 1440 5744 signiﬁcat
1469 5669 1626 5726 hunc
1643 5687 1822 5726 mun-

161 5759 330 5820 dum.
359 5757 706 5833 Alloquitur.
723 5775 864 5836 ergo
909 5776 1102 5818 sermo
1149 5759 1385 5819 divinus
1423 5759 1662 5819 Judtsos
1712 5776 1817 5819 seu

1933 4779 2020 4829 ter
2051 4791 2064 4830 :
2099 4775 2224 4830 Non
2256 4781 2347 4830 est
2375 4793 2489 4847 pax
2519 4777 2738 4849 impiis,
2785 4779 2929 4834 dicit
2960 4779 3266 4848 Dominus,
3316 4781 3584 4838 videlicet

1931 4863 2248 4920 incredulis
2281 4867 2382 4937 qui
2414 4873 2779 4938 cognoscunt
2809 4872 2974 4923 tanta
2994 4886 3099 4941 pro
3131 4870 3320 4926 salute
3351 4887 3462 4926 sua
3491 4871 3580 4927 Fi-

1928 4953 2074 5008 lium
2107 4955 2207 5009 Dei
2259 4955 2637 5026 sustinuisse,
2680 4957 2887 5012 nolunt
2931 4957 2988 5012 in
3033 4976 3168 5014 cum
3213 4961 3444 5015 credere
3475 4977 3582 5016 nec

1931 5043 2164 5110 habere,
2185 5045 2285 5115 qui
2315 5051 2405 5099 est
2427 5063 2539 5116 pax
2569 5051 2790 5115 nostra,
2814 5047 2912 5119 qui
2941 5049 3078 5103 fecit
3099 5055 3346 5122 utraque
3369 5069 3576 5106 unum.

1930 5133 2274 5205 Quicunque
2306 5151 2443 5205 ergo
2475 5141 2629 5190 recte
2659 5137 2864 5204 credit,
2898 5138 3044 5193 bene
3069 5139 3206 5194 vivit
3237 5157 3250 5194 :
3284 5157 3486 5212 pacem
3518 5141 3578 5195 in

1931 5240 1991 5278 se
2024 5222 2216 5290 habet,
2250 5223 2310 5278 id
2339 5231 2428 5278 est
2458 5224 2780 5280 Christum.

2521 5367 2754 5424 CAPUT
2792 5369 2982 5426 XLIX.

2005 5514 2032 5540 ι(
2064 5493 2292 5556 Audite,
2317 5491 2544 5559 insulae,
2567 5497 2626 5548 et
2653 5494 2958 5560 attendite,
2990 5495 3189 5566 populi
3221 5496 3292 5551 de
3321 5495 3512 5570 longe.
3547 5520 3577 5548 η

1933 5581 2066 5636 Post
2095 5579 2454 5636 vocationem
2479 5581 2861 5652 reliquiarum
2886 5584 3080 5652 Israel,
3102 5589 3160 5640 et
3187 5585 3577 5657 abjectionem

1931 5669 2133 5742 populi
2165 5669 2224 5722 in
2245 5668 2650 5725 incredulitate
2673 5673 3074 5742 permanentia
3093 5673 3166 5728 de
3186 5675 3404 5746 quibus
3426 5675 3582 5732 dixe-

1929 5763 2022 5817 rat
2053 5775 2068 5817 :
2100 5759 2226 5817 Non
2256 5761 2346 5816 est
2363 5775 2476 5833 pax
2505 5757 2728 5834 impiis,
2753 5759 2896 5818 dicit
2924 5761 3211 5822 Dominus
3231 5781 3246 5836 ;
3269 5761 3483 5823 transit
3501 5766 3575 5824 ad
