  <div class='ocr_page' id='page_1' title='image "/cluster/home/n/w/nwhite01/storage/ocr_20150623/115-116/uc1.31175006916467/1223.png"; bbox 0 0 3956 6454; ppageno 0'>
   <div class='ocr_carea' id='block_1_1' title="bbox 400 448 522 514">
    <p class='ocr_par' dir='ltr' id='par_1_1' title="bbox 400 448 522 514">
     <span class='ocr_line' id='line_1_1' title="bbox 400 448 522 514; baseline -0.041 0"><span class='ocrx_word' id='word_1_1' title='bbox 400 448 522 514; x_wconf 85' lang='grc'>963</span> 
     </span>
    </p>
   </div>
   <div class='ocr_carea' id='block_1_2' title="bbox 833 442 3390 539">
    <p class='ocr_par' dir='ltr' id='par_1_2' title="bbox 833 442 3390 539">
     <span class='ocr_line' id='line_1_2' title="bbox 833 442 3390 539; baseline -0.002 -28"><span class='ocrx_word' id='word_1_2' title='bbox 833 448 1245 511; x_wconf 86' lang='lat' dir='ltr'>HAYMONIS</span> <span class='ocrx_word' id='word_1_3' title='bbox 1279 445 1820 519; x_wconf 73' lang='lat' dir='ltr'>HALBERS&#39;I‘A&#39;I‘.</span> <span class='ocrx_word' id='word_1_4' title='bbox 1855 442 2111 531; x_wconf 12' lang='lat' dir='ltr'>EPISC.‘</span> <span class='ocrx_word' id='word_1_5' title='bbox 2133 444 2307 507; x_wconf 86' lang='lat' dir='ltr'>OPP.</span> <span class='ocrx_word' id='word_1_6' title='bbox 2339 444 2538 507; x_wconf 82' lang='lat' dir='ltr'>PARS</span> <span class='ocrx_word' id='word_1_7' title='bbox 2568 445 2617 507; x_wconf 88' lang='grc' dir='ltr'><strong>Ι.</strong></span> <span class='ocrx_word' id='word_1_8' title='bbox 2646 477 2725 491; x_wconf 90' lang='lat'><strong><em>—</em></strong></span> <span class='ocrx_word' id='word_1_9' title='bbox 2753 445 3159 509; x_wconf 85' lang='lat' dir='ltr'>COMMENT.</span> <span class='ocrx_word' id='word_1_10' title='bbox 3192 445 3390 508; x_wconf 90' lang='lat' dir='ltr'>BIBL.</span> 
     </span>
    </p>
   </div>
   <div class='ocr_carea' id='block_1_3' title="bbox 3703 448 3810 510">
    <p class='ocr_par' dir='ltr' id='par_1_3' title="bbox 3703 448 3810 510">
     <span class='ocr_line' id='line_1_3' title="bbox 3703 448 3810 510; baseline 0 0"><span class='ocrx_word' id='word_1_11' title='bbox 3703 448 3810 510; x_wconf 66' lang='lat'>964</span> 
     </span>
    </p>
   </div>
   <div class='ocr_carea' id='block_1_4' title="bbox 406 577 3808 651">
    <p class='ocr_par' dir='ltr' id='par_1_4' title="bbox 406 577 3808 651">
     <span class='ocr_line' id='line_1_4' title="bbox 406 577 3808 651; baseline -0.001 -10"><span class='ocrx_word' id='word_1_12' title='bbox 406 584 695 641; x_wconf 87' lang='lat' dir='ltr'>Ecclesias</span> <span class='ocrx_word' id='word_1_13' title='bbox 727 584 797 636; x_wconf 88' lang='lat' dir='ltr'>de</span> <span class='ocrx_word' id='word_1_14' title='bbox 818 582 1095 651; x_wconf 78' lang='lat' dir='ltr'>gentibus</span> <span class='ocrx_word' id='word_1_15' title='bbox 1118 583 1519 651; x_wconf 72' lang='lat' dir='ltr'>congregatas,</span> <span class='ocrx_word' id='word_1_16' title='bbox 1544 579 1705 633; x_wconf 88' lang='lat' dir='ltr'>cteis</span> <span class='ocrx_word' id='word_1_17' title='bbox 1729 577 2054 632; x_wconf 74' lang='lat' dir='ltr'>insularum</span> <span class='ocrx_word' id='word_1_18' title='bbox 2085 581 2139 645; x_wconf 84' lang='grc' dir='ltr'><strong>Α</strong></span> <span class='ocrx_word' id='word_1_19' title='bbox 2172 594 2446 649; x_wconf 81' lang='lat' dir='ltr'>magnam</span> <span class='ocrx_word' id='word_1_20' title='bbox 2508 583 2734 650; x_wconf 88' lang='lat' dir='ltr'>partem</span> <span class='ocrx_word' id='word_1_21' title='bbox 2789 580 3127 635; x_wconf 69' lang='lat' dir='ltr'>Judreorum</span> <span class='ocrx_word' id='word_1_22' title='bbox 3179 581 3250 635; x_wconf 91' lang='lat' dir='ltr'>ad</span> <span class='ocrx_word' id='word_1_23' title='bbox 3301 584 3356 634; x_wconf 89' lang='lat' dir='ltr'>te</span> <span class='ocrx_word' id='word_1_24' title='bbox 3396 595 3660 635; x_wconf 82' lang='lat' dir='ltr'>revocare</span> <span class='ocrx_word' id='word_1_25' title='bbox 3702 597 3808 636; x_wconf 89' lang='lat' dir='ltr'>non</span> 
     </span>
    </p>
   </div>
   <div class='ocr_carea' id='block_1_5' title="bbox 407 666 2059 743">
    <p class='ocr_par' dir='ltr' id='par_1_5' title="bbox 407 666 2059 743">
     <span class='ocr_line' id='line_1_5' title="bbox 407 666 2059 743; baseline -0.004 -14"><span class='ocrx_word' id='word_1_26' title='bbox 407 673 645 730; x_wconf 89' lang='lat' dir='ltr'>nomine</span> <span class='ocrx_word' id='word_1_27' title='bbox 684 670 949 743; x_wconf 83' lang='lat' dir='ltr'>loquitur</span> <span class='ocrx_word' id='word_1_28' title='bbox 995 686 1187 725; x_wconf 91' lang='lat' dir='ltr'>sermo</span> <span class='ocrx_word' id='word_1_29' title='bbox 1235 667 1471 722; x_wconf 79' lang='lat' dir='ltr'>divinus</span> <span class='ocrx_word' id='word_1_30' title='bbox 1521 685 1589 722; x_wconf 90' lang='lat' dir='ltr'>ex</span> <span class='ocrx_word' id='word_1_31' title='bbox 1639 684 1890 739; x_wconf 90' lang='lat' dir='ltr'>persona</span> <span class='ocrx_word' id='word_1_32' title='bbox 1929 666 2059 722; x_wconf 80' lang='lat' dir='ltr'>Filii</span> 
     </span>
    </p>
   </div>
   <div class='ocr_carea' id='block_1_6' title="bbox 407 756 2054 830">
    <p class='ocr_par' dir='ltr' id='par_1_6' title="bbox 407 756 2054 830">
     <span class='ocr_line' id='line_1_6' title="bbox 407 756 2054 830; baseline -0.006 -11"><span class='ocrx_word' id='word_1_33' title='bbox 407 764 528 821; x_wconf 96' lang='lat' dir='ltr'>Dei.</span> <span class='ocrx_word' id='word_1_34' title='bbox 557 760 754 817; x_wconf 83' lang='lat' dir='ltr'>Insula</span> <span class='ocrx_word' id='word_1_35' title='bbox 775 759 1011 827; x_wconf 90' lang='lat' dir='ltr'>dicitur,</span> <span class='ocrx_word' id='word_1_36' title='bbox 1036 777 1102 814; x_wconf 92' lang='lat' dir='ltr'>eo</span> <span class='ocrx_word' id='word_1_37' title='bbox 1129 759 1282 830; x_wconf 90' lang='lat' dir='ltr'>quod</span> <span class='ocrx_word' id='word_1_38' title='bbox 1310 758 1366 812; x_wconf 92' lang='lat' dir='ltr'>in</span> <span class='ocrx_word' id='word_1_39' title='bbox 1391 756 1533 823; x_wconf 88' lang='lat' dir='ltr'>salo,</span> <span class='ocrx_word' id='word_1_40' title='bbox 1560 756 1668 811; x_wconf 87' lang='lat' dir='ltr'>hoc</span> <span class='ocrx_word' id='word_1_41' title='bbox 1690 756 1859 811; x_wconf 88' lang='lat' dir='ltr'>estin</span> <span class='ocrx_word' id='word_1_42' title='bbox 1884 757 2054 823; x_wconf 90' lang='lat' dir='ltr'>mari,</span> 
     </span>
    </p>
   </div>
   <div class='ocr_carea' id='block_1_7' title="bbox 406 846 2053 923">
    <p class='ocr_par' dir='ltr' id='par_1_7' title="bbox 406 846 2053 923">
     <span class='ocr_line' id='line_1_7' title="bbox 406 846 2053 923; baseline -0.007 -13"><span class='ocrx_word' id='word_1_43' title='bbox 406 855 482 910; x_wconf 86' lang='lat' dir='ltr'>sit</span> <span class='ocrx_word' id='word_1_44' title='bbox 512 851 721 923; x_wconf 91' lang='lat' dir='ltr'>posita.</span> <span class='ocrx_word' id='word_1_45' title='bbox 757 850 890 904; x_wconf 87' lang='lat' dir='ltr'>Ideo</span> <span class='ocrx_word' id='word_1_46' title='bbox 921 852 1117 903; x_wconf 89' lang='lat' dir='ltr'>autem</span> <span class='ocrx_word' id='word_1_47' title='bbox 1141 846 1400 902; x_wconf 77' lang='lat' dir='ltr'>Ecclesia</span> <span class='ocrx_word' id='word_1_48' title='bbox 1420 846 1625 901; x_wconf 76' lang='lat' dir='ltr'>insula:</span> <span class='ocrx_word' id='word_1_49' title='bbox 1658 849 2053 917; x_wconf 77' lang='lat' dir='ltr'>comparatur,</span> 
     </span>
    </p>
   </div>
   <div class='ocr_carea' id='block_1_8' title="bbox 406 936 2055 1015">
    <p class='ocr_par' dir='ltr' id='par_1_8' title="bbox 406 936 2055 1015">
     <span class='ocr_line' id='line_1_8' title="bbox 406 936 2055 1015; baseline -0.005 -19"><span class='ocrx_word' id='word_1_50' title='bbox 406 943 547 1015; x_wconf 85' lang='lat' dir='ltr'>quia</span> <span class='ocrx_word' id='word_1_51' title='bbox 577 942 733 995; x_wconf 83' lang='lat' dir='ltr'>sicut</span> <span class='ocrx_word' id='word_1_52' title='bbox 763 937 960 993; x_wconf 88' lang='lat' dir='ltr'>insula</span> <span class='ocrx_word' id='word_1_53' title='bbox 988 937 1258 992; x_wconf 88' lang='lat' dir='ltr'>tunditur</span> <span class='ocrx_word' id='word_1_54' title='bbox 1288 936 1563 991; x_wconf 84' lang='lat' dir='ltr'>ﬂuctibus</span> <span class='ocrx_word' id='word_1_55' title='bbox 1595 939 1652 989; x_wconf 90' lang='lat' dir='ltr'>et</span> <span class='ocrx_word' id='word_1_56' title='bbox 1701 951 1812 989; x_wconf 88' lang='lat' dir='ltr'>non</span> <span class='ocrx_word' id='word_1_57' title='bbox 1861 951 2055 988; x_wconf 86' lang='lat' dir='ltr'>move-</span> 
     </span>
    </p>
   </div>
   <div class='ocr_carea' id='block_1_9' title="bbox 404 1022 2058 1096">
    <p class='ocr_par' dir='ltr' id='par_1_9' title="bbox 404 1022 2058 1096">
     <span class='ocr_line' id='line_1_9' title="bbox 404 1022 2058 1096; baseline -0.007 -9"><span class='ocrx_word' id='word_1_58' title='bbox 404 1038 500 1087; x_wconf 92' lang='lat' dir='ltr'>tur</span> <span class='ocrx_word' id='word_1_59' title='bbox 532 1050 544 1087; x_wconf 93' lang='lat'>:</span> <span class='ocrx_word' id='word_1_60' title='bbox 579 1032 661 1085; x_wconf 91' lang='lat' dir='ltr'>ita</span> <span class='ocrx_word' id='word_1_61' title='bbox 691 1028 952 1085; x_wconf 84' lang='lat' dir='ltr'>Ecclesia</span> <span class='ocrx_word' id='word_1_62' title='bbox 982 1028 1041 1082; x_wconf 90' lang='lat' dir='ltr'>in</span> <span class='ocrx_word' id='word_1_63' title='bbox 1073 1027 1303 1082; x_wconf 82' lang='lat' dir='ltr'>Christo</span> <span class='ocrx_word' id='word_1_64' title='bbox 1338 1026 1578 1081; x_wconf 83' lang='lat' dir='ltr'>fundata</span> <span class='ocrx_word' id='word_1_65' title='bbox 1611 1022 2058 1096; x_wconf 82' lang='lat' dir='ltr'>perturbationi-</span> 
     </span>
    </p>
   </div>
   <div class='ocr_carea' id='block_1_10' title="bbox 404 1113 2056 1191">
    <p class='ocr_par' dir='ltr' id='par_1_10' title="bbox 404 1113 2056 1191">
     <span class='ocr_line' id='line_1_10' title="bbox 404 1113 2056 1191; baseline -0.006 -14"><span class='ocrx_word' id='word_1_66' title='bbox 404 1123 513 1177; x_wconf 92' lang='lat' dir='ltr'>bus</span> <span class='ocrx_word' id='word_1_67' title='bbox 548 1120 943 1191; x_wconf 82' lang='lat' dir='ltr'>ﬂuctibusque</span> <span class='ocrx_word' id='word_1_68' title='bbox 975 1117 1153 1189; x_wconf 88' lang='lat' dir='ltr'>hujus</span> <span class='ocrx_word' id='word_1_69' title='bbox 1170 1115 1364 1171; x_wconf 72' lang='lat' dir='ltr'>saeculi</span> <span class='ocrx_word' id='word_1_70' title='bbox 1398 1115 1773 1170; x_wconf 70' lang='lat' dir='ltr'>saevientibus</span> <span class='ocrx_word' id='word_1_71' title='bbox 1795 1113 2056 1184; x_wconf 85' lang='lat' dir='ltr'>undique</span> 
     </span>
    </p>
   </div>
   <div class='ocr_carea' id='block_1_11' title="bbox 402 1202 2057 1275">
    <p class='ocr_par' dir='ltr' id='par_1_11' title="bbox 402 1202 2057 1275">
     <span class='ocr_line' id='line_1_11' title="bbox 402 1202 2057 1275; baseline -0.007 -9"><span class='ocrx_word' id='word_1_72' title='bbox 402 1209 694 1275; x_wconf 90' lang='lat' dir='ltr'>tunditur,</span> <span class='ocrx_word' id='word_1_73' title='bbox 722 1208 820 1262; x_wconf 81' lang='lat' dir='ltr'>sed</span> <span class='ocrx_word' id='word_1_74' title='bbox 848 1225 963 1262; x_wconf 88' lang='lat' dir='ltr'>non</span> <span class='ocrx_word' id='word_1_75' title='bbox 988 1209 1274 1261; x_wconf 84' lang='lat' dir='ltr'>movetur.</span> <span class='ocrx_word' id='word_1_76' title='bbox 1308 1205 1573 1260; x_wconf 88' lang='lat' dir='ltr'>Fundata</span> <span class='ocrx_word' id='word_1_77' title='bbox 1591 1207 1680 1258; x_wconf 91' lang='lat' dir='ltr'>est</span> <span class='ocrx_word' id='word_1_78' title='bbox 1696 1202 1853 1257; x_wconf 90' lang='lat' dir='ltr'>enim</span> <span class='ocrx_word' id='word_1_79' title='bbox 1878 1218 2057 1273; x_wconf 82' lang='lat' dir='ltr'>super</span> 
     </span>
    </p>
   </div>
   <div class='ocr_carea' id='block_1_12' title="bbox 403 1290 2050 1373">
    <p class='ocr_par' dir='ltr' id='par_1_12' title="bbox 403 1290 2050 1373">
     <span class='ocr_line' id='line_1_12' title="bbox 403 1290 2050 1373; baseline -0.006 -18"><span class='ocrx_word' id='word_1_80' title='bbox 403 1304 653 1373; x_wconf 79' lang='lat' dir='ltr'>petram.</span> <span class='ocrx_word' id='word_1_81' title='bbox 676 1296 886 1352; x_wconf 78' lang='lat' dir='ltr'>Audite</span> <span class='ocrx_word' id='word_1_82' title='bbox 915 1294 1174 1367; x_wconf 88' lang='lat' dir='ltr'>(inquit),</span> <span class='ocrx_word' id='word_1_83' title='bbox 1198 1293 1426 1359; x_wconf 65' lang='lat' dir='ltr'>insulae,</span> <span class='ocrx_word' id='word_1_84' title='bbox 1451 1292 1560 1347; x_wconf 94' lang='lat' dir='ltr'>hoc</span> <span class='ocrx_word' id='word_1_85' title='bbox 1590 1295 1697 1360; x_wconf 87' lang='lat' dir='ltr'>est,</span> <span class='ocrx_word' id='word_1_86' title='bbox 1722 1290 2050 1362; x_wconf 85' lang='lat' dir='ltr'>intelligite,</span> 
     </span>
    </p>
   </div>
   <div class='ocr_carea' id='block_1_13' title="bbox 402 1379 2050 1454">
    <p class='ocr_par' dir='ltr' id='par_1_13' title="bbox 402 1379 2050 1454">
     <span class='ocr_line' id='line_1_13' title="bbox 402 1379 2050 1454; baseline -0.007 -11"><span class='ocrx_word' id='word_1_87' title='bbox 402 1386 672 1443; x_wconf 63' lang='lat' dir='ltr'>Ecclesiae</span> <span class='ocrx_word' id='word_1_88' title='bbox 702 1386 1067 1439; x_wconf 86' lang='lat' dir='ltr'>diversarum</span> <span class='ocrx_word' id='word_1_89' title='bbox 1115 1382 1402 1454; x_wconf 81' lang='lat' dir='ltr'>gentium,</span> <span class='ocrx_word' id='word_1_90' title='bbox 1437 1398 1564 1452; x_wconf 71' lang='lat' dir='ltr'>qum</span> <span class='ocrx_word' id='word_1_91' title='bbox 1596 1379 1865 1435; x_wconf 91' lang='lat' dir='ltr'>dicturus</span> <span class='ocrx_word' id='word_1_92' title='bbox 1896 1395 2050 1445; x_wconf 91' lang='lat' dir='ltr'>sum,</span> 
     </span>
    </p>
   </div>
   <div class='ocr_carea' id='block_1_14' title="bbox 403 1468 2053 1546">
    <p class='ocr_par' dir='ltr' id='par_1_14' title="bbox 403 1468 2053 1546">
     <span class='ocr_line' id='line_1_14' title="bbox 403 1468 2053 1546; baseline -0.007 -13"><span class='ocrx_word' id='word_1_93' title='bbox 403 1482 459 1534; x_wconf 90' lang='lat' dir='ltr'>et</span> <span class='ocrx_word' id='word_1_94' title='bbox 481 1476 784 1535; x_wconf 89' lang='lat' dir='ltr'>attendite.</span> <span class='ocrx_word' id='word_1_95' title='bbox 811 1472 1010 1546; x_wconf 89' lang='lat' dir='ltr'>populi</span> <span class='ocrx_word' id='word_1_96' title='bbox 1037 1473 1107 1527; x_wconf 89' lang='lat' dir='ltr'>de</span> <span class='ocrx_word' id='word_1_97' title='bbox 1129 1470 1385 1544; x_wconf 88' lang='lat' dir='ltr'>longe,id</span> <span class='ocrx_word' id='word_1_98' title='bbox 1410 1474 1500 1525; x_wconf 90' lang='lat' dir='ltr'>est</span> <span class='ocrx_word' id='word_1_99' title='bbox 1523 1470 1594 1524; x_wconf 92' lang='lat' dir='ltr'>ab</span> <span class='ocrx_word' id='word_1_100' title='bbox 1616 1469 1894 1524; x_wconf 84' lang='lat' dir='ltr'>extremis</span> <span class='ocrx_word' id='word_1_101' title='bbox 1928 1468 2053 1522; x_wconf 83' lang='lat' dir='ltr'>ﬁni-</span> 
     </span>
    </p>
   </div>
   <div class='ocr_carea' id='block_1_15' title="bbox 403 1558 2050 1623">
    <p class='ocr_par' dir='ltr' id='par_1_15' title="bbox 403 1558 2050 1623">
     <span class='ocr_line' id='line_1_15' title="bbox 403 1558 2050 1623; baseline -0.005 -2"><span class='ocrx_word' id='word_1_102' title='bbox 403 1567 515 1621; x_wconf 86' lang='lat' dir='ltr'>bus</span> <span class='ocrx_word' id='word_1_103' title='bbox 540 1570 727 1620; x_wconf 70' lang='lat' dir='ltr'>terraz.</span> <span class='ocrx_word' id='word_1_104' title='bbox 755 1587 775 1612; x_wconf 75' lang='grc' dir='ltr'>ι</span> <span class='ocrx_word' id='word_1_105' title='bbox 804 1562 1091 1617; x_wconf 86' lang='lat' dir='ltr'>Dominus</span> <span class='ocrx_word' id='word_1_106' title='bbox 1121 1561 1193 1615; x_wconf 90' lang='lat' dir='ltr'>ab</span> <span class='ocrx_word' id='word_1_107' title='bbox 1225 1564 1387 1614; x_wconf 89' lang='lat' dir='ltr'>utero</span> <span class='ocrx_word' id='word_1_108' title='bbox 1405 1559 1629 1613; x_wconf 88' lang='lat' dir='ltr'>vocavit</span> <span class='ocrx_word' id='word_1_109' title='bbox 1650 1574 1806 1623; x_wconf 80' lang='lat' dir='ltr'>me,»</span> <span class='ocrx_word' id='word_1_110' title='bbox 1834 1558 2050 1612; x_wconf 89' lang='lat' dir='ltr'>subau-</span> 
     </span>
    </p>
   </div>
   <div class='ocr_carea' id='block_1_16' title="bbox 401 1646 2048 1727">
    <p class='ocr_par' dir='ltr' id='par_1_16' title="bbox 401 1646 2048 1727">
     <span class='ocr_line' id='line_1_16' title="bbox 401 1646 2048 1727; baseline -0.006 -17"><span class='ocrx_word' id='word_1_111' title='bbox 401 1655 494 1710; x_wconf 89' lang='lat' dir='ltr'>dis</span> <span class='ocrx_word' id='word_1_112' title='bbox 517 1671 620 1727; x_wconf 88' lang='lat' dir='ltr'>pcr</span> <span class='ocrx_word' id='word_1_113' title='bbox 639 1651 968 1709; x_wconf 89' lang='lat' dir='ltr'>Gabrielem</span> <span class='ocrx_word' id='word_1_114' title='bbox 998 1648 1693 1719; x_wconf 82' lang='lat' dir='ltr'>archangelum,dicendo</span> <span class='ocrx_word' id='word_1_115' title='bbox 1716 1647 1785 1701; x_wconf 90' lang='lat' dir='ltr'>ad</span> <span class='ocrx_word' id='word_1_116' title='bbox 1809 1646 2048 1717; x_wconf 88' lang='lat' dir='ltr'>Josepb:</span> 
     </span>
    </p>
   </div>
   <div class='ocr_carea' id='block_1_17' title="bbox 401 1735 2049 1809">
    <p class='ocr_par' dir='ltr' id='par_1_17' title="bbox 401 1735 2049 1809">
     <span class='ocr_line' id='line_1_17' title="bbox 401 1735 2049 1809; baseline -0.003 -16"><span class='ocrx_word' id='word_1_117' title='bbox 401 1767 429 1793; x_wconf 88' lang='grc'>‹‹</span> <span class='ocrx_word' id='word_1_118' title='bbox 462 1742 593 1798; x_wconf 89' lang='lat' dir='ltr'>Noli</span> <span class='ocrx_word' id='word_1_119' title='bbox 624 1742 846 1801; x_wconf 84' lang='lat' dir='ltr'>timere,</span> <span class='ocrx_word' id='word_1_120' title='bbox 880 1738 1098 1809; x_wconf 85' lang='lat' dir='ltr'>Jnseph</span> <span class='ocrx_word' id='word_1_121' title='bbox 1132 1737 1213 1791; x_wconf 82' lang='lat' dir='ltr'>ﬁli</span> <span class='ocrx_word' id='word_1_122' title='bbox 1248 1737 1450 1802; x_wconf 82' lang='lat' dir='ltr'>David,</span> <span class='ocrx_word' id='word_1_123' title='bbox 1483 1737 1746 1808; x_wconf 87' lang='lat' dir='ltr'>accipere</span> <span class='ocrx_word' id='word_1_124' title='bbox 1804 1735 2049 1790; x_wconf 90' lang='lat' dir='ltr'>Mariam</span> 
     </span>
    </p>
   </div>
   <div class='ocr_carea' id='block_1_18' title="bbox 399 1824 2052 1903">
    <p class='ocr_par' dir='ltr' id='par_1_18' title="bbox 399 1824 2052 1903">
     <span class='ocr_line' id='line_1_18' title="bbox 399 1824 2052 1903; baseline -0.005 -16"><span class='ocrx_word' id='word_1_125' title='bbox 399 1833 708 1903; x_wconf 87' lang='lat' dir='ltr'>conjugem</span> <span class='ocrx_word' id='word_1_126' title='bbox 742 1834 927 1883; x_wconf 89' lang='lat' dir='ltr'>tuam.</span> <span class='ocrx_word' id='word_1_127' title='bbox 964 1827 1152 1881; x_wconf 85' lang='lat' dir='ltr'>Pariet</span> <span class='ocrx_word' id='word_1_128' title='bbox 1180 1825 1337 1880; x_wconf 91' lang='lat' dir='ltr'>enim</span> <span class='ocrx_word' id='word_1_129' title='bbox 1371 1824 1646 1892; x_wconf 78' lang='lat' dir='ltr'>ﬁlium,et</span> <span class='ocrx_word' id='word_1_130' title='bbox 1679 1824 1910 1880; x_wconf 88' lang='lat' dir='ltr'>vocabis</span> <span class='ocrx_word' id='word_1_131' title='bbox 1944 1840 2052 1879; x_wconf 86' lang='lat' dir='ltr'>no-</span> 
     </span>
    </p>
   </div>
   <div class='ocr_carea' id='block_1_19' title="bbox 399 1914 2049 1989">
    <p class='ocr_par' dir='ltr' id='par_1_19' title="bbox 399 1914 2049 1989">
     <span class='ocr_line' id='line_1_19' title="bbox 399 1914 2049 1989; baseline -0.005 -13"><span class='ocrx_word' id='word_1_132' title='bbox 399 1937 534 1976; x_wconf 86' lang='lat' dir='ltr'>men</span> <span class='ocrx_word' id='word_1_133' title='bbox 596 1920 725 1989; x_wconf 85' lang='lat' dir='ltr'>ejus</span> <span class='ocrx_word' id='word_1_134' title='bbox 781 1918 983 1973; x_wconf 87' lang='lat' dir='ltr'>Jesum</span> <span class='ocrx_word' id='word_1_135' title='bbox 1020 1915 1224 1988; x_wconf 72' lang='lat' dir='ltr'>(Matth.</span> <span class='ocrx_word' id='word_1_136' title='bbox 1259 1918 1320 1983; x_wconf 88' lang='lat'>1).</span> <span class='ocrx_word' id='word_1_137' title='bbox 1356 1936 1383 1964; x_wconf 87' lang='grc'><strong>››</strong></span> <span class='ocrx_word' id='word_1_138' title='bbox 1420 1937 1447 1963; x_wconf 88' lang='grc'>‹‹</span> <span class='ocrx_word' id='word_1_139' title='bbox 1483 1914 1563 1968; x_wconf 93' lang='lat' dir='ltr'>De</span> <span class='ocrx_word' id='word_1_140' title='bbox 1595 1918 1793 1968; x_wconf 85' lang='lat' dir='ltr'>ventre</span> <span class='ocrx_word' id='word_1_141' title='bbox 1842 1914 2049 1967; x_wconf 88' lang='lat' dir='ltr'>matris</span> 
     </span>
    </p>
   </div>
   <div class='ocr_carea' id='block_1_20' title="bbox 398 2003 2055 2077">
    <p class='ocr_par' dir='ltr' id='par_1_20' title="bbox 398 2003 2055 2077">
     <span class='ocr_line' id='line_1_20' title="bbox 398 2003 2055 2077; baseline -0.005 -12"><span class='ocrx_word' id='word_1_142' title='bbox 398 2027 562 2077; x_wconf 65' lang='lat' dir='ltr'>meae,</span> <span class='ocrx_word' id='word_1_143' title='bbox 595 2030 623 2058; x_wconf 84' lang='lat'><strong>»</strong></span> <span class='ocrx_word' id='word_1_144' title='bbox 659 2007 767 2062; x_wconf 91' lang='lat' dir='ltr'>hoc</span> <span class='ocrx_word' id='word_1_145' title='bbox 813 2010 904 2061; x_wconf 89' lang='lat' dir='ltr'>est</span> <span class='ocrx_word' id='word_1_146' title='bbox 951 2009 1268 2076; x_wconf 86' lang='lat' dir='ltr'>antequam</span> <span class='ocrx_word' id='word_1_147' title='bbox 1324 2019 1614 2068; x_wconf 90' lang='lat' dir='ltr'>nascerer,</span> <span class='ocrx_word' id='word_1_148' title='bbox 1651 2026 1679 2051; x_wconf 82' lang='lat'><strong><em>«</em></strong></span> <span class='ocrx_word' id='word_1_149' title='bbox 1714 2003 2055 2058; x_wconf 79' lang='lat' dir='ltr'>recordatus</span> 
     </span>
    </p>
   </div>
   <div class='ocr_carea' id='block_1_21' title="bbox 396 2091 2051 2165">
    <p class='ocr_par' dir='ltr' id='par_1_21' title="bbox 396 2091 2051 2165">
     <span class='ocr_line' id='line_1_21' title="bbox 396 2091 2051 2165; baseline -0.005 -10"><span class='ocrx_word' id='word_1_150' title='bbox 396 2103 487 2155; x_wconf 90' lang='lat' dir='ltr'>est</span> <span class='ocrx_word' id='word_1_151' title='bbox 516 2097 774 2153; x_wconf 88' lang='lat' dir='ltr'>nominis</span> <span class='ocrx_word' id='word_1_152' title='bbox 807 2094 919 2150; x_wconf 91' lang='lat' dir='ltr'>mei</span> <span class='ocrx_word' id='word_1_153' title='bbox 956 2118 983 2144; x_wconf 86' lang='grc'><strong>››</strong></span> <span class='ocrx_word' id='word_1_154' title='bbox 1017 2094 1172 2165; x_wconf 89' lang='lat' dir='ltr'>quod</span> <span class='ocrx_word' id='word_1_155' title='bbox 1230 2091 1468 2147; x_wconf 85' lang='lat' dir='ltr'>nomine</span> <span class='ocrx_word' id='word_1_156' title='bbox 1527 2091 1846 2147; x_wconf 80' lang='lat' dir='ltr'>Salvatoris</span> <span class='ocrx_word' id='word_1_157' title='bbox 1900 2092 2051 2147; x_wconf 79' lang='lat' dir='ltr'>frue-</span> 
     </span>
    </p>
   </div>
   <div class='ocr_carea' id='block_1_22' title="bbox 396 2206 509 2244">
    <p class='ocr_par' dir='ltr' id='par_1_22' title="bbox 396 2206 509 2244">
     <span class='ocr_line' id='line_1_22' title="bbox 396 2206 509 2244; baseline -0.009 -1"><span class='ocrx_word' id='word_1_158' title='bbox 396 2206 509 2244; x_wconf 73' lang='lat' dir='ltr'>P6P.</span> 
     </span>
    </p>
   </div>
   <div class='ocr_carea' id='block_1_23' title="bbox 469 2269 2048 2339">
    <p class='ocr_par' dir='ltr' id='par_1_23' title="bbox 469 2269 2048 2339">
     <span class='ocr_line' id='line_1_23' title="bbox 469 2269 2048 2339; baseline 0 -14"><span class='ocrx_word' id='word_1_159' title='bbox 469 2275 732 2331; x_wconf 72' lang='lat' dir='ltr'>«Posuit</span> <span class='ocrx_word' id='word_1_160' title='bbox 772 2291 838 2329; x_wconf 91' lang='lat' dir='ltr'>os</span> <span class='ocrx_word' id='word_1_161' title='bbox 896 2289 1116 2339; x_wconf 91' lang='lat' dir='ltr'>meum,</span> <span class='ocrx_word' id='word_1_162' title='bbox 1155 2294 1181 2321; x_wconf 82' lang='lat'>»</span> <span class='ocrx_word' id='word_1_163' title='bbox 1216 2271 1271 2326; x_wconf 91' lang='lat' dir='ltr'>id</span> <span class='ocrx_word' id='word_1_164' title='bbox 1330 2274 1420 2324; x_wconf 88' lang='lat' dir='ltr'>est</span> <span class='ocrx_word' id='word_1_165' title='bbox 1476 2270 1650 2324; x_wconf 89' lang='lat' dir='ltr'>verba</span> <span class='ocrx_word' id='word_1_166' title='bbox 1708 2269 1826 2325; x_wconf 90' lang='lat' dir='ltr'>oris</span> <span class='ocrx_word' id='word_1_167' title='bbox 1884 2269 1997 2324; x_wconf 90' lang='lat' dir='ltr'>mei</span> <span class='ocrx_word' id='word_1_168' title='bbox 2036 2286 2048 2325; x_wconf 91' lang='lat'>:</span> 
     </span>
    </p>
   </div>
   <div class='ocr_carea' id='block_1_24' title="bbox 399 2358 2055 2438">
    <p class='ocr_par' dir='ltr' id='par_1_24' title="bbox 399 2358 2055 2438">
     <span class='ocr_line' id='line_1_24' title="bbox 399 2358 2055 2438; baseline -0.002 -21"><span class='ocrx_word' id='word_1_169' title='bbox 399 2391 423 2417; x_wconf 88' lang='grc'><em>‹‹</em></span> <span class='ocrx_word' id='word_1_170' title='bbox 459 2366 626 2438; x_wconf 85' lang='lat' dir='ltr'>quasi</span> <span class='ocrx_word' id='word_1_171' title='bbox 679 2364 943 2437; x_wconf 78' lang='lat' dir='ltr'>gladium</span> <span class='ocrx_word' id='word_1_172' title='bbox 994 2366 1258 2416; x_wconf 89' lang='lat' dir='ltr'>acutum.</span> <span class='ocrx_word' id='word_1_173' title='bbox 1297 2383 1323 2409; x_wconf 88' lang='grc'><strong>››</strong></span> <span class='ocrx_word' id='word_1_174' title='bbox 1356 2360 1433 2415; x_wconf 87' lang='lat' dir='ltr'>Os</span> <span class='ocrx_word' id='word_1_175' title='bbox 1466 2358 1694 2413; x_wconf 82' lang='lat' dir='ltr'>Domini</span> <span class='ocrx_word' id='word_1_176' title='bbox 1724 2358 2055 2430; x_wconf 84' lang='lat' dir='ltr'>appellatur</span> 
     </span>
    </p>
   </div>
   <div class='ocr_carea' id='block_1_25' title="bbox 398 2448 2053 2523">
    <p class='ocr_par' dir='ltr' id='par_1_25' title="bbox 398 2448 2053 2523">
     <span class='ocr_line' id='line_1_25' title="bbox 398 2448 2053 2523; baseline -0.004 -14"><span class='ocrx_word' id='word_1_177' title='bbox 398 2456 512 2509; x_wconf 83' lang='lat' dir='ltr'>isto</span> <span class='ocrx_word' id='word_1_178' title='bbox 548 2455 603 2508; x_wconf 91' lang='lat' dir='ltr'>in</span> <span class='ocrx_word' id='word_1_179' title='bbox 634 2453 760 2507; x_wconf 81' lang='lat' dir='ltr'>loco</span> <span class='ocrx_word' id='word_1_180' title='bbox 793 2451 1137 2523; x_wconf 85' lang='lat' dir='ltr'>Evangelica</span> <span class='ocrx_word' id='word_1_181' title='bbox 1167 2449 1434 2505; x_wconf 86' lang='lat' dir='ltr'>doctrina</span> <span class='ocrx_word' id='word_1_182' title='bbox 1465 2454 1519 2502; x_wconf 92' lang='lat' dir='ltr'>et</span> <span class='ocrx_word' id='word_1_183' title='bbox 1551 2465 1743 2503; x_wconf 85' lang='lat' dir='ltr'>sermo</span> <span class='ocrx_word' id='word_1_184' title='bbox 1776 2448 2053 2502; x_wconf 90' lang='lat' dir='ltr'>illius.De</span> 
     </span>
    </p>
   </div>
   <div class='ocr_carea' id='block_1_26' title="bbox 398 2537 2052 2614">
    <p class='ocr_par' dir='ltr' id='par_1_26' title="bbox 398 2537 2052 2614">
     <span class='ocr_line' id='line_1_26' title="bbox 398 2537 2052 2614; baseline -0.004 -15"><span class='ocrx_word' id='word_1_185' title='bbox 398 2545 507 2599; x_wconf 87' lang='lat' dir='ltr'>hoc</span> <span class='ocrx_word' id='word_1_186' title='bbox 539 2543 733 2614; x_wconf 86' lang='lat' dir='ltr'>gladio</span> <span class='ocrx_word' id='word_1_187' title='bbox 765 2540 908 2595; x_wconf 85' lang='lat' dir='ltr'>dicit</span> <span class='ocrx_word' id='word_1_188' title='bbox 938 2539 1064 2612; x_wconf 90' lang='lat' dir='ltr'>ipse</span> <span class='ocrx_word' id='word_1_189' title='bbox 1095 2538 1380 2594; x_wconf 87' lang='lat' dir='ltr'>Dominus</span> <span class='ocrx_word' id='word_1_190' title='bbox 1414 2554 1427 2592; x_wconf 92' lang='lat'>:</span> <span class='ocrx_word' id='word_1_191' title='bbox 1466 2562 1492 2587; x_wconf 85' lang='grc'>‹‹</span> <span class='ocrx_word' id='word_1_192' title='bbox 1527 2538 1651 2591; x_wconf 90' lang='lat' dir='ltr'>Non</span> <span class='ocrx_word' id='word_1_193' title='bbox 1684 2537 1813 2592; x_wconf 87' lang='lat' dir='ltr'>veni</span> <span class='ocrx_word' id='word_1_194' title='bbox 1848 2554 2052 2609; x_wconf 83' lang='lat' dir='ltr'>pacem</span> 
     </span>
    </p>
   </div>
   <div class='ocr_carea' id='block_1_27' title="bbox 398 2627 2054 2700">
    <p class='ocr_par' dir='ltr' id='par_1_27' title="bbox 398 2627 2054 2700">
     <span class='ocr_line' id='line_1_27' title="bbox 398 2627 2054 2700; baseline -0.004 -12"><span class='ocrx_word' id='word_1_195' title='bbox 398 2633 631 2688; x_wconf 88' lang='lat' dir='ltr'>mittere</span> <span class='ocrx_word' id='word_1_196' title='bbox 686 2631 745 2685; x_wconf 91' lang='lat' dir='ltr'>in</span> <span class='ocrx_word' id='word_1_197' title='bbox 799 2635 1041 2695; x_wconf 87' lang='lat' dir='ltr'>terram,</span> <span class='ocrx_word' id='word_1_198' title='bbox 1092 2628 1192 2683; x_wconf 91' lang='lat' dir='ltr'>sed</span> <span class='ocrx_word' id='word_1_199' title='bbox 1241 2627 1502 2700; x_wconf 81' lang='lat' dir='ltr'>gladium</span> <span class='ocrx_word' id='word_1_200' title='bbox 1564 2627 1767 2700; x_wconf 76' lang='lat' dir='ltr'>(Matth.</span> <span class='ocrx_word' id='word_1_201' title='bbox 1801 2627 1879 2698; x_wconf 91' lang='lat' dir='ltr'>x).</span> <span class='ocrx_word' id='word_1_202' title='bbox 1915 2648 1942 2675; x_wconf 84' lang='lat'>»</span> <span class='ocrx_word' id='word_1_203' title='bbox 1986 2629 2054 2682; x_wconf 88' lang='lat' dir='ltr'>Et</span> 
     </span>
    </p>
   </div>
   <div class='ocr_carea' id='block_1_28' title="bbox 395 2715 2055 2796">
    <p class='ocr_par' dir='ltr' id='par_1_28' title="bbox 395 2715 2055 2796">
     <span class='ocr_line' id='line_1_28' title="bbox 395 2715 2055 2796; baseline -0.003 -18"><span class='ocrx_word' id='word_1_204' title='bbox 395 2720 722 2796; x_wconf 87' lang='lat' dir='ltr'>apostolis:</span> <span class='ocrx_word' id='word_1_205' title='bbox 759 2743 786 2769; x_wconf 83' lang='lat'><strong>«</strong></span> <span class='ocrx_word' id='word_1_206' title='bbox 822 2718 1107 2791; x_wconf 86' lang='lat' dir='ltr'>Spiritum</span> <span class='ocrx_word' id='word_1_207' title='bbox 1139 2717 1377 2789; x_wconf 89' lang='lat' dir='ltr'>(inquit)</span> <span class='ocrx_word' id='word_1_208' title='bbox 1416 2716 1535 2771; x_wconf 73' lang='lat' dir='ltr'>exis</span> <span class='ocrx_word' id='word_1_209' title='bbox 1592 2716 1681 2771; x_wconf 90' lang='lat' dir='ltr'>sui</span> <span class='ocrx_word' id='word_1_210' title='bbox 1743 2715 2055 2773; x_wconf 83' lang='lat' dir='ltr'>interﬁciet</span> 
     </span>
    </p>
   </div>
   <div class='ocr_carea' id='block_1_29' title="bbox 392 2805 2055 2884">
    <p class='ocr_par' dir='ltr' id='par_1_29' title="bbox 392 2805 2055 2884">
     <span class='ocr_line' id='line_1_29' title="bbox 392 2805 2055 2884; baseline -0.005 -17"><span class='ocrx_word' id='word_1_211' title='bbox 392 2810 647 2884; x_wconf 89' lang='lat' dir='ltr'>impium</span> <span class='ocrx_word' id='word_1_212' title='bbox 684 2811 890 2878; x_wconf 78' lang='lat' dir='ltr'>(Thess.</span> <span class='ocrx_word' id='word_1_213' title='bbox 926 2811 1062 2874; x_wconf 75' lang='lat'>11).»</span> <span class='ocrx_word' id='word_1_214' title='bbox 1099 2808 1168 2861; x_wconf 91' lang='lat' dir='ltr'>Et</span> <span class='ocrx_word' id='word_1_215' title='bbox 1200 2806 1343 2860; x_wconf 88' lang='lat' dir='ltr'>illud</span> <span class='ocrx_word' id='word_1_216' title='bbox 1377 2822 1389 2860; x_wconf 94' lang='lat'>:</span> <span class='ocrx_word' id='word_1_217' title='bbox 1422 2830 1447 2855; x_wconf 91' lang='grc'><em>‹‹</em></span> <span class='ocrx_word' id='word_1_218' title='bbox 1484 2808 1553 2861; x_wconf 87' lang='lat' dir='ltr'>Et</span> <span class='ocrx_word' id='word_1_219' title='bbox 1582 2806 1842 2878; x_wconf 80' lang='lat' dir='ltr'>gladium</span> <span class='ocrx_word' id='word_1_220' title='bbox 1878 2805 2055 2878; x_wconf 85' lang='lat' dir='ltr'>Spiri-</span> 
     </span>
    </p>
   </div>
   <div class='ocr_carea' id='block_1_30' title="bbox 400 2896 2055 2972">
    <p class='ocr_par' dir='ltr' id='par_1_30' title="bbox 400 2896 2055 2972">
     <span class='ocr_line' id='line_1_30' title="bbox 400 2896 2055 2972; baseline -0.004 -15"><span class='ocrx_word' id='word_1_221' title='bbox 400 2906 521 2968; x_wconf 85' lang='lat' dir='ltr'>tus,</span> <span class='ocrx_word' id='word_1_222' title='bbox 554 2900 709 2972; x_wconf 91' lang='lat' dir='ltr'>quod</span> <span class='ocrx_word' id='word_1_223' title='bbox 744 2903 832 2953; x_wconf 89' lang='lat' dir='ltr'>est</span> <span class='ocrx_word' id='word_1_224' title='bbox 862 2898 1105 2952; x_wconf 81' lang='lat' dir='ltr'>verbum</span> <span class='ocrx_word' id='word_1_225' title='bbox 1139 2896 1237 2951; x_wconf 88' lang='lat' dir='ltr'>Dei</span> <span class='ocrx_word' id='word_1_226' title='bbox 1273 2896 1431 2968; x_wconf 79' lang='lat' dir='ltr'>(Eph.</span> <span class='ocrx_word' id='word_1_227' title='bbox 1464 2896 1562 2966; x_wconf 72' lang='lat' dir='ltr'>vn).</span> <span class='ocrx_word' id='word_1_228' title='bbox 1600 2918 1627 2944; x_wconf 92' lang='grc'><strong>››</strong></span> <span class='ocrx_word' id='word_1_229' title='bbox 1694 2915 1714 2942; x_wconf 78' lang='grc' dir='ltr'>ι</span> <span class='ocrx_word' id='word_1_230' title='bbox 1752 2896 1813 2950; x_wconf 95' lang='lat' dir='ltr'>In</span> <span class='ocrx_word' id='word_1_231' title='bbox 1844 2896 2055 2951; x_wconf 85' lang='lat' dir='ltr'>umbra</span> 
     </span>
    </p>
   </div>
   <div class='ocr_carea' id='block_1_31' title="bbox 394 2984 2053 3060">
    <p class='ocr_par' dir='ltr' id='par_1_31' title="bbox 394 2984 2053 3060">
     <span class='ocr_line' id='line_1_31' title="bbox 394 2984 2053 3060; baseline -0.004 -15"><span class='ocrx_word' id='word_1_232' title='bbox 394 3006 610 3045; x_wconf 90' lang='lat' dir='ltr'>manus</span> <span class='ocrx_word' id='word_1_233' title='bbox 654 3005 771 3042; x_wconf 69' lang='lat' dir='ltr'>suae</span> <span class='ocrx_word' id='word_1_234' title='bbox 829 2987 1081 3060; x_wconf 81' lang='lat' dir='ltr'>protexit</span> <span class='ocrx_word' id='word_1_235' title='bbox 1127 3002 1242 3050; x_wconf 87' lang='lat' dir='ltr'>me,</span> <span class='ocrx_word' id='word_1_236' title='bbox 1281 3008 1309 3033; x_wconf 84' lang='lat'>»</span> <span class='ocrx_word' id='word_1_237' title='bbox 1343 2985 1452 3040; x_wconf 89' lang='lat' dir='ltr'>hoc</span> <span class='ocrx_word' id='word_1_238' title='bbox 1484 2990 1572 3040; x_wconf 91' lang='lat' dir='ltr'>est</span> <span class='ocrx_word' id='word_1_239' title='bbox 1602 2985 1661 3038; x_wconf 89' lang='lat' dir='ltr'>in</span> <span class='ocrx_word' id='word_1_240' title='bbox 1696 2984 2053 3056; x_wconf 88' lang='lat' dir='ltr'>protectione</span> 
     </span>
    </p>
   </div>
   <div class='ocr_carea' id='block_1_32' title="bbox 394 3072 2053 3147">
    <p class='ocr_par' dir='ltr' id='par_1_32' title="bbox 394 3072 2053 3147">
     <span class='ocr_line' id='line_1_32' title="bbox 394 3072 2053 3147; baseline -0.004 -12"><span class='ocrx_word' id='word_1_241' title='bbox 394 3078 717 3135; x_wconf 86' lang='lat' dir='ltr'>divinitatis</span> <span class='ocrx_word' id='word_1_242' title='bbox 748 3095 865 3132; x_wconf 65' lang='lat' dir='ltr'>sua:</span> <span class='ocrx_word' id='word_1_243' title='bbox 898 3081 966 3131; x_wconf 95' lang='lat' dir='ltr'>ut</span> <span class='ocrx_word' id='word_1_244' title='bbox 998 3076 1123 3131; x_wconf 84' lang='lat' dir='ltr'>sine</span> <span class='ocrx_word' id='word_1_245' title='bbox 1157 3079 1393 3147; x_wconf 83' lang='lat' dir='ltr'>peccatu</span> <span class='ocrx_word' id='word_1_246' title='bbox 1451 3091 1748 3129; x_wconf 89' lang='lat' dir='ltr'>manerem</span> <span class='ocrx_word' id='word_1_247' title='bbox 1780 3078 1838 3129; x_wconf 91' lang='lat' dir='ltr'>et</span> <span class='ocrx_word' id='word_1_248' title='bbox 1870 3072 2053 3128; x_wconf 90' lang='lat' dir='ltr'>mira-</span> 
     </span>
    </p>
   </div>
   <div class='ocr_carea' id='block_1_33' title="bbox 394 3162 2051 3238">
    <p class='ocr_par' dir='ltr' id='par_1_33' title="bbox 394 3162 2051 3238">
     <span class='ocr_line' id='line_1_33' title="bbox 394 3162 2051 3238; baseline -0.004 -14"><span class='ocrx_word' id='word_1_249' title='bbox 394 3168 528 3224; x_wconf 91' lang='lat' dir='ltr'>cula</span> <span class='ocrx_word' id='word_1_250' title='bbox 559 3169 829 3234; x_wconf 77' lang='lat' dir='ltr'>facerem,</span> <span class='ocrx_word' id='word_1_251' title='bbox 862 3183 935 3221; x_wconf 89' lang='lat' dir='ltr'>ne</span> <span class='ocrx_word' id='word_1_252' title='bbox 966 3166 1095 3238; x_wconf 89' lang='lat' dir='ltr'>ipsa</span> <span class='ocrx_word' id='word_1_253' title='bbox 1126 3181 1260 3219; x_wconf 88' lang='lat' dir='ltr'>caro</span> <span class='ocrx_word' id='word_1_254' title='bbox 1293 3168 1601 3235; x_wconf 86' lang='lat' dir='ltr'>assumpta</span> <span class='ocrx_word' id='word_1_255' title='bbox 1632 3181 1666 3218; x_wconf 90' lang='lat' dir='ltr'>a</span> <span class='ocrx_word' id='word_1_256' title='bbox 1694 3162 1882 3218; x_wconf 85' lang='lat' dir='ltr'>Verbo</span> <span class='ocrx_word' id='word_1_257' title='bbox 1912 3162 2051 3217; x_wconf 88' lang='lat' dir='ltr'>vile-</span> 
     </span>
    </p>
   </div>
   <div class='ocr_carea' id='block_1_34' title="bbox 395 3251 2054 3328">
    <p class='ocr_par' dir='ltr' id='par_1_34' title="bbox 395 3251 2054 3328">
     <span class='ocr_line' id='line_1_34' title="bbox 395 3251 2054 3328; baseline -0.004 -15"><span class='ocrx_word' id='word_1_258' title='bbox 395 3262 602 3314; x_wconf 89' lang='lat' dir='ltr'>sceret.</span> <span class='ocrx_word' id='word_1_259' title='bbox 630 3256 881 3328; x_wconf 92' lang='lat' dir='ltr'>Ideoque</span> <span class='ocrx_word' id='word_1_260' title='bbox 910 3255 1055 3310; x_wconf 90' lang='lat' dir='ltr'>dicit</span> <span class='ocrx_word' id='word_1_261' title='bbox 1081 3253 1142 3308; x_wconf 88' lang='lat' dir='ltr'>in</span> <span class='ocrx_word' id='word_1_262' title='bbox 1173 3254 1403 3320; x_wconf 89' lang='lat' dir='ltr'>umbra,</span> <span class='ocrx_word' id='word_1_263' title='bbox 1433 3253 1573 3325; x_wconf 90' lang='lat' dir='ltr'>quia</span> <span class='ocrx_word' id='word_1_264' title='bbox 1617 3253 1746 3324; x_wconf 90' lang='lat' dir='ltr'>ipsa</span> <span class='ocrx_word' id='word_1_265' title='bbox 1777 3251 2054 3306; x_wconf 77' lang='lat' dir='ltr'>divinitas</span> 
     </span>
    </p>
   </div>
   <div class='ocr_carea' id='block_1_35' title="bbox 2168 668 3811 738">
    <p class='ocr_par' dir='ltr' id='par_1_35' title="bbox 2168 668 3811 738">
     <span class='ocr_line' id='line_1_35' title="bbox 2168 668 3811 738; baseline 0.004 -18"><span class='ocrx_word' id='word_1_266' title='bbox 2168 668 2353 738; x_wconf 89' lang='lat' dir='ltr'>potui.</span> <span class='ocrx_word' id='word_1_267' title='bbox 2390 669 2518 723; x_wconf 69' lang='lat' dir='ltr'>Ilzec</span> <span class='ocrx_word' id='word_1_268' title='bbox 2561 674 2757 724; x_wconf 87' lang='lat' dir='ltr'>autem</span> <span class='ocrx_word' id='word_1_269' title='bbox 2812 670 3112 735; x_wconf 89' lang='lat' dir='ltr'>dicuntur,</span> <span class='ocrx_word' id='word_1_270' title='bbox 3148 674 3213 724; x_wconf 90' lang='lat' dir='ltr'>ut</span> <span class='ocrx_word' id='word_1_271' title='bbox 3263 668 3514 725; x_wconf 89' lang='lat' dir='ltr'>liberum</span> <span class='ocrx_word' id='word_1_272' title='bbox 3563 668 3811 726; x_wconf 84' lang='lat' dir='ltr'>hominis</span> 
     </span>
    </p>
   </div>
   <div class='ocr_carea' id='block_1_36' title="bbox 2170 758 3919 824">
    <p class='ocr_par' dir='ltr' id='par_1_36' title="bbox 2170 758 3919 824">
     <span class='ocr_line' id='line_1_36' title="bbox 2170 758 3919 824; baseline 0.002 -14"><span class='ocrx_word' id='word_1_273' title='bbox 2170 762 2530 812; x_wconf 85' lang='lat' dir='ltr'>monstretur</span> <span class='ocrx_word' id='word_1_274' title='bbox 2585 758 2918 814; x_wconf 89' lang='lat' dir='ltr'>arbitrium.</span> <span class='ocrx_word' id='word_1_275' title='bbox 2972 759 3071 814; x_wconf 88' lang='lat' dir='ltr'>Dei</span> <span class='ocrx_word' id='word_1_276' title='bbox 3130 759 3285 814; x_wconf 90' lang='lat' dir='ltr'>enim</span> <span class='ocrx_word' id='word_1_277' title='bbox 3345 775 3550 814; x_wconf 85' lang='lat' dir='ltr'>vocare</span> <span class='ocrx_word' id='word_1_278' title='bbox 3606 762 3714 824; x_wconf 90' lang='lat' dir='ltr'>est,</span> <span class='ocrx_word' id='word_1_279' title='bbox 3760 765 3810 814; x_wconf 91' lang='lat' dir='ltr'>et</span> <span class='ocrx_word' id='word_1_280' title='bbox 3918 758 3919 805; x_wconf 82' lang='grc' dir='ltr'>Ῐ</span> 
     </span>
    </p>
   </div>
   <div class='ocr_carea' id='block_1_37' title="bbox 2168 846 3808 920">
    <p class='ocr_par' dir='ltr' id='par_1_37' title="bbox 2168 846 3808 920">
     <span class='ocr_line' id='line_1_37' title="bbox 2168 846 3808 920; baseline 0.002 -21"><span class='ocrx_word' id='word_1_281' title='bbox 2168 850 2435 901; x_wconf 90' lang='lat' dir='ltr'>nostrum</span> <span class='ocrx_word' id='word_1_282' title='bbox 2463 847 2715 903; x_wconf 89' lang='lat' dir='ltr'>credere.</span> <span class='ocrx_word' id='word_1_283' title='bbox 2754 849 3049 913; x_wconf 89' lang='lat' dir='ltr'>Quantum</span> <span class='ocrx_word' id='word_1_284' title='bbox 3110 865 3246 920; x_wconf 87' lang='lat' dir='ltr'>ergo</span> <span class='ocrx_word' id='word_1_285' title='bbox 3295 848 3367 903; x_wconf 91' lang='lat' dir='ltr'>ad</span> <span class='ocrx_word' id='word_1_286' title='bbox 3419 846 3549 903; x_wconf 89' lang='lat' dir='ltr'>illos</span> <span class='ocrx_word' id='word_1_287' title='bbox 3585 847 3808 903; x_wconf 76' lang='lat' dir='ltr'>Judzeos</span> 
     </span>
    </p>
   </div>
   <div class='ocr_carea' id='block_1_38' title="bbox 2165 936 3808 1009">
    <p class='ocr_par' dir='ltr' id='par_1_38' title="bbox 2165 936 3808 1009">
     <span class='ocr_line' id='line_1_38' title="bbox 2165 936 3808 1009; baseline 0.001 -18"><span class='ocrx_word' id='word_1_288' title='bbox 2165 936 2420 1006; x_wconf 88' lang='lat' dir='ltr'>pertinet</span> <span class='ocrx_word' id='word_1_289' title='bbox 2475 937 2574 1008; x_wconf 92' lang='lat' dir='ltr'>qui</span> <span class='ocrx_word' id='word_1_290' title='bbox 2627 937 2915 992; x_wconf 88' lang='lat' dir='ltr'>increduli</span> <span class='ocrx_word' id='word_1_291' title='bbox 2976 941 3445 1009; x_wconf 88' lang='lat' dir='ltr'>permanserunt,</span> <span class='ocrx_word' id='word_1_292' title='bbox 3478 936 3536 992; x_wconf 91' lang='lat' dir='ltr'>in</span> <span class='ocrx_word' id='word_1_293' title='bbox 3566 954 3808 993; x_wconf 87' lang='lat' dir='ltr'>vacuum</span> 
     </span>
    </p>
   </div>
   <div class='ocr_carea' id='block_1_39' title="bbox 2164 1023 3809 1099">
    <p class='ocr_par' dir='ltr' id='par_1_39' title="bbox 2164 1023 3809 1099">
     <span class='ocr_line' id='line_1_39' title="bbox 2164 1023 3809 1099; baseline 0.001 -20"><span class='ocrx_word' id='word_1_294' title='bbox 2164 1023 2451 1080; x_wconf 84' lang='lat' dir='ltr'>laboravit</span> <span class='ocrx_word' id='word_1_295' title='bbox 2480 1025 2826 1081; x_wconf 87' lang='lat' dir='ltr'>sustinendo</span> <span class='ocrx_word' id='word_1_296' title='bbox 2861 1026 3220 1099; x_wconf 89' lang='lat' dir='ltr'>passionem,</span> <span class='ocrx_word' id='word_1_297' title='bbox 3252 1030 3309 1082; x_wconf 90' lang='lat' dir='ltr'>et</span> <span class='ocrx_word' id='word_1_298' title='bbox 3338 1043 3482 1081; x_wconf 88' lang='lat' dir='ltr'>vane</span> <span class='ocrx_word' id='word_1_299' title='bbox 3526 1026 3809 1081; x_wconf 77' lang='lat' dir='ltr'>fortitudi-</span> 
     </span>
    </p>
   </div>
   <div class='ocr_carea' id='block_1_40' title="bbox 2166 1115 3808 1189">
    <p class='ocr_par' dir='ltr' id='par_1_40' title="bbox 2166 1115 3808 1189">
     <span class='ocr_line' id='line_1_40' title="bbox 2166 1115 3808 1189; baseline 0.001 -19"><span class='ocrx_word' id='word_1_300' title='bbox 2166 1132 2300 1170; x_wconf 88' lang='lat' dir='ltr'>nem</span> <span class='ocrx_word' id='word_1_301' title='bbox 2332 1132 2499 1170; x_wconf 88' lang='lat' dir='ltr'>suam</span> <span class='ocrx_word' id='word_1_302' title='bbox 2535 1116 2925 1189; x_wconf 87' lang='lat' dir='ltr'>consumpsit,</span> <span class='ocrx_word' id='word_1_303' title='bbox 2952 1115 3062 1171; x_wconf 90' lang='lat' dir='ltr'>hoc</span> <span class='ocrx_word' id='word_1_304' title='bbox 3084 1121 3173 1171; x_wconf 91' lang='lat' dir='ltr'>est</span> <span class='ocrx_word' id='word_1_305' title='bbox 3202 1116 3261 1170; x_wconf 92' lang='lat' dir='ltr'>in</span> <span class='ocrx_word' id='word_1_306' title='bbox 3292 1132 3509 1170; x_wconf 86' lang='lat' dir='ltr'>vanum</span> <span class='ocrx_word' id='word_1_307' title='bbox 3540 1115 3808 1187; x_wconf 83' lang='lat' dir='ltr'>fatigatus</span> 
     </span>
    </p>
   </div>
   <div class='ocr_carea' id='block_1_41' title="bbox 2164 1203 3808 1277">
    <p class='ocr_par' dir='ltr' id='par_1_41' title="bbox 2164 1203 3808 1277">
     <span class='ocr_line' id='line_1_41' title="bbox 2164 1203 3808 1277; baseline 0.001 -19"><span class='ocrx_word' id='word_1_308' title='bbox 2164 1209 2254 1258; x_wconf 88' lang='lat' dir='ltr'>est</span> <span class='ocrx_word' id='word_1_309' title='bbox 2285 1221 2387 1276; x_wconf 93' lang='lat' dir='ltr'>pro</span> <span class='ocrx_word' id='word_1_310' title='bbox 2418 1205 2504 1259; x_wconf 89' lang='lat' dir='ltr'>eis</span> <span class='ocrx_word' id='word_1_311' title='bbox 2535 1209 2592 1260; x_wconf 91' lang='lat' dir='ltr'>et</span> <span class='ocrx_word' id='word_1_312' title='bbox 2624 1222 2855 1276; x_wconf 90' lang='lat' dir='ltr'>passus,</span> <span class='ocrx_word' id='word_1_313' title='bbox 2891 1205 3030 1277; x_wconf 91' lang='lat' dir='ltr'>quia</span> <span class='ocrx_word' id='word_1_314' title='bbox 3057 1205 3114 1259; x_wconf 92' lang='lat' dir='ltr'>in</span> <span class='ocrx_word' id='word_1_315' title='bbox 3147 1204 3233 1261; x_wconf 89' lang='lat' dir='ltr'>eis</span> <span class='ocrx_word' id='word_1_316' title='bbox 3263 1203 3411 1260; x_wconf 88' lang='lat' dir='ltr'>nihil</span> <span class='ocrx_word' id='word_1_317' title='bbox 3469 1204 3686 1277; x_wconf 82' lang='lat' dir='ltr'>proluit</span> <span class='ocrx_word' id='word_1_318' title='bbox 3713 1204 3808 1277; x_wconf 88' lang='lat' dir='ltr'>qui</span> 
     </span>
    </p>
   </div>
   <div class='ocr_carea' id='block_1_42' title="bbox 2164 1286 3919 1367">
    <p class='ocr_par' dir='ltr' id='par_1_42' title="bbox 2164 1286 3919 1367">
     <span class='ocr_line' id='line_1_42' title="bbox 2164 1286 3919 1367; baseline 0.001 -19"><span class='ocrx_word' id='word_1_319' title='bbox 2164 1293 2479 1349; x_wconf 90' lang='lat' dir='ltr'>uoluerunt</span> <span class='ocrx_word' id='word_1_320' title='bbox 2510 1295 2763 1349; x_wconf 89' lang='lat' dir='ltr'>credere.</span> <span class='ocrx_word' id='word_1_321' title='bbox 2791 1318 2817 1343; x_wconf 76' lang='grc' dir='ltr'>ι(</span> <span class='ocrx_word' id='word_1_322' title='bbox 2838 1294 3301 1367; x_wconf 90' lang='lat' dir='ltr'>Ergojudicium</span> <span class='ocrx_word' id='word_1_323' title='bbox 3326 1293 3702 1361; x_wconf 85' lang='lat' dir='ltr'>meum,»hoc</span> <span class='ocrx_word' id='word_1_324' title='bbox 3724 1298 3809 1349; x_wconf 87' lang='lat' dir='ltr'>est</span> <span class='ocrx_word' id='word_1_325' title='bbox 3918 1286 3919 1289; x_wconf 3' lang='lat' dir='ltr'>I</span> 
     </span>
    </p>
   </div>
   <div class='ocr_carea' id='block_1_43' title="bbox 2162 1382 3809 1455">
    <p class='ocr_par' dir='ltr' id='par_1_43' title="bbox 2162 1382 3809 1455">
     <span class='ocr_line' id='line_1_43' title="bbox 2162 1382 3809 1455; baseline -0.001 -18"><span class='ocrx_word' id='word_1_326' title='bbox 2162 1382 2436 1439; x_wconf 87' lang='lat' dir='ltr'>discretio</span> <span class='ocrx_word' id='word_1_327' title='bbox 2467 1407 2495 1433; x_wconf 83' lang='lat'>«</span> <span class='ocrx_word' id='word_1_328' title='bbox 2529 1400 2665 1439; x_wconf 89' lang='lat' dir='ltr'>cum</span> <span class='ocrx_word' id='word_1_329' title='bbox 2699 1383 2941 1439; x_wconf 90' lang='lat' dir='ltr'>Domino</span> <span class='ocrx_word' id='word_1_330' title='bbox 2974 1406 3001 1433; x_wconf 86' lang='grc'>››</span> <span class='ocrx_word' id='word_1_331' title='bbox 3043 1387 3228 1455; x_wconf 88' lang='lat' dir='ltr'>patre,</span> <span class='ocrx_word' id='word_1_332' title='bbox 3285 1383 3426 1455; x_wconf 84' lang='lat' dir='ltr'>quia</span> <span class='ocrx_word' id='word_1_333' title='bbox 3481 1382 3607 1455; x_wconf 87' lang='lat' dir='ltr'>ipse</span> <span class='ocrx_word' id='word_1_334' title='bbox 3654 1382 3809 1454; x_wconf 87' lang='lat' dir='ltr'>judi-</span> 
     </span>
    </p>
   </div>
   <div class='ocr_carea' id='block_1_44' title="bbox 2163 1471 3801 1545">
    <p class='ocr_par' dir='ltr' id='par_1_44' title="bbox 2163 1471 3801 1545">
     <span class='ocr_line' id='line_1_44' title="bbox 2163 1471 3801 1545; baseline 0 -18"><span class='ocrx_word' id='word_1_335' title='bbox 2163 1473 2318 1528; x_wconf 88' lang='lat' dir='ltr'>cabit</span> <span class='ocrx_word' id='word_1_336' title='bbox 2348 1477 2544 1528; x_wconf 91' lang='lat' dir='ltr'>utrum</span> <span class='ocrx_word' id='word_1_337' title='bbox 2578 1473 2777 1528; x_wconf 90' lang='lat' dir='ltr'>omnia</span> <span class='ocrx_word' id='word_1_338' title='bbox 2808 1490 2937 1545; x_wconf 65' lang='lat' dir='ltr'>quae</span> <span class='ocrx_word' id='word_1_339' title='bbox 2969 1472 3143 1528; x_wconf 90' lang='lat' dir='ltr'>debui</span> <span class='ocrx_word' id='word_1_340' title='bbox 3172 1472 3260 1529; x_wconf 87' lang='lat' dir='ltr'>eis</span> <span class='ocrx_word' id='word_1_341' title='bbox 3293 1474 3482 1528; x_wconf 86' lang='lat' dir='ltr'>facere</span> <span class='ocrx_word' id='word_1_342' title='bbox 3528 1471 3759 1526; x_wconf 87' lang='lat' dir='ltr'>fecerim</span> <span class='ocrx_word' id='word_1_343' title='bbox 3788 1489 3801 1527; x_wconf 92' lang='lat'>:</span> 
     </span>
    </p>
   </div>
   <div class='ocr_carea' id='block_1_45' title="bbox 2161 1561 3805 1634">
    <p class='ocr_par' dir='ltr' id='par_1_45' title="bbox 2161 1561 3805 1634">
     <span class='ocr_line' id='line_1_45' title="bbox 2161 1561 3805 1634; baseline -0.002 -17"><span class='ocrx_word' id='word_1_344' title='bbox 2161 1563 2361 1617; x_wconf 90' lang='lat' dir='ltr'>dicens</span> <span class='ocrx_word' id='word_1_345' title='bbox 2389 1563 2448 1616; x_wconf 91' lang='lat' dir='ltr'>in</span> <span class='ocrx_word' id='word_1_346' title='bbox 2481 1562 2790 1634; x_wconf 85' lang='lat' dir='ltr'>Evangelio</span> <span class='ocrx_word' id='word_1_347' title='bbox 2824 1579 2837 1617; x_wconf 89' lang='lat'>:</span> <span class='ocrx_word' id='word_1_348' title='bbox 2871 1586 2898 1611; x_wconf 88' lang='grc'><strong>‹‹</strong></span> <span class='ocrx_word' id='word_1_349' title='bbox 2936 1561 3122 1616; x_wconf 88' lang='lat' dir='ltr'>Multa</span> <span class='ocrx_word' id='word_1_350' title='bbox 3150 1562 3303 1616; x_wconf 88' lang='lat' dir='ltr'>bona</span> <span class='ocrx_word' id='word_1_351' title='bbox 3334 1577 3507 1634; x_wconf 89' lang='lat' dir='ltr'>epera</span> <span class='ocrx_word' id='word_1_352' title='bbox 3537 1565 3805 1633; x_wconf 87' lang='lat' dir='ltr'>operatus</span> 
     </span>
    </p>
   </div>
   <div class='ocr_carea' id='block_1_46' title="bbox 2162 1649 3804 1722">
    <p class='ocr_par' dir='ltr' id='par_1_46' title="bbox 2162 1649 3804 1722">
     <span class='ocr_line' id='line_1_46' title="bbox 2162 1649 3804 1722; baseline -0.002 -15"><span class='ocrx_word' id='word_1_353' title='bbox 2162 1669 2294 1707; x_wconf 88' lang='lat' dir='ltr'>sum</span> <span class='ocrx_word' id='word_1_354' title='bbox 2324 1651 2488 1706; x_wconf 83' lang='lat' dir='ltr'>vobis</span> <span class='ocrx_word' id='word_1_355' title='bbox 2518 1652 2699 1722; x_wconf 86' lang='lat' dir='ltr'>(Joan.</span> <span class='ocrx_word' id='word_1_356' title='bbox 2734 1656 2812 1719; x_wconf 66' lang='grc' dir='ltr'>χ).</span> <span class='ocrx_word' id='word_1_357' title='bbox 2848 1672 2875 1699; x_wconf 83' lang='grc'><strong>››</strong></span> <span class='ocrx_word' id='word_1_358' title='bbox 2907 1673 2933 1701; x_wconf 87' lang='grc'><em>‹‹</em></span> <span class='ocrx_word' id='word_1_359' title='bbox 2967 1652 3037 1705; x_wconf 85' lang='lat' dir='ltr'>Et</span> <span class='ocrx_word' id='word_1_360' title='bbox 3076 1668 3223 1722; x_wconf 91' lang='lat' dir='ltr'>opus</span> <span class='ocrx_word' id='word_1_361' title='bbox 3275 1667 3472 1706; x_wconf 90' lang='lat' dir='ltr'>meum</span> <span class='ocrx_word' id='word_1_362' title='bbox 3526 1666 3658 1705; x_wconf 92' lang='lat' dir='ltr'>cum</span> <span class='ocrx_word' id='word_1_363' title='bbox 3692 1649 3804 1704; x_wconf 90' lang='lat' dir='ltr'>Deo</span> 
     </span>
    </p>
   </div>
   <div class='ocr_carea' id='block_1_47' title="bbox 2161 1738 3188 1810">
    <p class='ocr_par' dir='ltr' id='par_1_47' title="bbox 2161 1738 3188 1810">
     <span class='ocr_line' id='line_1_47' title="bbox 2161 1738 3188 1810; baseline 0 -16"><span class='ocrx_word' id='word_1_364' title='bbox 2161 1756 2312 1807; x_wconf 90' lang='lat' dir='ltr'>meo,</span> <span class='ocrx_word' id='word_1_365' title='bbox 2348 1762 2376 1788; x_wconf 88' lang='grc'>››</span> <span class='ocrx_word' id='word_1_366' title='bbox 2408 1739 2517 1794; x_wconf 90' lang='lat' dir='ltr'>hoc</span> <span class='ocrx_word' id='word_1_367' title='bbox 2548 1743 2638 1794; x_wconf 89' lang='lat' dir='ltr'>est</span> <span class='ocrx_word' id='word_1_368' title='bbox 2666 1739 2979 1810; x_wconf 68' lang='lat' dir='ltr'>praesentia</span> <span class='ocrx_word' id='word_1_369' title='bbox 3006 1738 3188 1795; x_wconf 89' lang='lat' dir='ltr'>illius.</span> 
     </span>
    </p>
   </div>
   <div class='ocr_carea' id='block_1_48' title="bbox 2232 1827 3801 1898">
    <p class='ocr_par' dir='ltr' id='par_1_48' title="bbox 2232 1827 3801 1898">
     <span class='ocr_line' id='line_1_48' title="bbox 2232 1827 3801 1898; baseline 0 -16"><span class='ocrx_word' id='word_1_370' title='bbox 2232 1852 2260 1877; x_wconf 90' lang='grc'>‹‹</span> <span class='ocrx_word' id='word_1_371' title='bbox 2295 1829 2366 1883; x_wconf 87' lang='lat' dir='ltr'>Et</span> <span class='ocrx_word' id='word_1_372' title='bbox 2393 1845 2551 1883; x_wconf 89' lang='lat' dir='ltr'>nunc</span> <span class='ocrx_word' id='word_1_373' title='bbox 2595 1827 2741 1883; x_wconf 89' lang='lat' dir='ltr'>dicit</span> <span class='ocrx_word' id='word_1_374' title='bbox 2790 1827 3099 1898; x_wconf 85' lang='lat' dir='ltr'>Dominus,</span> <span class='ocrx_word' id='word_1_375' title='bbox 3133 1828 3394 1883; x_wconf 81' lang='lat' dir='ltr'>formans</span> <span class='ocrx_word' id='word_1_376' title='bbox 3426 1843 3519 1884; x_wconf 91' lang='lat' dir='ltr'>me</span> <span class='ocrx_word' id='word_1_377' title='bbox 3548 1844 3616 1883; x_wconf 84' lang='lat' dir='ltr'>ex</span> <span class='ocrx_word' id='word_1_378' title='bbox 3644 1832 3801 1883; x_wconf 87' lang='lat' dir='ltr'>utero</span> 
     </span>
    </p>
   </div>
   <div class='ocr_carea' id='block_1_49' title="bbox 2164 1916 3806 1989">
    <p class='ocr_par' dir='ltr' id='par_1_49' title="bbox 2164 1916 3806 1989">
     <span class='ocr_line' id='line_1_49' title="bbox 2164 1916 3806 1989; baseline -0.001 -16"><span class='ocrx_word' id='word_1_379' title='bbox 2164 1935 2395 1974; x_wconf 67' lang='lat' dir='ltr'>servum</span> <span class='ocrx_word' id='word_1_380' title='bbox 2410 1916 2518 1973; x_wconf 91' lang='lat' dir='ltr'>sibi</span> <span class='ocrx_word' id='word_1_381' title='bbox 2526 1922 2616 1989; x_wconf 88' lang='lat' dir='ltr'>,ut</span> <span class='ocrx_word' id='word_1_382' title='bbox 2629 1918 2904 1972; x_wconf 88' lang='lat' dir='ltr'>reducam</span> <span class='ocrx_word' id='word_1_383' title='bbox 2923 1918 2993 1972; x_wconf 89' lang='lat' dir='ltr'>ad</span> <span class='ocrx_word' id='word_1_384' title='bbox 3009 1934 3203 1987; x_wconf 82' lang='lat' dir='ltr'>eum,»</span> <span class='ocrx_word' id='word_1_385' title='bbox 3226 1917 3511 1974; x_wconf 84' lang='lat' dir='ltr'>subaudis</span> <span class='ocrx_word' id='word_1_386' title='bbox 3531 1941 3557 1968; x_wconf 86' lang='lat'><strong>«</strong></span> <span class='ocrx_word' id='word_1_387' title='bbox 3573 1917 3806 1983; x_wconf 82' lang='lat' dir='ltr'>Jacob,»</span> 
     </span>
    </p>
   </div>
   <div class='ocr_carea' id='block_1_50' title="bbox 2164 2005 3808 2079">
    <p class='ocr_par' dir='ltr' id='par_1_50' title="bbox 2164 2005 3808 2079">
     <span class='ocr_line' id='line_1_50' title="bbox 2164 2005 3808 2079; baseline -0.001 -18"><span class='ocrx_word' id='word_1_388' title='bbox 2164 2007 2293 2062; x_wconf 91' lang='lat' dir='ltr'>ideo</span> <span class='ocrx_word' id='word_1_389' title='bbox 2327 2024 2460 2062; x_wconf 90' lang='lat' dir='ltr'>sum</span> <span class='ocrx_word' id='word_1_390' title='bbox 2493 2023 2719 2062; x_wconf 89' lang='lat' dir='ltr'>servus.</span> <span class='ocrx_word' id='word_1_391' title='bbox 2750 2030 2777 2055; x_wconf 76' lang='grc' dir='ltr'>α</span> <span class='ocrx_word' id='word_1_392' title='bbox 2812 2008 2883 2061; x_wconf 87' lang='lat' dir='ltr'>Et</span> <span class='ocrx_word' id='word_1_393' title='bbox 2915 2006 3091 2062; x_wconf 87' lang='lat' dir='ltr'>Israel</span> <span class='ocrx_word' id='word_1_394' title='bbox 3124 2024 3239 2062; x_wconf 90' lang='lat' dir='ltr'>non</span> <span class='ocrx_word' id='word_1_395' title='bbox 3281 2005 3748 2079; x_wconf 88' lang='lat' dir='ltr'>congregabitur,</span> <span class='ocrx_word' id='word_1_396' title='bbox 3784 2026 3808 2053; x_wconf 78' lang='grc' dir='ltr'>ι)</span> 
     </span>
    </p>
   </div>
   <div class='ocr_carea' id='block_1_51' title="bbox 2163 2094 3813 2167">
    <p class='ocr_par' dir='ltr' id='par_1_51' title="bbox 2163 2094 3813 2167">
     <span class='ocr_line' id='line_1_51' title="bbox 2163 2094 3813 2167; baseline -0.001 -17"><span class='ocrx_word' id='word_1_397' title='bbox 2163 2096 2218 2150; x_wconf 91' lang='lat' dir='ltr'>id</span> <span class='ocrx_word' id='word_1_398' title='bbox 2248 2101 2337 2151; x_wconf 89' lang='lat' dir='ltr'>est</span> <span class='ocrx_word' id='word_1_399' title='bbox 2377 2113 2491 2150; x_wconf 92' lang='lat' dir='ltr'>non</span> <span class='ocrx_word' id='word_1_400' title='bbox 2543 2099 2914 2151; x_wconf 86' lang='lat' dir='ltr'>convertetur</span> <span class='ocrx_word' id='word_1_401' title='bbox 2962 2096 3035 2150; x_wconf 89' lang='lat' dir='ltr'>ad</span> <span class='ocrx_word' id='word_1_402' title='bbox 3084 2096 3281 2164; x_wconf 82' lang='lat' dir='ltr'>ﬁdem,</span> <span class='ocrx_word' id='word_1_403' title='bbox 3315 2094 3450 2151; x_wconf 91' lang='lat' dir='ltr'>licet</span> <span class='ocrx_word' id='word_1_404' title='bbox 3481 2098 3721 2167; x_wconf 86' lang='lat' dir='ltr'>prepter</span> <span class='ocrx_word' id='word_1_405' title='bbox 3747 2110 3813 2149; x_wconf 89' lang='lat' dir='ltr'>ea</span> 
     </span>
    </p>
   </div>
   <div class='ocr_carea' id='block_1_52' title="bbox 2160 2183 3812 2257">
    <p class='ocr_par' dir='ltr' id='par_1_52' title="bbox 2160 2183 3812 2257">
     <span class='ocr_line' id='line_1_52' title="bbox 2160 2183 3812 2257; baseline -0.002 -17"><span class='ocrx_word' id='word_1_406' title='bbox 2160 2185 2594 2240; x_wconf 81' lang='lat' dir='ltr'>venerim.IIinc</span> <span class='ocrx_word' id='word_1_407' title='bbox 2626 2185 2805 2240; x_wconf 91' lang='lat' dir='ltr'>datur</span> <span class='ocrx_word' id='word_1_408' title='bbox 2823 2184 3069 2257; x_wconf 87' lang='lat' dir='ltr'>intelligi</span> <span class='ocrx_word' id='word_1_409' title='bbox 3103 2202 3238 2239; x_wconf 92' lang='lat' dir='ltr'>cum</span> <span class='ocrx_word' id='word_1_410' title='bbox 3272 2183 3699 2255; x_wconf 88' lang='lat' dir='ltr'>dicit,formans</span> <span class='ocrx_word' id='word_1_411' title='bbox 3723 2199 3812 2238; x_wconf 85' lang='lat' dir='ltr'>me</span> 
     </span>
    </p>
   </div>
   <div class='ocr_carea' id='block_1_53' title="bbox 2162 2271 3813 2345">
    <p class='ocr_par' dir='ltr' id='par_1_53' title="bbox 2162 2271 3813 2345">
     <span class='ocr_line' id='line_1_53' title="bbox 2162 2271 3813 2345; baseline -0.002 -16"><span class='ocrx_word' id='word_1_412' title='bbox 2162 2292 2229 2329; x_wconf 90' lang='lat' dir='ltr'>ex</span> <span class='ocrx_word' id='word_1_413' title='bbox 2261 2278 2423 2329; x_wconf 90' lang='lat' dir='ltr'>utero</span> <span class='ocrx_word' id='word_1_414' title='bbox 2454 2290 2686 2330; x_wconf 88' lang='lat' dir='ltr'>servum</span> <span class='ocrx_word' id='word_1_415' title='bbox 2721 2273 2855 2343; x_wconf 89' lang='lat' dir='ltr'>sibi,</span> <span class='ocrx_word' id='word_1_416' title='bbox 2889 2272 3057 2328; x_wconf 90' lang='lat' dir='ltr'>illum</span> <span class='ocrx_word' id='word_1_417' title='bbox 3102 2271 3429 2345; x_wconf 87' lang='lat' dir='ltr'>appellasse</span> <span class='ocrx_word' id='word_1_418' title='bbox 3460 2271 3730 2344; x_wconf 88' lang='lat' dir='ltr'>superius</span> <span class='ocrx_word' id='word_1_419' title='bbox 3759 2274 3813 2326; x_wconf 88' lang='lat' dir='ltr'>et</span> 
     </span>
    </p>
   </div>
   <div class='ocr_carea' id='block_1_54' title="bbox 2164 2360 3813 2433">
    <p class='ocr_par' dir='ltr' id='par_1_54' title="bbox 2164 2360 3813 2433">
     <span class='ocr_line' id='line_1_54' title="bbox 2164 2360 3813 2433; baseline -0.002 -17"><span class='ocrx_word' id='word_1_420' title='bbox 2164 2363 2275 2418; x_wconf 84' lang='lat' dir='ltr'>isto</span> <span class='ocrx_word' id='word_1_421' title='bbox 2308 2362 2523 2418; x_wconf 91' lang='lat' dir='ltr'>inloco</span> <span class='ocrx_word' id='word_1_422' title='bbox 2568 2379 2799 2418; x_wconf 87' lang='lat' dir='ltr'>servum</span> <span class='ocrx_word' id='word_1_423' title='bbox 2850 2360 2950 2433; x_wconf 92' lang='lat' dir='ltr'>qui</span> <span class='ocrx_word' id='word_1_424' title='bbox 3002 2362 3287 2417; x_wconf 88' lang='lat' dir='ltr'>formatus</span> <span class='ocrx_word' id='word_1_425' title='bbox 3335 2364 3444 2417; x_wconf 90' lang='lat' dir='ltr'>est.</span> <span class='ocrx_word' id='word_1_426' title='bbox 3487 2361 3619 2416; x_wconf 90' lang='lat' dir='ltr'>Ideo</span> <span class='ocrx_word' id='word_1_427' title='bbox 3660 2360 3813 2415; x_wconf 85' lang='lat' dir='ltr'>venit</span> 
     </span>
    </p>
   </div>
   <div class='ocr_carea' id='block_1_55' title="bbox 2166 2450 3812 2541">
    <p class='ocr_par' dir='ltr' id='par_1_55' title="bbox 2166 2450 3812 2541">
     <span class='ocr_line' id='line_1_55' title="bbox 2166 2450 3812 2541; baseline -0.002 -35"><span class='ocrx_word' id='word_1_428' title='bbox 2166 2452 2348 2507; x_wconf 79' lang='lat' dir='ltr'>Filius</span> <span class='ocrx_word' id='word_1_429' title='bbox 2379 2452 2504 2541; x_wconf 75' lang='lat' dir='ltr'>Dei,</span> <span class='ocrx_word' id='word_1_430' title='bbox 2536 2455 2601 2506; x_wconf 90' lang='lat' dir='ltr'>ut</span> <span class='ocrx_word' id='word_1_431' title='bbox 2632 2451 2935 2506; x_wconf 87' lang='lat' dir='ltr'>reduceret</span> <span class='ocrx_word' id='word_1_432' title='bbox 2955 2450 3137 2505; x_wconf 88' lang='lat' dir='ltr'>Jacob</span> <span class='ocrx_word' id='word_1_433' title='bbox 3169 2455 3458 2505; x_wconf 87' lang='lat' dir='ltr'>errantem</span> <span class='ocrx_word' id='word_1_434' title='bbox 3493 2451 3565 2504; x_wconf 91' lang='lat' dir='ltr'>ad</span> <span class='ocrx_word' id='word_1_435' title='bbox 3594 2452 3812 2504; x_wconf 73' lang='lat' dir='ltr'>Creato-</span> 
     </span>
    </p>
   </div>
   <div class='ocr_carea' id='block_1_56' title="bbox 2165 2538 3810 2612">
    <p class='ocr_par' dir='ltr' id='par_1_56' title="bbox 2165 2538 3810 2612">
     <span class='ocr_line' id='line_1_56' title="bbox 2165 2538 3810 2612; baseline -0.002 -17"><span class='ocrx_word' id='word_1_436' title='bbox 2165 2559 2284 2596; x_wconf 84' lang='lat' dir='ltr'>rem</span> <span class='ocrx_word' id='word_1_437' title='bbox 2318 2538 2679 2606; x_wconf 88' lang='lat' dir='ltr'>suum,sicut</span> <span class='ocrx_word' id='word_1_438' title='bbox 2709 2540 2851 2594; x_wconf 90' lang='lat' dir='ltr'>dicit</span> <span class='ocrx_word' id='word_1_439' title='bbox 2881 2539 3165 2612; x_wconf 88' lang='lat' dir='ltr'>apostolis</span> <span class='ocrx_word' id='word_1_440' title='bbox 3199 2557 3211 2595; x_wconf 92' lang='lat'>:</span> <span class='ocrx_word' id='word_1_441' title='bbox 3246 2540 3327 2594; x_wconf 93' lang='lat' dir='ltr'>Ite</span> <span class='ocrx_word' id='word_1_442' title='bbox 3357 2539 3429 2594; x_wconf 89' lang='lat' dir='ltr'>ad</span> <span class='ocrx_word' id='word_1_443' title='bbox 3461 2539 3699 2594; x_wconf 92' lang='lat' dir='ltr'>domum</span> <span class='ocrx_word' id='word_1_444' title='bbox 3731 2538 3810 2593; x_wconf 87' lang='lat' dir='ltr'>Is-</span> 
     </span>
    </p>
   </div>
   <div class='ocr_carea' id='block_1_57' title="bbox 2164 2626 3811 2700">
    <p class='ocr_par' dir='ltr' id='par_1_57' title="bbox 2164 2626 3811 2700">
     <span class='ocr_line' id='line_1_57' title="bbox 2164 2626 3811 2700; baseline -0.002 -15"><span class='ocrx_word' id='word_1_445' title='bbox 2164 2631 2302 2686; x_wconf 90' lang='lat' dir='ltr'>rael.</span> <span class='ocrx_word' id='word_1_446' title='bbox 2337 2654 2362 2680; x_wconf 88' lang='grc'>‹‹</span> <span class='ocrx_word' id='word_1_447' title='bbox 2418 2631 2487 2685; x_wconf 91' lang='lat' dir='ltr'>Et</span> <span class='ocrx_word' id='word_1_448' title='bbox 2537 2648 2653 2684; x_wconf 89' lang='lat' dir='ltr'>non</span> <span class='ocrx_word' id='word_1_449' title='bbox 2702 2648 2835 2685; x_wconf 89' lang='lat' dir='ltr'>sum</span> <span class='ocrx_word' id='word_1_450' title='bbox 2869 2630 3089 2684; x_wconf 89' lang='lat' dir='ltr'>missus</span> <span class='ocrx_word' id='word_1_451' title='bbox 3139 2626 3252 2684; x_wconf 90' lang='lat' dir='ltr'>nisi</span> <span class='ocrx_word' id='word_1_452' title='bbox 3282 2628 3353 2684; x_wconf 87' lang='lat' dir='ltr'>ad</span> <span class='ocrx_word' id='word_1_453' title='bbox 3386 2645 3518 2684; x_wconf 90' lang='lat' dir='ltr'>oves</span> <span class='ocrx_word' id='word_1_454' title='bbox 3557 2628 3811 2700; x_wconf 86' lang='lat' dir='ltr'>perditas</span> 
     </span>
    </p>
   </div>
   <div class='ocr_carea' id='block_1_58' title="bbox 2166 2715 3811 2793">
    <p class='ocr_par' dir='ltr' id='par_1_58' title="bbox 2166 2715 3811 2793">
     <span class='ocr_line' id='line_1_58' title="bbox 2166 2715 3811 2793; baseline -0.002 -19"><span class='ocrx_word' id='word_1_455' title='bbox 2166 2719 2340 2775; x_wconf 90' lang='lat' dir='ltr'>Israel</span> <span class='ocrx_word' id='word_1_456' title='bbox 2376 2719 2584 2793; x_wconf 81' lang='lat' dir='ltr'>(Matth.</span> <span class='ocrx_word' id='word_1_457' title='bbox 2620 2719 2737 2791; x_wconf 88' lang='lat' dir='ltr'>xv.)</span> <span class='ocrx_word' id='word_1_458' title='bbox 2772 2741 2799 2766; x_wconf 86' lang='lat'>»</span> <span class='ocrx_word' id='word_1_459' title='bbox 2837 2742 2856 2767; x_wconf 76' lang='grc' dir='ltr'>ι</span> <span class='ocrx_word' id='word_1_460' title='bbox 2894 2720 2962 2773; x_wconf 88' lang='lat' dir='ltr'>Et</span> <span class='ocrx_word' id='word_1_461' title='bbox 2990 2718 3354 2789; x_wconf 81' lang='lat' dir='ltr'>gloriﬁcatus</span> <span class='ocrx_word' id='word_1_462' title='bbox 3384 2734 3517 2774; x_wconf 89' lang='lat' dir='ltr'>sum</span> <span class='ocrx_word' id='word_1_463' title='bbox 3548 2716 3607 2772; x_wconf 90' lang='lat' dir='ltr'>in</span> <span class='ocrx_word' id='word_1_464' title='bbox 3628 2715 3811 2772; x_wconf 84' lang='lat' dir='ltr'>oculis</span> 
     </span>
    </p>
   </div>
   <div class='ocr_carea' id='block_1_59' title="bbox 2163 2805 3807 2880">
    <p class='ocr_par' dir='ltr' id='par_1_59' title="bbox 2163 2805 3807 2880">
     <span class='ocr_line' id='line_1_59' title="bbox 2163 2805 3807 2880; baseline -0.003 -17"><span class='ocrx_word' id='word_1_465' title='bbox 2163 2808 2419 2879; x_wconf 86' lang='lat' dir='ltr'>Domini,</span> <span class='ocrx_word' id='word_1_466' title='bbox 2435 2833 2462 2858; x_wconf 84' lang='grc'><strong>››</strong></span> <span class='ocrx_word' id='word_1_467' title='bbox 2483 2807 2935 2880; x_wconf 88' lang='lat' dir='ltr'>subaudis,quia</span> <span class='ocrx_word' id='word_1_468' title='bbox 2952 2812 3139 2862; x_wconf 90' lang='lat' dir='ltr'>totum</span> <span class='ocrx_word' id='word_1_469' title='bbox 3158 2807 3445 2862; x_wconf 91' lang='lat' dir='ltr'>mundum</span> <span class='ocrx_word' id='word_1_470' title='bbox 3466 2805 3605 2861; x_wconf 88' lang='lat' dir='ltr'>mihi</span> <span class='ocrx_word' id='word_1_471' title='bbox 3629 2805 3807 2872; x_wconf 87' lang='lat' dir='ltr'>dedit,</span> 
     </span>
    </p>
   </div>
   <div class='ocr_carea' id='block_1_60' title="bbox 2126 2892 3806 2970">
    <p class='ocr_par' dir='ltr' id='par_1_60' title="bbox 2126 2892 3806 2970">
     <span class='ocr_line' id='line_1_60' title="bbox 2126 2892 3806 2970; baseline -0.004 -16"><span class='ocrx_word' id='word_1_472' title='bbox 2126 2898 2315 2954; x_wconf 87' lang='lat' dir='ltr'>sicut</span> <span class='ocrx_word' id='word_1_473' title='bbox 2359 2897 2475 2953; x_wconf 88' lang='lat' dir='ltr'>dixi</span> <span class='ocrx_word' id='word_1_474' title='bbox 2511 2914 2825 2970; x_wconf 84' lang='lat' dir='ltr'>resurgens</span> <span class='ocrx_word' id='word_1_475' title='bbox 2870 2914 2904 2951; x_wconf 90' lang='lat' dir='ltr'>a</span> <span class='ocrx_word' id='word_1_476' title='bbox 2953 2896 3238 2951; x_wconf 90' lang='lat' dir='ltr'>mortuis:</span> <span class='ocrx_word' id='word_1_477' title='bbox 3291 2919 3318 2945; x_wconf 90' lang='grc'>‹‹</span> <span class='ocrx_word' id='word_1_478' title='bbox 3354 2896 3500 2951; x_wconf 86' lang='lat' dir='ltr'>Data</span> <span class='ocrx_word' id='word_1_479' title='bbox 3540 2898 3630 2950; x_wconf 89' lang='lat' dir='ltr'>est</span> <span class='ocrx_word' id='word_1_480' title='bbox 3661 2892 3806 2949; x_wconf 85' lang='lat' dir='ltr'>mihi</span> 
     </span>
    </p>
   </div>
   <div class='ocr_carea' id='block_1_61' title="bbox 2161 2983 3810 3059">
    <p class='ocr_par' dir='ltr' id='par_1_61' title="bbox 2161 2983 3810 3059">
     <span class='ocr_line' id='line_1_61' title="bbox 2161 2983 3810 3059; baseline -0.003 -17"><span class='ocrx_word' id='word_1_481' title='bbox 2161 2987 2353 3042; x_wconf 88' lang='lat' dir='ltr'>omnis</span> <span class='ocrx_word' id='word_1_482' title='bbox 2386 2990 2645 3059; x_wconf 89' lang='lat' dir='ltr'>potestas</span> <span class='ocrx_word' id='word_1_483' title='bbox 2676 2985 2735 3040; x_wconf 90' lang='lat' dir='ltr'>in</span> <span class='ocrx_word' id='word_1_484' title='bbox 2767 2984 2910 3041; x_wconf 64' lang='lat' dir='ltr'>caelo</span> <span class='ocrx_word' id='word_1_485' title='bbox 2940 2989 2997 3040; x_wconf 90' lang='lat' dir='ltr'>et</span> <span class='ocrx_word' id='word_1_486' title='bbox 3026 2985 3085 3040; x_wconf 91' lang='lat' dir='ltr'>in</span> <span class='ocrx_word' id='word_1_487' title='bbox 3119 2989 3274 3041; x_wconf 86' lang='lat' dir='ltr'>terra</span> <span class='ocrx_word' id='word_1_488' title='bbox 3303 2984 3488 3055; x_wconf 76' lang='lat' dir='ltr'>(Matth</span> <span class='ocrx_word' id='word_1_489' title='bbox 3531 2983 3751 3056; x_wconf 81' lang='lat' dir='ltr'>xxvm.)</span> <span class='ocrx_word' id='word_1_490' title='bbox 3785 3004 3810 3031; x_wconf 70' lang='grc' dir='ltr'>ιι</span> 
     </span>
    </p>
   </div>
   <div class='ocr_carea' id='block_1_62' title="bbox 2159 3073 3812 3147">
    <p class='ocr_par' dir='ltr' id='par_1_62' title="bbox 2159 3073 3812 3147">
     <span class='ocr_line' id='line_1_62' title="bbox 2159 3073 3812 3147; baseline -0.002 -16"><span class='ocrx_word' id='word_1_491' title='bbox 2159 3078 2240 3131; x_wconf 86' lang='lat' dir='ltr'>Ac</span> <span class='ocrx_word' id='word_1_492' title='bbox 2272 3075 2319 3131; x_wconf 90' lang='lat' dir='ltr'>si</span> <span class='ocrx_word' id='word_1_493' title='bbox 2352 3076 2573 3130; x_wconf 90' lang='lat' dir='ltr'>diceret</span> <span class='ocrx_word' id='word_1_494' title='bbox 2606 3092 2618 3130; x_wconf 92' lang='lat'>:</span> <span class='ocrx_word' id='word_1_495' title='bbox 2654 3073 2883 3129; x_wconf 89' lang='lat' dir='ltr'>Perdidi</span> <span class='ocrx_word' id='word_1_496' title='bbox 2916 3091 3096 3129; x_wconf 90' lang='lat' dir='ltr'>unam</span> <span class='ocrx_word' id='word_1_497' title='bbox 3123 3078 3378 3147; x_wconf 85' lang='lat' dir='ltr'>gentem,</span> <span class='ocrx_word' id='word_1_498' title='bbox 3410 3077 3468 3129; x_wconf 87' lang='lat' dir='ltr'>et</span> <span class='ocrx_word' id='word_1_499' title='bbox 3489 3089 3620 3129; x_wconf 90' lang='lat' dir='ltr'>ecce</span> <span class='ocrx_word' id='word_1_500' title='bbox 3656 3076 3812 3128; x_wconf 89' lang='lat' dir='ltr'>totus</span> 
     </span>
    </p>
   </div>
   <div class='ocr_carea' id='block_1_63' title="bbox 2164 3163 3812 3221">
    <p class='ocr_par' dir='ltr' id='par_1_63' title="bbox 2164 3163 3812 3221">
     <span class='ocr_line' id='line_1_63' title="bbox 2164 3163 3812 3221; baseline -0.003 -1"><span class='ocrx_word' id='word_1_501' title='bbox 2164 3165 2422 3221; x_wconf 88' lang='lat' dir='ltr'>mundus</span> <span class='ocrx_word' id='word_1_502' title='bbox 2452 3164 2508 3219; x_wconf 91' lang='lat' dir='ltr'>in</span> <span class='ocrx_word' id='word_1_503' title='bbox 2543 3180 2636 3219; x_wconf 86' lang='lat' dir='ltr'>me</span> <span class='ocrx_word' id='word_1_504' title='bbox 2667 3164 2884 3219; x_wconf 91' lang='lat' dir='ltr'>credet.</span> <span class='ocrx_word' id='word_1_505' title='bbox 2919 3187 2945 3214; x_wconf 77' lang='grc' dir='ltr'>α</span> <span class='ocrx_word' id='word_1_506' title='bbox 2983 3168 3133 3218; x_wconf 90' lang='lat' dir='ltr'>Deus</span> <span class='ocrx_word' id='word_1_507' title='bbox 3163 3180 3330 3219; x_wconf 88' lang='lat' dir='ltr'>meus</span> <span class='ocrx_word' id='word_1_508' title='bbox 3362 3164 3551 3219; x_wconf 82' lang='lat' dir='ltr'>factus</span> <span class='ocrx_word' id='word_1_509' title='bbox 3573 3166 3662 3217; x_wconf 88' lang='lat' dir='ltr'>est</span> <span class='ocrx_word' id='word_1_510' title='bbox 3693 3163 3812 3216; x_wconf 55' lang='lat' dir='ltr'>fore</span> 
     </span>
    </p>
   </div>
   <div class='ocr_carea' id='block_1_64' title="bbox 2167 3250 3815 3325">
    <p class='ocr_par' dir='ltr' id='par_1_64' title="bbox 2167 3250 3815 3325">
     <span class='ocr_line' id='line_1_64' title="bbox 2167 3250 3815 3325; baseline -0.003 -16"><span class='ocrx_word' id='word_1_511' title='bbox 2167 3254 2359 3310; x_wconf 88' lang='lat' dir='ltr'>titudo</span> <span class='ocrx_word' id='word_1_512' title='bbox 2393 3271 2544 3319; x_wconf 88' lang='lat' dir='ltr'>mea,</span> <span class='ocrx_word' id='word_1_513' title='bbox 2580 3276 2608 3302; x_wconf 84' lang='lat'>»</span> <span class='ocrx_word' id='word_1_514' title='bbox 2639 3253 2777 3325; x_wconf 91' lang='lat' dir='ltr'>quia</span> <span class='ocrx_word' id='word_1_515' title='bbox 2806 3253 2979 3308; x_wconf 89' lang='lat' dir='ltr'>tertia</span> <span class='ocrx_word' id='word_1_516' title='bbox 3006 3253 3101 3308; x_wconf 91' lang='lat' dir='ltr'>die</span> <span class='ocrx_word' id='word_1_517' title='bbox 3132 3251 3439 3309; x_wconf 85' lang='lat' dir='ltr'>resurrexi.</span> <span class='ocrx_word' id='word_1_518' title='bbox 3474 3250 3631 3306; x_wconf 87' lang='lat' dir='ltr'>Licet</span> <span class='ocrx_word' id='word_1_519' title='bbox 3658 3251 3815 3306; x_wconf 88' lang='lat' dir='ltr'>enim</span> 
     </span>
    </p>
   </div>
   <div class='ocr_carea' id='block_1_65' title="bbox 396 3323 3818 3416">
    <p class='ocr_par' dir='ltr' id='par_1_65' title="bbox 396 3323 3818 3416">
     <span class='ocr_line' id='line_1_65' title="bbox 396 3323 3818 3416; baseline -0.002 -15"><span class='ocrx_word' id='word_1_520' title='bbox 396 3345 709 3401; x_wconf 86' lang='lat' dir='ltr'>invisibilis</span> <span class='ocrx_word' id='word_1_521' title='bbox 729 3350 837 3400; x_wconf 89' lang='lat' dir='ltr'>est.</span> <span class='ocrx_word' id='word_1_522' title='bbox 864 3367 891 3391; x_wconf 84' lang='lat'><strong><em>«</em></strong></span> <span class='ocrx_word' id='word_1_523' title='bbox 918 3343 1117 3398; x_wconf 84' lang='lat' dir='ltr'>Posuit</span> <span class='ocrx_word' id='word_1_524' title='bbox 1138 3360 1231 3397; x_wconf 87' lang='lat' dir='ltr'>me</span> <span class='ocrx_word' id='word_1_525' title='bbox 1263 3342 1416 3397; x_wconf 90' lang='lat' dir='ltr'>sicut</span> <span class='ocrx_word' id='word_1_526' title='bbox 1446 3342 1719 3415; x_wconf 78' lang='lat' dir='ltr'>sagittam</span> <span class='ocrx_word' id='word_1_527' title='bbox 1745 3340 2048 3395; x_wconf 79' lang='lat' dir='ltr'>electam.»</span> <span class='ocrx_word' id='word_1_528' title='bbox 2086 3323 2129 3390; x_wconf 63' lang='grc' dir='ltr'><strong>(ἶ</strong></span> <span class='ocrx_word' id='word_1_529' title='bbox 2167 3343 2384 3399; x_wconf 89' lang='lat' dir='ltr'>diceret</span> <span class='ocrx_word' id='word_1_530' title='bbox 2416 3342 2635 3416; x_wconf 91' lang='lat' dir='ltr'>pendes</span> <span class='ocrx_word' id='word_1_531' title='bbox 2657 3323 2726 3397; x_wconf 73' lang='lat' dir='ltr'>in</span> <span class='ocrx_word' id='word_1_532' title='bbox 2760 3358 2952 3409; x_wconf 88' lang='lat' dir='ltr'>cruce,</span> <span class='ocrx_word' id='word_1_533' title='bbox 2987 3366 3015 3392; x_wconf 86' lang='grc'>‹‹</span> <span class='ocrx_word' id='word_1_534' title='bbox 3036 3342 3211 3411; x_wconf 90' lang='lat' dir='ltr'>Deus,</span> <span class='ocrx_word' id='word_1_535' title='bbox 3236 3342 3389 3398; x_wconf 87' lang='lat' dir='ltr'>Deus</span> <span class='ocrx_word' id='word_1_536' title='bbox 3420 3358 3606 3407; x_wconf 88' lang='lat' dir='ltr'>meus,</span> <span class='ocrx_word' id='word_1_537' title='bbox 3638 3357 3818 3412; x_wconf 80' lang='lat' dir='ltr'>quare</span> 
     </span>
    </p>
   </div>
   <div class='ocr_carea' id='block_1_66' title="bbox 396 3430 2052 3505">
    <p class='ocr_par' dir='ltr' id='par_1_66' title="bbox 396 3430 2052 3505">
     <span class='ocr_line' id='line_1_66' title="bbox 396 3430 2052 3505; baseline -0.004 -14"><span class='ocrx_word' id='word_1_538' title='bbox 396 3436 543 3491; x_wconf 88' lang='lat' dir='ltr'>Cum</span> <span class='ocrx_word' id='word_1_539' title='bbox 572 3433 716 3488; x_wconf 90' lang='lat' dir='ltr'>dicit</span> <span class='ocrx_word' id='word_1_540' title='bbox 748 3432 1026 3505; x_wconf 79' lang='lat' dir='ltr'>sagittam</span> <span class='ocrx_word' id='word_1_541' title='bbox 1051 3431 1316 3495; x_wconf 86' lang='lat' dir='ltr'>electam,</span> <span class='ocrx_word' id='word_1_542' title='bbox 1336 3431 1592 3486; x_wconf 86' lang='lat' dir='ltr'>ostendit</span> <span class='ocrx_word' id='word_1_543' title='bbox 1621 3430 1834 3485; x_wconf 90' lang='lat' dir='ltr'>habere</span> <span class='ocrx_word' id='word_1_544' title='bbox 1866 3430 2052 3485; x_wconf 90' lang='lat' dir='ltr'>Deum</span> 
     </span>
    </p>
   </div>
   <div class='ocr_carea' id='block_1_67' title="bbox 397 3518 2052 3595">
    <p class='ocr_par' dir='ltr' id='par_1_67' title="bbox 397 3518 2052 3595">
     <span class='ocr_line' id='line_1_67' title="bbox 397 3518 2052 3595; baseline -0.004 -16"><span class='ocrx_word' id='word_1_545' title='bbox 397 3523 646 3595; x_wconf 82' lang='lat' dir='ltr'>sagittas</span> <span class='ocrx_word' id='word_1_546' title='bbox 695 3520 1003 3593; x_wconf 87' lang='lat' dir='ltr'>plurimas,</span> <span class='ocrx_word' id='word_1_547' title='bbox 1041 3543 1070 3569; x_wconf 88' lang='grc'>››</span> <span class='ocrx_word' id='word_1_548' title='bbox 1102 3521 1201 3575; x_wconf 90' lang='lat' dir='ltr'>sed</span> <span class='ocrx_word' id='word_1_549' title='bbox 1250 3536 1366 3575; x_wconf 91' lang='lat' dir='ltr'>non</span> <span class='ocrx_word' id='word_1_550' title='bbox 1416 3518 1649 3575; x_wconf 87' lang='lat' dir='ltr'>electas.</span> <span class='ocrx_word' id='word_1_551' title='bbox 1686 3518 1920 3590; x_wconf 68' lang='lat' dir='ltr'>Sagitta:</span> <span class='ocrx_word' id='word_1_552' title='bbox 1952 3518 2052 3573; x_wconf 91' lang='lat' dir='ltr'>Dei</span> 
     </span>
    </p>
   </div>
   <div class='ocr_carea' id='block_1_68' title="bbox 400 3607 2052 3683">
    <p class='ocr_par' dir='ltr' id='par_1_68' title="bbox 400 3607 2052 3683">
     <span class='ocr_line' id='line_1_68' title="bbox 400 3607 2052 3683; baseline -0.002 -16"><span class='ocrx_word' id='word_1_553' title='bbox 400 3609 822 3683; x_wconf 85' lang='lat' dir='ltr'>omnipotentis</span> <span class='ocrx_word' id='word_1_554' title='bbox 852 3614 995 3664; x_wconf 89' lang='lat' dir='ltr'>sunt</span> <span class='ocrx_word' id='word_1_555' title='bbox 1026 3608 1344 3680; x_wconf 74' lang='lat' dir='ltr'>prophetze,</span> <span class='ocrx_word' id='word_1_556' title='bbox 1369 3607 1638 3680; x_wconf 89' lang='lat' dir='ltr'>apostoli,</span> <span class='ocrx_word' id='word_1_557' title='bbox 1660 3612 1718 3662; x_wconf 90' lang='lat' dir='ltr'>et</span> <span class='ocrx_word' id='word_1_558' title='bbox 1749 3608 2052 3679; x_wconf 89' lang='lat' dir='ltr'>apostolici</span> 
     </span>
    </p>
   </div>
   <div class='ocr_carea' id='block_1_69' title="bbox 398 3697 2048 3770">
    <p class='ocr_par' dir='ltr' id='par_1_69' title="bbox 398 3697 2048 3770">
     <span class='ocr_line' id='line_1_69' title="bbox 398 3697 2048 3770; baseline -0.002 -14"><span class='ocrx_word' id='word_1_559' title='bbox 398 3698 505 3756; x_wconf 90' lang='lat' dir='ltr'>viri</span> <span class='ocrx_word' id='word_1_560' title='bbox 528 3698 630 3770; x_wconf 92' lang='lat' dir='ltr'>qui</span> <span class='ocrx_word' id='word_1_561' title='bbox 655 3697 712 3752; x_wconf 91' lang='lat' dir='ltr'>in</span> <span class='ocrx_word' id='word_1_562' title='bbox 734 3702 855 3753; x_wconf 90' lang='lat' dir='ltr'>toto</span> <span class='ocrx_word' id='word_1_563' title='bbox 877 3697 1016 3753; x_wconf 90' lang='lat' dir='ltr'>orbe</span> <span class='ocrx_word' id='word_1_564' title='bbox 1047 3697 1412 3766; x_wconf 89' lang='lat' dir='ltr'>discurrunt,</span> <span class='ocrx_word' id='word_1_565' title='bbox 1445 3697 1515 3752; x_wconf 92' lang='lat' dir='ltr'>de</span> <span class='ocrx_word' id='word_1_566' title='bbox 1546 3697 1763 3769; x_wconf 90' lang='lat' dir='ltr'>quibus</span> <span class='ocrx_word' id='word_1_567' title='bbox 1794 3697 2010 3753; x_wconf 90' lang='lat' dir='ltr'>dicitur</span> <span class='ocrx_word' id='word_1_568' title='bbox 2036 3715 2048 3753; x_wconf 93' lang='lat'>:</span> 
     </span>
    </p>
   </div>
   <div class='ocr_carea' id='block_1_70' title="bbox 400 3783 2052 3860">
    <p class='ocr_par' dir='ltr' id='par_1_70' title="bbox 400 3783 2052 3860">
     <span class='ocr_line' id='line_1_70' title="bbox 400 3783 2052 3860; baseline 0.001 -22"><span class='ocrx_word' id='word_1_569' title='bbox 400 3812 427 3838; x_wconf 79' lang='grc' dir='ltr'>α</span> <span class='ocrx_word' id='word_1_570' title='bbox 463 3787 700 3860; x_wconf 69' lang='lat' dir='ltr'>Sagitta:</span> <span class='ocrx_word' id='word_1_571' title='bbox 732 3790 846 3841; x_wconf 63' lang='lat' dir='ltr'>tuae</span> <span class='ocrx_word' id='word_1_572' title='bbox 879 3790 1085 3853; x_wconf 65' lang='lat' dir='ltr'>acutae,</span> <span class='ocrx_word' id='word_1_573' title='bbox 1116 3784 1513 3857; x_wconf 88' lang='lat' dir='ltr'>potentissimi</span> <span class='ocrx_word' id='word_1_574' title='bbox 1575 3783 1774 3856; x_wconf 89' lang='lat' dir='ltr'>populi</span> <span class='ocrx_word' id='word_1_575' title='bbox 1835 3785 1946 3839; x_wconf 88' lang='lat' dir='ltr'>sub</span> <span class='ocrx_word' id='word_1_576' title='bbox 1996 3789 2052 3839; x_wconf 91' lang='lat' dir='ltr'>te</span> 
     </span>
    </p>
   </div>
   <div class='ocr_carea' id='block_1_71' title="bbox 398 3874 2056 3946">
    <p class='ocr_par' dir='ltr' id='par_1_71' title="bbox 398 3874 2056 3946">
     <span class='ocr_line' id='line_1_71' title="bbox 398 3874 2056 3946; baseline -0.002 -13"><span class='ocrx_word' id='word_1_577' title='bbox 398 3878 609 3933; x_wconf 88' lang='lat' dir='ltr'>cadent</span> <span class='ocrx_word' id='word_1_578' title='bbox 638 3878 806 3945; x_wconf 84' lang='lat' dir='ltr'>(Psat.</span> <span class='ocrx_word' id='word_1_579' title='bbox 841 3878 1013 3943; x_wconf 67' lang='grc' dir='ltr'>κως).</span> <span class='ocrx_word' id='word_1_580' title='bbox 1052 3898 1079 3924; x_wconf 87' lang='grc'><strong>››</strong></span> <span class='ocrx_word' id='word_1_581' title='bbox 1111 3899 1137 3923; x_wconf 76' lang='grc' dir='ltr'><strong>«ι</strong></span> <span class='ocrx_word' id='word_1_582' title='bbox 1173 3876 1233 3930; x_wconf 89' lang='lat' dir='ltr'>In</span> <span class='ocrx_word' id='word_1_583' title='bbox 1267 3874 1539 3946; x_wconf 80' lang='lat' dir='ltr'>pharetra</span> <span class='ocrx_word' id='word_1_584' title='bbox 1594 3892 1703 3929; x_wconf 89' lang='lat' dir='ltr'>sua</span> <span class='ocrx_word' id='word_1_585' title='bbox 1746 3874 2056 3929; x_wconf 87' lang='lat' dir='ltr'>abscondit</span> 
     </span>
    </p>
   </div>
   <div class='ocr_carea' id='block_1_72' title="bbox 400 3963 2055 4035">
    <p class='ocr_par' dir='ltr' id='par_1_72' title="bbox 400 3963 2055 4035">
     <span class='ocr_line' id='line_1_72' title="bbox 400 3963 2055 4035; baseline -0.004 -12"><span class='ocrx_word' id='word_1_586' title='bbox 400 3985 550 4035; x_wconf 81' lang='lat' dir='ltr'>me,»</span> <span class='ocrx_word' id='word_1_587' title='bbox 587 3966 697 4022; x_wconf 87' lang='lat' dir='ltr'>hoc</span> <span class='ocrx_word' id='word_1_588' title='bbox 730 3970 818 4021; x_wconf 90' lang='lat' dir='ltr'>est</span> <span class='ocrx_word' id='word_1_589' title='bbox 849 3966 907 4020; x_wconf 90' lang='lat' dir='ltr'>in</span> <span class='ocrx_word' id='word_1_590' title='bbox 941 3982 1180 4035; x_wconf 91' lang='lat' dir='ltr'>corpore</span> <span class='ocrx_word' id='word_1_591' title='bbox 1210 3964 1494 4019; x_wconf 89' lang='lat' dir='ltr'>humano.</span> <span class='ocrx_word' id='word_1_592' title='bbox 1528 3965 1608 4018; x_wconf 88' lang='lat' dir='ltr'>Ex</span> <span class='ocrx_word' id='word_1_593' title='bbox 1639 3980 1890 4034; x_wconf 88' lang='lat' dir='ltr'>persona</span> <span class='ocrx_word' id='word_1_594' title='bbox 1914 3963 2055 4018; x_wconf 88' lang='lat' dir='ltr'>divi-</span> 
     </span>
    </p>
   </div>
   <div class='ocr_carea' id='block_1_73' title="bbox 401 4052 2052 4126">
    <p class='ocr_par' dir='ltr' id='par_1_73' title="bbox 401 4052 2052 4126">
     <span class='ocr_line' id='line_1_73' title="bbox 401 4052 2052 4126; baseline -0.002 -14"><span class='ocrx_word' id='word_1_595' title='bbox 401 4056 602 4113; x_wconf 91' lang='lat' dir='ltr'>nitatis</span> <span class='ocrx_word' id='word_1_596' title='bbox 667 4057 841 4111; x_wconf 93' lang='lat' dir='ltr'>modo</span> <span class='ocrx_word' id='word_1_597' title='bbox 888 4055 1165 4126; x_wconf 87' lang='lat' dir='ltr'>loquitur.</span> <span class='ocrx_word' id='word_1_598' title='bbox 1204 4054 1482 4109; x_wconf 88' lang='lat' dir='ltr'>Pharetra</span> <span class='ocrx_word' id='word_1_599' title='bbox 1532 4052 1766 4120; x_wconf 88' lang='lat' dir='ltr'>dicitur,</span> <span class='ocrx_word' id='word_1_600' title='bbox 1799 4071 1865 4109; x_wconf 84' lang='lat' dir='ltr'>eo</span> <span class='ocrx_word' id='word_1_601' title='bbox 1898 4053 2052 4125; x_wconf 93' lang='lat' dir='ltr'>quod</span> 
     </span>
    </p>
   </div>
   <div class='ocr_carea' id='block_1_74' title="bbox 398 4142 2053 4215">
    <p class='ocr_par' dir='ltr' id='par_1_74' title="bbox 398 4142 2053 4215">
     <span class='ocr_line' id='line_1_74' title="bbox 398 4142 2053 4215; baseline -0.002 -13"><span class='ocrx_word' id='word_1_602' title='bbox 398 4147 547 4202; x_wconf 84' lang='lat' dir='ltr'>ferat</span> <span class='ocrx_word' id='word_1_603' title='bbox 577 4150 849 4201; x_wconf 87' lang='lat' dir='ltr'>mortem.</span> <span class='ocrx_word' id='word_1_604' title='bbox 882 4143 1007 4199; x_wconf 86' lang='lat' dir='ltr'>Alio</span> <span class='ocrx_word' id='word_1_605' title='bbox 1040 4143 1098 4197; x_wconf 90' lang='lat' dir='ltr'>in</span> <span class='ocrx_word' id='word_1_606' title='bbox 1131 4143 1257 4199; x_wconf 91' lang='lat' dir='ltr'>loco</span> <span class='ocrx_word' id='word_1_607' title='bbox 1298 4142 1582 4198; x_wconf 90' lang='lat' dir='ltr'>Dominus</span> <span class='ocrx_word' id='word_1_608' title='bbox 1614 4142 1787 4198; x_wconf 87' lang='lat' dir='ltr'>hamo</span> <span class='ocrx_word' id='word_1_609' title='bbox 1817 4160 2053 4215; x_wconf 88' lang='lat' dir='ltr'>compa-</span> 
     </span>
    </p>
   </div>
   <div class='ocr_carea' id='block_1_75' title="bbox 399 4230 2056 4307">
    <p class='ocr_par' dir='ltr' id='par_1_75' title="bbox 399 4230 2056 4307">
     <span class='ocr_line' id='line_1_75' title="bbox 399 4230 2056 4307; baseline -0.005 -16"><span class='ocrx_word' id='word_1_610' title='bbox 399 4240 583 4303; x_wconf 86' lang='lat' dir='ltr'>ratur,</span> <span class='ocrx_word' id='word_1_611' title='bbox 619 4234 757 4307; x_wconf 91' lang='lat' dir='ltr'>quia</span> <span class='ocrx_word' id='word_1_612' title='bbox 787 4234 941 4289; x_wconf 90' lang='lat' dir='ltr'>sicut</span> <span class='ocrx_word' id='word_1_613' title='bbox 971 4233 1043 4288; x_wconf 91' lang='lat' dir='ltr'>ab</span> <span class='ocrx_word' id='word_1_614' title='bbox 1075 4232 1250 4287; x_wconf 85' lang='lat' dir='ltr'>hamo</span> <span class='ocrx_word' id='word_1_615' title='bbox 1308 4231 1524 4287; x_wconf 89' lang='lat' dir='ltr'>latente</span> <span class='ocrx_word' id='word_1_616' title='bbox 1574 4231 1632 4286; x_wconf 92' lang='lat' dir='ltr'>in</span> <span class='ocrx_word' id='word_1_617' title='bbox 1665 4248 1799 4287; x_wconf 90' lang='lat' dir='ltr'>esca</span> <span class='ocrx_word' id='word_1_618' title='bbox 1827 4230 2056 4301; x_wconf 90' lang='lat' dir='ltr'>capitur</span> 
     </span>
    </p>
   </div>
   <div class='ocr_carea' id='block_1_76' title="bbox 401 4319 2057 4398">
    <p class='ocr_par' dir='ltr' id='par_1_76' title="bbox 401 4319 2057 4398">
     <span class='ocr_line' id='line_1_76' title="bbox 401 4319 2057 4398; baseline -0.003 -18"><span class='ocrx_word' id='word_1_619' title='bbox 401 4323 694 4398; x_wconf 89' lang='lat' dir='ltr'>piscis,sic</span> <span class='ocrx_word' id='word_1_620' title='bbox 726 4321 998 4377; x_wconf 87' lang='lat' dir='ltr'>diabolus</span> <span class='ocrx_word' id='word_1_621' title='bbox 1020 4320 1377 4376; x_wconf 88' lang='lat' dir='ltr'>adivinitate</span> <span class='ocrx_word' id='word_1_622' title='bbox 1408 4337 1537 4392; x_wconf 63' lang='lat' dir='ltr'>quae</span> <span class='ocrx_word' id='word_1_623' title='bbox 1569 4319 1742 4375; x_wconf 87' lang='lat' dir='ltr'>latuit</span> <span class='ocrx_word' id='word_1_624' title='bbox 1763 4320 1820 4374; x_wconf 92' lang='lat' dir='ltr'>in</span> <span class='ocrx_word' id='word_1_625' title='bbox 1853 4319 2057 4375; x_wconf 90' lang='lat' dir='ltr'>huma-</span> 
     </span>
    </p>
   </div>
   <div class='ocr_carea' id='block_1_77' title="bbox 400 4408 2055 4484">
    <p class='ocr_par' dir='ltr' id='par_1_77' title="bbox 400 4408 2055 4484">
     <span class='ocr_line' id='line_1_77' title="bbox 400 4408 2055 4484; baseline -0.003 -15"><span class='ocrx_word' id='word_1_626' title='bbox 400 4414 583 4469; x_wconf 87' lang='lat' dir='ltr'>nitate</span> <span class='ocrx_word' id='word_1_627' title='bbox 612 4415 822 4484; x_wconf 89' lang='lat' dir='ltr'>captus</span> <span class='ocrx_word' id='word_1_628' title='bbox 852 4415 962 4466; x_wconf 90' lang='lat' dir='ltr'>est.</span> <span class='ocrx_word' id='word_1_629' title='bbox 998 4409 1160 4465; x_wconf 90' lang='lat' dir='ltr'>Unde</span> <span class='ocrx_word' id='word_1_630' title='bbox 1207 4409 1280 4465; x_wconf 89' lang='lat' dir='ltr'>ad</span> <span class='ocrx_word' id='word_1_631' title='bbox 1311 4409 1551 4464; x_wconf 88' lang='lat' dir='ltr'>beatum</span> <span class='ocrx_word' id='word_1_632' title='bbox 1599 4410 1708 4464; x_wconf 84' lang='lat' dir='ltr'>Job</span> <span class='ocrx_word' id='word_1_633' title='bbox 1770 4408 2055 4464; x_wconf 89' lang='lat' dir='ltr'>Dominus</span> 
     </span>
    </p>
   </div>
   <div class='ocr_carea' id='block_1_78' title="bbox 401 4496 2052 4574">
    <p class='ocr_par' dir='ltr' id='par_1_78' title="bbox 401 4496 2052 4574">
     <span class='ocr_line' id='line_1_78' title="bbox 401 4496 2052 4574; baseline -0.002 -16"><span class='ocrx_word' id='word_1_634' title='bbox 401 4502 665 4574; x_wconf 89' lang='lat' dir='ltr'>loquitur</span> <span class='ocrx_word' id='word_1_635' title='bbox 697 4518 710 4557; x_wconf 93' lang='lat'>:</span> <span class='ocrx_word' id='word_1_636' title='bbox 748 4521 777 4550; x_wconf 88' lang='lat'><strong>«</strong></span> <span class='ocrx_word' id='word_1_637' title='bbox 810 4498 1089 4571; x_wconf 89' lang='lat' dir='ltr'>Nunquid</span> <span class='ocrx_word' id='word_1_638' title='bbox 1149 4498 1346 4570; x_wconf 88' lang='lat' dir='ltr'>capies</span> <span class='ocrx_word' id='word_1_639' title='bbox 1383 4496 1677 4553; x_wconf 89' lang='lat' dir='ltr'>leviatban</span> <span class='ocrx_word' id='word_1_640' title='bbox 1709 4498 1886 4554; x_wconf 89' lang='lat' dir='ltr'>hamo</span> <span class='ocrx_word' id='word_1_641' title='bbox 1917 4499 2052 4570; x_wconf 74' lang='lat' dir='ltr'>(Job.</span> 
     </span>
    </p>
   </div>
   <div class='ocr_carea' id='block_1_79' title="bbox 400 4592 593 4664">
    <p class='ocr_par' dir='ltr' id='par_1_79' title="bbox 400 4592 593 4664">
     <span class='ocr_line' id='line_1_79' title="bbox 400 4592 593 4664; baseline -0.005 -18"><span class='ocrx_word' id='word_1_642' title='bbox 400 4592 593 4664; x_wconf 53' lang='lat' dir='ltr'>xw?»</span> 
     </span>
    </p>
   </div>
   <div class='ocr_carea' id='block_1_80' title="bbox 2162 3430 3815 3505">
    <p class='ocr_par' dir='ltr' id='par_1_80' title="bbox 2162 3430 3815 3505">
     <span class='ocr_line' id='line_1_80' title="bbox 2162 3430 3815 3505; baseline -0.002 -17"><span class='ocrx_word' id='word_1_643' title='bbox 2162 3450 2256 3489; x_wconf 90' lang='lat' dir='ltr'>me</span> <span class='ocrx_word' id='word_1_644' title='bbox 2287 3431 2646 3505; x_wconf 89' lang='lat' dir='ltr'>dereliquisti</span> <span class='ocrx_word' id='word_1_645' title='bbox 2678 3431 2848 3503; x_wconf 79' lang='lat' dir='ltr'>(Psal.</span> <span class='ocrx_word' id='word_1_646' title='bbox 2899 3431 3124 3488; x_wconf 82' lang='lat' dir='ltr'>xxvm?</span> <span class='ocrx_word' id='word_1_647' title='bbox 3158 3454 3186 3481; x_wconf 88' lang='grc'><strong>››</strong></span> <span class='ocrx_word' id='word_1_648' title='bbox 3236 3431 3446 3487; x_wconf 75' lang='lat' dir='ltr'>affectu</span> <span class='ocrx_word' id='word_1_649' title='bbox 3484 3430 3815 3487; x_wconf 85' lang='lat' dir='ltr'>humanita-</span> 
     </span>
    </p>
   </div>
   <div class='ocr_carea' id='block_1_81' title="bbox 2160 3519 3512 3595">
    <p class='ocr_par' dir='ltr' id='par_1_81' title="bbox 2160 3519 3512 3595">
     <span class='ocr_line' id='line_1_81' title="bbox 2160 3519 3512 3595; baseline -0.004 -15"><span class='ocrx_word' id='word_1_650' title='bbox 2160 3523 2238 3580; x_wconf 89' lang='lat' dir='ltr'>tis</span> <span class='ocrx_word' id='word_1_651' title='bbox 2268 3523 2516 3595; x_wconf 90' lang='lat' dir='ltr'>quuens</span> <span class='ocrx_word' id='word_1_652' title='bbox 2548 3539 2562 3577; x_wconf 92' lang='lat'>:</span> <span class='ocrx_word' id='word_1_653' title='bbox 2597 3526 2794 3577; x_wconf 89' lang='lat' dir='ltr'>tamen</span> <span class='ocrx_word' id='word_1_654' title='bbox 2834 3539 2951 3578; x_wconf 90' lang='lat' dir='ltr'>non</span> <span class='ocrx_word' id='word_1_655' title='bbox 2983 3521 3292 3593; x_wconf 87' lang='lat' dir='ltr'>dereliquit</span> <span class='ocrx_word' id='word_1_656' title='bbox 3324 3519 3512 3577; x_wconf 91' lang='lat' dir='ltr'>illum.</span> 
     </span>
    </p>
   </div>
   <div class='ocr_carea' id='block_1_82' title="bbox 2239 3608 3816 3677">
    <p class='ocr_par' dir='ltr' id='par_1_82' title="bbox 2239 3608 3816 3677">
     <span class='ocr_line' id='line_1_82' title="bbox 2239 3608 3816 3677; baseline 0 -13"><span class='ocrx_word' id='word_1_657' title='bbox 2239 3634 2261 3664; x_wconf 77' lang='grc' dir='ltr'>ι</span> <span class='ocrx_word' id='word_1_658' title='bbox 2296 3613 2366 3667; x_wconf 86' lang='lat' dir='ltr'>Et</span> <span class='ocrx_word' id='word_1_659' title='bbox 2386 3611 2535 3666; x_wconf 89' lang='lat' dir='ltr'>dixit</span> <span class='ocrx_word' id='word_1_660' title='bbox 2555 3610 2697 3666; x_wconf 87' lang='lat' dir='ltr'>mibi</span> <span class='ocrx_word' id='word_1_661' title='bbox 2728 3633 2756 3662; x_wconf 88' lang='lat'><strong><em>»</em></strong></span> <span class='ocrx_word' id='word_1_662' title='bbox 2781 3611 2937 3667; x_wconf 88' lang='lat' dir='ltr'>Deus</span> <span class='ocrx_word' id='word_1_663' title='bbox 2964 3610 3132 3667; x_wconf 89' lang='lat' dir='ltr'>Pater</span> <span class='ocrx_word' id='word_1_664' title='bbox 3163 3627 3175 3666; x_wconf 94' lang='lat'>:</span> <span class='ocrx_word' id='word_1_665' title='bbox 3201 3633 3229 3661; x_wconf 82' lang='grc'>‹‹</span> <span class='ocrx_word' id='word_1_666' title='bbox 3254 3610 3464 3665; x_wconf 91' lang='lat' dir='ltr'>Parum</span> <span class='ocrx_word' id='word_1_667' title='bbox 3488 3613 3596 3677; x_wconf 90' lang='lat' dir='ltr'>est,</span> <span class='ocrx_word' id='word_1_668' title='bbox 3626 3630 3652 3659; x_wconf 87' lang='grc'><strong>››</strong></span> <span class='ocrx_word' id='word_1_669' title='bbox 3678 3608 3816 3665; x_wconf 82' lang='lat' dir='ltr'>sub-</span> 
     </span>
    </p>
   </div>
   <div class='ocr_carea' id='block_1_83' title="bbox 2164 3697 3812 3769">
    <p class='ocr_par' dir='ltr' id='par_1_83' title="bbox 2164 3697 3812 3769">
     <span class='ocr_line' id='line_1_83' title="bbox 2164 3697 3812 3769; baseline -0.003 -12"><span class='ocrx_word' id='word_1_670' title='bbox 2164 3701 2335 3758; x_wconf 91' lang='lat' dir='ltr'>audis</span> <span class='ocrx_word' id='word_1_671' title='bbox 2368 3699 2498 3769; x_wconf 89' lang='lat' dir='ltr'>tibi,</span> <span class='ocrx_word' id='word_1_672' title='bbox 2529 3724 2556 3751; x_wconf 88' lang='lat'><strong>«</strong></span> <span class='ocrx_word' id='word_1_673' title='bbox 2583 3704 2647 3755; x_wconf 87' lang='lat' dir='ltr'>ut</span> <span class='ocrx_word' id='word_1_674' title='bbox 2671 3699 2754 3757; x_wconf 90' lang='lat' dir='ltr'>sis</span> <span class='ocrx_word' id='word_1_675' title='bbox 2768 3699 3211 3756; x_wconf 88' lang='lat' dir='ltr'>mihiservusad</span> <span class='ocrx_word' id='word_1_676' title='bbox 3225 3697 3600 3754; x_wconf 85' lang='lat' dir='ltr'>suscitandas</span> <span class='ocrx_word' id='word_1_677' title='bbox 3620 3698 3812 3753; x_wconf 88' lang='lat' dir='ltr'>tribus</span> 
     </span>
    </p>
   </div>
   <div class='ocr_carea' id='block_1_84' title="bbox 2161 3786 3814 3860">
    <p class='ocr_par' dir='ltr' id='par_1_84' title="bbox 2161 3786 3814 3860">
     <span class='ocr_line' id='line_1_84' title="bbox 2161 3786 3814 3860; baseline -0.004 -13"><span class='ocrx_word' id='word_1_678' title='bbox 2161 3792 2362 3860; x_wconf 90' lang='lat' dir='ltr'>Jacob,</span> <span class='ocrx_word' id='word_1_679' title='bbox 2394 3794 2451 3847; x_wconf 91' lang='lat' dir='ltr'>et</span> <span class='ocrx_word' id='word_1_680' title='bbox 2482 3790 2635 3846; x_wconf 84' lang='lat' dir='ltr'>feces</span> <span class='ocrx_word' id='word_1_681' title='bbox 2666 3789 2841 3845; x_wconf 90' lang='lat' dir='ltr'>Israel</span> <span class='ocrx_word' id='word_1_682' title='bbox 2865 3788 3305 3845; x_wconf 86' lang='lat' dir='ltr'>eonvertendas.</span> <span class='ocrx_word' id='word_1_683' title='bbox 3333 3810 3361 3837; x_wconf 84' lang='grc'>››</span> <span class='ocrx_word' id='word_1_684' title='bbox 3378 3788 3487 3843; x_wconf 91' lang='lat' dir='ltr'>Pro</span> <span class='ocrx_word' id='word_1_685' title='bbox 3502 3786 3739 3843; x_wconf 88' lang='lat' dir='ltr'>miseria</span> <span class='ocrx_word' id='word_1_686' title='bbox 3758 3792 3814 3843; x_wconf 87' lang='lat' dir='ltr'>et</span> 
     </span>
    </p>
   </div>
   <div class='ocr_carea' id='block_1_85' title="bbox 2164 3876 3813 3953">
    <p class='ocr_par' dir='ltr' id='par_1_85' title="bbox 2164 3876 3813 3953">
     <span class='ocr_line' id='line_1_85' title="bbox 2164 3876 3813 3953; baseline -0.005 -16"><span class='ocrx_word' id='word_1_687' title='bbox 2164 3881 2536 3953; x_wconf 86' lang='lat' dir='ltr'>despectione</span> <span class='ocrx_word' id='word_1_688' title='bbox 2548 3878 2917 3952; x_wconf 89' lang='lat' dir='ltr'>appellantur</span> <span class='ocrx_word' id='word_1_689' title='bbox 2937 3879 3107 3944; x_wconf 79' lang='lat' dir='ltr'>feces,</span> <span class='ocrx_word' id='word_1_690' title='bbox 3133 3881 3191 3931; x_wconf 90' lang='lat' dir='ltr'>et</span> <span class='ocrx_word' id='word_1_691' title='bbox 3211 3879 3302 3932; x_wconf 90' lang='lat' dir='ltr'>est</span> <span class='ocrx_word' id='word_1_692' title='bbox 3319 3892 3568 3931; x_wconf 89' lang='lat' dir='ltr'>sensus:</span> <span class='ocrx_word' id='word_1_693' title='bbox 3606 3876 3813 3932; x_wconf 89' lang='lat' dir='ltr'>Parum</span> 
     </span>
    </p>
   </div>
   <div class='ocr_carea' id='block_1_86' title="bbox 2163 3964 3814 4041">
    <p class='ocr_par' dir='ltr' id='par_1_86' title="bbox 2163 3964 3814 4041">
     <span class='ocr_line' id='line_1_86' title="bbox 2163 3964 3814 4041; baseline -0.005 -16"><span class='ocrx_word' id='word_1_694' title='bbox 2163 3974 2252 4025; x_wconf 90' lang='lat' dir='ltr'>est</span> <span class='ocrx_word' id='word_1_695' title='bbox 2282 3969 2389 4025; x_wconf 87' lang='lat' dir='ltr'>tibi</span> <span class='ocrx_word' id='word_1_696' title='bbox 2424 3973 2488 4023; x_wconf 88' lang='lat' dir='ltr'>ut</span> <span class='ocrx_word' id='word_1_697' title='bbox 2518 3985 2621 4041; x_wconf 90' lang='lat' dir='ltr'>pro</span> <span class='ocrx_word' id='word_1_698' title='bbox 2644 3984 2764 4022; x_wconf 91' lang='lat' dir='ltr'>una</span> <span class='ocrx_word' id='word_1_699' title='bbox 2783 3970 2953 4039; x_wconf 86' lang='lat' dir='ltr'>gente</span> <span class='ocrx_word' id='word_1_700' title='bbox 2970 3964 3338 4021; x_wconf 90' lang='lat' dir='ltr'>solummodo</span> <span class='ocrx_word' id='word_1_701' title='bbox 3362 3964 3542 4020; x_wconf 85' lang='lat' dir='ltr'>Israel</span> <span class='ocrx_word' id='word_1_702' title='bbox 3568 3969 3814 4020; x_wconf 87' lang='lat' dir='ltr'>mortem</span> 
     </span>
    </p>
   </div>
   <div class='ocr_carea' id='block_1_87' title="bbox 2164 4052 3819 4128">
    <p class='ocr_par' dir='ltr' id='par_1_87' title="bbox 2164 4052 3819 4128">
     <span class='ocr_line' id='line_1_87' title="bbox 2164 4052 3819 4128; baseline -0.005 -13"><span class='ocrx_word' id='word_1_703' title='bbox 2164 4058 2480 4124; x_wconf 88' lang='lat' dir='ltr'>sustineas,</span> <span class='ocrx_word' id='word_1_704' title='bbox 2515 4058 2616 4113; x_wconf 91' lang='lat' dir='ltr'>sed</span> <span class='ocrx_word' id='word_1_705' title='bbox 2650 4073 2754 4128; x_wconf 91' lang='lat' dir='ltr'>pro</span> <span class='ocrx_word' id='word_1_706' title='bbox 2785 4055 3060 4112; x_wconf 88' lang='lat' dir='ltr'>omnibus</span> <span class='ocrx_word' id='word_1_707' title='bbox 3090 4054 3387 4128; x_wconf 86' lang='lat' dir='ltr'>gentibus.</span> <span class='ocrx_word' id='word_1_708' title='bbox 3421 4052 3561 4109; x_wconf 88' lang='lat' dir='ltr'>Tale</span> <span class='ocrx_word' id='word_1_709' title='bbox 3591 4054 3731 4125; x_wconf 90' lang='lat' dir='ltr'>quid</span> <span class='ocrx_word' id='word_1_710' title='bbox 3764 4056 3819 4106; x_wconf 85' lang='lat' dir='ltr'>et</span> 
     </span>
    </p>
   </div>
   <div class='ocr_carea' id='block_1_88' title="bbox 2162 4130 3818 4221">
    <p class='ocr_par' dir='ltr' id='par_1_88' title="bbox 2162 4130 3818 4221">
     <span class='ocr_line' id='line_1_88' title="bbox 2162 4130 3818 4221; baseline -0.005 -17"><span class='ocrx_word' id='word_1_711' title='bbox 2162 4148 2289 4221; x_wconf 91' lang='lat' dir='ltr'>ipse</span> <span class='ocrx_word' id='word_1_712' title='bbox 2320 4147 2502 4203; x_wconf 89' lang='lat' dir='ltr'>Filius</span> <span class='ocrx_word' id='word_1_713' title='bbox 2530 4130 2742 4202; x_wconf 52' lang='lat' dir='ltr'>oravit}</span> <span class='ocrx_word' id='word_1_714' title='bbox 2766 4143 3327 4217; x_wconf 78' lang='lat' dir='ltr'>«Pater(inquiens),</span> <span class='ocrx_word' id='word_1_715' title='bbox 3345 4143 3392 4198; x_wconf 90' lang='lat' dir='ltr'>si</span> <span class='ocrx_word' id='word_1_716' title='bbox 3413 4141 3691 4216; x_wconf 89' lang='lat' dir='ltr'>possibile</span> <span class='ocrx_word' id='word_1_717' title='bbox 3707 4146 3818 4209; x_wconf 86' lang='lat' dir='ltr'>est,</span> 
     </span>
    </p>
   </div>
   <div class='ocr_carea' id='block_1_89' title="bbox 2165 4229 3821 4307">
    <p class='ocr_par' dir='ltr' id='par_1_89' title="bbox 2165 4229 3821 4307">
     <span class='ocr_line' id='line_1_89' title="bbox 2165 4229 3821 4307; baseline -0.005 -13"><span class='ocrx_word' id='word_1_718' title='bbox 2165 4240 2426 4294; x_wconf 89' lang='lat' dir='ltr'>transeat</span> <span class='ocrx_word' id='word_1_719' title='bbox 2455 4254 2491 4291; x_wconf 89' lang='lat' dir='ltr'>a</span> <span class='ocrx_word' id='word_1_720' title='bbox 2522 4252 2614 4291; x_wconf 90' lang='lat' dir='ltr'>me</span> <span class='ocrx_word' id='word_1_721' title='bbox 2644 4234 2792 4290; x_wconf 89' lang='lat' dir='ltr'>calix</span> <span class='ocrx_word' id='word_1_722' title='bbox 2824 4235 2935 4291; x_wconf 91' lang='lat' dir='ltr'>iste</span> <span class='ocrx_word' id='word_1_723' title='bbox 2966 4234 3150 4307; x_wconf 85' lang='lat' dir='ltr'>(Matth</span> <span class='ocrx_word' id='word_1_724' title='bbox 3179 4238 3354 4301; x_wconf 79' lang='lat' dir='ltr'>xxvi),</span> <span class='ocrx_word' id='word_1_725' title='bbox 3389 4255 3417 4283; x_wconf 84' lang='grc'><strong>››</strong></span> <span class='ocrx_word' id='word_1_726' title='bbox 3462 4230 3744 4287; x_wconf 86' lang='lat' dir='ltr'>Videlicet</span> <span class='ocrx_word' id='word_1_727' title='bbox 3771 4229 3821 4286; x_wconf 89' lang='lat' dir='ltr'>si</span> 
     </span>
    </p>
   </div>
   <div class='ocr_carea' id='block_1_90' title="bbox 2163 4318 3825 4401">
    <p class='ocr_par' dir='ltr' id='par_1_90' title="bbox 2163 4318 3825 4401">
     <span class='ocr_line' id='line_1_90' title="bbox 2163 4318 3825 4401; baseline -0.006 -18"><span class='ocrx_word' id='word_1_728' title='bbox 2163 4326 2441 4401; x_wconf 91' lang='lat' dir='ltr'>possibile</span> <span class='ocrx_word' id='word_1_729' title='bbox 2472 4330 2580 4393; x_wconf 90' lang='lat' dir='ltr'>est,</span> <span class='ocrx_word' id='word_1_730' title='bbox 2606 4328 2671 4380; x_wconf 93' lang='lat' dir='ltr'>ut</span> <span class='ocrx_word' id='word_1_731' title='bbox 2710 4323 2836 4379; x_wconf 88' lang='lat' dir='ltr'>sine</span> <span class='ocrx_word' id='word_1_732' title='bbox 2867 4322 3105 4379; x_wconf 90' lang='lat' dir='ltr'>interitu</span> <span class='ocrx_word' id='word_1_733' title='bbox 3147 4323 3483 4379; x_wconf 71' lang='lat' dir='ltr'>Judazorum</span> <span class='ocrx_word' id='word_1_734' title='bbox 3506 4318 3668 4375; x_wconf 90' lang='lat' dir='ltr'>salus</span> <span class='ocrx_word' id='word_1_735' title='bbox 3688 4336 3825 4393; x_wconf 82' lang='lat' dir='ltr'>gen-</span> 
     </span>
    </p>
   </div>
   <div class='ocr_carea' id='block_1_91' title="bbox 2164 4409 3820 4485">
    <p class='ocr_par' dir='ltr' id='par_1_91' title="bbox 2164 4409 3820 4485">
     <span class='ocr_line' id='line_1_91' title="bbox 2164 4409 3820 4485; baseline -0.005 -13"><span class='ocrx_word' id='word_1_736' title='bbox 2164 4417 2315 4473; x_wconf 87' lang='lat' dir='ltr'>tium</span> <span class='ocrx_word' id='word_1_737' title='bbox 2346 4417 2469 4482; x_wconf 83' lang='lat' dir='ltr'>ﬁat,</span> <span class='ocrx_word' id='word_1_738' title='bbox 2500 4417 2761 4469; x_wconf 88' lang='lat' dir='ltr'>transeat</span> <span class='ocrx_word' id='word_1_739' title='bbox 2790 4430 2824 4468; x_wconf 91' lang='lat' dir='ltr'>a</span> <span class='ocrx_word' id='word_1_740' title='bbox 2855 4429 2948 4468; x_wconf 89' lang='lat' dir='ltr'>me</span> <span class='ocrx_word' id='word_1_741' title='bbox 2978 4411 3149 4467; x_wconf 78' lang='lat' dir='ltr'>calix’</span> <span class='ocrx_word' id='word_1_742' title='bbox 3177 4410 3490 4485; x_wconf 87' lang='lat' dir='ltr'>passionis.</span> <span class='ocrx_word' id='word_1_743' title='bbox 3526 4433 3553 4460; x_wconf 86' lang='grc'>‹‹</span> <span class='ocrx_word' id='word_1_744' title='bbox 3590 4409 3733 4465; x_wconf 90' lang='lat' dir='ltr'>Dedi</span> <span class='ocrx_word' id='word_1_745' title='bbox 3768 4414 3820 4464; x_wconf 82' lang='lat' dir='ltr'>te</span> 
     </span>
    </p>
   </div>
   <div class='ocr_carea' id='block_1_92' title="bbox 2165 4497 3825 4578">
    <p class='ocr_par' dir='ltr' id='par_1_92' title="bbox 2165 4497 3825 4578">
     <span class='ocr_line' id='line_1_92' title="bbox 2165 4497 3825 4578; baseline -0.005 -16"><span class='ocrx_word' id='word_1_746' title='bbox 2165 4507 2225 4562; x_wconf 93' lang='lat' dir='ltr'>in</span> <span class='ocrx_word' id='word_1_747' title='bbox 2257 4506 2446 4561; x_wconf 86' lang='lat' dir='ltr'>lucem</span> <span class='ocrx_word' id='word_1_748' title='bbox 2480 4502 2768 4578; x_wconf 87' lang='lat' dir='ltr'>gentium,</span> <span class='ocrx_word' id='word_1_749' title='bbox 2803 4523 2830 4552; x_wconf 86' lang='lat'>»</span> <span class='ocrx_word' id='word_1_750' title='bbox 2868 4502 3039 4571; x_wconf 90' lang='lat' dir='ltr'>idest,</span> <span class='ocrx_word' id='word_1_751' title='bbox 3064 4505 3131 4557; x_wconf 88' lang='lat' dir='ltr'>ut</span> <span class='ocrx_word' id='word_1_752' title='bbox 3150 4517 3355 4557; x_wconf 90' lang='lat' dir='ltr'>omnes</span> <span class='ocrx_word' id='word_1_753' title='bbox 3373 4502 3575 4572; x_wconf 86' lang='lat' dir='ltr'>gentes</span> <span class='ocrx_word' id='word_1_754' title='bbox 3603 4497 3825 4554; x_wconf 82' lang='lat' dir='ltr'>illumi-</span> 
     </span>
    </p>
   </div>
   <div class='ocr_carea' id='block_1_93' title="bbox 2163 4586 3822 4667">
    <p class='ocr_par' dir='ltr' id='par_1_93' title="bbox 2163 4586 3822 4667">
     <span class='ocr_line' id='line_1_93' title="bbox 2163 4586 3822 4667; baseline -0.006 -16"><span class='ocrx_word' id='word_1_755' title='bbox 2163 4613 2269 4651; x_wconf 90' lang='lat' dir='ltr'>nes</span> <span class='ocrx_word' id='word_1_756' title='bbox 2298 4612 2425 4667; x_wconf 79' lang='lat' dir='ltr'>quae</span> <span class='ocrx_word' id='word_1_757' title='bbox 2453 4595 2523 4649; x_wconf 89' lang='lat' dir='ltr'>ad</span> <span class='ocrx_word' id='word_1_758' title='bbox 2558 4592 2733 4647; x_wconf 82' lang='lat' dir='ltr'>ﬁdem</span> <span class='ocrx_word' id='word_1_759' title='bbox 2766 4608 2958 4647; x_wconf 89' lang='lat' dir='ltr'>meam</span> <span class='ocrx_word' id='word_1_760' title='bbox 3004 4590 3291 4646; x_wconf 88' lang='lat' dir='ltr'>venerint.</span> <span class='ocrx_word' id='word_1_761' title='bbox 3344 4612 3373 4640; x_wconf 84' lang='lat'><strong>«</strong></span> <span class='ocrx_word' id='word_1_762' title='bbox 3423 4589 3493 4644; x_wconf 92' lang='lat' dir='ltr'>Et</span> <span class='ocrx_word' id='word_1_763' title='bbox 3534 4586 3617 4643; x_wconf 91' lang='lat' dir='ltr'>sis</span> <span class='ocrx_word' id='word_1_764' title='bbox 3656 4586 3822 4643; x_wconf 87' lang='lat' dir='ltr'>salus</span> 
     </span>
    </p>
   </div>
   <div class='ocr_carea' id='block_1_94' title="bbox 474 4674 3820 4763">
    <p class='ocr_par' dir='ltr' id='par_1_94' title="bbox 474 4674 3820 4763">
     <span class='ocr_line' id='line_1_94' title="bbox 474 4674 3820 4763; baseline 0.001 -33"><span class='ocrx_word' id='word_1_765' title='bbox 474 4704 502 4731; x_wconf 87' lang='grc'>‹‹</span> <span class='ocrx_word' id='word_1_766' title='bbox 537 4682 606 4735; x_wconf 85' lang='lat' dir='ltr'>Et</span> <span class='ocrx_word' id='word_1_767' title='bbox 636 4678 782 4734; x_wconf 81' lang='lat' dir='ltr'>dixit</span> <span class='ocrx_word' id='word_1_768' title='bbox 811 4677 956 4733; x_wconf 90' lang='lat' dir='ltr'>mihi</span> <span class='ocrx_word' id='word_1_769' title='bbox 991 4678 1241 4732; x_wconf 87' lang='lat' dir='ltr'>:Servus</span> <span class='ocrx_word' id='word_1_770' title='bbox 1274 4694 1441 4733; x_wconf 89' lang='lat' dir='ltr'>meus</span> <span class='ocrx_word' id='word_1_771' title='bbox 1470 4694 1532 4732; x_wconf 91' lang='lat' dir='ltr'>es</span> <span class='ocrx_word' id='word_1_772' title='bbox 1564 4682 1650 4745; x_wconf 91' lang='lat' dir='ltr'>tu,</span> <span class='ocrx_word' id='word_1_773' title='bbox 1686 4676 1884 4742; x_wconf 88' lang='lat' dir='ltr'>Israel,</span> <span class='ocrx_word' id='word_1_774' title='bbox 1918 4678 2057 4750; x_wconf 90' lang='lat' dir='ltr'>quia</span> <span class='ocrx_word' id='word_1_775' title='bbox 2088 4699 2135 4763; x_wconf 83' lang='lat' dir='ltr'><strong>D</strong></span> <span class='ocrx_word' id='word_1_776' title='bbox 2167 4702 2299 4740; x_wconf 76' lang='lat' dir='ltr'>mea</span> <span class='ocrx_word' id='word_1_777' title='bbox 2316 4699 2504 4755; x_wconf 80' lang='lat' dir='ltr'>usque</span> <span class='ocrx_word' id='word_1_778' title='bbox 2525 4683 2597 4737; x_wconf 78' lang='lat' dir='ltr'>ad</span> <span class='ocrx_word' id='word_1_779' title='bbox 2624 4686 2950 4737; x_wconf 77' lang='lat' dir='ltr'>extremum</span> <span class='ocrx_word' id='word_1_780' title='bbox 2976 4685 3162 4744; x_wconf 65' lang='lat' dir='ltr'>terras,</span> <span class='ocrx_word' id='word_1_781' title='bbox 3186 4678 3454 4745; x_wconf 54' lang='lat' dir='ltr'>)ihocest,</span> <span class='ocrx_word' id='word_1_782' title='bbox 3484 4674 3820 4732; x_wconf 85' lang='lat' dir='ltr'>utsalutem</span> 
     </span>
    </p>
   </div>
   <div class='ocr_carea' id='block_1_95' title="bbox 403 4765 2055 4841">
    <p class='ocr_par' dir='ltr' id='par_1_95' title="bbox 403 4765 2055 4841">
     <span class='ocr_line' id='line_1_95' title="bbox 403 4765 2055 4841; baseline -0.002 -16"><span class='ocrx_word' id='word_1_783' title='bbox 403 4770 461 4825; x_wconf 89' lang='lat' dir='ltr'>in</span> <span class='ocrx_word' id='word_1_784' title='bbox 485 4774 538 4825; x_wconf 91' lang='lat' dir='ltr'>te</span> <span class='ocrx_word' id='word_1_785' title='bbox 569 4767 883 4841; x_wconf 84' lang='lat' dir='ltr'>gloriabor.</span> <span class='ocrx_word' id='word_1_786' title='bbox 914 4788 940 4813; x_wconf 84' lang='grc'><strong>››</strong></span> <span class='ocrx_word' id='word_1_787' title='bbox 961 4766 1176 4821; x_wconf 88' lang='lat' dir='ltr'>Servus</span> <span class='ocrx_word' id='word_1_788' title='bbox 1205 4765 1534 4837; x_wconf 90' lang='lat' dir='ltr'>appellatur</span> <span class='ocrx_word' id='word_1_789' title='bbox 1564 4765 1690 4837; x_wconf 89' lang='lat' dir='ltr'>ipse</span> <span class='ocrx_word' id='word_1_790' title='bbox 1722 4766 1903 4821; x_wconf 86' lang='lat' dir='ltr'>Filius</span> <span class='ocrx_word' id='word_1_791' title='bbox 1935 4767 2055 4835; x_wconf 89' lang='lat' dir='ltr'>Dei,</span> 
     </span>
    </p>
   </div>
   <div class='ocr_carea' id='block_1_96' title="bbox 402 4854 2053 4930">
    <p class='ocr_par' dir='ltr' id='par_1_96' title="bbox 402 4854 2053 4930">
     <span class='ocr_line' id='line_1_96' title="bbox 402 4854 2053 4930; baseline -0.002 -15"><span class='ocrx_word' id='word_1_792' title='bbox 402 4877 468 4915; x_wconf 91' lang='lat' dir='ltr'>eo</span> <span class='ocrx_word' id='word_1_793' title='bbox 501 4858 655 4930; x_wconf 92' lang='lat' dir='ltr'>quod</span> <span class='ocrx_word' id='word_1_794' title='bbox 688 4856 747 4911; x_wconf 91' lang='lat' dir='ltr'>in</span> <span class='ocrx_word' id='word_1_795' title='bbox 780 4855 1059 4911; x_wconf 90' lang='lat' dir='ltr'>omnibus</span> <span class='ocrx_word' id='word_1_796' title='bbox 1098 4854 1385 4909; x_wconf 81' lang='lat' dir='ltr'>voluntati</span> <span class='ocrx_word' id='word_1_797' title='bbox 1420 4854 1519 4909; x_wconf 88' lang='lat' dir='ltr'>Dei</span> <span class='ocrx_word' id='word_1_798' title='bbox 1553 4854 1739 4909; x_wconf 87' lang='lat' dir='ltr'>Patris</span> <span class='ocrx_word' id='word_1_799' title='bbox 1773 4857 2053 4927; x_wconf 91' lang='lat' dir='ltr'>paruerit.</span> 
     </span>
    </p>
   </div>
   <div class='ocr_carea' id='block_1_97' title="bbox 406 4942 2054 5016">
    <p class='ocr_par' dir='ltr' id='par_1_97' title="bbox 406 4942 2054 5016">
     <span class='ocr_line' id='line_1_97' title="bbox 406 4942 2054 5016; baseline -0.002 -12"><span class='ocrx_word' id='word_1_800' title='bbox 406 4948 581 5004; x_wconf 90' lang='lat' dir='ltr'>Israel</span> <span class='ocrx_word' id='word_1_801' title='bbox 609 4949 827 5009; x_wconf 90' lang='lat' dir='ltr'>autem,</span> <span class='ocrx_word' id='word_1_802' title='bbox 848 4944 986 5015; x_wconf 90' lang='lat' dir='ltr'>quia</span> <span class='ocrx_word' id='word_1_803' title='bbox 1008 4960 1077 4998; x_wconf 89' lang='lat' dir='ltr'>ex</span> <span class='ocrx_word' id='word_1_804' title='bbox 1110 4942 1283 4999; x_wconf 88' lang='lat' dir='ltr'>Israel</span> <span class='ocrx_word' id='word_1_805' title='bbox 1318 4943 1603 5016; x_wconf 84' lang='lat' dir='ltr'>originem</span> <span class='ocrx_word' id='word_1_806' title='bbox 1636 4944 1830 4999; x_wconf 87' lang='lat' dir='ltr'>carnis</span> <span class='ocrx_word' id='word_1_807' title='bbox 1860 4945 2054 5000; x_wconf 87' lang='lat' dir='ltr'>traxit.</span> 
     </span>
    </p>
   </div>
   <div class='ocr_carea' id='block_1_98' title="bbox 403 5030 2057 5104">
    <p class='ocr_par' dir='ltr' id='par_1_98' title="bbox 403 5030 2057 5104">
     <span class='ocr_line' id='line_1_98' title="bbox 403 5030 2057 5104; baseline -0.003 -12"><span class='ocrx_word' id='word_1_808' title='bbox 403 5037 474 5091; x_wconf 86' lang='lat' dir='ltr'>Et</span> <span class='ocrx_word' id='word_1_809' title='bbox 504 5032 890 5100; x_wconf 88' lang='lat' dir='ltr'>benedicitur,</span> <span class='ocrx_word' id='word_1_810' title='bbox 925 5031 984 5086; x_wconf 88' lang='lat' dir='ltr'>in</span> <span class='ocrx_word' id='word_1_811' title='bbox 1018 5036 1070 5086; x_wconf 91' lang='lat' dir='ltr'>te</span> <span class='ocrx_word' id='word_1_812' title='bbox 1119 5030 1415 5103; x_wconf 86' lang='lat' dir='ltr'>gloriabor</span> <span class='ocrx_word' id='word_1_813' title='bbox 1447 5048 1459 5085; x_wconf 89' lang='lat'>:</span> <span class='ocrx_word' id='word_1_814' title='bbox 1496 5031 1636 5103; x_wconf 91' lang='lat' dir='ltr'>quia</span> <span class='ocrx_word' id='word_1_815' title='bbox 1681 5033 1881 5087; x_wconf 91' lang='lat' dir='ltr'>omnia</span> <span class='ocrx_word' id='word_1_816' title='bbox 1928 5050 2057 5104; x_wconf 78' lang='lat' dir='ltr'>quae</span> 
     </span>
    </p>
   </div>
   <div class='ocr_carea' id='block_1_99' title="bbox 405 5120 2053 5197">
    <p class='ocr_par' dir='ltr' id='par_1_99' title="bbox 405 5120 2053 5197">
     <span class='ocr_line' id='line_1_99' title="bbox 405 5120 2053 5197; baseline -0.001 -18"><span class='ocrx_word' id='word_1_817' title='bbox 405 5126 529 5197; x_wconf 88' lang='lat' dir='ltr'>ipse</span> <span class='ocrx_word' id='word_1_818' title='bbox 544 5123 726 5179; x_wconf 84' lang='lat' dir='ltr'>Filius</span> <span class='ocrx_word' id='word_1_819' title='bbox 738 5127 1011 5193; x_wconf 88' lang='lat' dir='ltr'>operatus</span> <span class='ocrx_word' id='word_1_820' title='bbox 1025 5121 1215 5187; x_wconf 86' lang='lat' dir='ltr'>est,ad</span> <span class='ocrx_word' id='word_1_821' title='bbox 1232 5120 1464 5176; x_wconf 89' lang='lat' dir='ltr'>laudem</span> <span class='ocrx_word' id='word_1_822' title='bbox 1482 5121 1667 5176; x_wconf 89' lang='lat' dir='ltr'>Patris</span> <span class='ocrx_word' id='word_1_823' title='bbox 1685 5121 1803 5193; x_wconf 87' lang='lat' dir='ltr'>egit</span> <span class='ocrx_word' id='word_1_824' title='bbox 1821 5122 2053 5177; x_wconf 90' lang='lat' dir='ltr'>dicens:</span> 
     </span>
    </p>
   </div>
   <div class='ocr_carea' id='block_1_100' title="bbox 405 5210 2052 5282">
    <p class='ocr_par' dir='ltr' id='par_1_100' title="bbox 405 5210 2052 5282">
     <span class='ocr_line' id='line_1_100' title="bbox 405 5210 2052 5282; baseline 0.003 -20"><span class='ocrx_word' id='word_1_825' title='bbox 405 5237 433 5262; x_wconf 85' lang='grc'><strong>((</strong></span> <span class='ocrx_word' id='word_1_826' title='bbox 468 5215 636 5268; x_wconf 91' lang='lat' dir='ltr'>Pater</span> <span class='ocrx_word' id='word_1_827' title='bbox 692 5211 751 5265; x_wconf 82' lang='lat' dir='ltr'>in</span> <span class='ocrx_word' id='word_1_828' title='bbox 812 5228 905 5266; x_wconf 90' lang='lat' dir='ltr'>me</span> <span class='ocrx_word' id='word_1_829' title='bbox 965 5210 1388 5282; x_wconf 87' lang='lat' dir='ltr'>manens,ipse</span> <span class='ocrx_word' id='word_1_830' title='bbox 1447 5210 1587 5265; x_wconf 76' lang='lat' dir='ltr'>facit</span> <span class='ocrx_word' id='word_1_831' title='bbox 1644 5227 1820 5280; x_wconf 87' lang='lat' dir='ltr'>Opera</span> <span class='ocrx_word' id='word_1_832' title='bbox 1873 5213 2052 5281; x_wconf 83' lang='lat' dir='ltr'>(Joan.</span> 
     </span>
    </p>
   </div>
   <div class='ocr_carea' id='block_1_101' title="bbox 404 5302 607 5373">
    <p class='ocr_par' dir='ltr' id='par_1_101' title="bbox 404 5302 607 5373">
     <span class='ocr_line' id='line_1_101' title="bbox 404 5302 607 5373; baseline 0 -18"><span class='ocrx_word' id='word_1_833' title='bbox 404 5302 541 5373; x_wconf 81' lang='lat' dir='ltr'>xw).</span> <span class='ocrx_word' id='word_1_834' title='bbox 580 5323 607 5349; x_wconf 82' lang='grc'><strong>››</strong></span> 
     </span>
    </p>
   </div>
   <div class='ocr_carea' id='block_1_102' title="bbox 476 5387 2055 5460">
    <p class='ocr_par' dir='ltr' id='par_1_102' title="bbox 476 5387 2055 5460">
     <span class='ocr_line' id='line_1_102' title="bbox 476 5387 2055 5460; baseline 0.003 -17"><span class='ocrx_word' id='word_1_835' title='bbox 476 5390 547 5443; x_wconf 87' lang='lat' dir='ltr'>Et</span> <span class='ocrx_word' id='word_1_836' title='bbox 575 5405 681 5460; x_wconf 89' lang='lat' dir='ltr'>ego</span> <span class='ocrx_word' id='word_1_837' title='bbox 714 5389 855 5457; x_wconf 83' lang='lat' dir='ltr'>dixi,</span> <span class='ocrx_word' id='word_1_838' title='bbox 882 5411 908 5437; x_wconf 89' lang='grc'><strong>››</strong></span> <span class='ocrx_word' id='word_1_839' title='bbox 944 5387 1231 5444; x_wconf 88' lang='lat' dir='ltr'>subaudis</span> <span class='ocrx_word' id='word_1_840' title='bbox 1260 5390 1333 5444; x_wconf 88' lang='lat' dir='ltr'>ad</span> <span class='ocrx_word' id='word_1_841' title='bbox 1366 5389 1596 5445; x_wconf 88' lang='lat' dir='ltr'>Patrem</span> <span class='ocrx_word' id='word_1_842' title='bbox 1625 5405 1636 5443; x_wconf 90' lang='lat'>:</span> <span class='ocrx_word' id='word_1_843' title='bbox 1665 5413 1690 5438; x_wconf 86' lang='grc'><strong>‹‹</strong></span> <span class='ocrx_word' id='word_1_844' title='bbox 1720 5388 1781 5443; x_wconf 92' lang='lat' dir='ltr'>In</span> <span class='ocrx_word' id='word_1_845' title='bbox 1805 5407 2055 5447; x_wconf 87' lang='lat' dir='ltr'>vacuum</span> 
     </span>
    </p>
   </div>
   <div class='ocr_carea' id='block_1_103' title="bbox 407 5475 2055 5546">
    <p class='ocr_par' dir='ltr' id='par_1_103' title="bbox 407 5475 2055 5546">
     <span class='ocr_line' id='line_1_103' title="bbox 407 5475 2055 5546; baseline 0.004 -17"><span class='ocrx_word' id='word_1_846' title='bbox 407 5475 684 5546; x_wconf 89' lang='lat' dir='ltr'>laboravi,</span> <span class='ocrx_word' id='word_1_847' title='bbox 714 5479 840 5533; x_wconf 86' lang='lat' dir='ltr'>sine</span> <span class='ocrx_word' id='word_1_848' title='bbox 900 5494 1080 5532; x_wconf 89' lang='lat' dir='ltr'>causa</span> <span class='ocrx_word' id='word_1_849' title='bbox 1125 5481 1182 5531; x_wconf 93' lang='lat' dir='ltr'>et</span> <span class='ocrx_word' id='word_1_850' title='bbox 1213 5495 1357 5533; x_wconf 89' lang='lat' dir='ltr'>vane</span> <span class='ocrx_word' id='word_1_851' title='bbox 1414 5479 1820 5534; x_wconf 83' lang='lat' dir='ltr'>fortitudinem</span> <span class='ocrx_word' id='word_1_852' title='bbox 1862 5498 2055 5536; x_wconf 89' lang='lat' dir='ltr'>meam</span> 
     </span>
    </p>
   </div>
   <div class='ocr_carea' id='block_1_104' title="bbox 408 5565 2056 5636">
    <p class='ocr_par' dir='ltr' id='par_1_104' title="bbox 408 5565 2056 5636">
     <span class='ocr_line' id='line_1_104' title="bbox 408 5565 2056 5636; baseline 0.008 -23"><span class='ocrx_word' id='word_1_853' title='bbox 408 5566 768 5636; x_wconf 88' lang='lat' dir='ltr'>consumpsi.</span> <span class='ocrx_word' id='word_1_854' title='bbox 806 5566 996 5621; x_wconf 78' lang='grc' dir='ltr'>»Αοεί</span> <span class='ocrx_word' id='word_1_855' title='bbox 1055 5565 1271 5620; x_wconf 89' lang='lat' dir='ltr'>diceret</span> <span class='ocrx_word' id='word_1_856' title='bbox 1328 5566 1460 5623; x_wconf 92' lang='lat' dir='ltr'>aliis</span> <span class='ocrx_word' id='word_1_857' title='bbox 1518 5568 1754 5623; x_wconf 87' lang='lat' dir='ltr'>verbis:</span> <span class='ocrx_word' id='word_1_858' title='bbox 1817 5569 2056 5627; x_wconf 89' lang='lat' dir='ltr'>Dicente</span> 
     </span>
    </p>
   </div>
   <div class='ocr_carea' id='block_1_105' title="bbox 408 5646 2054 5728">
    <p class='ocr_par' dir='ltr' id='par_1_105' title="bbox 408 5646 2054 5728">
     <span class='ocr_line' id='line_1_105' title="bbox 408 5646 2054 5728; baseline 0.011 -31"><span class='ocrx_word' id='word_1_859' title='bbox 408 5646 554 5698; x_wconf 87' lang='lat' dir='ltr'>mihi</span> <span class='ocrx_word' id='word_1_860' title='bbox 586 5650 750 5710; x_wconf 85' lang='lat' dir='ltr'>Patre</span> <span class='ocrx_word' id='word_1_861' title='bbox 784 5656 897 5710; x_wconf 90' lang='lat' dir='ltr'>ista</span> <span class='ocrx_word' id='word_1_862' title='bbox 923 5670 1053 5724; x_wconf 63' lang='lat' dir='ltr'>quae</span> <span class='ocrx_word' id='word_1_863' title='bbox 1082 5653 1274 5718; x_wconf 88' lang='lat' dir='ltr'>retuli,</span> <span class='ocrx_word' id='word_1_864' title='bbox 1307 5671 1413 5727; x_wconf 85' lang='lat' dir='ltr'>ego</span> <span class='ocrx_word' id='word_1_865' title='bbox 1465 5657 1736 5728; x_wconf 91' lang='lat' dir='ltr'>respondi</span> <span class='ocrx_word' id='word_1_866' title='bbox 1768 5658 1819 5711; x_wconf 92' lang='lat' dir='ltr'>ei</span> <span class='ocrx_word' id='word_1_867' title='bbox 1855 5675 1867 5712; x_wconf 96' lang='lat'>:</span> <span class='ocrx_word' id='word_1_868' title='bbox 1903 5661 2054 5725; x_wconf 86' lang='lat' dir='ltr'>Quo-</span> 
     </span>
    </p>
   </div>
   <div class='ocr_carea' id='block_1_106' title="bbox 409 5730 2057 5817">
    <p class='ocr_par' dir='ltr' id='par_1_106' title="bbox 409 5730 2057 5817">
     <span class='ocr_line' id='line_1_106' title="bbox 409 5730 2057 5817; baseline 0.015 -38"><span class='ocrx_word' id='word_1_869' title='bbox 409 5730 581 5784; x_wconf 87' lang='lat' dir='ltr'>modo</span> <span class='ocrx_word' id='word_1_870' title='bbox 612 5740 667 5793; x_wconf 89' lang='lat' dir='ltr'>te</span> <span class='ocrx_word' id='word_1_871' title='bbox 697 5738 1037 5816; x_wconf 82' lang='lat' dir='ltr'>gloriﬁcavi,</span> <span class='ocrx_word' id='word_1_872' title='bbox 1072 5739 1284 5797; x_wconf 81' lang='lat' dir='ltr'>Pater?</span> <span class='ocrx_word' id='word_1_873' title='bbox 1313 5741 1376 5797; x_wconf 91' lang='lat' dir='ltr'>In</span> <span class='ocrx_word' id='word_1_874' title='bbox 1425 5760 1643 5801; x_wconf 89' lang='lat' dir='ltr'>vanum</span> <span class='ocrx_word' id='word_1_875' title='bbox 1687 5745 1965 5817; x_wconf 87' lang='lat' dir='ltr'>laboravi,</span> <span class='ocrx_word' id='word_1_876' title='bbox 1999 5753 2057 5805; x_wconf 91' lang='lat' dir='ltr'>et</span> 
     </span>
    </p>
   </div>
   <div class='ocr_carea' id='block_1_107' title="bbox 2168 4764 3818 4849">
    <p class='ocr_par' dir='ltr' id='par_1_107' title="bbox 2168 4764 3818 4849">
     <span class='ocr_line' id='line_1_107' title="bbox 2168 4764 3818 4849; baseline -0.006 -20"><span class='ocrx_word' id='word_1_877' title='bbox 2168 4793 2269 4849; x_wconf 89' lang='lat' dir='ltr'>per</span> <span class='ocrx_word' id='word_1_878' title='bbox 2299 4790 2477 4847; x_wconf 80' lang='lat' dir='ltr'>quam</span> <span class='ocrx_word' id='word_1_879' title='bbox 2509 4769 2929 4827; x_wconf 88' lang='lat' dir='ltr'>salvandisunt</span> <span class='ocrx_word' id='word_1_880' title='bbox 2957 4764 3818 4841; x_wconf 88' lang='lat' dir='ltr'>populiperapostolosannun-</span> 
     </span>
    </p>
   </div>
   <div class='ocr_carea' id='block_1_108' title="bbox 2167 4851 3818 4928">
    <p class='ocr_par' dir='ltr' id='par_1_108' title="bbox 2167 4851 3818 4928">
     <span class='ocr_line' id='line_1_108' title="bbox 2167 4851 3818 4928; baseline -0.007 -10"><span class='ocrx_word' id='word_1_881' title='bbox 2167 4864 2297 4919; x_wconf 87' lang='lat' dir='ltr'>ties.</span> <span class='ocrx_word' id='word_1_882' title='bbox 2332 4861 2505 4918; x_wconf 88' lang='lat' dir='ltr'>Salus</span> <span class='ocrx_word' id='word_1_883' title='bbox 2536 4859 2638 4915; x_wconf 89' lang='lat' dir='ltr'>Dei</span> <span class='ocrx_word' id='word_1_884' title='bbox 2671 4860 2859 4914; x_wconf 85' lang='lat' dir='ltr'>Patris</span> <span class='ocrx_word' id='word_1_885' title='bbox 2884 4857 3101 4913; x_wconf 92' lang='lat' dir='ltr'>dicitur</span> <span class='ocrx_word' id='word_1_886' title='bbox 3124 4856 3326 4924; x_wconf 85' lang='lat' dir='ltr'>Filius,</span> <span class='ocrx_word' id='word_1_887' title='bbox 3350 4855 3490 4928; x_wconf 90' lang='lat' dir='ltr'>quia</span> <span class='ocrx_word' id='word_1_888' title='bbox 3518 4870 3620 4926; x_wconf 90' lang='lat' dir='ltr'>per</span> <span class='ocrx_word' id='word_1_889' title='bbox 3650 4851 3818 4908; x_wconf 89' lang='lat' dir='ltr'>illum</span> 
     </span>
    </p>
   </div>
   <div class='ocr_carea' id='block_1_109' title="bbox 2167 4947 3272 5021">
    <p class='ocr_par' dir='ltr' id='par_1_109' title="bbox 2167 4947 3272 5021">
     <span class='ocr_line' id='line_1_109' title="bbox 2167 4947 3272 5021; baseline -0.007 -13"><span class='ocrx_word' id='word_1_890' title='bbox 2167 4951 2418 5008; x_wconf 87' lang='lat' dir='ltr'>decrevit</span> <span class='ocrx_word' id='word_1_891' title='bbox 2447 4950 2672 5005; x_wconf 90' lang='lat' dir='ltr'>salvare</span> <span class='ocrx_word' id='word_1_892' title='bbox 2703 4965 2890 5021; x_wconf 86' lang='lat' dir='ltr'>genus</span> <span class='ocrx_word' id='word_1_893' title='bbox 2920 4947 3272 5002; x_wconf 85' lang='lat' dir='ltr'>humanum.</span> 
     </span>
    </p>
   </div>
   <div class='ocr_carea' id='block_1_110' title="bbox 2239 5031 3821 5107">
    <p class='ocr_par' dir='ltr' id='par_1_110' title="bbox 2239 5031 3821 5107">
     <span class='ocr_line' id='line_1_110' title="bbox 2239 5031 3821 5107; baseline -0.003 -17"><span class='ocrx_word' id='word_1_894' title='bbox 2239 5066 2266 5090; x_wconf 82' lang='lat'><strong><em>«</em></strong></span> <span class='ocrx_word' id='word_1_895' title='bbox 2303 5042 2431 5095; x_wconf 72' lang='grc' dir='ltr'>ΙΙωο</span> <span class='ocrx_word' id='word_1_896' title='bbox 2464 5038 2608 5093; x_wconf 90' lang='lat' dir='ltr'>dicit</span> <span class='ocrx_word' id='word_1_897' title='bbox 2629 5037 2917 5093; x_wconf 89' lang='lat' dir='ltr'>Dominus</span> <span class='ocrx_word' id='word_1_898' title='bbox 2939 5036 3276 5107; x_wconf 86' lang='lat' dir='ltr'>redemptor</span> <span class='ocrx_word' id='word_1_899' title='bbox 3295 5031 3494 5099; x_wconf 88' lang='lat' dir='ltr'>Israel,</span> <span class='ocrx_word' id='word_1_900' title='bbox 3524 5054 3551 5080; x_wconf 83' lang='grc'>››</span> <span class='ocrx_word' id='word_1_901' title='bbox 3572 5031 3631 5085; x_wconf 90' lang='lat' dir='ltr'>id</span> <span class='ocrx_word' id='word_1_902' title='bbox 3652 5035 3743 5087; x_wconf 88' lang='lat' dir='ltr'>est</span> <span class='ocrx_word' id='word_1_903' title='bbox 3762 5032 3821 5085; x_wconf 81' lang='lat' dir='ltr'>ﬁ-</span> 
     </span>
    </p>
   </div>
   <div class='ocr_carea' id='block_1_111' title="bbox 2167 5120 3825 5193">
    <p class='ocr_par' dir='ltr' id='par_1_111' title="bbox 2167 5120 3825 5193">
     <span class='ocr_line' id='line_1_111' title="bbox 2167 5120 3825 5193; baseline -0.007 -8"><span class='ocrx_word' id='word_1_904' title='bbox 2167 5130 2386 5185; x_wconf 90' lang='lat' dir='ltr'>delium</span> <span class='ocrx_word' id='word_1_905' title='bbox 2419 5133 2476 5185; x_wconf 90' lang='lat' dir='ltr'>et</span> <span class='ocrx_word' id='word_1_906' title='bbox 2500 5129 2554 5181; x_wconf 91' lang='lat' dir='ltr'>in</span> <span class='ocrx_word' id='word_1_907' title='bbox 2580 5145 2642 5183; x_wconf 90' lang='lat' dir='ltr'>se</span> <span class='ocrx_word' id='word_1_908' title='bbox 2662 5126 3049 5182; x_wconf 89' lang='lat' dir='ltr'>credentium.</span> <span class='ocrx_word' id='word_1_909' title='bbox 3079 5147 3105 5175; x_wconf 91' lang='grc'>‹‹</span> <span class='ocrx_word' id='word_1_910' title='bbox 3128 5125 3380 5179; x_wconf 88' lang='lat' dir='ltr'>Sanctus</span> <span class='ocrx_word' id='word_1_911' title='bbox 3402 5123 3549 5193; x_wconf 88' lang='lat' dir='ltr'>ejus,</span> <span class='ocrx_word' id='word_1_912' title='bbox 3576 5142 3604 5169; x_wconf 84' lang='grc'>››</span> <span class='ocrx_word' id='word_1_913' title='bbox 3633 5120 3687 5174; x_wconf 91' lang='lat' dir='ltr'>id</span> <span class='ocrx_word' id='word_1_914' title='bbox 3712 5124 3825 5183; x_wconf 78' lang='lat' dir='ltr'>est;</span> 
     </span>
    </p>
   </div>
   <div class='ocr_carea' id='block_1_112' title="bbox 2168 5209 3824 5292">
    <p class='ocr_par' dir='ltr' id='par_1_112' title="bbox 2168 5209 3824 5292">
     <span class='ocr_line' id='line_1_112' title="bbox 2168 5209 3824 5292; baseline -0.006 -19"><span class='ocrx_word' id='word_1_915' title='bbox 2168 5218 2366 5292; x_wconf 90' lang='lat' dir='ltr'>populi</span> <span class='ocrx_word' id='word_1_916' title='bbox 2400 5216 2598 5283; x_wconf 87' lang='lat' dir='ltr'>Israel,</span> <span class='ocrx_word' id='word_1_917' title='bbox 2637 5239 2664 5267; x_wconf 89' lang='grc'>‹‹</span> <span class='ocrx_word' id='word_1_918' title='bbox 2697 5216 2768 5271; x_wconf 89' lang='lat' dir='ltr'>ad</span> <span class='ocrx_word' id='word_1_919' title='bbox 2791 5213 3291 5286; x_wconf 89' lang='lat' dir='ltr'>contemptibilem</span> <span class='ocrx_word' id='word_1_920' title='bbox 3316 5210 3596 5277; x_wconf 89' lang='lat' dir='ltr'>animam,</span> <span class='ocrx_word' id='word_1_921' title='bbox 3632 5209 3704 5264; x_wconf 89' lang='lat' dir='ltr'>ad</span> <span class='ocrx_word' id='word_1_922' title='bbox 3731 5210 3824 5263; x_wconf 58' lang='lat' dir='ltr'>ab</span> 
     </span>
    </p>
   </div>
   <div class='ocr_carea' id='block_1_113' title="bbox 2167 5297 3822 5378">
    <p class='ocr_par' dir='ltr' id='par_1_113' title="bbox 2167 5297 3822 5378">
     <span class='ocr_line' id='line_1_113' title="bbox 2167 5297 3822 5378; baseline -0.007 -15"><span class='ocrx_word' id='word_1_923' title='bbox 2167 5308 2485 5363; x_wconf 90' lang='lat' dir='ltr'>ominatam</span> <span class='ocrx_word' id='word_1_924' title='bbox 2519 5305 2851 5378; x_wconf 84' lang='lat' dir='ltr'>gentem,ad</span> <span class='ocrx_word' id='word_1_925' title='bbox 2868 5320 3099 5359; x_wconf 90' lang='lat' dir='ltr'>servum</span> <span class='ocrx_word' id='word_1_926' title='bbox 3115 5298 3672 5357; x_wconf 84' lang='lat' dir='ltr'>dominorum.»Vox</span> <span class='ocrx_word' id='word_1_927' title='bbox 3690 5297 3822 5353; x_wconf 85' lang='lat' dir='ltr'>Pro-</span> 
     </span>
    </p>
   </div>
   <div class='ocr_carea' id='block_1_114' title="bbox 2168 5389 3823 5470">
    <p class='ocr_par' dir='ltr' id='par_1_114' title="bbox 2168 5389 3823 5470">
     <span class='ocr_line' id='line_1_114' title="bbox 2168 5389 3823 5470; baseline -0.008 -17"><span class='ocrx_word' id='word_1_928' title='bbox 2168 5398 2354 5470; x_wconf 79' lang='lat' dir='ltr'>phetas</span> <span class='ocrx_word' id='word_1_929' title='bbox 2384 5397 2454 5452; x_wconf 88' lang='lat' dir='ltr'>ad</span> <span class='ocrx_word' id='word_1_930' title='bbox 2492 5394 2705 5451; x_wconf 78' lang='lat' dir='ltr'>Filium</span> <span class='ocrx_word' id='word_1_931' title='bbox 2735 5410 2802 5449; x_wconf 86' lang='lat' dir='ltr'>ex</span> <span class='ocrx_word' id='word_1_932' title='bbox 2834 5410 3085 5465; x_wconf 89' lang='lat' dir='ltr'>persona</span> <span class='ocrx_word' id='word_1_933' title='bbox 3115 5391 3328 5448; x_wconf 87' lang='lat' dir='ltr'>Patris.</span> <span class='ocrx_word' id='word_1_934' title='bbox 3363 5389 3715 5460; x_wconf 81' lang='lat' dir='ltr'>Redemptor</span> <span class='ocrx_word' id='word_1_935' title='bbox 3739 5390 3823 5441; x_wconf 83' lang='lat' dir='ltr'>Is-</span> 
     </span>
    </p>
   </div>
   <div class='ocr_carea' id='block_1_115' title="bbox 2168 5475 3821 5551">
    <p class='ocr_par' dir='ltr' id='par_1_115' title="bbox 2168 5475 3821 5551">
     <span class='ocr_line' id='line_1_115' title="bbox 2168 5475 3821 5551; baseline -0.007 -10"><span class='ocrx_word' id='word_1_936' title='bbox 2168 5486 2307 5551; x_wconf 82' lang='lat' dir='ltr'>rael,</span> <span class='ocrx_word' id='word_1_937' title='bbox 2348 5485 2405 5540; x_wconf 89' lang='lat' dir='ltr'>id</span> <span class='ocrx_word' id='word_1_938' title='bbox 2439 5489 2531 5539; x_wconf 91' lang='lat' dir='ltr'>est</span> <span class='ocrx_word' id='word_1_939' title='bbox 2570 5482 2829 5539; x_wconf 90' lang='lat' dir='ltr'>virorum</span> <span class='ocrx_word' id='word_1_940' title='bbox 2877 5480 3202 5537; x_wconf 89' lang='lat' dir='ltr'>videntium</span> <span class='ocrx_word' id='word_1_941' title='bbox 3238 5480 3445 5548; x_wconf 87' lang='lat' dir='ltr'>Deum,</span> <span class='ocrx_word' id='word_1_942' title='bbox 3476 5475 3693 5533; x_wconf 89' lang='lat' dir='ltr'>dicitur</span> <span class='ocrx_word' id='word_1_943' title='bbox 3721 5475 3821 5530; x_wconf 90' lang='lat' dir='ltr'>Dei</span> 
     </span>
    </p>
   </div>
   <div class='ocr_carea' id='block_1_116' title="bbox 2170 5562 3815 5645">
    <p class='ocr_par' dir='ltr' id='par_1_116' title="bbox 2170 5562 3815 5645">
     <span class='ocr_line' id='line_1_116' title="bbox 2170 5562 3815 5645; baseline -0.008 -15"><span class='ocrx_word' id='word_1_944' title='bbox 2170 5574 2351 5630; x_wconf 87' lang='lat' dir='ltr'>Filius</span> <span class='ocrx_word' id='word_1_945' title='bbox 2383 5590 2396 5628; x_wconf 92' lang='lat'>:</span> <span class='ocrx_word' id='word_1_946' title='bbox 2433 5573 2569 5645; x_wconf 90' lang='lat' dir='ltr'>quia</span> <span class='ocrx_word' id='word_1_947' title='bbox 2600 5572 2724 5644; x_wconf 89' lang='lat' dir='ltr'>ipse</span> <span class='ocrx_word' id='word_1_948' title='bbox 2748 5587 2855 5626; x_wconf 92' lang='lat' dir='ltr'>nos</span> <span class='ocrx_word' id='word_1_949' title='bbox 2885 5571 3136 5626; x_wconf 89' lang='lat' dir='ltr'>redemit</span> <span class='ocrx_word' id='word_1_950' title='bbox 3161 5585 3365 5625; x_wconf 91' lang='lat' dir='ltr'>cruore</span> <span class='ocrx_word' id='word_1_951' title='bbox 3386 5562 3815 5640; x_wconf 85' lang='lat' dir='ltr'>sanguinissui.</span> 
     </span>
    </p>
   </div>
   <div class='ocr_carea' id='block_1_117' title="bbox 2162 5652 3817 5733">
    <p class='ocr_par' dir='ltr' id='par_1_117' title="bbox 2162 5652 3817 5733">
     <span class='ocr_line' id='line_1_117' title="bbox 2162 5652 3817 5733; baseline -0.007 -14"><span class='ocrx_word' id='word_1_952' title='bbox 2162 5664 2248 5719; x_wconf 86' lang='lat' dir='ltr'>Ad</span> <span class='ocrx_word' id='word_1_953' title='bbox 2263 5659 2764 5733; x_wconf 86' lang='lat' dir='ltr'>contemptibilem</span> <span class='ocrx_word' id='word_1_954' title='bbox 2779 5659 3041 5715; x_wconf 87' lang='lat' dir='ltr'>animam</span> <span class='ocrx_word' id='word_1_955' title='bbox 3054 5658 3216 5727; x_wconf 88' lang='lat' dir='ltr'>dicit,</span> <span class='ocrx_word' id='word_1_956' title='bbox 3231 5657 3287 5713; x_wconf 91' lang='lat' dir='ltr'>id</span> <span class='ocrx_word' id='word_1_957' title='bbox 3302 5660 3410 5725; x_wconf 89' lang='lat' dir='ltr'>est,</span> <span class='ocrx_word' id='word_1_958' title='bbox 3431 5655 3502 5712; x_wconf 91' lang='lat' dir='ltr'>ad</span> <span class='ocrx_word' id='word_1_959' title='bbox 3526 5652 3817 5710; x_wconf 83' lang='lat' dir='ltr'>Christum</span> 
     </span>
    </p>
   </div>
   <div class='ocr_carea' id='block_1_118' title="bbox 2166 5740 3817 5826">
    <p class='ocr_par' dir='ltr' id='par_1_118' title="bbox 2166 5740 3817 5826">
     <span class='ocr_line' id='line_1_118' title="bbox 2166 5740 3817 5826; baseline -0.006 -18"><span class='ocrx_word' id='word_1_960' title='bbox 2166 5752 2265 5826; x_wconf 90' lang='lat' dir='ltr'>qui</span> <span class='ocrx_word' id='word_1_961' title='bbox 2296 5754 2671 5823; x_wconf 88' lang='lat' dir='ltr'>contemptus</span> <span class='ocrx_word' id='word_1_962' title='bbox 2703 5753 2794 5806; x_wconf 89' lang='lat' dir='ltr'>est</span> <span class='ocrx_word' id='word_1_963' title='bbox 2822 5748 2898 5806; x_wconf 88' lang='lat' dir='ltr'>aJ</span> <span class='ocrx_word' id='word_1_964' title='bbox 2907 5748 3089 5807; x_wconf 68' lang='lat' dir='ltr'>udzeis</span> <span class='ocrx_word' id='word_1_965' title='bbox 3102 5751 3158 5805; x_wconf 89' lang='lat' dir='ltr'>et</span> <span class='ocrx_word' id='word_1_966' title='bbox 3187 5747 3498 5822; x_wconf 83' lang='lat' dir='ltr'>despectus</span> <span class='ocrx_word' id='word_1_967' title='bbox 3520 5740 3817 5802; x_wconf 83' lang='lat' dir='ltr'>clamanti-</span> 
     </span>
    </p>
   </div>
  </div>
