3956 6448
199 495 324 557 965

1249 493 1656 554 COMMENT.
1707 496 1783 554 IN
1829 493 2129 554 ISAIAM.
2179 531 2250 538 —
2299 497 2440 555 LIB.
2493 496 2568 556 II.

3495 503 3612 566 906

203 630 356 683 bus:
386 651 413 677 ‹‹
439 628 724 699 Crucilige
754 645 888 682 eum
921 631 1098 696 (1mm.
1135 632 1272 695 XIX),
1304 650 1327 674 ››
1361 634 1415 681 et
1461 628 1593 682 talia
1641 629 1853 697 hujns-
1887 634 1936 695 Α
1973 630 2153 693 litate,
2185 635 2238 681 ct
2269 630 2365 700 qui
2407 631 2458 682 in
2495 631 2748 684 tenebris
2779 636 2835 684 et
2869 631 2922 684 in
2959 634 3168 686 umbra
3202 635 3405 688 mortis
3445 638 3613 689 sede.-

202 716 430 772 cemodi
465 716 671 770 multa.
706 716 1116 770 Abomiualam
1152 722 1383 785 gentem
1419 717 1668 786 appellat
1703 718 1858 770 (ibri-

204 812 364 859 stum
393 811 448 859 et
479 806 780 859 Nazarteos
813 805 960 873 ejus,
988 805 1084 875 qui
1123 805 1176 857 in
1214 809 1438 857 tantum
1475 811 1612 858 sunt
1643 805 1860 858 abomi-

205 894 432 948 nabiles
463 899 521 948 et
551 893 925 947 detestabiles
955 911 1020 946 ac
1048 894 1354 963 resputmdi
1398 894 1551 963 apud
1602 893 1855 958 Juda'os,

206 987 273 1036 ut
304 981 564 1053 quotidie
601 987 686 1034 ter
719 981 775 1034 in
819 983 1131 1052 synagogis
1182 999 1380 1034 eorum
1437 981 1860 1035 mali-dicantur

201 1071 501 1126 dicentes:
529 1071 682 1140 quod
708 1077 940 1140 propter
973 1070 1100 1122 illos
1134 1071 1456 1123 amiserunt
1485 1089 1749 1134 regnum,
1779 1071 1857 1122 lo-

202 1177 364 1224 cum,
397 1164 452 1213 et
481 1163 736 1229 gentem.
771 1159 1013 1211 Servum
1047 1159 1419 1211 dominorum
1453 1164 1617 1211 vorat
1671 1158 1857 1211 lhuni-

205 1264 353 1301 num
383 1247 585 1301 Jesum
638 1245 958 1315 Christum,
989 1247 1088 1317 qui
1140 1246 1307 1316 quasi
1357 1265 1555 1299 servus
1608 1265 1719 1299 non
1771 1252 1861 1300 est

205 1335 562 1405 dedignatus
598 1340 748 1388 stare
781 1341 914 1388 ante
946 1334 1555 1399 Pilatum,Annam,ct
1576 1336 1858 1405 tlaiphan,

205 1428 267 1479 et
298 1422 607 1493 dijudicari
640 1424 711 1476 ab
747 1423 862 1476 illis
894 1428 956 1476 ut.
988 1423 1134 1476 latro
1161 1429 1212 1476 et
1241 1423 1594 1484 inalel'aclor,
1621 1441 1752 1477 cum
1777 1442 1862 1477 es-

207 1518 300 1566 set
331 1511 540 1565 unicus
575 1510 752 1564 Filius
786 1511 882 1565 Dei
921 1511 1126 1564 Patris.
1155 1537 1178 1558 ‹‹
1210 1513 1392 1580 [teges
1423 1513 1698 1565 videbunt.
1727 1536 1748 1554 ιι
1776 1530 1863 1563 ve-

209 1601 470 1656 nientem
503 1600 574 1655 ad
598 1599 890 1671 judicium
927 1599 982 1653 in
1007 1601 1191 1669 gloria
1215 1603 1859 1670 magnaetn'iajestate;

209 1716 235 1739 ‹‹
273 1695 332 1743 et
359 1694 719 1760 consuagent
750 1689 1062 1760 principes,
1103 1713 1126 1736 ››
1155 1690 1461 1755 subaudis,
1484 1691 1860 1743 ecclesiarum

209 1781 284 1833 de
315 1778 480 1833 soliis
524 1777 649 1832 suis
699 1778 769 1830 ad
822 1778 1227 1832 honorandum
1279 1784 1351 1845 te,
1387 1803 1412 1826 ‹‹
1449 1784 1505 1832 et
1537 1780 1859 1832 adorabunt

211 1871 316 1939 (te)
348 1872 580 1939 propter
613 1866 920 1920 Dominum
949 1891 973 1913 ››
1005 1867 1252 1932 Patrem,
1279 1893 1302 1914 ‹‹
1334 1867 1471 1938 quia
1497 1868 1682 1920 lidelis
1717 1856 1862 1931 est,»

209 1955 482 2012 videlicet
513 1955 652 2026 quia
681 1972 807 2026 qum
841 1955 939 2009 tibi
976 1957 1262 2026 promisit,
1292 1973 1461 2027 apere
1490 1956 1766 2026 implevit,
1793 1957 1862 2009 de

211 2045 635 2117 glorificatione
667 2049 766 2097 tua
796 2049 851 2097 et
892 2043 1077 2098 salute
1130 2044 1415 2113 gentium.
1453 2067 1476 2092 ‹‹
1511 2046 1578 2098 Et
1628 2050 1864 2114 propter

213 2137 487 2186 sanctum
536 2131 708 2186 Israel
761 2131 859 2202 qui
910 2131 1082 2200 elegit
1115 2139 1186 2185 te.
1227 2157 1252 2178 ››
1285 2132 1403 2185 Vox
1455 2133 1745 2203 propheta).
1791 2133 1860 2185 ad

216 2221 430 2276 Filium
464 2221 586 2274 Dei.
615 2221 799 2291 Reges
825 2221 1078 2290 appellat
1102 2226 1155 2273 et.
1179 2221 1470 2290 principes
1493 2221 1787 2291 apostolos
1809 2225 1865 2274 et

214 2308 569 2382 apostolicos
617 2308 770 2361 viros
820 2325 1141 2379 omnesque
1192 2315 1441 2361 rectores
1491 2314 1546 2360 et,
1597 2310 1864 2361 dot-tores

214 2402 433 2453 sancta:
464 2397 750 2458 Ecclesizr,
784 2397 884 2467 qui
916 2397 971 2450 in
1008 2397 1097 2449 die
1123 2398 1331 2466 judieii
1371 2397 1690 2466 judicaturi
1729 2403 1865 2450 sunt

215 2505 353 2542 cum
387 2486 632 2540 Domino
658 2486 855 2539 orbem
893 2486 948 2538 in
985 2487 1278 2556 :etpnilale,
1314 2486 1464 2538 sicut
1513 2486 1621 2556 ipsi
1669 2486 1814 2538 dixit,
1849 2503 1860 2538 :

217 2598 245 2625 α
279 2578 461 2628 Amen
495 2573 622 2627 dico
653 2573 835 2637 vobis,
871 2575 1009 2644 quia
1049 2575 1324 2627 sedebitis
1357 2579 1413 2627 et
1447 2593 1546 2627 vos
1587 2575 1863 2643 judican-

213 2670 305 2720 tes
336 2662 646 2717 duodecim
679 2662 867 2715 tribus
900 2662 1070 2716 Israel
1105 2664 1255 2729 (Luc.
1291 2665 1446 2731 χχιι).
1485 2686 1510 2709 ››

291 2776 319 2801 ‹‹
357 2752 485 2806 Ilaec
501 2751 642 2805 dicit
665 2751 962 2814 Dominus,
985 2751 1310 2804 nsubaudis
1334 2752 1485 2805 Deus
1513 2752 1675 2804 I’ater
1691 2752 1759 2804 ad
1787 2752 1868 2805 li‘i-

215 2842 386 2896 lium.
415 2863 440 2889 ‹‹
469 2841 527 2893 lu
562 2845 818 2910 tempore
853 2840 1082 2910 placito,
1113 2863 1137 2884 η
1165 2840 1217 2892 id
1245 2845 1332 2892 est
1363 2841 1416 2892 in
1453 2840 1543 2893 die
1579 2839 1866 2910 passionis

214 2935 273 2984 et
309 2928 811 2993 resurrectionis,u
837 2929 1099 2981 exaudivi
1128 2933 1177 2982 te
1202 2952 1226 2976 ››
1258 2928 1867 2982 resuscitandoamor-

215 3019 358 3083 tuis,
386 3041 410 3065 ‹‹
438 3015 496 3070 in
527 3017 620 3070 die
651 3015 880 3082 salutis,
917 3039 942 3065 ››
978 3016 1085 3070 hoc
1115 3021 1202 3070 est
1249 3018 1483 3088 quando
1534 3035 1636 3088 pro
1679 3017 1865 3070 salute

217 3104 451 3178 generis
483 3104 725 3160 humani
751 3105 1081 3175 passionem
1107 3105 1438 3158 sustinuisti
1466 3122 1524 3158 :u
1553 3105 1866 3158 auxiliatus

217 3212 352 3249 sum
384 3193 490 3247 tui.
519 3216 546 3242 »
569 3194 824 3263 Tempus
857 3193 1133 3264 placitum
1157 3193 1298 3247 dicit
1321 3198 1552 3264 tempus
1575 3193 1866 3263 passionis

218 3279 782 3352 resurrectionisque
815 3282 862 3350 ej
877 3282 1109 3352 us,quia
1139 3281 1494 3352 COIIIplﬂCUlt
1515 3281 1696 3345 illi,ut
1721 3281 1775 3333 in
1800 3301 1865 3333 eo

1971 717 2106 769 baut.
2140 724 2192 769 et
2228 717 2412 770 lucem
2448 719 2596 782 (Lar.
2637 735 2692 788 ι),
2721 719 2772 771 id
2803 723 2893 771 est
2924 720 3243 784 Christum,
3272 723 3463 777 videre
3498 742 3612 777 non

1969 811 2250 872 poterunt,
2274 806 2369 874 qui
2398 812 2478 857 est
2508 805 2601 858 lux
2626 824 2756 860 vera
2779 826 2905 878 qua:
2941 807 3232 862 illuminat
3266 811 3463 864 omnia
3486 830 3612 883 qua}

1969 892 2301 945 llllllllllttll'lt
2337 895 2592 962 (loqui);
2630 896 2775 947 dixit
2811 897 2929 965 ipse
2969 896 3144 950 Filius
3177 899 3272 951 Dei
3310 904 3369 952 ut
3407 900 3615 954 illumi-

1971 989 2266 1042 nari-ntur,
2301 984 2533 1051 quando
2566 983 2709 1036 dixit
2745 1001 2755 1037 ζ
2793 1010 2813 1028 ί·
2857 985 3259 1040 l’u-nitentiam
3307 987 3479 1056 agile,
3511 1006 3610 1060 ap-

1971 1071 2376 1140 propinquabit
2413 1073 2564 1124 enim
2605 1091 2844 1141 regnum
2882 1074 3155 1127 C-U'lIH‘UIII
3211 1076 3410 1144 (Matth.
3448 1083 3545 1143 Iv).
3583 1099 3610 1124 η

1919 1228 1922 1232 ’
1971 1184 1993 1204 ι(
2029 1162 2215 1228 Super
2246 1159 2387 1224 vias,
2425 1185 2448 1204 »ι
2486 1161 2590 1212 hoc
2623 1169 2702 1213 est
2739 1162 2791 1214 iu
2826 1163 3092 1216 doctrina
3131 1164 3525 1234 al'mstolorum
3558 1170 3615 1219 et

1897 1998 1940 2060 Β

218 3370 532 3426 redimeret
562 3386 746 3440 genus
795 3370 1141 3424 humanum.
1177 3369 1484 3423 Exaudivit
1531 3387 1665 3423 eum
1718 3375 1865 3423 Deus
1897 3362 1938 3429 C

219 3460 651 3530 Pater,quando
685 3458 779 3513 ille
813 3459 1016 3524 oravit,
1049 3458 1282 3513 dicens:
1309 3459 1574 3512 Claritiea
1599 3459 1870 3522 me,Deus

219 3547 568 3618 Pater,apud
604 3548 998 3618 temetipsum.
1029 3549 1096 3600 Et
1121 3547 1214 3601 ille
1248 3548 1585 3618 respondit:
1611 3572 1635 3596 ‹‹
1665 3549 1731 3601 Et
1754 3547 1870 3601 cla-

216 3635 524 3700 rificavi,et
555 3635 768 3689 iterum
820 3635 1151 3690 clariﬁcabo
1183 3637 1360 3705 (Joan.
1395 3641 1514 3703 xu).
1555 3660 1580 3683 ››
1614 3638 1870 3707 Tempus

217 3724 503 3798 placitum
536 3722 788 3794 appellat
823 3729 1054 3795 tempus
1086 3725 1378 3795 passionis
1410 3729 1467 3778 et
1499 3726 1870 3778 resurrectio-

220 3815 316 3869 nis
344 3814 494 3883 ejus.
522 3812 622 3867 Vel
654 3813 830 3867 etiam
861 3817 1097 3884 tempus
1129 3813 1408 3884 placitum
1443 3819 1632 3884 potest
1662 3813 1772 3867 dici
1799 3814 1871 3866 ab

217 3903 458 3958 exordio
491 3901 920 3972 praedicationis
951 3903 1296 3973 ejus,usquc
1326 3903 1396 3956 ad
1430 3910 1754 3956 extremum
1781 3904 1876 3973 ju-

220 3991 359 4046 dicii
394 3990 570 4044 diem.
603 3990 682 4045 De
732 4008 847 4061 quo
895 3995 1153 4061 tempore
1199 3991 1512 4062 Apostolus
1562 3991 1869 4061 loquitur:

220 4106 247 4131 ‹‹
272 4079 977 4150 Ecce,inquiens,tempus
995 4080 1506 4150 acceptabile,ecce
1523 4080 1648 4134 dies
1665 4079 1873 4134 salutis

219 4170 297 4239 (ll
335 4173 463 4224 (or.
498 4171 598 4236 vn).
639 4191 658 4214 ι)
696 4190 721 4216 ‹‹
759 4169 826 4222 Et
857 4168 1073 4222 servavi
1109 4173 1163 4222 te
1200 4191 1225 4214 ››
1261 4186 1293 4222 a
1325 4174 1509 4222 morte
1555 4169 1627 4221 ad
1669 4169 1868 4235 vitam,

219 4281 250 4307 ‹‹
287 4262 347 4312 et
375 4257 506 4336 dedi
538 4261 591 4311 te
623 4257 681 4310 in
721 4257 907 4311 fmdus
956 4256 1155 4328 populi
1191 4280 1218 4304 ››
1250 4257 1606 4316 ὖυίίωοινυῑη.
1643 4258 1704 4311 In
1757 4257 1874 4313 illis

218 4346 450 4403 scilicet
481 4345 579 4416 qui
613 4345 844 4399 credere
875 4345 1183 4400 voluerunt
1213 4345 1271 4399 in
1304 4346 1540 4399 amicita
1577 4345 1872 4416 apostolo-

218 4453 378 4502 rum,
411 4435 628 4505 quibus
660 4434 784 4504 ipse
817 4434 963 4488 dixit
991 4451 1001 4489 :
1030 4459 1055 4483 ‹‹
1081 4435 1213 4490 .lam
1249 4453 1360 4489 non
1393 4434 1582 4489 dicam
1614 4452 1714 4489 vos
1746 4453 1871 4490 ser-

213 4542 344 4591 vos,
373 4523 474 4579 sed
507 4523 728 4578 amicos
779 4540 939 4578 meos
990 4525 1166 4595 (Joan.
1200 4523 1313 4593 xv).
1351 4546 1376 4571 ››
1408 4525 1491 4577 Ad
1544 4524 1682 4594 quid
1735 4541 1872 4595 ergo

216 4612 498 4670 suscitavi
530 4612 626 4667 te?
658 4635 683 4661 «
723 4617 786 4666 ut
818 4612 1132 4667 sustitares
1163 4617 1398 4677 terram,
1437 4635 1462 4659 ››
1497 4613 1552 4666 id
1587 4617 1674 4667 est
1704 4613 1869 4667 habi-

1971 1247 2441 1316 [Il'ttltllt'ltlrlllILﬂ
2466 1256 2775 1318 pascentur
2802 1275 2825 1297 ››
2854 1251 2929 1303 illi
2956 1253 3053 1322 qui
3080 1253 3344 1307 exierunt
3363 1256 3433 1307 de
3464 1259 3616 1309 tene-

1971 1335 2091 1387 bris
2123 1335 2508 1401 intidelitatis,
2545 1338 2802 1392 dicentes
2833 1356 2843 1393 :
2873 1340 3206 1395 «Dominus
3239 1343 3422 1412 pascit
3447 1360 3539 1398 me
3560 1349 3618 1398 et

1972 1422 2112 1474 nihil
2151 1424 2289 1476 mihi
2323 1425 2522 1490 deerit,
2559 1425 2614 1478 in
2649 1425 2766 1478 leco
2800 1444 3028 1496 pascua»
3063 1429 3138 1482 ibi
3169 1446 3262 1482 me
3309 1430 3616 1486 collocavit

1972 1512 2140 1579 (l’ml.
2176 1515 2331 1576 xxu).
2371 1535 2396 1559 ››
2432 1537 2454 1558 ‹‹
2495 1514 2561 1566 Et
2595 1515 2651 1566 in
2699 1515 2972 1568 omnibus
3027 1515 3239 1586 planis,
3273 1540 3299 1565 n
3336 1519 3619 1574 subaudis

1972 1599 2196 1650 semitis
2231 1600 2691 1671 Scripturarum,
2716 1604 2993 1673 expositis
3027 1609 3082 1657 et
3107 1604 3414 1659 elucidatis
3439 1623 3471 1660 a
3494 1624 3622 1660 sau-

1972 1687 2079 1739 ctis
2112 1689 2471 1754 doctoribus,
2504 1690 2614 1743 erit.
2650 1715 2672 1738 ι(
2713 1709 2929 1761 pascua
2960 1710 3184 1746 eorum.
3227 1716 3246 1743 ι)

2047 1799 2073 1823 ‹‹
2108 1778 2227 1830 Non
2254 1779 2512 1831 esuriant
2538 1802 2562 1824 ››
2590 1781 2762 1832 verba
2787 1780 2880 1832 Dei
2914 1804 2931 1826 u
2963 1798 3149 1851 neque
3175 1782 3374 1836 siticut
3397 1805 3422 1830 ››
3449 1782 3619 1852 positi

1975 1864 2028 1916 in
2060 1865 2200 1934 ipsis
2225 1866 2615 1919 doctrinis.De
2641 1868 2744 1921 hac
2777 1868 2968 1922 csurie
3000 1874 3054 1921 et
3087 1869 3179 1923 siti
3215 1870 3497 1924 Dominus
3522 1888 3623 1942 per

1975 1954 2288 2023 prophetas
2319 1953 2578 2024 loquitur
2611 1971 2622 2007 :
2651 1981 2674 2002 ιι
2706 1957 2931 2009 Mittam
2965 1957 3176 2011 famem
3213 1957 3270 2012 in
3305 1963 3476 2025 terra,
3504 1977 3618 2014 non

1975 2043 2184 2095 famem
2220 2043 2387 2112 panis
2422 2061 2608 2113 neque
2640 2043 2797 2096 sitim
2831 2060 3014 2113 aquae,
3051 2047 3149 2098 sed
3186 2047 3461 2100 audiendi
3494 2065 3620 2102 ver-

1976 2131 2114 2183 bum
2147 2131 2243 2183 Dei
2277 2132 2476 2196 (.lmos.
2505 2137 2649 2198 vni).
2678 2155 2701 2178 ‹‹
2732 2133 2908 2186 Sacra
2940 2135 3241 2204 Scriptura
3277 2135 3332 2189 in
3366 2136 3620 2206 quibus-

1974 2219 2106 2271 dam
2139 2219 2280 2271 loeis
2313 2225 2399 2273 est
2429 2221 2616 2285 cibus,
2651 2219 2707 2273 in
2743 2221 3097 2291 quibusdam
3133 2228 3323 2293 potus.
3363 2223 3622 2278 Ubicun-

1975 2325 2085 2376 que
2119 2308 2272 2359 enim
2308 2325 2438 2360 eum
2476 2308 2819 2362 dil‘ticultate
2851 2310 3128 2374 sumitur,
3165 2310 3332 2365 cibus
3365 2317 3487 2379 est;
3524 2312 3622 2367 ubi

1975 2403 2166 2446 autem
2202 2397 2364 2448 l'aeile
2408 2397 2772 2466 intelligitur,
2809 2402 2979 2468 potus
3029 2405 3136 2451 est.
3167 2400 3291 2452 Non
3341 2402 3623 2464 esurient,

1979 2484 2183 2554 inquit,
2223 2503 2404 2554 mque
2438 2485 2632 2537 sitiunt
2669 2486 2865 2539 lideles
2899 2487 2953 2539 in
2991 2492 3194 2539 sancta
3217 2487 3470 2541 Ecclesia
3489 2507 3624 2543 con-

1975 2573 2187 2634 slituti,
2227 2573 2331 2625 hoc
2365 2579 2476 2639 est,
2504 2575 2755 2628 obscura
2801 2580 2856 2627 et
2908 2581 3109 2646 aperta
3157 2577 3440 2646 patebunt
3488 2576 3623 2631 illis.

1980 2685 2005 2709 ‹‹
2043 2663 2163 2714 Non
2200 2663 2483 2731 percutiet
2515 2680 2610 2716 eos
2643 2670 2818 2717 mstus
2852 2668 2907 2718 et
2938 2664 3046 2727 sol,
3084 2687 3110 2711 ››
3143 2665 3199 2718 id
3243 2669 3351 2730 est,
3388 2667 3629 2721 adversa

1977 2748 2154 2817 hujus
2187 2750 2381 2802 seculi
2419 2768 2528 2803 non
2555 2752 2842 2804 nocebunt
2868 2752 2973 2820 eis,
3001 2777 3022 2797 ‹‹
3055 2752 3193 2822 quia
3216 2753 3522 2807 miserator
3541 2771 3630 2808 eo-

1978 2854 2104 2889 rum
2140 2861 2160 2880 ››
2185 2838 2452 2891 Christus
2478 2861 2500 2886 ‹‹
2529 2845 2685 2907 reget
2708 2857 2804 2892 eos
2834 2864 2857 2884 »ι
2881 2840 2978 2910 qui
3012 2858 3111 2893 eos
3139 2841 3382 2894 reden‘iit
3414 2842 3625 2911 pretio-

1975 2925 2210 2978 sissimo
2236 2926 2518 2995 sanguine
2544 2944 2648 2978 suo
2671 2949 2695 2974 α
2717 2934 2771 2978 et.
2789 2928 2857 2979 ad
2882 2929 3065 2980 lentes
3090 2945 3375 2998 aquarum
3401 2930 3627 2998 potabit

1975 3030 2092 3072 eos,
2108 3036 2129 3056 ι»
2153 3013 2417 3066 doctrina
2437 3013 2657 3066 Veteris
2677 3020 2731 3065 et
2750 3015 2886 3066 Novi
2908 3015 3366 3081 Testamenti,de
3387 3033 3502 3086 qua
3519 3015 3625 3070 ali-

1978 3103 2030 3156 bi
2057 3103 2308 3155 dicitur:
2335 3127 2358 3149 ‹‹
2393 3103 2678 3156 llaurietis
2709 3120 2891 3174 aquas
2925 3104 2978 3156 in
3013 3104 3226 3174 gaudio
3258 3106 3328 3159 de
3363 3105 3624 3161 fontibus

1977 3192 2292 3245 Salvatoris
2316 3193 2466 3263 (ὅρῳ.
2492 3197 2611 3260 xu),
2643 3216 2667 3241 n
2695 3193 2812 3246 sive
2844 3193 3093 3265 gratiam
3127 3193 3380 3264 Spiritus
3412 3196 3622 3250 sancti.

2051 3303 2074 3328 α
2103 3281 2166 3332 Et.
2199 3297 2407 3350 ponam
2444 3298 2646 3334 omnes
2680 3288 2906 3335 montes
2941 3299 3101 3335 meos
3132 3283 3190 3336 in
3221 3282 3434 3348 viam,»
3457 3283 3513 3337 id
3537 3287 3627 3338 est

1979 3374 2112 3422 ante
2149 3369 2351 3423 l'aciem
2384 3370 2778 3440 apostolorum
2815 3388 3075 3424 meorum
3099 3378 3154 3425 et
3179 3372 3625 3442 prmdicalorum

1981 3458 2178 3513 omnia
2205 3458 2621 3529 impedin'lenta
2647 3459 2822 3530 hujus
2842 3459 3037 3513 sazculi
3061 3460 3116 3513 in
3138 3460 3626 3532 tranquillitatem

1981 3553 2335 3601 convertam.
2364 3572 2387 3595 ‹‹
2418 3549 2484 3600 Et
2514 3548 2733 3600 semita)
2767 3565 2907 3601 mete
2940 3548 3415 3616 exaltabuntur,»
3441 3550 3496 3604 id
3519 3555 3630 3616 est,

1982 3636 2063 3689 illi
2099 3637 2196 3706 qui
2232 3654 2421 3690 meam
2456 3637 2851 3690 humilitatem
2885 3636 3097 3691 imitati
3129 3639 3542 3708 t'uerint,juxta
3574 3639 3635 3693 il-

1983 3724 2083 3778 lud
2111 3742 2122 3778 :
2151 3725 2404 3779 «Omnis
2437 3725 2535 3795 qui
2567 3743 2628 3780 se
2664 3725 2956 3791 humiliat,
2983 3725 3333 3780 exaltabitur
3355 3729 3632 3797 (Luc.x1v,

1983 3817 2162 3882 xviii).
2189 3837 2214 3861 ››
2246 3815 2468 3867 Montes
2499 3819 2778 3867 vocantur
2808 3814 3054 3884 apostoli
3087 3818 3143 3867 et
3172 3815 3470 3884 apostolici
3503 3815 3629 3882 viri,

1982 3903 2066 3955 vel
2101 3901 2237 3972 quia
2271 3901 2326 3954 in
2348 3903 2576 3955 Christo
2610 3907 2748 3955 sunt
2781 3901 3136 3972 l'undati,qui
3160 3908 3438 3956 estmons
3466 3919 3630 3955 mon-

1984 3992 2153 4055 tium,
2189 3990 2274 4042 vel
2307 3989 2448 4059 quia
2479 3989 2537 4042 in
2569 3989 2898 4059 exemplum
2933 3993 3070 4041 sunt
3123 3990 3362 4042 mundo.
3398 3990 3629 4043 Semita}

1983 4085 2180 4132 autem
2232 4077 2604 4147 appellantur
2652 4094 2856 4130 omnes
2906 4076 3226 4141 credentes,
3263 4094 3364 4148 pro
3414 4077 3630 4132 Christi

1985 4167 2218 4221 nomine
2265 4183 2325 4218 se
2373 4163 2771 4218 humiliantes.
2807 4164 2910 4228 Qui
2966 4163 3083 4217 sint
3130 4164 3228 4218 isti
3275 4164 3490 4235 quibus
3539 4166 3630 4220 via

1984 4259 2363 4326 prmparatur,
2398 4253 2768 4306 manifestius
2802 4253 3162 4306 demonstrat
3201 4270 3335 4308 cum
3367 4253 3510 4308 dicit
3541 4271 3553 4310 :

2058 4367 2083 4393 ‹‹
2118 4345 2259 4398 Ecce
2289 4343 2384 4396 isti
2418 4365 2444 4392 »
2479 4343 2779 4396 credentes
2817 4363 2842 4389 ‹‹
2877 4343 2946 4396 de
3000 4341 3168 4413 longe
3217 4343 3470 4410 venient,
3509 4366 3535 4390 ››
3569 4344 3628 4398 id

1982 4437 2087 4499 est,
2110 4433 2179 4486 de.
2198 4431 2416 4486 oriente
2434 4430 2504 4483 ad
2525 4431 2698 4483 tidem
2718 4436 2774 4484 et
2795 4431 3079 4484 unitatem
3101 4436 3313 4485 sancta
3336 4430 3628 4501 Ecclesiae,

1982 4539 2098 4575 non
2133 4521 2256 4574 loco
2308 4521 2408 4574 sed
2444 4520 2552 4573 fide
2589 4535 2600 4572 :
2635 4541 2661 4568 ‹‹
2693 4525 2749 4572 et
2779 4535 2908 4573 ecce
2957 4519 3055 4573 alii
3091 4542 3116 4565 ››
3151 4519 3348 4573 fideles
3398 4520 3632 4575 venient

1981 4635 2007 4658 «
2047 4612 2116 4664 ab
2151 4609 2422 4679 aquilone
2449 4614 2503 4662 et
2536 4607 2703 4673 mari,
2738 4629 2765 4657 ››
2800 4608 2854 4661 id
2889 4613 2977 4662 est
3007 4607 3323 4673 occidente,
3351 4614 3406 4661 et
3436 4608 3530 4662 isti
3560 4609 3630 4663 de

210 4708 434 4758 tatores
466 4706 630 4755 terrae
662 4701 731 4755 de
759 4700 1100 4754 infidelitate
1144 4701 1212 4754 ad
1262 4702 1457 4768 fidem,
1492 4709 1548 4756 et
1578 4703 1647 4754 de
1679 4719 1869 4756 errore
1903 4731 1946 4793 D
1985 4704 2135 4753 terra
2155 4696 2549 4752 australi.lloc
2573 4697 2902 4750 ostenditur
2925 4695 3241 4749 multitudo
3263 4697 3627 4752 credentium

213 4789 558 4847 idololatria:
585 4790 658 4844 ad
690 4807 890 4844 verum
945 4789 1044 4844 Dei
1093 4788 1354 4853 cultum;
1390 4814 1416 4837 ‹‹
1452 4795 1509 4844 et
1539 4790 1868 4860 possideres

213 4887 404 4936 terras
435 4879 767 4933 haereditate
789 4878 1124 4948 dissipatas,
1149 4900 1174 4925 ››
1194 4895 1320 4948 qute
1345 4877 1728 4933 habitatorem
1756 4899 1867 4934 non

214 4969 515 5025 habebant
546 4968 751 5034 Deum,
779 4967 835 5020 id
858 4972 946 5021 est
977 4966 1419 5021 multitudinem
1442 4969 1708 5038 gentium
1734 4986 1870 5038 pra)-

217 5057 574 5115 destinatam
608 5056 679 5110 ad
712 5055 909 5110 vitam.
946 5056 1024 5110 De
1058 5072 1175 5126 qua
1225 5055 1560 5110 haereditate
1612 5057 1778 5112 Pater
1812 5059 1869 5112 in

218 5145 451 5220 psalmo
485 5162 498 5198 :
533 5168 559 5194 ‹‹
597 5144 851 5211 Postula,
879 5144 1089 5216 inquit,
1124 5163 1156 5198 a
1190 5161 1302 5211 me,
1328 5150 1383 5198 et
1414 5145 1563 5199 dabo
1597 5146 1697 5200 tibi
1731 5164 1870 5217 gen-

216 5240 307 5290 tes
340 5234 738 5290 hazreditatem
771 5239 933 5288 tuam
962 5235 1128 5304 (Psat.
1163 5235 1244 5305 ιι).
1284 5256 1309 5281 ››

293 5347 320 5373 ‹‹
358 5323 430 5378 Ut
461 5322 683 5378 diceres
714 5323 807 5378 his
839 5323 938 5394 qui
970 5322 1146 5377 vincti
1199 5327 1356 5389 sunt,
1391 5323 1552 5378 Exite
1589 5347 1612 5371 ››
1647 5325 1717 5377 de
1748 5325 1871 5378 vin-

215 5412 370 5469 culis
416 5417 811 5483 peccatorum,
848 5413 918 5466 de
969 5412 1184 5482 quibus
1237 5411 1511 5466 Salomon
1561 5412 1868 5482 loquitur:

213 5499 479 5556 Vinculis
498 5504 867 5571 peccatorum
892 5517 1134 5555 suorum
1158 5500 1562 5572 unusquisque
1584 5501 1867 5555 constrin-

211 5590 394 5664 gitur.
430 5612 456 5637 ί(
491 5590 562 5643 Et
590 5588 686 5644 his
717 5589 817 5660 qui
851 5588 909 5643 in
943 5589 1198 5644 tenebris
1232 5595 1555 5655 morantur,
1592 5611 1618 5638 »
1653 5591 1870 5644 subau-

211 5679 307 5736 dis
353 5677 578 5733 diceres
610 5701 636 5726 ‹‹
671 5677 1032 5746 revelamini,
1073 5701 1098 5726 ››
1134 5679 1241 5733 hoc
1290 5683 1379 5733 est
1428 5677 1866 5733 illuminamini.

210 5767 316 5828 His
343 5766 446 5842 qui
478 5765 539 5822 in
567 5765 843 5837 tenebris,
879 5766 1095 5843 inquit,
1130 5771 1314 5836 erant,
1340 5766 1448 5824 hoc
1470 5770 1559 5823 est
1579 5766 1639 5821 in
1673 5767 1872 5824 inlide-

1979 4807 2104 4859 qua)
2128 4805 2161 4840 a
2191 4792 2440 4858 quatuor
2470 4785 2674 4839 mundi
2703 4784 2969 4855 partibus
2998 4784 3054 4837 in
3080 4784 3301 4839 unitate
3331 4785 3461 4839 fidei
3485 4803 3630 4840 con-

1972 4880 2183 4948 juncta
2213 4880 2323 4938 est,
2347 4875 2418 4928 de
2450 4874 2665 4944 quibus
2696 4877 2752 4926 et
2782 4873 3065 4928 Dominus
3086 4873 3264 4927 dicit:
3292 4897 3318 4921 ‹‹
3347 4872 3512 4927 Multi
3533 4891 3628 4928 ve-

1982 4966 2141 5019 nient
2173 4965 2243 5018 ab
2288 4964 2510 5017 oriente
2560 4968 2615 5015 et
2663 4963 2980 5029 occidente,
3016 4967 3073 5015 et
3103 4963 3446 5016 recumbent
3494 4979 3628 5017 cum

1979 5053 2295 5119 Abraham,
2330 5053 2510 5119 Isaac,
2535 5056 2591 5105 et
2619 5052 2818 5118 Jacob,
2839 5052 2898 5105 iu
2922 5069 3096 5123 regno
3119 5051 3397 5106 cmlorum
3423 5053 3625 5123 (Matth.

1982 5147 2121 5211 vnn).
2149 5166 2173 5191 ››
2202 5143 2323 5195 Non
2348 5146 2542 5195 autem
2568 5140 3198 5211 intelligendum,qu0d
3223 5140 3481 5195 localiter
3500 5158 3632 5195 con-

1983 5237 2297 5304 ςιιοςιξειηιιῑι
2322 5231 2378 5283 in
2418 5230 2728 5293 unum,sed
2767 5230 3073 5284 lide.Licet
3104 5231 3162 5283 in
3195 5247 3407 5301 corpus
3432 5231 3628 5300 sejun-

1981 5328 2214 5393 gantur,
2232 5319 2306 5373 mi
2320 5338 2349 5372 n
2363 5319 2472 5372 ime
2491 5323 2738 5389 possunt
2756 5317 3012 5389 separari
3033 5323 3400 5389 mente,quos
3414 5318 3630 5374 Christi

1984 5410 2160 5464 nectit
2195 5408 2466 5462 inviolata
2498 5407 2774 5461 Charitas.

2052 5523 2076 5546 ‹‹
2115 5498 2390 5563 Laud-ate,
2425 5495 2572 5559 coeli,
2602 5517 2626 5542 »
2655 5495 2761 5549 hoc
2791 5500 2878 5549 est
2910 5495 3098 5567 angeli
3133 5496 3232 5568 qui
3265 5495 3544 5551 habitatis
3568 5497 3626 5550 in

1981 5587 2144 5658 ccrlo,
2179 5611 2204 5634 ‹‹
2239 5592 2294 5640 et
2344 5584 2590 5654 exsulta,
2624 5589 2853 5649 terra,»
2887 5585 3162 5657 angelica)
3210 5585 3454 5640 virtutes
3500 5602 3628 5656 qua:

1981 5684 2142 5731 terra:
2174 5675 2455 5746 prmestis,
2483 5673 2571 5727 vel
2619 5672 2886 5727 homines
2927 5675 3077 5744 justi
3128 5674 3229 5746 qui
3282 5674 3629 5730 inhabitatis

1979 5782 2127 5836 eam,
2161 5781 2264 5840 pro
2297 5762 2484 5820 salute
2511 5761 2741 5839 generis
2761 5761 3008 5820 humani
3027 5765 3294 5840 gaudete.
3321 5786 3348 5816 «
3372 5761 3630 5824 Jubilate
