3956 6410
144 522 271 582 973

1217 522 1625 583 COMMENT.
1675 519 1752 581 IN
1798 520 2093 583 ISAIAM.
2130 559 2204 567 —
2238 524 2383 585 LIB.
2435 526 2508 586 ll.

3457 530 3573 588 974

147 652 311 725 plius
336 669 347 707 :
374 653 529 725 quod
577 651 836 724 spatium
869 652 1261 709 crassitudine
1305 654 1456 709 aeris
1495 651 1812 724 aliquando
1840 654 1893 721 Α
1926 656 2301 725 crepantibus
2332 661 2390 712 et
2418 658 2901 731 eonsquentibus.
2933 682 2953 709 ι
2982 658 3110 714 Ηωο
3131 623 3333 715 omnia
3364 658 3423 715 in
3450 676 3581 731 pas-

147 740 323 795 nobis
355 740 729 813 splendorem
763 740 904 797 solis
934 741 1244 797 abstrahit.
1274 742 1395 797 Non
1430 740 1641 796 ccnlum
1672 757 1809 813 ergo

144 846 321 885 sacco
353 829 700 898 obvolvitur,
727 830 827 886 sed
869 829 1164 886 interdum
1199 829 1320 885 sole
1364 830 1422 884 in
1457 830 1649 884 medio
1681 828 1809 884 cadi

142 918 364 991 posito,
396 935 497 974 aer
535 918 706 974 nobis
737 918 1107 975 obscuratur.
1139 918 1459 991 Allegorice
1490 921 1683 973 autem
1718 918 1812 973 hic

142 1011 238 1061 est
270 1023 521 1062 sensus:
548 1007 794 1062 Induam
828 1006 1003 1063 cmlos
1051 1008 1327 1074 tenebris,
1355 1007 1412 1061 id
1463 1008 1567 1061 est
1602 1005 1811 1061 faciam

144 1101 214 1150 ut
260 1095 449 1151 sancti
501 1100 925 1169 recognoscant
955 1113 1015 1151 sc
1047 1112 1175 1151 esse
1226 1100 1560 1167 peccatores
1598 1113 1610 1149 :
1645 1096 1815 1165 juxta

144 1183 321 1250 illud,
353 1184 564 1240 Justus
603 1184 662 1239 in
716 1184 1003 1257 principio
1035 1190 1346 1240 accusutor
1376 1190 1465 1239 est
1496 1184 1586 1238 sui
1628 1185 1809 1255 (Prov.

145 1276 335 1341 xvm).
372 1274 460 1341 Et,
486 1297 513 1323 ‹‹
551 1273 611 1329 Si
665 1273 988 1329 dixerimus
1018 1272 1157 1345 quia
1187 1278 1491 1345 peccatum
1543 1290 1656 1327 non
1708 1272 1813 1327 ha-

146 1361 384 1433 bemus,
420 1362 733 1417 mendaces
774 1362 997 1417 erimus
1030 1361 1076 1433 (I
1100 1362 1258 1418 Joan.
1294 1362 1354 1433 1).
1382 1385 1407 1409 ››
1439 1362 1508 1417 Et
1551 1378 1810 1426 saccum,

144 1450 206 1505 id
261 1455 354 1506 est
401 1449 679 1519 cilicium,
703 1467 918 1524 ponam
978 1450 1409 1524 operimentum
1466 1467 1691 1517 eorum,
1728 1453 1811 1516 ut,

146 1538 562 1611 pcenitentiam
593 1543 851 1611 agentes,
884 1538 1081 1595 dicant
1109 1556 1244 1594 cum
1278 1536 1591 1594 Psalmista
1616 1555 1664 1593 ;‹‹
1696 1538 1812 1609 Ego

146 1632 376 1694 autem,
399 1627 540 1682 dum
573 1626 720 1682 mihi
751 1626 983 1683 molesti
1022 1632 1239 1696 essent,
1269 1626 1585 1682 induebam
1620 1644 1710 1682 me
1739 1625 1814 1681 ci-

146 1714 290 1772 licio
323 1716 493 1788 (Psal.
525 1716 739 1788 xxxiv).
769 1738 789 1765 ι

222 1828 255 1854 ‹‹
304 1803 591 1860 Dominus
641 1803 802 1860 dedit
849 1804 995 1859 mihi
1040 1804 1306 1877 linguam
1358 1804 1669 1871 eruditam,
1699 1825 1719 1853 ι
1754 1803 1811 1858 id

144 1897 245 1949 est
274 1892 527 1961 doctam,
551 1916 579 1943 ‹‹
609 1896 676 1949 ut
708 1891 891 1949 sciam
932 1897 1265 1949 sustentare
1296 1910 1453 1959 eum,
1478 1892 1577 1964 qui
1609 1891 1813 1964 lapsus

144 1986 263 2049 est,
304 1981 499 2037 verbo.
527 2004 555 2030 ››
577 1980 802 2036 Hebraei
851 1980 1059 2037 nolunt
1106 1981 1215 2037 hoc
1266 1982 1479 2037 referre
1530 1981 1601 2036 ad
1647 1979 1811 2036 Chri-

142 2075 333 2137 stum,
356 2062 469 2126 sed
501 2069 698 2143 potius
727 2070 800 2125 ad
835 2069 1069 2139 Isaiam,
1103 2070 1196 2127 cui
1230 2070 1516 2125 Dominus
1545 2069 1809 2142 linguam

143 2158 447 2215 eruditam
478 2159 639 2215 dedit
671 2162 737 2215 ut
765 2164 1124 2215 sustentaret
1163 2159 1448 2232 populum
1473 2159 1810 2227 Judaicum,

145 2254 204 2305 et
227 2247 330 2320 qui
350 2247 535 2304 multa
552 2247 866 2320 opprobria
887 2248 958 2303 ab
982 2248 1064 2303 eis
1088 2246 1391 2313 sustinuit,
1414 2248 1471 2301 in
1497 2252 1727 2303 tantum
1748 2250 1814 2301 ut

148 2354 317 2391 serra
346 2333 540 2408 lignea
569 2341 885 2391 secaretur.
911 2336 1023 2391 Sed
1048 2335 1257 2391 melius
1280 2340 1367 2390 est
1397 2338 1461 2390 ut
1491 2336 1811 2391 referamus

149 2424 302 2479 illud
332 2425 403 2480 ad
438 2424 753 2480 Dominum
800 2424 1006 2481 Jcsum
1042 2424 1363 2493 Christum,
1390 2424 1486 2496 qui
1521 2424 1811 2479 eruditam

147 2512 420 2585 linguam
458 2511 664 2568 habuit
694 2514 765 2568 ad
797 2513 1223 2569 consolandum
1269 2518 1582 2568 niwrentes
1621 2516 1678 2567 et
1719 2529 1813 2567 re-

148 2602 482 2658 vocandum
513 2602 585 2657 ad
617 2600 1021 2674 pcenitentiam
1072 2605 1426 2673 peccatores,
1457 2606 1514 2657 et
1559 2600 1660 2673 qui
1710 2618 1813 2673 pro

146 2690 341 2748 salute
360 2689 591 2763 generis
612 2690 859 2746 humani
882 2690 1004 2746 haec
1028 2691 1149 2764 pati
1173 2690 1375 2745 voluit.
1405 2690 1690 2745 Dominus
1712 2688 1817 2762 (in-

147 2778 325 2852 quit),
341 2780 397 2834 id
420 2784 508 2835 est
525 2779 680 2835 Deus
704 2779 872 2835 Pater
890 2780 1053 2835 dedit
1070 2778 1213 2833 mihi
1238 2778 1501 2851 linguam
1525 2779 1814 2833 eruditam

146 2869 207 2924 in
240 2867 367 2941 lege
389 2868 667 2940 omnique
696 2867 1004 2940 sapientia,
1033 2872 1097 2922 ut
1119 2868 1301 2923 sciam
1326 2873 1658 2923 sustentare
1680 2885 1815 2922 cum

143 2956 329 3012 verbo
354 2955 455 3029 qui
485 2955 690 3029 lapsus
712 2961 821 3024 est,
844 2956 1129 3012 subaudis
1161 2957 1220 3011 iu
1253 2961 1560 3028 peccatum
1582 2960 1637 3010 et
1670 2972 1819 3010 mor-

144 3052 296 3115 tem,
330 3062 517 3118 geuus
547 3044 817 3101 videlicet
846 3044 1197 3101 humanum.
1224 3046 1347 3111 Quo
1375 3044 1550 3100 verbo
1583 3044 1724 3099 dicit
1754 3060 1816 3099 se

140 3138 486 3190 sustentare
524 3150 714 3207 genus
754 3132 1124 3189 humanum?
1153 3133 1342 3189 Verbo
1383 3131 1817 3205 praedicationis

139 3228 197 3280 et
234 3221 593 3295 pcenitentize
624 3222 888 3278 dicendo.
914 3244 941 3273 ‹‹
965 3222 1373 3277 Ρωηὶιθηὶὶαῐῑι
1406 3223 1579 3295 agite,
1609 3237 1816 3293 appro-

139 3311 460 3386 pinquavit
501 3311 659 3368 enim
705 3328 951 3385 regnum
995 3310 1659 3380 ccelorum(Mattli.1v.n
1700 3309 1814 3364 Et:

1924 742 2085 798 sione
2119 743 2278 799 illius
2310 745 2562 817 legimus
2593 747 2930 820 adimpleta.

1994 856 2019 879 ‹‹
2054 832 2339 888 Dominus
2370 834 2545 906 Deus,
2574 860 2601 885 ››
2626 837 2910 892 subaudis
2950 836 3135 904 Pater,
3165 861 3184 886 ι
3214 836 3524 892 auxiliator
3548 858 3574 885 ι)

1924 936 2087 974 meus
2128 922 2435 992 subaudis,
2460 924 2570 979 fuit
2600 924 2659 980 in
2714 932 3009 998 passione,
3036 950 3062 975 ι(
3095 925 3225 981 ideo
3277 942 3393 981 non
3440 942 3574 981 sum

1922 1010 2261 1077 confusus,»
2285 1011 2412 1067 ideo
2446 1031 2559 1067 non
2593 1012 2822 1081 erubui,
2858 1032 3044 1087 neque
3076 1013 3333 1070 sustinui
3365 1031 3576 1086 oppro-

1924 1096 2138 1152 brium.
2164 1100 2331 1154 'l‘unc
2363 1102 2680 1157 sustineret
2712 1103 3136 1171 confusionem,
3161 1103 3211 1158 si
3263 1104 3436 1158 tertia
3480 1103 3577 1157 die

1884 1202 2039 1239 -non
2100 1187 2535 1244 resurrexisset.
2565 1190 2717 1257 Ideo,
2752 1191 2891 1262 quia
2947 1190 3072 1263 ipse
3124 1195 3214 1246 est
3268 1190 3578 1246 auxiliator

1924 1289 2144 1341 meus,«
2168 1276 2335 1346 posui
2357 1276 2566 1332 faciem
2588 1296 2777 1333 meam
2803 1284 2866 1333 ut
2887 1285 3113 1351 petram
3134 1279 3570 1345 durissimam,-

1924 1364 1988 1414 ut
2018 1377 2053 1414 a
2082 1361 2353 1432 passione
2385 1382 2501 1419 non
2526 1382 2619 1419 me
2641 1370 2979 1421 averterem.
3009 1390 3035 1416 ‹‹
3058 1367 3128 1421 Et
3156 1366 3275 1422 scio
3297 1366 3574 1440 quoniam

1924 1466 2038 1503 non
2072 1451 2422 1518 confundar,
2448 1476 2473 1501 ››
2500 1453 2557 1508 id
2590 1460 2678 1508 est
2709 1471 2823 1509 non
2856 1454 3077 1526 peribo.

1997 1559 2025 1587 «
2055 1538 2249 1607 Juxta,
2281 1563 2301 1589 ι
2339 1541 2397 1596 id
2449 1547 2538 1596 est
2593 1559 2773 1615 prope
2833 1548 2922 1599 est
2945 1565 2974 1594 ‹‹
2997 1543 3152 1599 Deus
3178 1564 3205 1592 ››
3230 1542 3399 1599 Pater
3419 1566 3446 1594 ι(
3476 1543 3577 1615 qui

1912 1625 2206 1697 justifieat
2228 1645 2379 1684 me.»
2401 1630 3381 1703 Tuncjustiﬁcavitillum,quando
3404 1630 3575 1687 dixit:

1923 1713 2024 1768 Hic
2047 1719 2136 1770 est
2160 1715 2340 1772 Filius
2362 1735 2530 1774 meus
2549 1718 2820 1787 dilectus,
2842 1719 2900 1774 in
2924 1736 3040 1791 quo
3058 1718 3201 1774 mihi
3225 1718 3574 1792 complacui.

1922 1803 1991 1857 Et
2019 1805 2254 1875 quando
2286 1805 2453 1861 illum
2485 1808 2656 1863 tertia
2684 1808 2777 1864 die
2808 1806 3111 1863 suscitavit
3136 1824 3149 1863 :
3174 1808 3315 1874 Quis
3347 1811 3576 1863 contra-

1922 1891 2065 1947 dicit
2097 1892 2282 1948 mihi?
2313 1894 2373 1949 Id
2405 1899 2513 1962 est,
2548 1895 2679 1968 quis
2710 1900 2900 1967 potest
2931 1896 3124 1951 dicere
3164 1913 3258 1952 me
3293 1912 3409 1952 non
3448 1912 3577 1952 esse

1914 1981 2188 2052 justum?
2209 2006 2235 2032 ‹‹
2273 1983 2508 2039 Stemus
2538 1983 2740 2052 simul,
2770 2007 2790 2034 ι
2828 1984 3114 2041 subaudis
3157 1984 3229 2040 ad
3253 1983 3573 2055 judicium.

1921 2094 1945 2118 α
1974 2069 2112 2134 Quis
2144 2074 2234 2126 est
2264 2071 2636 2127 adversarius
2670 2073 2880 2129 meus?
2904 2097 2932 2123 »
2965 2073 3204 2129 accedat
3224 2097 3251 2123 «
3290 2073 3361 2128 ad
3403 2089 3517 2129 me.
3546 2094 3575 2122 »

1920 2157 2059 2213 Tale
2089 2165 2179 2214 est
2210 2159 2352 2216 illud
2378 2162 2533 2233 quod
2557 2166 2615 2217 et
2643 2162 2701 2217 in
2726 2161 3036 2235 Evangelio
3059 2162 3203 2218 dicit
3225 2180 3274 2218 :«
3301 2161 3441 2229 Quis
3463 2162 3575 2234 (in-

1922 2248 2068 2319 quit)
2092 2266 2159 2303 ex
2188 2250 2352 2304 vobis
2383 2255 2590 2322 arguet
2621 2269 2714 2307 me
2747 2252 2818 2307 de
2850 2252 3126 2324 peccato?
3146 2275 3175 2301 »
3198 2251 3348 2325 (Luc.
3367 2255 3473 2320 in).
3507 2250 3579 2306 Et

1921 2340 2008 2391 est
2039 2354 2250 2393 sensus
2300 2339 2619 2411 superioris
2650 2339 2920 2395 versiculi
2949 2357 2961 2395 :
2988 2342 3046 2395 Si
3088 2340 3223 2413 quis
3245 2339 3478 2412 (inquit)
3508 2356 3578 2394 ex

1921 2424 2083 2479 vobis
2114 2426 2332 2481 Judaels
2365 2432 2531 2499 putat
2562 2446 2654 2483 me
2677 2429 2838 2499 juste
2874 2428 3221 2483 crucifixum
3252 2432 3310 2484 et
3340 2427 3577 2500 aliquod

1924 2514 2129 2569 fecisse
2160 2521 2490 2587 peceatum,
2524 2519 2762 2573 accedat
2792 2518 2865 2573 ad
2901 2534 2992 2573 me
3033 2522 3099 2572 ut
3129 2517 3468 2589 judicemus
3500 2516 3580 2573 si-

1925 2602 2069 2657 mul.

1997 2714 2024 2739 ‹‹
2059 2691 2202 2747 Ecce
2232 2691 2519 2749 Dominus
2559 2694 2713 2750 Deus
2754 2693 3069 2750 auxiliator
3109 2711 3299 2761 meus,
3331 2693 3465 2766 quis
3495 2697 3585 2750 est

1925 2796 1992 2834 ex
2014 2780 2176 2834 vobis
2200 2780 2298 2851 qui
2324 2782 2676 2837 condemnet
2701 2799 2793 2837 me
2809 2782 2870 2837 ‘2»
2888 2781 3098 2837 Nullus
3120 2786 3315 2855 potest
3337 2798 3428 2836 me
3450 2798 3584 2837 con-

1926 2868 2222 2923 demnare.
2252 2892 2277 2916 ‹‹
2314 2870 2456 2924 Ecce
2499 2887 2703 2925 omnes
2743 2869 2950 2936 Judaei,
2975 2869 3076 2941 qui
3111 2869 3255 2924 mihi
3286 2868 3580 2923 contradi-

1925 2957 2260 3028 cunt,quasi
2286 2957 2702 3013 vestimentum
2724 2962 3119 3025 conterentur,
3142 2957 3299 3012 tinea
3314 2957 3583 3012 comedet

1925 3062 2077 3115 eos,-
2105 3045 2162 3100 id
2197 3050 2284 3100 est
2316 3046 2551 3117 propria
2573 3045 2950 3101 conscientia.
2978 3045 3143 3101 Sicut
3161 3044 3582 3101 vestimentum

1926 3134 2156 3189 duobus
2187 3134 2378 3189 modis
2433 3134 2823 3202 consumitur,
2847 3138 3136 3190 vetustate
3193 3133 3495 3207 temporis,
3527 3137 3585 3190 et

1927 3222 2084 3278 tinea
2116 3239 2129 3278 :
2166 3222 2246 3277 ita
2274 3221 2358 3277 illi
2390 3222 2529 3294 quia
2567 3227 2830 3296 tempore
2860 3222 3252 3296 quadraginta
3291 3239 3582 3279 annorum

1930 3311 2042 3367 sibi
2074 3311 2210 3365 dato
2243 3311 2312 3365 ad
2347 3311 2753 3383 paenitentiam
2802 3312 3117 3368 noluerunt
3141 3312 3418 3381 converti,
3452 3328 3587 3367 con-

217 3384 425 3458 venite
445 3402 517 3456 ad
542 3418 655 3472 me,
678 3384 883 3457 omnes
905 3400 1005 3472 qui
1028 3399 1309 3455 laboratis
1329 3403 1385 3453 et
1408 3397 1631 3454 onerati
1653 3397 1814 3465 estis,
1848 3384 1890 3451 C
1925 3399 2049 3455 triti
2080 3404 2221 3455 sunt
2250 3400 2697 3457 advenientibus
2730 3400 3033 3470 Romanis,
3068 3405 3127 3456 et
3156 3399 3217 3456 in
3244 3399 3374 3473 ipsa
3402 3399 3587 3456 tribu-

147 3495 206 3548 et
237 3507 344 3563 ego
374 3507 475 3546 vos
516 3490 773 3547 reficiam
798 3489 1005 3561 (Matth.
1028 3489 1131 3560 x1).
1160 3512 1188 3539 »
1212 3490 1375 3555 Quod
1425 3488 1586 3556 dicit,
1620 3486 1816 3543 Domi-

149 3597 269 3636 nus
296 3579 457 3635 dedit
488 3578 634 3635 mihi
664 3578 928 3652 linguam
950 3578 1264 3645 eruditam,
1290 3596 1399 3634 vox
1429 3575 1819 3632 humanitatis

156 3672 286 3725 est:
312 3669 637 3725 secundum
668 3684 845 3741 quam
869 3672 926 3725 et
946 3672 1079 3740 post
1103 3668 1438 3740 passionem
1470 3684 1536 3722 ac
1566 3663 1821 3722 res'urre-

157 3758 417 3815 ctionem
475 3757 639 3825 dixit,
684 3781 711 3807 ‹‹
760 3757 908 3813 Data
963 3762 1052 3813 est
1109 3755 1253 3812 mihi
1310 3761 1570 3829 potestas
1626 3755 1820 3812 omnis

155 3845 367 3917 (Matth.
390 3849 649 3916 xxvm).»
673 3848 969 3913 Quantum
1000 3845 1156 3903 enim
1189 3846 1260 3902 ad
1294 3846 1658 3902 divinitatem
1692 3862 1820 3918 per-

156 3935 330 4004 tinet,
354 3935 554 3991 omnia
580 3934 843 4007 possidet
884 3934 1235 3991 azternaliter
1277 3952 1412 3991 eum
1451 3935 1672 3990 Patren
1698 3932 1822 3989 Eri-

156 4024 304 4097 git,»
326 4022 385 4078 id
419 4028 508 4080 est
527 4024 734 4093 elevat,
767 4045 794 4076 α
816 4039 1009 4092 mane,
1034 4046 1062 4074 ››
1087 4023 1197 4079 hoc
1219 4029 1308 4079 est
1331 4024 1401 4079 ab
1425 4023 1658 4079 exordio
1681 4038 1821 4077 mea:

157 4111 507 4179 nativitatis,
531 4112 621 4169 vel
652 4111 1109 4186 praedicationis.

234 4225 262 4251 «
299 4201 467 4257 Mane
496 4201 668 4274 erigit
713 4200 857 4257 mihi
900 4217 1124 4272 aurem,
1154 4224 1181 4250 »
1216 4201 1272 4256 id
1325 4204 1413 4256 est
1462 4198 1821 4255 intellectum

156 4290 400 4357 mentis,
424 4314 451 4341 (ι
478 4295 544 4346 ut
574 4290 814 4347 audiam
838 4313 865 4340 ››
889 4289 1060 4347 illum
1084 4314 1110 4340 ‹‹
1139 4289 1311 4362 quasi
1339 4288 1691 4362 magistrum
1718 4310 1745 4336 ››
1767 4290 1825 4343 et

159 4398 235 4436 ne
267 4377 383 4435 alia
412 4379 620 4452 loquor
642 4378 754 4436 nisi
780 4396 908 4451 qum
931 4379 1005 4435 ab
1035 4378 1134 4435 illo
1166 4378 1426 4435 audiero.
1451 4378 1530 4433 De
1552 4377 1661 4432 hoc
1683 4375 1827 4431 dicit

156 4469 290 4542 ipse
330 4467 389 4523 in
430 4468 742 4542 Evangelio
780 4468 1027 4526 Joannis
1053 4485 1101 4524 τι
1129 4470 1248 4541 Ego
1270 4485 1305 4522 a
1328 4468 1550 4539 meipso
1592 4483 1707 4521 non
1738 4464 1823 4520 lo-

161 4574 317 4631 quor
337 4556 512 4630 (Joan.
532 4560 710 4629 x1v).»
726 4557 1013 4630 Loquitur
1034 4556 1320 4613 Dominus
1343 4572 1503 4632 more
1526 4552 1821 4626 discipuli,

160 4646 268 4719 qui
301 4646 591 4702 matutino
624 4651 886 4719 tempore
918 4663 952 4701 a
978 4645 1263 4719 magistro
1295 4646 1557 4700 docetur.

236 4758 266 4786 α
292 4734 579 4792 Dominus
601 4736 757 4792 Deus
788 4735 1018 4808 aperuit
1048 4733 1195 4791 mihi
1226 4751 1449 4800 aurem,
1477 4756 1504 4783 ››
1528 4733 1585 4787 id
1617 4737 1705 4788 est
1736 4731 1823 4788 in-
1859 4759 1904 4824 Β

161 4822 575 4897 telligentiam.
601 4848 629 4875 «
664 4824 783 4897 Ego
815 4828 1012 4879 autem
1056 4839 1170 4878 non
1205 4822 1560 4893 eontradico,
1591 4844 1617 4871 ››
1648 4822 1707 4876 id
1739 4824 1829 4875 est

162 4918 372 4968 contra
402 4913 759 4969 voluntatem
792 4911 952 4969 illius
983 4929 1097 4967 non
1131 4929 1258 4983 ago.
1286 4935 1311 4961 (ι
1337 4912 1677 4966 Retrorsum
1710 4926 1827 4964 non

164 5001 284 5071 abi,
311 5023 338 5051 n
360 5001 468 5057 hoc
499 5006 588 5059 est
629 5021 663 5058 a
698 5000 997 5057 voluntate
1047 5000 1206 5056 illius
1257 5018 1370 5056 non
1424 5000 1656 5068 recessi,
1690 4998 1831 5071 quia

164 5109 295 5164 quae
330 5090 545 5162 placita
572 5094 711 5146 sunt
741 5091 791 5146 ei
822 5090 971 5146 facio
1003 5106 1255 5163 semper.

243 5202 270 5230 (ι
304 5179 526 5251 Corpus
555 5196 754 5235 meum
785 5179 919 5235 dedi
952 5178 1436 5252 percutientibus,
1465 5202 1491 5227 ››
1523 5176 1741 5234 ιῐυᾱίρίε
1773 5183 1831 5234 et

165 5267 460 5324 militibus
478 5267 779 5337 Romanis,
795 5285 900 5340 pro
926 5266 1115 5324 salute
1136 5268 1365 5340 generis
1388 5268 1631 5323 humani
1649 5268 1827 5336 (Joan.

162 5358 316 5430 VIII),
344 5380 372 5407 ‹‹
406 5362 462 5412 et
492 5374 672 5431 genas
703 5374 867 5414 meas
893 5356 1311 5414 vellentibus.»
1336 5358 1505 5413 Genae
1538 5362 1677 5412 sunt
1706 5352 1832 5413 leca

167 5447 269 5504 ubi
304 5446 564 5519 primum
596 5447 780 5503 barba
810 5446 1112 5503 nascitur:
1138 5451 1278 5501 tunc
1301 5446 1460 5501 dedit
1490 5462 1670 5518 genas
1694 5463 1833 5502 suas

166 5537 290 5593 sive
332 5534 577 5591 barbam
621 5536 692 5591 ad
731 5533 1088 5603 vellendum,
1114 5535 1349 5607 quando
1380 5533 1717 5590 velavcrunt
1756 5536 1836 5590 ia-

166 5624 319 5681 ciem
341 5623 565 5694 ejus,et
586 5624 808 5680 dabant
829 5623 879 5680 ei
903 5622 1240 5695 alapas,illo
1265 5640 1378 5678 non
1403 5627 1831 5680 contemnente.

174 5739 195 5767 ι
222 5712 481 5781 Faciem,
507 5734 535 5762 κ
559 5712 619 5769 id
667 5717 757 5769 est
786 5713 1195 5787 paenitentiam
1247 5729 1463 5781 meam,
1485 5711 1574 5768 vel
1628 5713 1835 5769 faciem

165 5801 435 5879 corporis
465 5824 487 5857 ι
524 5818 641 5862 non
672 5803 851 5862 averti
876 5826 905 5855 ››
929 5802 1049 5861 sive
1099 5819 1216 5860 non
1269 5800 1554 5859 declinavi
1586 5823 1615 5854 «
1650 5802 1723 5859 ab
1753 5800 1839 5860 in-

1924 3488 2142 3545 latione
2189 3489 2425 3563 prepria
2465 3490 2826 3547 conscientia
2873 3492 3300 3563 torquebantur
3328 3507 3393 3547 eo
3427 3491 3584 3563 quod

1927 3596 2045 3633 non
2076 3578 2464 3635 credidissent
2501 3579 2561 3634 in
2592 3578 2846 3637 Christo.
2866 3578 2963 3635 Vel
2994 3580 3175 3636 etiam
3205 3580 3379 3637 modo
3410 3578 3587 3653 positi

1929 3667 1989 3723 in
2020 3668 2209 3740 pcenis
2248 3668 2481 3739 inferni,
2507 3671 2908 3727 recordatione
2937 3670 3184 3743 propriae
3215 3668 3587 3727 conscientiae

1928 3760 2298 3828 torquentur.
3500 3760 3511 3769 ’

2002 3844 2178 3912 «Quis
2194 3862 2261 3900 ex
2283 3845 2447 3901 vobis
2465 3870 2483 3896 ι
2504 3845 2843 3903 inﬁdelibus
2860 3847 3082 3903 Judzeis
3097 3847 3359 3902 «timens
3376 3844 3585 3912 Deum,

1931 3933 2233 4001 audiens,u
2255 3933 2314 3988 id
2338 3939 2447 4005 est,
2465 3934 2798 4007 intelligens
2817 3960 2843 3986 ‹‹
2864 3952 3064 3991 vocem
3086 3933 3235 3989 servi
3258 3933 3404 4003 sui,-
3423 3932 3480 3986 id
3502 3948 3587 3999 es,

1933 4021 2061 4078 Filii
2095 4021 2542 4091 sui,dieentis:«
2578 4022 2984 4079 Paenitentiam
3017 4022 3170 4094 agite
3204 4020 3407 4094 (Matth.
3433 4019 3587 4092 1v):»

1930 4115 1987 4167 et
2017 4128 2124 4182 ope
2156 4110 2479 4184 adimplet?
2510 4109 2740 4166 Nullus.
2765 4112 2890 4166 Duo
2920 4114 3062 4167 sunt
3090 4110 3352 4178 timores,
3375 4109 3502 4164 duae
3533 4110 3592 4163 et

1932 4200 2261 4255 servitutes.
2281 4201 2382 4255 Est
2407 4199 2579 4255 timor
2600 4199 2827 4255 servilis
2848 4216 2964 4272 quo
2988 4198 3159 4255 timet
3179 4213 3384 4255 servus
3409 4195 3592 4252 domi-

1934 4305 2100 4360 num,
2124 4288 2338 4344 timens
2372 4286 2655 4361 ﬂagellari
2685 4288 2760 4344 ab
2791 4287 2919 4357 illo;
2944 4292 3033 4344 est
3061 4291 3119 4343 et
3141 4287 3320 4343 timor
3347 4285 3588 4355 amoris,

1932 4395 2048 4450 quo
2072 4377 2238 4433 timet
2259 4377 2416 4433 illius
2440 4381 2687 4450 patrem,
2708 4395 2952 4449 sperans
2975 4378 3047 4434 ab
3071 4376 3171 4433 illo
3192 4375 3590 4433 haereditatem

1934 4466 2214 4538 accipere.
2238 4466 2318 4522 De
2341 4483 2457 4538 quo
2483 4466 2694 4522 timore
2725 4466 2819 4521 hic
2843 4465 3107 4538 loquitur
3126 4466 3198 4521 ad
3224 4462 3590 4535 Judaaos,qui

1934 4555 2050 4610 Deo
2081 4553 2295 4610 servire
2323 4558 2381 4609 et
2412 4554 2617 4610 timere
2661 4553 2986 4609 debuerant
3019 4570 3032 4608 :
3068 4555 3358 4624 quatenus
3389 4550 3460 4605 ab
3491 4549 3592 4606 illo

1936 4643 2335 4699 hazreditatem
2382 4642 2580 4716 patriae
2613 4640 2865 4698 caelestis
2905 4645 3272 4697 mererentur
3309 4638 3590 4710 accipere.

1936 4732 2014 4787 De
2058 4732 2167 4789 hoc
2217 4732 2393 4788 etiam
2444 4731 2658 4787 timore
2709 4730 2998 4787 diciturm
3024 4729 3263 4786 Initium
3295 4727 3593 4800 sapientiae

1936 4823 2114 4878 timor
2145 4820 2375 4878 Domini
2405 4822 2586 4894 (Prov.
2614 4824 2709 4889 1)..
2738 4821 2809 4875 Et
2833 4837 2880 4874 ;‹‹
2907 4818 3110 4875 Timor
3139 4816 3366 4874 Domini
3396 4814 3596 4872 omnia

1938 4914 2175 4983 superat
2199 4911 2360 4983 (Eccl.
2382 4915 2532 4978 xxv),
2562 4932 2589 4959 ››
2621 4914 2678 4965 et
2712 4913 2919 4964 caztera
2948 4908 3041 4963 his
3074 4906 3311 4963 similia.
3335 4905 3594 4977 Subjun-

1938 5000 2096 5072 gitur
2114 5016 2251 5070 ergo
2274 4999 2344 5053 de
2375 4998 2502 5069 ipso
2536 4997 2681 5053 Filio
2704 4997 2828 5063 Dei,
2844 5001 2900 5052 et
2920 4997 3141 5052 dicitur
3162 5013 3210 5052 ια
3232 4995 3430 5063 Quis,»
3452 4993 3594 5049 sub-

1940 5088 2107 5145 audis
2140 5087 2320 5143 Filius
2343 5087 2497 5155 Dei,«
2524 5084 2846 5141 ambulavit
2878 5085 2936 5139 in
2967 5084 3248 5151 tenebris,
3273 5087 3469 5139 etnon
3504 5086 3596 5137 est

1939 5177 2139 5233 lumen
2172 5177 2283 5247 ei,»
2304 5176 2361 5231 id
2394 5180 2483 5231 est
2523 5175 2710 5248 gloria
2758 5175 2817 5229 in
2865 5174 2965 5230 illo
3014 5174 3252 5247 populo,
3287 5173 3441 5228 sicut
3469 5170 3596 5244 ipse

1942 5268 2087 5323 dixit
2109 5284 2156 5322 ;‹‹
2180 5268 2360 5324 Nemo
2378 5265 2663 5338 propheta
2685 5268 2774 5321 est
2797 5265 2923 5320 sine
2941 5262 3307 5333 honore,nisi
3329 5262 3388 5316 in
3405 5261 3598 5334 patria

1942 5375 2050 5413 sua
2079 5355 2281 5429 (Matth.
2304 5371 2438 5421 xm;
2472 5353 2636 5408 Marc.
2660 5371 2751 5423 v1;
2785 5354 2912 5408 Luc.
2945 5353 3041 5425 1v).
3072 5375 3098 5402 ››
3130 5352 3293 5419 Quod
3334 5367 3470 5423 ergo
3508 5348 3597 5406 lu-

1943 5463 2077 5501 men
2107 5444 2193 5500 vel
2223 5462 2348 5515 quze
2378 5442 2564 5515 gloria
2591 5447 2715 5498 erat
2746 5441 2886 5496 Filio
2917 5440 3017 5496 Dei
3049 5440 3285 5512 quando
3316 5455 3597 5511 conspue-

1944 5535 2117 5589 batur
2145 5537 2203 5588 et
2235 5530 2497 5603 colaphis
2524 5529 2893 5586 caedebatur?
2915 5528 3193 5586 Dicamus
3225 5533 3282 5584 et
3311 5527 3497 5596 aliter,
3521 5526 3595 5583 ad

1944 5621 2189 5697 gentiles
2220 5621 2329 5676 hoc
2360 5621 2698 5675 referentes.
2720 5619 2826 5685 Qui
2850 5617 3086 5691 gentilis
3118 5616 3372 5691 pepulus
3396 5616 3600 5673 ambu~

1944 5710 2083 5767 lavit
2111 5711 2170 5766 in
2210 5709 2466 5766 tenebris
2500 5706 2885 5776 infidelitatis,
2907 5710 2967 5764 et
3004 5724 3121 5763 non
3160 5711 3286 5764 erat
3314 5706 3366 5764 ei
3396 5704 3599 5775 lumen

1946 5801 2007 5860 in
2038 5800 2231 5871 corde,
2254 5799 2311 5857 id
2342 5803 2430 5858 est
2461 5796 2754 5868 Christus,
2790 5795 2892 5873 qui
2918 5796 3064 5856 dixit
3089 5813 3103 5856 :
3127 5820 3156 5851 «
3188 5796 3307 5874 Ego
3338 5813 3474 5858 sum
3500 5795 3604 5859 lux
