3956 6424
419 462 538 524 9⁸75

390 685 561 760 'quia
589 700 706 743 non
734 689 823 742 est
851 685 902 742 ei
934 684 1154 753 lumen,
1176 685 1265 740 vel
1290 685 1361 740 de
1381 684 1634 753 Christo,
1658 682 1746 740 vel
1770 684 1840 739 de
1870 681 2075 756 gentili

422 774 656 848 populo,
681 797 710 825 «
736 775 939 847 Speret
966 774 1026 829 in
1055 774 1292 830 nomine
1323 773 1577 843 Domini,
1603 778 1660 829 et
1678 772 1966 828 innitatur
1985 789 2079 827 su-

397 868 524 937 per
553 863 870 920 Dominum
900 882 1101 934 suum,
1127 888 1156 915 »
1180 864 1468 920 subaudis
1494 882 1506 920 :
1531 869 1589 919 et
1620 867 1759 919 tunc
1782 863 1973 919 veniet
2004 862 2075 917 ad

400 951 616 1009 lumen
647 953 849 1026 gaudii
882 956 940 1009 et
969 952 1182 1009 laetitize
1213 971 1375 1010 meae.

394 1045 407 1051 '
492 1065 520 1093 «
544 1042 690 1099 Ecce
718 1058 925 1100 omnes
955 1060 1056 1099 vos
1082 1065 1109 1093 »
1133 1042 1319 1100 Judaei
1346 1068 1373 1092 ‹‹
1407 1044 1793 1099 accendentes
1826 1043 2022 1114 ignem
2048 1065 2077 1091 »

418 1131 670 1202 invidiae,
691 1132 781 1190 vel
823 1132 1022 1207 ignem
1051 1132 1397 1189 vastationis
1457 1138 1662 1189 contra
1699 1149 1802 1189 vos
1844 1120 2079 1204 propter

417 1224 656 1294 peccata
681 1226 896 1291 vestra,
927 1243 956 1273 «
986 1224 1047 1278 et
1086 1222 1333 1278 accincti
1366 1221 1643 1291 ﬂammis,
1674 1245 1702 1271 ››
1735 1221 1792 1276 id
1825 1226 1934 1290 est,
1960 1221 2079 1276 cir-

400 1308 679 1368 cumdati
702 1311 979 1385 peccatis.
999 1311 1223 1383 Ignem,
1251 1327 1368 1383 quo
1390 1328 1673 1367 succensa
1702 1314 1790 1366 est
1821 1311 2025 1366 civitas
2044 1328 2079 1367 a

420 1400 725 1471 Romanis,
739 1401 853 1474 ipsi
871 1401 1527 1472 accenderunt,quando
1545 1399 1757 1455 Filium
1780 1399 1881 1455 Dei
1904 1400 2077 1456 morti

417 1492 811 1560 trodiderunt,
843 1489 1113 1546 succensi
1156 1488 1291 1561 igne
1339 1488 1446 1545 zeli
1491 1493 1549 1545 et
1596 1488 1824 1545 invidiae
1876 1494 2081 1546 contra

422 1568 731 1651 eum,ldeo
752 1596 889 1653 ergo
911 1578 1051 1635 dicit
1069 1577 1312 1634 accincti
1334 1578 1613 1647 ﬂammis,
1628 1578 1767 1650 quia
1787 1577 1939 1635 sicut
1954 1578 2080 1651 jus-

404 1674 521 1728 tus
558 1668 806 1741 quilibet
852 1666 1254 1722 circumdatur
1298 1664 1638 1737 virtutibus,
1683 1666 1764 1721 ita
1810 1671 2080 1738 peccator

401 1746 861 1830 iniquitatibus.
890 1778 917 1806 «
950 1753 1262 1809 Ambulate
1292 1753 1351 1809 in
1382 1753 1608 1810 lumine
1639 1755 1792 1828 ignis
1822 1757 2021 1825 vestri,
2049 1780 2077 1807 ››

400 1843 480 1901 ’ἱά
512 1846 645 1914 est,,
669 1844 731 1901 in
766 1842 1157 1900 tribulatione
1187 1841 1541 1915 captivitatis
1572 1861 1751 1916 quam
1780 1845 1946 1902 vobis
1977 1863 2078 1919 pa-

420 1934 653 2002 rastis,«
676 1937 734 1990 et
752 1932 815 1991 in
838 1931 1095 1988 ﬂammis
1118 1954 1146 1982 »
1170 1932 1517 1988 vastationis
1535 1937 1589 1988 et
1612 1934 1862 1990 miseriae
1877 1960 1903 1985 ‹‹
1930 1953 2080 2008 quas
2109 1966 2158 2037 Β

400 2020 834 2081 ‘s‘uccendistis.
859 2021 941 2078 De
989 2038 1171 2077 manu
1219 2037 1423 2090 mea,»
1449 2021 1509 2076 id
1559 2026 1647 2078 est
1697 2024 1768 2079 de
1820 2020 2127 2097 potentia".

418 2120 573 2183 mea,
598 2111 884 2170 Subaudis
926 2111 1039 2168 hoc
1078 2109 1301 2166 malum
1330 2110 1518 2177 vobis,
1539 2127 1572 2165 o
1603 2111 1943 2185 impiissimi
1974 2114 2079 2171 Ju-

398 2198 552 2261 ‘daei.
572 2198 716 2279 Tale
743 2206 833 2258 est
862 2200 973 2256 hoc
1004 2200 1161 2273 quod
1193 2198 1306 2256 alio
1346 2199 1407 2255 in
1452 2199 1579 2256 loco
1621 2201 1840 2258 dicitur
1863 2219 1876 2258 :
1903 2202 1964 2259 Si
1991 2207 2081 2260 est

400 2276 649 2350 "n‘aalum
677 2291 739 2347 in
771 2290 1004 2348 civitate
1034 2290 1191 2363 quod
1225 2290 1508 2346 Dominus
1549 2307 1664 2345 non
1705 2290 1841 2348 fecit
1875 2293 2078 2362 (Amos.

416 2386 530 2453 1'11),
554 2390 582 2434 ἀ
613 2382 677 2437 in
708 2380 1030 2447 doloribus,
1059 2401 1088 2428 »
1120 2378 1406 2434 subaudis
1432 2379 1779 2437 vastationis
1809 2384 1867 2436 et
1896 2382 2079 2453 capti-

413 2472 641 2541 vitatis,
668 2468 1050 2536 «dormieris,
1079 2490 1107 2517 ››
1130 2466 1217 2523 vel
1242 2467 1544 2523 doloribus
1575 2469 1788 2524 inferni
1813 2472 2081 2543 jacentes

414 2560 535 2620 ista
566 2558 960 2627 sustinebitis,
984 2556 1255 2614 videlicet
1296 2557 1598 2613 ﬂammam
1644 2563 1702 2613 et
1748 2559 1946 2633 ignem
1977 2561 2080 2617 tri-

414 2649 765 2709 bulationis.

424 2754 429 2755 '
472 2736 473 2745 “
530 2734 579 2753 ξ’
684 2756 689 2761 ‘
1067 2736 1299 2793 CAPUT
1345 2737 1434 2793 LI.

492 2856 521 2883 «ι
545 2830 780 2899 Audite,
796 2828 897 2901 qui
919 2826 1237 2899 sequimini
1260 2827 1417 2899 quod
1433 2828 1667 2898 justum
1690 2832 1780 2884 est
1800 2832 1857 2883 et
1878 2828 2083 2901 quieri-

416 2923 497 2979 tis
530 2918 908 2976 Dominum.»
931 2914 1216 2989 Superius
1247 2914 1479 2971 locutus
1500 2921 1589 2971 est
1618 2921 1821 2973 contra
1849 2918 2082 2975 Judaeos

416 3008 777 3078 incredulos,
804 3006 905 3079 qui
937 3005 997 3062 in
1028 3004 1374 3062 infidelitate
1405 3010 1894 3077 permanserunt:
1923 3024 2081 3064 nunc

419 3096 744 3172 alloquitur
764 3094 1061 3168 apostolos
1083 3099 1141 3150 et
1157 3110 1392 3149 omnem
1415 3094 1660 3150 chorum
1684 3096 2077 3153 credentium:

416 3189 631 3247 Audite
659 3185 897 3259 (inquit)
921 3201 1035 3253 me,
1058 3200 1091 3239 o
1122 3183 1393 3257 apostoli,
1418 3185 1477 3239 id
1508 3190 1598 3240 est
1627 3185 1932 3241 audientes
1963 3203 2078 3254 me,

420 3274 734 3351 intelligite
755 3288 883 3348 qua:
906 3274 1035 3330 dico
1061 3290 1073 3329 :
1098 3273 1199 3346 qui
1224 3273 1541 3345 sequimini
1564 3279 1621 3329 et
1642 3275 1741 3346 qui
1764 3272 2079 3332 imitamini

416 3362 526 3441 'per
547 3342 723 3423 ﬁdem
746 3342 903 3436 quod
917 3342 1150 3435 justum
1176 3367 1284 3431 est,
1306 3342 1368 3417 id
1390 3367 1479 3418 est
1497 3342 1820 3434 Christum,
1844 3369 1901 3420 et
1922 3364 2077 3439 quae-
2104 3342 2153 3419 (ἶ

418 3452 887 3512 'ritisDominum
904 3452 1018 3507 ﬁde
1035 3455 1092 3506 et
1110 3450 1496 3518 devotione,et
1514 3469 1629 3508 non
1645 3452 1811 3509 lucra
1829 3457 2079 3512 terrena.

424 3567 453 3594 α
473 3541 868 3612 Attendit‘e,»o
889 3539 1153 3612 populi,«
1169 3541 1241 3595 ad
1263 3545 1489 3612 petram
1512 3542 1668 3596 unde
1684 3542 1861 3598 excisi
1878 3543 2080 3613 estis,»

424 3629 493 3686 id
515 3629 698 3686 estad
716 3626 1139 3700 Abraha‘m,qui
1162 3633 1328 3701 petra
1349 3630 1459 3684 fuit
1479 3634 1717 3702 propter
1738 3631 2079 3689 ﬁrmitatem

424 3716 669 3787 ﬂdei,de
688 3730 804 3788 quo
825 3715 1216 3787 processistis,
1244 3739 1270 3766 ι(
1297 3720 1353 3771 et
1384 3717 1456 3772 ad
1489 3734 1798 3775 cavernam
1828 3719 1999 3791 laci,»
2020 3721 2078 3779 id

423 3810 514 3864 est
541 3806 613 3863 ad
648 3806 855 3862 Saram
880 3805 951 3861 de
981 3822 1101 3877 qua
1129 3805 1305 3861 excisi
1338 3805 1501 3863 estis.
1523 3805 1626 3862 Vel
1657 3806 1862 3865 aliter:
1888 3812 2084 3867 Atten-

400 3904 403 3909 '
422 3896 543 3954 dite
564 3896 638 3954 ad
662 3894 983 3973 petram,id
1001 3900 1091 3952 est
1112 3896 1184 3951 ad
1202 3894 1521 3965 Christum,
1538 3897 1694 3954 unde
1715 3898 1893 3957 excisi
1914 3901 2077 3970 estis,

418 3986 456 4043 'a
476 4002 592 4059 quo
614 3984 793 4055 ﬁdem
815 3983 1144 4057 accepistis,
1161 3989 1218 4041 et
1238 4002 1272 4040 a
1292 4002 1408 4058 quo
1426 3985 1743 4043 Christiani
1766 3986 2078 4047 vocamini.

416 4075 503 4132 De
532 4082 650 4149 qua
686 4078 855 4148 petra
885 4073 1029 4131 dicit
1064 4073 1421 4147 Apostolus:
1448 4098 1476 4126 «
1511 4073 1682 4133 Petra
1720 4081 1917 4135 autem
1956 4074 2083 4137 erat

419 4163 761 4239 Christus“
787 4165 917 4222 σον.
941 4166 1058 4234 11).»
1078 4164 1396 4221 Cavernam
1426 4163 1538 4221 laci
1559 4182 1880 4239 possumus
1906 4152 2079 4227 intel-

419 4251 601 4328 li'gere
621 4252 777 4311 latus
796 4253 1013 4311 Christi
1035 4254 1192 4326 quod
1216 4254 1547 4326 perfossum
1571 4259 1660 4312 est
1681 4255 1904 4327 lancea,
1925 4258 2081 4315 sicut

420 4342 548 4417 ipse
568 4342 717 4400 dixit
736 4342 798 4399 in
818 4342 1047 4416 psalmo
1070 4359 1119 4398 :«
1149 4344 1443 4399 Foderunt
1472 4362 1686 4401 manus
1711 4363 1874 4403 meas
1895 4350 1953 4404 et
1973 4364 2078 4421 pe-

421 4433 525 4489 des
547 4439 710 4489 m’eos
732 4431 902 4506 (Psal.
924 4435 1099 4502 xx1).»
1115 4432 1196 4488 De
1219 4449 1334 4505 quo
1371 4433 1549 4490 excisi
1586 4452 1815 4506 sumus,
1841 4436 2078 4509 quando

419 4521 597 4580 exivit
627 4521 873 4596 sanguis
895 4521 1315 4595 redemptionis
1346 4526 1577 4593 nostra},
1602 4527 1659 4580 et
1679 4542 1833 4598 aqua
1853 4526 2075 4600 baptis-

412 4612 619 4669 matis.
651 4610 977 4668 Possumus
1024 4612 1199 4668 etiam
1232 4629 1537 4669 cavernam
1590 4612 1701 4669 laci
1751 4614 2077 4689 intelligere

833 464 1245 525 HAYMONIS
1278 461 1818 525 HALBERSTAT.
1853 457 2095 521 EPISC.
2127 458 2302 521 OPP.
2336 460 2562 522 PARS.
2596 461 2642 522 l.
2679 495 2754 506 —
2783 461 3190 527 COMMENT.
3224 463 3423 525 BIBL.

422 572 1025 667 mundi(.loan.vm).»
1040 596 1151 651 Sed
1177 596 1315 668 quid
1344 594 1917 668 subjungitur?ldco
1941 609 2078 666 ergo
2100 592 2161 679 Α

3721 466 3832 525 9ἷ6

2261 616 2289 643 ‹‹
2316 593 2728 673 Consolabitur
2750 612 2956 652 omnes
2975 596 3180 654 ruinas
3199 598 3393 671 ejus.»~
3410 597 3493 655 De
3510 597 3831 673 gentilitate

2187 681 2259 736 ad
2290 682 2465 738 ﬁdem
2496 683 2798 740 venientes
2819 687 2876 741 et
2896 701 2995 742 eas
3022 685 3344 759 complens.
3367 686 3438 742 Et
3464 690 3557 743 est
3587 704 3827 745 sensus:

2186 771 2305 843 Ego
2327 776 2476 828 Deus
2499 773 2931 846 omnipotentes
2960 774 3061 848 qui
3083 773 3225 830 olim
3248 775 3543 859 Abraham
3565 775 3832 850 multipli-

2187 860 2331 929 cavi,
2357 878 2600 934 possum
2639 862 2815 919 etiam
2856 863 3146 920 consolari
3176 860 3517 933 Ecclesiam,
3541 871 3600 921 et
3628 883 3832 941 augere

2187 948 2340 1005 ﬁlios
2357 951 2506 1023 ejus.
2520 974 2541 1001 «ι
2559 953 2627 1007 Et
2642 956 2819 1024 ponet
2833 953 3132 1009 desertum
3151 954 3409 1027 ejus,»i_d
3425 958 3514 1020 est
3532 954 3831 1028 primitivaa

2174 1038 2478 1119 Ecclesiae,
2505 1064 2533 1091 ‹‹
2557 1041 2725 1113 quasi
2748 1040 3010 1111 delicias,
3033 1038 3095 1099 et
3117 1040 3494 1100 solitudinem
3521 1044 3570 1116 ej
3582 1062 3650 1100 us
3670 1046 3831 1116 quasi

2186 1127 2425 1184 hortum
2452 1129 2740 1202 Domini,»
2766 1130 2878 1186 hoc
2909 1133 3019 1204 est,
3044 1149 3172 1205 quas
3203 1135 3377 1188 antea
3405 1130 3633 1190 deserta
3663 1138 3833 1190 erata

2167 1216 2326 1303 -Deo,
2350 1217 2409 1273 id
2442 1221 2531 1274 est
2562 1220 2841 1277 derelicta
2866 1224 2924 1277 et
2951 1220 3011 1276 in
3042 1218 3421 1303 selitudinem
3452 1222 3706 1292 redacta,
3728 1222 3832 1279 ha-

2188 1306 2322 1363 beat
2368 1307 2428 1363 in
2459 1324 2521 1365 se
2552 1307 2945 1366 habitatorem
3002 1311 3209 1380 Deum,
3240 1298 3313 1367 et,
3354 1311 3609 1385 proferat
3644 1306 3831 1370 ﬂores

2174 1396 2493 1467 'virtutum,
2509 1402 2567 1453 et
2586 1399 2812 1456 fructus
2834 1399 3000 1456 bonae
3023 1400 3399 1474 operationis.
3416 1398 3443 1453 (ξ
3470 1400 3763 1482 Gaudium
3783 1408 3834 1457 et

2170 1484 2389 1579 :lzetitia
2411 1486 2741 1544 invenietur
2760 1488 2819 1544 in
2844 1506 2931 1544 ea.
2951 1489 3285 1546 Gratiarum
3315 1482 3463 1547 actio
3493 1480 3552 1546 et
3576 1508 3684 1547 vox
3706 1480 3833 1546 lau-

2188 1575 2339 1632 dis.»
2356 1576 2470 1632 Pro
2492 1576 2792 1634 beneﬂciis
2820 1578 2935 1634 sibi
2957 1595 2991 1634 a
3008 1574 3127 1635 Deo
3149 1574 3395 1645 collatis.
3421 1578 3490 1636 Et
3509 1578 3647 1653 quia
3674 1581 3835 1637 rede-

2189 1664 2301 1720 mit
2328 1682 2457 1721 eam
2498 1666 2785 1739 sanguine
2825 1666 3120 1740 passionis
3158 1666 3299 1743 suae,
3331 1664 3551 1741 gratias
3594 1669 3835 1727 referret

2189 1754 2240 1810 ei
2272 1759 2330 1811 et
2358 1753 2563 1811 laudes
2597 1754 2730 1812 ﬁdei
2767 1772 2834 1811 ac
2865 1746 3271 1814 confessionis.
3488 1750 3519 1757 ⁷’

2262 1867 2289 1895 ‹‹
2312 1844 2610 1901 Attendite
2639 1846 2711 1901 ad
2758 1861 2852 1901 me
2900 1844 3156 1919 populus
3185 1862 3374 1917 meus,
3400 1868 3429 1896 »
3458 1847 3516 1925 id
3563 1851 3654 1905 est
3694 1865 3834 1925 uapo-

2191 1932 2328 1990 stoli
2358 1934 2496 2000 mei,
2524 1953 2552 1986 α
2582 1936 2641 1989 et
2681 1933 2875 1990 tribus
2905 1951 3057 2003 mea,
3085 1928 3191 2001 bid
3226 1926 3335 2005 est,
3363 1924 3485 2009 qui
3506 1924 3834 1994 credidistis

2188 2039 2258 2078 ex
2288 2022 2509 2079 Judzeis
2537 2022 2626 2079 vel
2670 2023 2968 2097 gentibus,
2996 2047 3023 2075 «
3057 2018 3254 2081 audite
3285 2018 3434 2081 me.»
3457 2025 3567 2082 Iste
3610 2029 3701 2081 est
3732 2042 3833 2098 po-

2158 2182 2165 2185 _
2190 2110 2388 2184 pulus,
2414 2116 2471 2167 et
2499 2111 2625 2167 istae
2657 2116 2799 2168 sunt
2826 2111 3039 2182 tribus,
3061 2112 3131 2169 de
3160 2112 3378 2185 quibus
3398 2106 3629 2170 Gabriel
3650 2104 3835 2185 loqui-

2190 2204 2289 2256 tur
2318 2200 2392 2256 ad
2421 2199 2659 2273 Joseph.
2685 2224 2713 2251 «
2750 2201 2879 2274 Ipse
2908 2201 3071 2257 enim
3098 2199 3325 2258 salvum
3356 2194 3832 2275 faciet'populum

2191 2306 2367 2345 suum
2398 2306 2432 2345 a
2462 2290 2718 2362 peccatis
2748 2306 2951 2345 eorum
2983 2289 3187 2361 (Matth.
3210 2290 3274 2361 1).
3298 2313 3326 2342 ››
3350 2288 3419 2346 Et
3449 2286 3601 2363 quid
3635 2288 3832 2363 praeci-

2191 2378 2277 2452 pit
2307 2383 2373 2434 ut
2403 2378 2685 2435 audiant?
2708 2402 2736 2429 «
2762 2379 2910 2445 Quia
2938 2378 3087 2448 lex,»
3102 2376 3321 2468 inquit,
3347 2372 3628 2467 subaudis
3656 2376 3832 2435 Evan-

2178 2468 2349 2547 gelii,
2376 2492 2402 2519 ‹‹
2432 2486 2466 2524 a
2495 2485 2589 2524 me
2621 2468 2790 2537 exiet,
2816 2471 2874 2524 et
2904 2464 3199 2546 judicium
3241 2464 3504 2541 meum,»
3524 2466 3581 2525 id
3619 2472 3709 2526 est
3737 2468 3829 2524 de-

2192 2552 2437 2628 cretum,
2463 2581 2491 2608 ‹‹
2524 2558 2585 2613 in
2617 2556 2878 2627 lucem,»
2911 2557 3020 2614 hoc
3051 2554 3159 2627 est,
3190 2557 3251 2615 in
3282 2550 3454 2616 ﬁdem
3486 2558 3829 2639 populorum

2192 2670 2221 2698 ‹‹
2256 2647 2583 2719 requiescet
2610 2646 2711 2720 qui
2742 2646 2801 2702 in
2832 2644 3141 2705 tenebris»
3172 2646 3534 2706 infidelitatis
3554 2634 3581 2699 «ὲ
3613 2634 3828 2704 θηοιῶ

2182 2737 2355 2809 juxta
2402 2736 2546 2792 illud
2583 2734 2941 2809 :«Populus
2972 2736 3074 2810 qui
3123 2730 3462 2795 ambulabat
3490 2737 3550 2794 in
3578 2737 3830 2793 tenebris

2189 2825 2335 2881 vidit
2362 2825 2553 2881 lucem
2582 2842 2860 2899 magnam
2881 2822 3033 2899 (Isai.
3056 2820 3193 2896 1x).»
3214 2822 3245 2884 J
3255 2824 3511 2897 udicium
3539 2826 3831 2885 discretio-

2192 2914 2285 2970 nis
2313 2914 2447 2984 t‘uit,
2479 2917 2545 2970 ut
2571 2914 2792 2971 Judaeis
2833 2906 3166 2971 nolentibus
3205 2908 3456 2985 credere,
3482 2908 3727 2989 gentiles
3755 2915 3825 2979 ad

2190 3004 2369 3059 ﬁdem
2412 3006 2779 3059 vocarentur.
2813 2997 2943 3058 Haec
2978 2998 3139 3076 quae
3171 3000 3445 3073 diximus,
3478 3020 3546 3059 ex
3585 2992 3828 3075 persona

2191 3089 2323 3149 Filii
2354 3090 2454 3148 Dei
2486 3088 2713 3165 prolata
2733 3096 2875 3149 sunt
2902 3109 2915 3149 :
2940 3086 3049 3150 hec
3067 3086 3206 3149 vero
3237 3091 3392 3164 quod
3423 3092 3702 3166 sequitur,
3724 3108 3829 3149 vox

2182 3182 2379 3261 Patris
2408 3186 2497 3238 est
2526 3183 2597 3238 de
2630 3174 2794 3239 F‘ilio.
3566 3170 3573 3177 ’

2248 3272 2290 3325 ⁷‹‹
2317 3273 2500 3346 Prope
2547 3276 2637 3330 est
2675 3272 2879 3344 justus
2910 3288 3101 3342 meus,
3126 3294 3153 3323 »
3185 3271 3244 3327 id
3284 3275 3393 3342 est,
3422 3287 3597 3345 prope
3632 3274 3721 3327 est
3765 3274 3828 3328 ut

2192 3367 2470 3420 nascatur
2496 3379 2565 3419 ex
2592 3360 2815 3435 virgine
2857 3360 3040 3418 Filius
3070 3378 3236 3418 meus
3261 3377 3275 3417 :
3301 3350 3339 3413 ‹‹’
3361 3377 3477 3417 non
3515 3350 3830 3416 morabitur

2193 3446 2470 3525 amplius.
2503 3452 2791 3525 Egressus
2821 3454 2910 3507 est
2940 3443 3202 3508 Salvator
3229 3466 3451 3517 meus,»
3472 3438 3529 3504 id
3575 3453 3665 3504 est
3701 3450 3827 3520 jam

2193 3562 2227 3601 a
2257 3536 2359 3599 me
2380 3541 2616 3617 genitus
2639 3558 2653 3596 :
2678 3538 3010 3614 egredietur
3027 3532 3285 3613 tempore
3306 3558 3340 3596 a
3360 3543 3560 3596 matre.
3591 3538 3622 3595 J
3630 3542 3827 3599 ustum

2191 3630 2448 3706 appellat
2478 3622 2764 3687 Deminus
2793 3632 2960 3703 pater
2977 3626 3166 3687 ﬁlium
3196 3620 3369 3685 suum
3390 3633 3447 3685 et
3476 3616 3823 3697 Savatorem,

2190 3721 2331 3795 quia
2349 3738 2452 3794 per
2466 3714 2634 3776 illum
2649 3720 2940 3791 justificat
2955 3724 3012 3776 et
3031 3717 3216 3776 salvat
3230 3735 3431 3776 omnes
3446 3716 3656 3775 electos
3671 3708 3825 3773 suos.

2190 3807 2354 3879 Quod
2386 3814 2585 3867 autem
2608 3804 2974 3882 subjungit,«
2997 3813 3054 3866 et
3075 3806 3316 3866 brachia
3336 3800 3464 3863 mea
3482 3805 3729 3881 populos
3741 3807 3830 3879 juo

2189 3900 2531 3968 dicabunt,»
2556 3898 2852 3972 apostolos
2880 3897 3007 3954 vult
3036 3894 3365 3971 intelligi'ct
3385 3886 3731 3970 apostolicos
3751 3893 3827 3951 vi-

2189 3982 2308 4059 ros,
2328 3990 2427 4063 qui
2441 3988 2766 4062 judicaturi
2789 3991 2931 4044 sunt
2950 4004 3154 4045 omnes
3175 3978 3377 4061 gentes
3399 3986 3457 4042 in
3480 3974 3825 4058 diejudicii:

2189 4078 2344 4137 sicut
2372 4076 2499 4151 ipse
2527 4072 2816 4134 Dominus
2845 4064 3136 4149 promisit,
3161 4075 3359 4154 dicens
3381 4091 3430 4133 ;‹‹
3455 4074 3599 4131 Cum
3619 4073 3830 4157 sederit

2188 4166 2724 4243 (inquiens)-Filius
2763 4158 3021 4223 hominis
3068 4164 3130 4223 in
3177 4165 3311 4222 sede
3358 4165 3661 4236 majestate
3689 4180 3825 4241 suae,

2188 4252 2481 4316 Sedebitis'
2499 4261 2557 4314 et
2585 4273 2687 4313 vos
2736 4273 2915 4329 super
2942 4255 3111 4313 sedes
3141 4244 3465 4322 duodecim,
3498 4244 3826 4325 judicantes

2188 4344 2501 4405 duodecim
2521 4344 2714 4403 tribus
2739 4342 2916 4427 Israel
2937 4340 3143 4427 (Matth.
3165 4332 3424 4427 xv111).m}
3448 4342 3537 4400 Me
3566 4334 3827 4427 insulae,»

2180 4437 2246 4511 id
2271 4439 2361 4494 est
2388 4428 2638 4509 gentiles
2665 4434 2754 4492 vel
2787 4420 3077 4504 Ec'clesiae,
3101 4456 3129 4486 «
3158 4420 3651 4515 exapectahunt,'»
3684 4431 3828 4515 sicut

2184 4520 2366 4585 Jac'ob
2398 4525 2578 4582 dixit:
2606 4548 2633 4576 «
2657 4524 2784 4580 Non
2816 4520 3045 4581 deﬁciet
3070 4512 3339 4597 princeps
3360 4539 3429 4579 ex
3452 4512 3627 4592 Juda,
3650 4512 3825 4583 donec

2184 4615 2379 4675 veniat
2410 4613 2511 4687 qui
2555 4612 2881 4671 mittendus
2912 4618 3003 4672 est
3023 4606 3049 4671 ἐ
3083 4617 3141 4671 et
3169 4606 3295 4687 ipse
3333 4612 3443 4696 erit
3479 4602 3825 4696 exspectatio

420 4699 760 4777 sepulcrum
783 4700 1117 4771 Domini,de
1139 4718 1274 4773 quo,
1299 4701 1424 4774 ipse
1444 4719 1779 4776 resurgens,
1806 4702 2076 4762 innume-
2103 4719 2151 4787 ι)
2182 4705 2445 4781 gentium
2468 4703 2615 4774 (Gen.
2643 4706 2825 4772 xux);
2849 4725 2877 4754 »
2906 4726 2934 4753 ‹‹
2969 4706 3027 4759 et
3073 4700 3382 4785 brachium
3416 4694 3645 4767 meum,
3672 4722 3701 4750 ιδ
3723 4698 3826 4775 hoc

418 4788 632 4847 rabiles
665 4790 818 4846 filios
839 4788 951 4846 sibi
981 4791 1207 4862 genuit,
1233 4790 1427 4846 Tertio
1457 4791 1634 4848 etiam
1667 4794 1861 4861 modo,
1887 4812 2077 4851 caver-
2183 4799 2273 4853 est
2302 4792 2514 4850 Filium
2555 4809 2752 4849 meum
2776 4815 2803 4842 ‹‹
2828 4791 3207 4848 sustinebunt
3240 4813 3267 4841 ››
3290 4807 3393 4864 per
3421 4806 3596 4862 quem
3636 4788 3826 4845 omnia

417 4882 556 4937 nam
572 4878 683 4936 laci
704 4896 1024 4952 possumus
1040 4877 1231 4934 dicere
1248 4879 1725 4953 Ecclesiam,quze
1741 4882 1841 4938 diu
1860 4883 2077 4941 sterilis

418 4967 548 5039 fuit,
573 4971 631 5026 et
660 4969 732 5024 de
762 4983 881 5041 qua
911 4968 1171 5041 quotidie
1202 4969 1547 5038 excidimur,
1572 4969 1630 5025 id
1662 4976 1750 5028 est
1776 4973 2078 5047 nascimur

418 5073 520 5130 per
549 5057 849 5114 lavacrum
880 5056 1181 5130 baptismi.

491 5168 520 5198 (ι
535 5145 833 5202 Attendite
856 5147 928 5203 ad
946 5147 1240 5203 Abraham
1264 5152 1489 5220 patrem
1506 5153 1853 5222 vestrum,et
1869 5152 2073 5209 Suram

417 5249 544 5306 quae
576 5234 805 5308 peperit
829 5253 990 5292 vos.»
1018 5235 1422 5293 Idem‘sensus
1454 5242 1544 5294 est
1574 5238 1673 5311 qui
1696 5244 1753 5295 et
1774 5240 2069 5314 superius,

417 5325 557 5395 quia
574 5330 787 5393 unum,
804 5324 860 5381 id
883 5330 972 5382 est
992 5325 1187 5381 solum
1202 5350 1228 5377 ‹‹
1252 5328 1449 5382 vocavi
1469 5345 1625 5397 eum,
1640 5351 1665 5377 »
1680 5328 1883 5385 dicens
1901 5347 1948 5385 :«
1970 5331 2071 5387 Exi

419 5410 489 5466 de
509 5416 664 5471 terra
693 5417 797 5470 tua
825 5419 882 5469 et
912 5415 1259 5488 cognatione
1292 5420 1393 5471 tua
1414 5417 1567 5486 (Gen.
1586 5421 1744 5487 1:11),»
1772 5422 1829 5474 et
1866 5423 2073 5476 caetera

419 5506 546 5568 Qua
570 5503 648 5559 ibi
672 5507 1007 5576 sequuntur
1030 5522 1079 5561 ;‹‹
1104 5506 1175 5560 Et
1194 5505 1461 5561 benedixi
1485 5505 1537 5561 ei
1558 5504 1617 5561 in
1640 5508 1918 5564 omnibus
1941 5527 2071 5583 ope-

396 5583 580 5662 .ribus
602 5594 747 5661 suis,
773 5590 832 5648 et
862 5593 1240 5667 multiplieavi
1263 5612 1397 5650 eum
1422 5596 1480 5651 in
1504 5613 1647 5651 auro
1678 5601 1734 5652 et
1764 5596 2073 5656 ﬁliis.Cou-

415 5670 701 5825 gglaliitlur
728 5696 868 5752 ergo
900 5681 1186 5739 Dominus
1212 5684 1372 5750 Sion,
1400 5707 1427 5734 ››
1450 5684 1507 5740 id
1542 5688 1631 5741 est
1657 5686 1975 5743 Ecclesium
2007 5687 2069 5745 in

492 5771 557 5813 οε
586 5781 618 5819 o
644 5766 714 5822 is.

492 5766 714 5822 es‘tolis.

2188 4884 2319 4942 feci.

2258 4998 2285 5025 «
2312 4974 2521 5029 Levate
2550 4971 2609 5026 in
2642 4970 2854 5029 coelum
2886 4970 3086 5036 oculos
3105 4975 3386 5039 vestros,»
3408 4986 3438 5025 ο
3458 4966 3821 5043 gentiles,vel

2184 5062 2476 5130 Ecclesiae,
2504 5082 2534 5114 ι
2558 5065 2615 5117 et
2649 5061 2903 5125 videte,»
2930 5060 2989 5118 id
3028 5065 3118 5118 est
3153 5058 3533 5129 considerate,
3556 5057 3642 5114 vel
3673 5073 3821 5113 com-

2185 5151 2528 5225 prehendite
2551 5174 2577 5200 «
2604 5150 2745 5222 quia
2765 5149 2913 5220 coeli,
2943 5174 2971 5201 ››
2993 5149 3279 5207 subaudis
3309 5146 3478 5216 aeris,
3503 5171 3530 5198 ‹‹
3567 5146 3717 5202 sicut
3745 5146 3822 5200 fu-

2184 5260 2319 5298 mus
2350 5240 2756 5314 liquiesceut,»
2780 5239 2836 5295 id
2860 5245 2950 5297 est
2969 5226 3337 5307 evanescent,
3361 5260 3389 5288 «
3422 5241 3479 5291 et
3497 5241 3653 5293 terra
3680 5235 3820 5290 sicut

2180 5331 2599 5389 vestimentum
2631 5333 2931 5398 atteretur,
2961 5352 2982 5379 ι»
3008 5328 3119 5385 hoc
3150 5332 3240 5384 est
3267 5316 3512 5393 deficiet,
3537 5350 3563 5375 «
3589 5329 3645 5380 et
3674 5322 3821 5409 habi.

2181 5425 2397 5477 tatores
2429 5419 2628 5491 ejus,»
2653 5417 2710 5474 id
2742 5423 2831 5474 est
2860 5410 3065 5474 omnes
3096 5418 3314 5487 bestize,
3347 5414 3740 5487 volucresque,
3770 5418 3821 5469 et

2180 5527 2387 5567 omnes
2418 5512 2696 5564 creaturae
2721 5524 2847 5579 quae
2878 5500 3123 5565 inventae
3158 5505 3371 5563 fuerint
3392 5509 3532 5563 tunc
3547 5496 3820 5576 temporis

2180 5598 2240 5655 in
2271 5616 2357 5667 ea,
2387 5619 2415 5649 ‹‹
2447 5597 2602 5654 sicut
2646 5596 2769 5653 hzec
2815 5595 3161 5667 interibunt,
3184 5619 3213 5647 ››
3245 5595 3303 5653 id
3346 5584 3436 5652 est
3478 5595 3678 5650 omnia
3706 5610 3821 5649 mo-

2180 5688 2424 5745 rientur.
2442 5686 2601 5742 Idem
2624 5692 2714 5743 est
2734 5684 2890 5760 quod
2918 5686 3205 5744 Dominus
3238 5685 3298 5741 in
3320 5683 3631 5765 Evangelio
3650 5683 3818 5767 dicit:

2182 5800 2211 5831 ‹‹
2228 5775 2451 5835 C(elum
2475 5780 2532 5833 et
2560 5780 2716 5834 terra
2746 5776 3086 5835 transibunt
3105 5775 3308 5849 (Matth.
3331 5778 3506 5846 xx1v),
3532 5796 3560 5825 ››
3587 5790 3693 5853 per
3718 5773 3821 5832 im-
