3956 6382
146 444 278 506 917

1216 444 1628 509 COMMENT.
1674 448 1751 509 IN
1799 449 2095 513 ISAIAM.
2140 487 2217 497 —
2261 454 2411 515 LIB.
2460 454 2534 517 ΙΙ.

3467 418 3601 554 θἰεί

147 580 549 669 mutationem
600 579 887 638 subaudis
914 584 971 638 et
998 580 1059 638 in
1090 580 1578 651 meliorationem,
1611 587 1669 640 et
1699 601 1815 641 non
1844 578 1901 656 Ᾱ
2002 611 2031 638 ‹‹
2062 588 2132 645 Et
2160 606 2317 646 nunc
2347 588 2448 663 qui
2480 590 2765 665 redempti
2799 596 2940 650 sunt
2968 610 3001 653 a
3034 593 3341 669 Domino,»
3372 560 3597 668 subau:

147 686 263 743 per
285 667 627 726 essentiam.
658 669 836 726 Juxta
863 671 1021 743 quod
1054 670 1330 726 Salomon
1361 671 1503 728 dicit
1534 689 1548 728 :
1586 695 1613 722 ‹‹
1636 673 1820 730 Gene-

146 759 307 815 ratio
326 758 587 832 praeterit
634 761 692 814 et
746 759 1044 832 generatio
1104 760 1376 829 advenit;
1412 765 1566 816 terra
1595 779 1727 818 vero
1757 762 1818 819 in

143 852 440 904 aeternum
463 850 581 903 stat
602 848 798 917 (Eccle.
823 848 923 920 1).»
949 848 1061 903 Sed
1090 846 1229 903 licet
1260 848 1460 904 omnia
1492 853 1814 919 transeant,

149 958 175 987 ο
214 935 394 993 Salus
438 953 573 992 mea
604 936 663 991 in
696 937 1123 1009 sempiternum
1173 938 1303 1003 erit,
1336 937 1649 1009 etjustitia
1689 957 1819 996 mea

144 1044 271 1082 non
296 1025 585 1081 deficiet.»
609 1025 782 1081 Salus
807 1026 1116 1098 etjustitia
1146 1027 1246 1082 Dei
1280 1027 1467 1081 Patris
1492 1028 1673 1083 Filius
1705 1033 1813 1095 est,

142 1115 296 1187 quia
324 1132 429 1187 per
456 1113 626 1170 illum
658 1113 842 1171 salvat
865 1119 923 1171 et
944 1115 1236 1186 justificat
1268 1116 1711 1187 prmdestinatos
1740 1120 1813 1174 ad

138 1200 354 1259 vitam.
376 1203 505 1259 Haec
537 1206 627 1259 est
656 1203 819 1259 salus
850 1203 920 1258 de
947 1221 1063 1276 qua
1088 1203 1235 1259 dixit
1263 1204 1497 1260 Simeon
1525 1222 1538 1261 :
1578 1230 1599 1255 ι
1634 1206 1812 1261 Vide-

141 1288 294 1348 runt
314 1292 467 1348 oculi
491 1290 607 1348 mei
631 1292 898 1351 Salutare
931 1296 1100 1348 tuum
1124 1295 1276 1365 (Luc.
1312 1297 1394 1361 ιι).
1427 1316 1449 1343 ι
1485 1295 1555 1349 Et
1582 1295 1761 1350 Jacob
1795 1313 1809 1351 :

144 1405 174 1433 ‹‹
208 1380 483 1437 Salutare
506 1381 732 1455 (inquit)
764 1386 934 1438 tuum
959 1383 1329 1455 exspectabo,
1362 1383 1607 1439 Domine
1654 1386 1808 1454 (Gen.

138 1469 324 1543 XLIX).
354 1493 381 1520 η

216 1583 249 1611 ‹‹
284 1558 497 1615 Audite
525 1575 642 1627 me,
676 1583 699 1612 ι
738 1576 770 1615 o
802 1557 1003 1632 populi
1033 1562 1091 1614 et
1121 1560 1423 1617 credentes
1455 1585 1483 1611 ‹‹
1518 1562 1617 1634 qui
1648 1563 1810 1619 scitis

128 1650 438 1722 justum,»
469 1647 529 1704 id
561 1652 651 1704 est
678 1647 999 1716 Christum,
1023 1648 1275 1721 populus
1306 1649 1573 1707 videlicet
1596 1651 1802 1708 fidelis.

136 1761 167 1789 α
195 1738 320 1794 Lex
348 1750 501 1806 mea,
527 1759 556 1787 »
589 1736 648 1793 id
682 1741 771 1794 est
799 1735 891 1793 lex
921 1736 1240 1809 Evangelii,
1265 1761 1293 1788 «
1320 1738 1377 1794 in
1407 1739 1682 1795 cordibus
1712 1758 1807 1797 eo-

135 1843 341 1896 rum,»
373 1826 660 1883 subaudis
692 1825 957 1882 ﬁdelium
990 1842 1005 1881 :
1042 1843 1158 1881 non
1192 1825 1251 1881 in
1284 1844 1383 1883 ore
1413 1828 1803 1899 solummodo,

134 1916 249 1975 sed
280 1914 341 1973 in
371 1914 545 1972 corde
571 1918 629 1972 et
655 1914 1009 1988 operatione.
1038 1914 1163 1971 Vox
1210 1915 1311 1971 Dei
1354 1916 1542 1972 Patris
1572 1918 1645 1973 ad
1676 1935 1804 1975 cre-

133 2008 369 2063 dentes.
403 2002 655 2061 Auditus
685 1995 746 2059 in
777 2020 944 2059 sacro
999 2003 1232 2076 eloquio
1292 2004 1678 2078 Spiritualiter
1718 2013 1808 2063 est

133 2092 554 2167 requirendus.
589 2114 617 2141 ‹‹
647 2088 857 2146 Audite
889 2107 1002 2158 me,
1037 2112 1066 2141 »
1100 2090 1159 2148 id
1210 2096 1300 2147 est
1356 2092 1662 2166 intelligite
1701 2095 1803 2151 do-

132 2179 394 2239 ctrinam
425 2177 838 2253 evangelicam,
873 2182 931 2235 et
957 2196 1130 2252 opere
1172 2181 1400 2237 studete
1458 2181 1799 2255 adimplere.

135 2268 396 2347 «(Nolite
420 2268 650 2341 timere,
686 2292 714 2319 »
746 2286 779 2325 ο
810 2267 1082 2341 apostoli,
1116 2292 1145 2319 ‹‹
1180 2270 1561 2342 opprobrium
1606 2271 1803 2327 homi-

133 2377 311 2426 num,
342 2380 371 2410 »
404 2357 464 2414 id
515 2362 606 2414 est
661 2356 1053 2414 contumelias
1103 2362 1160 2413 et
1189 2358 1651 2431 oppressionem,
1684 2384 1711 2410 «
1745 2364 1803 2417 et

133 2442 545 2523 blasphemiae
602 2463 807 2504 eorum
854 2462 928 2501 ne
971 2447 1271 2502 metuatis.
1308 2469 1336 2496 »
1366 2447 1507 2503 Tale
1536 2452 1625 2505 est
1654 2449 1797 2506 illud

135 2536 297 2612 quod
318 2540 377 2593 et
397 2535 459 2591 in
479 2533 790 2608 Evangelio
821 2534 1154 2591 continetur
1175 2552 1187 2590 :
1212 2559 1240 2585 ‹‹
1264 2535 1453 2593 Nolite
1474 2537 1679 2594 timere
1700 2556 1798 2595 eos

133 2626 240 2702 qui
272 2624 551 2682 occidunt
579 2640 792 2697 corpus
822 2624 1024 2691 (Matth.
1057 2624 1134 2695 x).
1170 2646 1198 2674 »

208 2738 239 2766 κ
276 2713 441 2771 Sicut
469 2711 626 2769 enim
655 2712 1099 2782 vestimentum,
1128 2735 1154 2761 »
1188 2713 1473 2769 subaudis
1503 2717 1797 2771 consumi-

131 2808 237 2862 tur
252 2819 469 2870 verme,
491 2800 582 2857 vel
615 2805 901 2873 tempore,
924 2824 952 2851 «
979 2800 1062 2856 sic
1084 2802 1349 2856 comedet
1373 2818 1472 2857 eos
1492 2804 1729 2871 vermis,
1765 2826 1792 2853 ))

128 2893 191 2951 id
240 2896 334 2949 est
382 2890 590 2964 propia
646 2889 1026 2946 conscientia.
1060 2912 1088 2940 «
1121 2890 1190 2945 Et
1218 2889 1372 2945 sicut
1400 2889 1597 2947 lanam
1630 2915 1657 2941 »
1694 2894 1791 2949 de-

127 2985 301 3039 vorat
321 2980 499 3048 tinea,
529 3001 552 3029 a
577 2978 661 3035 sic
684 2977 983 3036 devorabit
1002 2995 1101 3034 eos
1123 2978 1333 3046 tinea,»
1362 2978 1502 3050 quia
1526 2979 1794 3037 similiter

129 3068 558 3128 conscientiam
589 3067 888 3141 propriam
919 3066 1427 3140 signiﬁcat.A1iter
1459 3085 1473 3123 :
1504 3069 1661 3125 sicut
1689 3087 1789 3126 ve-

130 3159 487 3217 stimentum
536 3159 823 3212 vetustate
849 3159 907 3211 et
935 3154 1096 3211 tinea
1143 3154 1532 3226 consumitur,
1565 3158 1651 3212 sic
1681 3176 1789 3231 op—

128 3244 441 3321 probrium
461 3243 698 3300 illorum
720 3260 854 3299 cum
885 3242 1361 3317 persecutoribus
1385 3246 1785 3316 pertransibit,

1929 676 2021 732 dis
2045 678 2329 752 sanguine
2353 679 2479 736 Filii
2504 681 2653 752 ejus,
2679 704 2708 730 «
2729 687 3147 754 revertentur,»
3170 688 3242 744 de
3272 687 3585 763 iniquitate

1927 765 2001 821 ad
2027 767 2350 838 justitiam,
2407 791 2428 818 ι
2457 773 2515 825 et
2542 769 2777 826 venient
2808 771 2865 826 in
2898 772 3059 841 Sion,
3083 796 3111 824 »
3147 774 3205 830 id
3233 781 3324 833 est
3355 777 3415 835 in
3443 796 3583 852 prae-

1928 859 2153 911 sentem
2179 855 2796 931 Ecclesiam,vel,quod
2821 860 3034 917 melius
3057 868 3164 931 est,
3189 862 3249 919 in
3280 865 3578 925 caelestem

1926 943 2350 1000 beatitudinem
2364 944 2907 1005 laudantesillum.«
2926 932 3581 1028 Etlaetitiasempiterua

1926 1049 2104 1104 super
2132 1034 2323 1106 capita
2354 1051 2579 1103 eorum,
2616 1058 2643 1084 ι»
2672 1036 2731 1091 id
2765 1042 2855 1092 est
2884 1037 2944 1094 in
2996 1040 3292 1099 mentibus
3350 1060 3574 1103 eorum.

1893 1121 2099 1200 ’Juxta
2146 1121 2291 1177 illud
2351 1123 2671 1179 Psalmistm
2704 1127 3062 1199 octogesimo
3096 1131 3266 1187 tertio
3298 1132 3593 1205 psalmo;

1924 1232 1950 1259 ‹‹
1977 1210 2137 1265 Beati
2160 1212 2259 1284 qui
2289 1211 2559 1267 habitant
2580 1214 2637 1267 in
2662 1215 2835 1270 domo
2859 1220 2978 1284 tua,
3000 1216 3264 1288 Domine,
3285 1220 3344 1277 in
3362 1216 3593 1285 saecula

1923 1297 2272 1353 saeculorum
2298 1298 2627 1355 laudabunt
2648 1304 2761 1357 te.»
2785 1303 2916 1358 Haec
2944 1322 3061 1360 non
3091 1313 3340 1378 possunt
3360 1309 3575 1370 habere

1923 1385 2109 1441 sancti
2132 1386 2190 1440 in
2215 1388 2484 1458 praesenti
2509 1388 2722 1444 saeculo
2755 1391 2929 1463 positi
2955 1410 2969 1460 ;
3003 1396 3158 1451 unde
3187 1400 3245 1452 et
3268 1397 3569 1470 sequitur:

1921 1495 1949 1522 ‹‹
1984 1474 2278 1530 Gaudium
2310 1479 2368 1531 et
2398 1475 2658 1532 lzetitiam
2709 1479 3080 1550 obtinebunt,
3116 1504 3143 1531 »
3176 1484 3480 1555 subaudis,
3513 1482 3573 1543 in

1918 1561 2137 1617 ccelesti
2186 1564 2535 1619 Jerusalem.
2570 1589 2597 1615 «
2633 1566 2840 1640 Fugiet
2898 1568 3066 1625 dolor
3121 1575 3179 1627 et
3234 1572 3519 1647 gemitus,
3546 1598 3577 1643 ῃ

1918 1650 2072 1707 sicut
2102 1651 2317 1708 dicitur
2348 1652 2405 1707 in
2435 1653 2782 1727 Apocalypsi
2812 1656 3000 1729 capite
3030 1658 3313 1731 vigesimo
3343 1661 3533 1734 primo
3554 1681 3591 1727 ε,

1914 1739 2221 1812 Absterget
2247 1741 2397 1797 Deus
2420 1758 2654 1797 omnem
2676 1743 2996 1816 lacrymam
3022 1746 3097 1802 ab
3127 1747 3314 1811 oculis
3342 1766 3581 1815 eorum:,

1914 1832 1973 1883 et
2002 1845 2162 1885 mors
2204 1828 2357 1885 ultra
2388 1846 2502 1885 non
2534 1830 2664 1900 erit,
2699 1848 2886 1905 neque
2934 1833 3153 1904 luctus,
3202 1853 3393 1910 neque
3449 1839 3566 1897 cla-

1896 1908 2064 1973 Vmor.

1986 2030 2014 2056 ‹‹
2049 2008 2299 2081 Ego,ego
2331 2007 2513 2079 ipse,»
2547 2009 2855 2081 subaudis,
2881 2010 3064 2068 Filius
3093 2011 3215 2081 Dei,
3247 1992 3275 2063 ἃ
3308 1990 3595 2077 consciam

1913 2094 2020 2150 bor
2044 2113 2169 2164 vos,
2201 2117 2229 2146 »
2266 2096 2700 2173 redimendo,et
2728 2099 2920 2154 dando
2952 2099 3235 2173 Spiritum
3266 2108 3593 2173 sanctum...

1912 2183 2015 2255 qui
2054 2188 2145 2240 est
2198 2201 2374 2240 verus
2433 2172 2782 2242 consolator.
2815 2188 2963 2254 Quia
2998 2172 3237 2247 dixerat
3291 2172 3601 2273 superius

1910 2272 2163 2345 populus
2222 2273 2412 2328 fidelis
2470 2275 2689 2331 orando
2746 2277 2817 2331 ad
2874 2276 3214 2349 Dominum,
3274 2296 3563 2356 consurge

1910 2362 1979 2419 ad
2014 2379 2121 2417 nos
2153 2362 2464 2418 salvandos
2498 2380 2510 2418 :
2546 2365 2859 2435 respondet
2889 2365 3013 2437 ipse
3046 2383 3148 2438 per
3176 2364 3560 2441 prophetam:
3586 2424 3599 2435 ,

1908 2450 2027 2522 Ego
2060 2450 2376 2523 (inquiens)
2401 2434 2750 2507 consolabor
2794 2434 2930 2521 vos,
2952 2458 3009 2508 et
3047 2434 3195 2511 “non
3231 2434 3404 2512 alius.
3435 2457 3580 2527 Non,

1908 2543 2174 2610 potentes
2207 2539 2387 2611 hujus
2420 2539 2767 2607 saeculi,non
2802 2541 3094 2613 sapientes
3125 2542 3305 2616 hujus
3334 2545 3561 2609 mundi.
3586 2600 3604 2617 .,

1907 2650 1935 2677 ‹‹
1970 2627 2112 2694 Quis
2147 2632 2231 2697 tu,
2271 2651 2296 2676 »
2328 2645 2361 2683 ο
2401 2628 2616 2684 chorus
2673 2629 2961 2698 fidelium,
2994 2653 3022 2679 ‹‹
3057 2635 3122 2685 ut
3150 2626 3473 2703 timeresn'»
3500 2633 3563 2701 id

1904 2720 1993 2771 est
2023 2721 2090 2770 ut
2115 2716 2321 2771 timere
2353 2716 2567 2770 debeas
2598 2739 2625 2765 ‹‹
2647 2718 2718 2771 ab
2750 2717 2990 2772 homine
3022 2719 3255 2774 mortali
3284 2725 3344 2783 et
3374 2710 3559 2789 a‘filio,

1902 2804 2291 2876 hominis,qui
2325 2804 2494 2876 quasi
2528 2805 2730 2859 fenum
2763 2805 2877 2861 cito
2908 2810 3158 2862 arescet:
3186 2811 3243 2862 et
3262 2796 3558 2868 oblituses

1902 2891 2132 2948 Domini
2163 2890 2399 2979 fagoris
2432 2891 2601 2946 tui?»
2633 2891 2969 2964 Alloquitur
2997 2894 3243 2950 chorum
3272 2892 3569 2968 apostolo-

1900 2999 2053 3047 rum,
2074 2986 2141 3035 ut
2162 2998 2277 3035 non
2300 2980 2505 3035 timeat
2526 2980 2808 3035 saevitiam
2830 2985 2887 3035 et
2908 2985 3201 3040 tormenta
3222 2983 3556 3058 hominum,
3588 3040 3598 3061 ‘

1899 3070 2039 3143 quia
2067 3068 2178 3142 ipsi
2211 3069 2485 3141 peribunt
2513 3072 2569 3123 et
2612 3067 2950 3123 transibunt
2979 3069 3134 3125 sicut
3162 3071 3364 3131 fenum
3396 3075 3563 3146 quod.
3588 3129 3597 3151 ,

1899 3158 2012 3215 cito
2039 3161 2263 3213 arescet
2295 3174 2308 3213 :
2344 3156 2481 3229 quia
2504 3156 2696 3211 omnis
2729 3173 2862 3211 caro
2896 3156 3203 3214 fenum.Et
3232 3157 3555 3235 alloquitur
3592 3218 3597 3227 τ

1877 3246 2075 3333 {etiam
2108 3245 2240 3301 illos
2284 3244 2385 3318 qui
2418 3245 2626 3300 timore
2659 3244 2951 3315 passionis
2982 3246 3273 3317 perterriti
3304 3265 3554 3322 negaveq
3590 3308 3595 3317 ,

135 3317 157 3387 ἓ
185 3335 362 3393 Salus
384 3338 581 3389 autem
604 3349 736 3389 mea
757 3355 784 3382 »
806 3331 1075 3388 Christus
1093 3332 1196 3388 «in
1217 3333 1640 3405 sempiternum
1654 3335 1783 3404 erit,
1819 3317 2031 3390 C‘rant
2059 3352 2217 3399 eum,
2242 3317 2311 3389 ut
2337 3334 2683 3388 erubescant
2713 3333 2772 3388 in
2804 3351 2914 3389 sua
2941 3333 3269 3406 iniquitate,
3292 3342 3352 3394 et
3381 3317 3550 3399 robo-

129 3429 193 3481 et’
212 3420 453 3497 justitia
509 3437 641 3477 mea
684 3420 745 3476 in
774 3421 1149 3497 generatione
1181 3425 1240 3476 et
1268 3422 1722 3495 generationem,
1759 3446 1787 3473 ››

129 3498 195 3570 id
216 3512 395 3581 est,in
425 3510 626 3567 omnia
654 3513 921 3584 tempora
950 3510 1165 3565 futura.
1197 3509 1299 3565 Vel
1326 3509 1386 3565 in
1416 3511 1791 3584 generatione

127 3588 499 3666 Judaeorum,
527 3603 585 3655 et
611 3597 1049 3673 generationem
1080 3597 1367 3673 gentium.

202 3712 233 3741 «
266 3692 585 3762 Consurge,
615 3703 926 3761 consurge,
960 3687 1205 3743 induere
1264 3688 1607 3744 fortitudine
1663 3690 1789 3746 bra-

124 3778 334 3835 chium
367 3776 617 3833 Domini.
649 3798 678 3826 »
705 3775 829 3831 Vox
883 3775 1177 3849 propheta:
1233 3780 1291 3831 et
1338 3777 1538 3849 populi
1572 3778 1786 3848 fidelis,

121 3864 500 3939 deprecantis
532 3881 635 3937 pro
665 3865 916 3921 adventu
948 3863 1077 3920 Filii
1108 3863 1231 3920 Dei.
1263 3864 1307 3919 Ο
1330 3865 1636 3921 brachium
1668 3867 1785 3923 Do-

119 3955 296 4031 mini,
321 3954 382 4010 id
413 3958 503 4011 est
532 3953 661 4010 Filii
691 3952 794 4009 Dei
824 3952 1133 4024 altissime,
1164 3970 1339 4026 surge
1367 3954 1438 4010 de
1467 3954 1653 4027 gloria
1682 3972 1783 4028 pa-

117 4050 304 4101 ternae
333 4040 665 4113 majestatis
696 4042 769 4098 ad
798 4040 1223 4098 incarnationis
1271 4046 1385 4097 tua:
1434 4044 1783 4115 mysterium

115 4131 572 4205 adimplendum
598 4147 613 4186 :
637 4145 926 4203 consurge
947 4130 1020 4185 ad
1040 4129 1448 4210 redimendum
1471 4147 1658 4204 genus
1679 4133 1784 4188 hu-

114 4237 389 4279 manum.
425 4219 673 4276 Induere
703 4217 1049 4275 fortitudine
1078 4217 1406 4275 divinitatis
1434 4222 1548 4274 tuae
1580 4224 1783 4277 contra

113 4312 439 4368 daemones.
476 4330 504 4359 «
537 4309 835 4380 Consurge
893 4306 1048 4363 sicut
1096 4305 1155 4361 in
1187 4305 1395 4362 diebus
1427 4308 1688 4381 antiquis
1718 4309 1779 4365 in

113 4384 601 4473 generationibus
621 4394 1028 4452 saeculorum.»
1053 4394 1124 4449 Et
1143 4398 1233 4449 est
1252 4411 1465 4452 sensus
1488 4412 1501 4451 :
1526 4396 1690 4452 Sicut
1718 4397 1778 4453 in

115 4480 388 4560 antiquis
416 4482 783 4558 temporibus
813 4482 1130 4539 auxiliatus
1161 4498 1223 4538 es
1255 4483 1472 4557 populo
1502 4490 1604 4541 tuo
1633 4486 1783 4543 edu-

112 4566 260 4641 cens
282 4590 419 4630 eum
442 4574 514 4629 de
534 4573 865 4647 Egypto,et
886 4572 1042 4629 sicut
1069 4571 1131 4627 in
1160 4572 1643 4644 generationibus
1674 4592 1777 4647 pa-

1899 3428 2103 3479 rentur
2122 3425 2181 3479 in
2205 3424 2318 3479 {ide
2341 3427 2578 3496 agentes
2609 3422 3282 3494 pcenitentiam.Quando
3313 3426 3551 3504 (inquit)

1897 3512 2149 3569 timuisti
2198 3512 2500 3568 hominem
2550 3511 2856 3569 mortalem
2899 3516 3161 3586 tempore
3192 3515 3567 3588 al‘ﬂictionisu

1899 3602 2150 3658 amisisti
2176 3602 2446 3657 timorem
2467 3601 2756 3657 Creatoris
2777 3601 2883 3657 tui.
2908 3626 2932 3651 ‹‹
2951 3602 3058 3668 Qui
3080 3605 3325 3662 tetendit
3353 3606 3551 3677 crelos,

1896 3694 1954 3746 et
1974 3691 2243 3746 fundavit
2266 3694 2502 3745 terram.
2521 3691 2591 3744 Et
2623 3689 2952 3745 formidasti
2976 3691 3201 3763 jugiter
3224 3696 3348 3751 tota
3374 3695 3487 3762 die,
3522 3718 3551 3771 ξ»

1895 3780 1955 3835 id
1986 3784 2077 3834 est
2132 3779 2294 3835 omni
2352 3782 2612 3849 tempore
2666 3777 2959 3849 passionis
2990 3801 3019 3828 «
3053 3796 3088 3833 a
3135 3780 3295 3843 facie,
3334 3782 3563 3847 furoris;
3598 3824 3604 3867 ί

1894 3868 2023 3939 ejus
2058 3889 2084 3915 »
2116 3865 2510 3938 persecutoris
2540 3886 2568 3915 «
2598 3865 2699 3937 qui
2730 3869 2786 3920 te
2817 3863 3141 3922 tribulabat
3164 3888 3191 3915 »
3224 3867 3283 3921 in
3309 3885 3550 3940 corpore

1894 3979 1923 4007 «
1947 3961 2004 4011 et
2025 3958 2327 4029 paraverat
2349 3954 2421 4009 ad
2444 3954 2807 4024 perdendum
2834 3975 2861 4001 »
2884 3954 2943 4007 in
2967 3952 3183 4022 anima,
3217 3972 3332 4011 non
3365 3973 3550 4031 recort
3581 4012 3589 4023 ,

1894 4022 2043 4115 dans
2064 4043 2208 4097 illud
2234 4058 2247 4096 :
2276 4064 2304 4092 «
2327 4022 2515 4097 Nolite
2545 4041 2752 4096 timere
2773 4057 2871 4095 eos
2890 4041 2989 4112 qui
3013 4041 3291 4101 occidunt
3309 4024 3549 4123 pomus;

1893 4132 2151 4188 animam
2184 4134 2381 4186 autem
2414 4146 2531 4183 non
2563 4132 2815 4200 possunt
2845 4128 3108 4184 occidere
3161 4129 3367 4198 (Matth.
3400 4136 3546 4202 x).,p
3577 4189 3605 4204 λε

1894 4241 1924 4271 ‹‹
1950 4220 2059 4293 Ubi
2080 4224 2171 4275 est
2202 4235 2359 4274 nunc
2390 4218 2552 4273 furor
2581 4215 3002 4272 tribulantis?»
3016 4216 3349 4290 Alloquitur
3368 4238 3559 4293 popu—l
3598 4278 3605 4283 ,

1890 4309 2013 4365 lum
2038 4308 2363 4376 fidelem,ut
2382 4305 2713 4361 consideret
2735 4306 3030 4378 quomodo
3052 4323 3257 4365 omnes
3278 4325 3580 4381 persecu-J-

1887 4402 2044 4455 tores
2076 4401 2133 4453 et
2163 4412 2369 4452 omnes
2421 4392 2689 4450 homines
2742 4398 3153 4466 pcrtranseant
3182 4413 3218 4452 a
3245 4378 3542 4470 praesenti,
3594 4378 3605 4397 ³

1889 4492 1955 4544 ut
1984 4504 2088 4559 per
2116 4486 2237 4540 haec
2268 4483 2592 4540 consolidet
2619 4498 2719 4539 eos
2750 4483 2810 4536 in
2843 4483 2977 4538 ﬁde.
3426 4526 3433 4545 ι
3582 4544 3609 4553 ,,

1959 4597 1988 4625 ‹‹
2013 4574 2135 4631 Cito
2154 4572 2400 4638 veniet,»
2426 4569 2713 4627 subaudis
2744 4568 2927 4625 Filius
2960 4587 3128 4639 meus
3158 4589 3262 4645 per
3281 4559 3547 4643 incarnar

111 4658 287 4722 trum
315 4665 652 4719 nostrorum
684 4665 849 4717 tuam
893 4659 1205 4717 ostendisti
1232 4659 1659 4734 fortitudinem,
1693 4662 1777 4720 sic
1808 4686 1854 4752 D
1882 4662 2064 4735 tionis
2096 4661 2442 4736 mysterium
2457 4682 2484 4710 ‹‹
2500 4661 2776 4733 gradiens
2794 4682 2822 4708 »
2855 4661 3182 4717 secundum
3209 4660 3563 4735 humanita-_

111 4753 295 4810 modo
326 4751 457 4808 veni
488 4750 550 4806 in
580 4767 754 4807 carne
779 4748 1028 4806 liberare
1083 4764 1272 4823 genus
1330 4748 1658 4806 humanum
1706 4753 1778 4808 de

111 4859 302 4899 manu
361 4836 599 4895 diaboli.
635 4860 662 4888 ‹‹
697 4836 975 4910 Nunquid
1012 4860 1038 4885 »
1071 4854 1104 4893 ο
1163 4835 1408 4892 Domine
1465 4838 1639 4907 Deus,
1675 4840 1775 4910 qui

109 4929 364 5002 aequalis
395 4946 457 4983 es
489 4927 643 4982 Patri
676 4926 734 4981 in
766 4927 1066 4992 omnibus,
1103 4950 1129 4976 «
1156 4943 1271 4981 non
1301 4926 1642 4998 percussisti
1676 4946 1774 4984 su-

110 5018 390 5093 perbum,
426 5040 452 5065 »
486 5016 774 5072 subaudis
821 5014 1147 5086 diabolum,
1198 5015 1490 5086 projicens
1537 5032 1671 5071 eum
1705 5018 1777 5073 de

112 5098 284 5175 ccelo,
314 5104 674 5162 «vulnerasti
697 5105 1069 5173 draconem,»
1103 5104 1486 5176 Pharaonem,
1518 5106 1578 5160 in
1603 5107 1773 5177 mari,

108 5195 204 5254 vel
234 5194 539 5273 diabolum
558 5194 587 5250 τ

187 5309 217 5336 ‹‹
251 5282 534 5356 Nunquid
564 5273 727 5356 (non)
760 5286 827 5338 tu
858 5282 1093 5340 siccasti
1143 5299 1305 5338 mare
1333 5299 1548 5356 aquam
1580 5284 1778 5357 abyssi

109 5371 482 5432 vehementis
517 5396 539 5423 ιι
578 5376 643 5428 ut
672 5372 993 5429 transitum
1042 5372 1332 5445 praeberes
1380 5371 1596 5445 populo
1626 5374 1776 5430 tuo?

114 5486 145 5514 κ
172 5461 284 5530 Qui
305 5461 557 5535 posuisti
580 5462 939 5534 profundum
962 5461 1147 5518 maris
1166 5460 1344 5527 viam,
1363 5466 1429 5517 ut
1457 5461 1777 5519 transirent

112 5549 349 5606 liberati
374 5570 396 5601 ι
425 5548 593 5605 electi
616 5550 725 5606 tui.
749 5551 819 5605 Et
838 5553 929 5606 est
950 5566 1162 5605 sensus
1186 5566 1199 5604 :
1228 5549 1410 5605 Sicuti
1434 5549 1555 5605 haec
1577 5551 1776 5606 omnia

109 5630 324 5706 fecisti,
358 5638 443 5693 sic
474 5656 708 5713 quoque
737 5638 867 5698 veni
900 5639 974 5695 ad
1012 5638 1361 5695 salvandum
1391 5637 1641 5696 electum
1672 5657 1773 5713 po-

109 5726 322 5803 pulum
342 5730 549 5784 tuum.

1885 4757 2005 4809 tem
2038 4776 2065 4802 ‹‹
2090 4752 2163 4808 ad
2199 4750 2622 4823 aperiendum»
2654 4765 2754 4804 cor
2783 4749 3172 4821 superborum
3204 4746 3545 4821 hominum,
3602 4798 3607 4813 τ

1883 4836 1970 4897 vel
2008 4841 2185 4897 etiam
2211 4841 2283 4896 ad
2316 4838 2697 4911 aperiendum
2729 4837 3046 4893 infernum.
3080 4839 3151 4893 Et
3179 4856 3295 4894 non
3326 4839 3544 4903 interﬁ-
3584 4894 3595 4901 ,

1884 4931 1998 4986 ciet
2028 4947 2216 5002 usque
2247 4930 2320 4984 ad
2350 4928 2835 4994 internecionem,
2859 4927 2917 4982 id
2949 4931 3058 4995 est,
3092 4945 3206 4983 non
3238 4928 3545 4987 damnabit
3588 4981 3599 4997 ,

1885 5021 2086 5077 statim
2144 5022 2209 5073 ut
2254 5017 2478 5073 venerit
2535 5021 2890 5088 peccatores,
2924 5017 3026 5071 sed
3080 5016 3440 5089 exspectabit
3465 5019 3539 5075 ad

1884 5106 2314 5183 paenitentiam,
2339 5105 2492 5162 sicut
2512 5104 2638 5177 ipse
2659 5105 3013 5177 praedicavit,
3036 5105 3258 5172 dicens,
3290 5128 3318 5154 ‹‹
3354 5104 3539 5169 Poeni-

1885 5197 2135 5254 tentiam
2166 5195 2340 5269 agite,
2375 5194 2867 5267 appropinquavit
2897 5193 3054 5249 enim
3095 5209 3341 5266 regnum
3374 5193 3541 5251 ccelo-

1885 5303 2017 5342 rum
2042 5285 2246 5359 (Matth.
2274 5282 2370 5355 IV).
2399 5305 2427 5333 »
2449 5283 2538 5350 Et,
2565 5306 2591 5331 ‹‹
2617 5281 2762 5337 Nolo
2784 5286 3032 5337 mortem
3057 5281 3400 5356 peccatoris,
3433 5282 3538 5340 sed
3588 5336 3606 5365 ,ρ

1882 5370 2167 5449 ιιιςηιειςὶε
2226 5374 2598 5429 convertatur
2655 5386 2690 5424 a
2747 5387 2857 5427 sua
2913 5370 3243 5442 iniquitate,
3274 5374 3333 5426 et
3381 5370 3609 5455 vivat,

1882 5461 2296 5537 (Ezech.xvm).
2330 5483 2358 5512 »
2394 5460 2675 5531 Quodque
2732 5458 3061 5533 subjungit,
3082 5477 3125 5510 ’‹‹
3157 5476 3272 5515 non
3303 5458 3538 5519 deficiet
3592 5514 3597 5523 ,

1882 5554 2054 5627 panis
2076 5553 2225 5625 ejus,
2250 5572 2278 5602 »
2303 5549 2391 5605 vel
2416 5549 2485 5604 de
2508 5548 2635 5620 ipso
2668 5548 2813 5604 Filio
2843 5547 3290 5621 intelligendum
3322 5547 3535 5621 estqui
3582 5601 3611 5629 υ

1884 5643 2031 5713 dixit
2063 5659 2075 5697 :
2111 5664 2138 5692 «
2173 5641 2291 5712 Ego
2322 5654 2455 5693 sum
2490 5636 2660 5708 panis
2691 5634 2855 5692 vivus
2886 5640 3070 5707 (Joan.
3102 5636 3181 5709 v1)
3216 5653 3228 5692 :
3264 5658 3297 5704 η
3324 5635 3565 5717 Vetde

1885 5747 2125 5804 corpore
2146 5733 2202 5786 et
2231 5725 2516 5799 sanguine
2545 5723 2729 5796 illius,
2754 5725 2826 5781 de
2847 5741 2963 5796 quo
2980 5724 3137 5782 idem
3160 5718 3343 5783 Filius
3362 5713 3530 5796 diitit,
