3956 6384
387 391 517 454 979

815 393 1219 454 lIAYMONIS
1253 390 1784 452 IlALBERSTAT.
1821 385 2064 448 EPISC.
2099 384 2272 446 OPP.
2304 384 2532 446 PARS.
2567 385 2615 446 Ι.
2650 420 2726 430 -
2758 384 3164 448 COMMENT.
3198 387 3396 449 BIBL.

3692 390 3805 453 980

392 526 500 594 Qui
534 523 975 585 manducaverit
1003 541 1215 597 panem
1262 524 1418 579 hunc
1464 523 1619 578 vivet
1648 522 1707 577 in
1739 526 2044 578 aeternum.
2074 517 2133 586 Α
2159 534 2364 574 omnes
2385 522 2718 590 peccatores
2741 523 2930 575 terrae.
2954 541 2982 567 »
3005 520 3174 589 (Psal.
3196 519 3401 595 LXXIV.)
3423 522 3493 579 Et
3521 521 3803 581 Dominus

392 615 494 671 Vel
527 615 706 671 etiam
728 613 897 670 tertio
920 615 1093 669 modo
1117 615 1187 668 de
1215 613 1481 668 doctrina
1498 611 1846 685 Evangelica
1876 610 2046 666 intel-

390 705 691 780 ligendum
726 707 833 770 est,
869 703 1007 776 quia
1037 719 1343 775 nunquam
1374 702 1605 757 deﬁciet
1638 719 1650 758 :
1685 702 1786 759 sed
1818 718 2051 775 semper

390 796 790 851 observatores
819 810 958 847 suos
989 790 1205 864 pabulo
1234 791 1366 847 vitae
1395 795 1615 863 pascet.

462 908 491 934 ‹‹
519 885 638 956 Ego
684 899 817 938 sum
859 881 1146 937 Dominus
1199 882 1356 937 Deus
1412 886 1576 949 tuus,
1607 882 1708 954 qui
1762 881 2047 937 conturbo

389 990 608 1044 mare,»
641 972 699 1027 id
731 975 823 1027 est
852 970 1216 1027 habitatores
1244 970 1424 1043 hujus
1475 971 1701 1041 mundi,
1735 994 1764 1021 «
1799 975 1856 1027 et
1888 972 2045 1026 intu-

388 1065 659 1120 mescunt
688 1062 904 1117 fluctus
935 1061 1116 1132 ejus,»
1148 1060 1258 1115 hoc
1291 1065 1379 1116 est
1410 1061 1847 1133 persecutiones
1870 1060 2048 1116 malo-

387 1169 518 1210 rum
548 1150 858 1207 hominum
886 1155 1331 1206 commoventur
1359 1154 1564 1207 contra
1593 1151 1828 1206 electos.
1873 1174 1900 1200 ‹‹
1936 1151 2047 1206 Do-

387 1241 587 1297 minus
609 1241 969 1297 exercituum
1004 1256 1217 1295 nomen
1250 1256 1471 1309 meum,
1493 1262 1519 1289 »
1552 1239 1610 1294 id
1641 1245 1732 1296 est
1767 1241 2048 1296 Dominus

387 1330 737 1387 militiarum
787 1328 1131 1401 angelorum
1164 1332 1222 1383 et
1252 1328 1584 1383 hominum.
1616 1330 2046 1402 ApostrOpham

388 1420 527 1477 facit
537 1420 610 1476 ad
624 1419 820 1493 ipsum
834 1418 1321 1485 Filium.Quando
1334 1418 1869 1474 conturbavitDeus
1882 1419 2051 1474 Pater

389 1509 500 1565 hoc
522 1507 721 1565 mare?
742 1507 986 1574 Quando
1008 1507 1243 1561 Judazos
1267 1506 1465 1561 szevire
1493 1506 1732 1578 permisi
1743 1508 2046 1579 t,primum

389 1597 448 1653 in
472 1596 687 1653 Filium
710 1595 1125 1664 suum,deinde
1147 1594 1204 1649 in
1229 1595 1548 1667 apostolos,
1576 1600 1633 1652 et
1654 1597 1957 1653 credentes
1988 1598 2044 1652 in

388 1701 471 1743 se.
504 1686 575 1740 Et
605 1685 653 1741 si
686 1685 811 1758 ipse
841 1682 1234 1750 conturbavit,
1269 1701 1451 1757 quare
1503 1689 1778 1741 tenentur
1832 1685 1913 1741 rei
1963 1685 2049 1741 illi

386 1771 487 1846 qui
518 1789 618 1829 eos
651 1775 790 1827 sunt
841 1770 1182 1844 persecuti?
1213 1773 1378 1827 Tunc
1407 1772 1624 1829 dicitur
1653 1774 1777 1846 ipse
1808 1779 2048 1830 contur-

384 1861 577 1930 basse,
617 1861 852 1934 quando
884 1860 1153 1933 permisit
1185 1862 1521 1917 conturbari
1554 1880 1674 1919 eos.

456 1973 485 2003 ‹‹
510 1949 684 2007 Posui
714 1950 959 2006 verbum
992 1966 1191 2005 meum
1224 1950 1283 2005 in
1315 1968 1415 2006 ore
1443 1955 1566 2018 tuo,
1604 1974 1631 2001 »
1657 1952 1713 2008 id
1746 1956 1833 2009 est
1863 1952 2047 2025 pleni-

383 2038 653 2095 tudinem
686 2037 988 2112 sapientia":
1011 2043 1068 2094 et
1092 2038 1349 2093 scientim
1378 2039 1511 2095 dedi
1542 2039 1669 2096 tibi.
1700 2042 1811 2096 «Et
1832 2040 1893 2096 in
1916 2059 2046 2097 um-

384 2127 491 2183 bra
514 2144 727 2183 manus
751 2144 890 2183 mea
916 2127 1137 2199 protexi
1160 2130 1236 2193 te,
1259 2149 1287 2179 »
1312 2127 1370 2183 id
1394 2128 1564 2184 estin
1589 2130 1946 2201 proiectione
1966 2132 2047 2187 di-

382 2215 645 2273 vinitatis
663 2216 949 2273 custodivi
966 2220 1023 2271 te
1047 2234 1118 2273 ne
1143 2222 1497 2289 peccares,et
1512 2236 1584 2274 ne
1599 2218 1900 2275 vilesceret
1913 2238 2046 2276 caro

385 2308 695 2378 assumpta
726 2322 761 2361 a
787 2305 998 2371 Verbo,
1035 2328 1062 2354 ‹‹
1097 2309 1163 2359 ut
1192 2305 1422 2378 plantes
1466 2307 1664 2376 caelos,
1701 2330 1727 2357 ››
1761 2309 2047 2366 subaudis

386 2410 589 2460 novos,
628 2415 651 2444 ι
680 2397 737 2449 et
768 2394 979 2449 fundes
1004 2397 1242 2459 terram,
1278 2417 1306 2443 ››
1337 2396 1623 2452 subaudis
1657 2415 1887 2466 novam,
1934 2419 1961 2451 α
1991 2403 2049 2454 et

385 2482 549 2538 dicas
566 2482 639 2538 ad
653 2482 851 2547 Sion,»
866 2482 975 2537 hoc
997 2486 1086 2538 est
1106 2483 1175 2537 ad
1202 2482 1542 2550 Ecclesiam,
1567 2504 1586 2531 α
1603 2485 1860 2558 Populus
1880 2504 2046 2544 meus

384 2584 449 2627 es
480 2575 566 2627 tu.
590 2592 618 2618 »
650 2570 735 2625 Ad
768 2570 1073 2625 hominem
1106 2576 1479 2644 assumptum
1511 2572 1755 2630 aVerbo
1787 2573 2048 2647 loquitur

386 2660 503 2717 ista
530 2659 688 2716 Deus
718 2658 906 2727 Pater,
942 2659 1000 2714 in
1036 2676 1153 2732 quo
1197 2659 1491 2716 inhabitat
1522 2662 1716 2719 omnis
1745 2664 2045 2736 plenitudo

384 2747 713 2804 divinitatis
745 2749 1125 2821 corporaliter
1155 2766 1223 2805 ex
1251 2755 1534 2822 tempore.
1569 2753 1866 2818 Quantum
1889 2754 2043 2810 enim

383 2837 458 2893 ad
491 2836 859 2893 divinitatem
892 2838 1167 2910 pertinet,
1195 2838 1341 2893 nihil
1374 2840 1599 2912 accepit
1628 2857 1695 2896 ex
1721 2846 1984 2914 tempore
2014 2862 2048 2899 a

382 2926 574 2993 Patre,
625 2927 726 2983 sed
778 2926 977 2982 omnia
1020 2926 1283 3000 possidet
1314 2920 1653 2985 communia
1674 2936 1808 2986 cum
1843 2933 2042 3003 Patre;

382 3016 603 3088 quippe
628 3014 729 3089 qui
755 3020 845 3072 est
867 3014 968 3071 Dei
990 3016 1178 3071 virtus
1201 3021 1259 3072 et
1279 3016 1376 3072 Dei
1402 3018 1714 3090 sapientia,
1746 3037 1851 3093 per
1870 3038 2044 3093 quem

381 3108 597 3160 cuncta
643 3103 796 3160 facta
838 3108 977 3160 sunt
1019 3121 1088 3161 ex
1131 3105 1316 3161 nihilo
1371 3106 1479 3162 Per
1502 3108 1714 3163 omium
1743 3126 1956 3166 novum
1988 3116 2048 3167 et

2075 1894 2126 1960 B

2159 609 2230 663 ad
2254 608 2603 664 Jeremiam:
2632 630 2652 658 ι
2680 608 3344 681 Sume,inquit,calicem
3363 612 3433 667 de
3455 629 3633 669 manu
3657 632 3802 688 mea,

2156 703 2213 753 et
2234 697 2573 771 propinabis
2606 699 2833 753 cunctis
2864 697 3138 771 gentibus
3170 700 3240 755 ad
3275 717 3421 773 quas
3446 702 3675 759 mittam
3693 707 3802 760 te.»

2160 788 2287 860 (ler.
2348 790 2524 858 xxxv.)
2590 787 2845 860 «Usque
2904 788 2975 843 ad
3039 788 3284 844 fundum
3334 790 3574 847 calicem
3633 811 3803 866 sopo-

2158 877 2260 944 ris,
2299 900 2326 925 ››
2358 877 2413 932 id
2443 881 2531 932 est
2561 877 2790 944 mortis,
2826 902 2851 927 ‹‹
2882 877 3082 934 bibisti
3128 882 3186 934 et
3233 879 3445 953 potasti
3503 899 3693 955 usque
3735 886 3802 939 ad

2157 967 2332 1033 feces,
2369 988 2396 1015 ››
2428 965 2485 1021 id
2519 970 2608 1021 est
2639 983 2828 1037 usque
2858 967 2932 1022 ad
2959 967 3136 1023 ﬁnem
3187 968 3383 1024 saeculi
3439 971 3804 1028 sustinebitis

2159 1056 2332 1112 istam
2366 1055 2783 1128 captivitatem.
2821 1055 3039 1111 Idcirco
3070 1056 3211 1112 dicit
3239 1075 3425 1131 usque
3456 1061 3526 1115 ad
3560 1061 3803 1118 fundum

2157 1144 2447 1211 bibisti,et
2472 1161 2659 1217 usque
2686 1146 2758 1200 ad
2789 1145 2939 1201 teces
2964 1162 2976 1199 :
3002 1144 3140 1218 quia
3157 1151 3291 1219 post
3318 1147 3475 1204 illam
3507 1151 3802 1224 captivita—

2156 1238 2275 1288 tem
2308 1234 2493 1289 altera
2518 1251 2631 1289 non
2664 1234 2855 1291 veniet
2904 1234 3012 1305 eis,
3044 1236 3418 1296 manentibus
3473 1256 3705 1314 semper
3745 1242 3803 1296 in

2156 1323 2277 1379 ἱΙΙει.

2231 1437 2258 1463 ‹‹
2283 1413 2405 1467 Non
2431 1417 2519 1467 est
2538 1413 2635 1484 qui
2660 1415 2952 1468 sustentet
2971 1428 3098 1469 eam
3122 1430 3191 1468 ex
3211 1413 3484 1471 omnibus
3506 1416 3644 1472 ﬁliis
3660 1435 3805 1491 quos

2158 1501 2381 1575 genuit,
2416 1506 2602 1557 etnon
2627 1501 2837 1574 estqui
2872 1501 3270 1575 apprehendat
3298 1520 3536 1560 manum
3568 1507 3717 1578 ejus,
3750 1512 3807 1563 et

2157 1589 2344 1662 erigat.
2357 1589 2675 1661 jacentem,
2698 1612 2726 1639 ››
2751 1590 2805 1644 id
2832 1594 2923 1645 est
2944 1588 3043 1663 qui
3066 1591 3457 1663 Operationem
3488 1595 3615 1666 ejus
3648 1596 3808 1652 robo-

2158 1684 2264 1746 ret,
2300 1704 2327 1730 ‹‹
2363 1697 2429 1735 ex
2461 1678 2738 1735 omnibus
2790 1678 2930 1735 ﬁliis
2987 1696 3135 1752 quos
3181 1680 3474 1737 enutrivit.
3504 1706 3530 1734 ιι
3565 1686 3805 1752 Quando

2157 1769 2426 1825 exierunt
2456 1770 2527 1826 de
2559 1770 2822 1842 Egypto,
2855 1769 3191 1825 habuerunt
3224 1771 3423 1827 Mosen
3453 1772 3549 1845 qui
3581 1778 3808 1829 susten-

2158 1858 2298 1914 tavit
2325 1876 2444 1925 eos,
2475 1862 2531 1914 et
2569 1858 2753 1913 oravit
2801 1876 2905 1931 pro
2950 1858 3033 1915 eis
3078 1859 3280 1915 dicens
3327 1860 3398 1917 ad
3441 1861 3802 1919 Dominum:

2159 1973 2187 1998 ‹‹
2212 1950 2327 2004 Aut
2357 1947 2587 2004 dimitte
2617 1946 2734 2009 illis
2766 1947 2917 2003 hanc
2940 1954 3281 2016 noxam,aut
3297 1948 3422 2005 delc
3452 1967 3543 2006 me
3572 1952 3641 2007 de
3659 1951 3803 2009 libro

2156 2042 2258 2093 tuo
2288 2037 2479 2103 (Exod.
2512 2040 2709 2106 xxxu).
2750 2060 2776 2085 ››
2808 2037 3025 2093 Iterum
3081 2038 3314 2110 quando
3370 2039 3527 2095 ducti
3577 2045 3715 2096 sunt
3746 2041 3801 2097 in

2157 2126 2507 2199 Babylonem
2515 2124 3180 2198 ,habueruntDanielem
3205 2130 3263 2182 ct
3281 2127 3468 2183 socios
3485 2129 3801 2200 ejus,alios-

2157 2234 2270 2289 quc
2302 2217 2639 2289 prophetas,
2666 2215 2764 2289 qui
2791 2216 3301 2290 apprehenderunt
3317 2236 3554 2275 manum
3576 2238 3797 2291 eorum,

2157 2305 2214 2361 id
2235 2311 2325 2361 est
2342 2305 2741 2379 Operationem
2766 2322 2965 2362 eorum
2972 2310 3055 2378 ,et
3075 2309 3543 2364 sustentaverunt
3558 2326 3652 2366 eos
3675 2311 3796 2368 suis

2156 2396 2451 2468 precibus.
2488 2396 2549 2450 In
2586 2394 2694 2450 hac
2727 2412 2858 2451 vero
2889 2395 3221 2469 captivitate
3252 2394 3478 2465 ultima,
3498 2414 3681 2471 neque
3711 2416 3798 2454 sa-

2157 2485 2475 2551 cerdotem,
2509 2501 2699 2557 neque
2732 2484 3096 2558 prophetam,
3129 2501 3316 2558 neque
3345 2480 3793 2558 apostolum’ha-

2157 2574 2298 2629 bent
2327 2572 2822 2645 interpellatorem
2870 2590 2975 2645 pro
3019 2590 3080 2629 se
3110 2590 3122 2629 ε
3157 2573 3295 2646 quia
3343 2572 3649 2631 noluerunt
3700 2593 3796 2632 eos

2156 2662 2392 2718 habere.
2425 2662 2684 2735 Apostoli
2735 2661 2954 2718 etenim
3013 2660 3320 2718 voluerunt
3375 2680 3611 2719 manum
3661 2682 3795 2736 pra:-

2156 2752 2315 2820 bere,
2346 2751 2405 2806 id
2436 2754 2525 2806 est
2556 2749 3020 2807 consolationem
3070 2752 3361 2824 quomodo
3409 2752 3796 2826 erigerentur;

2156 2840 2257 2896 sed
2282 2840 2601 2913 contempti
2625 2840 2696 2895 ab
2718 2840 2803 2895 eis
2835 2838 3187 2896 dimiserunt
3216 2844 3704 2907 eos,transeuntes
3724 2842 3797 2898 ad

2155 2932 2378 3003 gentes.

2233 3038 2259 3071 (ι
2278 3019 2403 3074 Duo
2427 3022 2570 3074 sunt
2603 3035 2729 3091 qua:
2761 3022 3144 3074 occurrerunt
3174 3017 3300 3087 tibi,
3337 3041 3364 3068 ››
3393 3035 3425 3074 o
3454 3018 3795 3075 Jerusalem.

2161 3130 2182 3157 ι
2202 3106 2342 3174 Quis
2364 3107 3002 3180 contristabitursuper
3019 3111 3075 3163 te
3096 3107 3155 3163 ?»
3181 3107 3797 3175 Subaudis,sicutolim

380 3195 602 3269 terram
634 3209 866 3257 novam,
901 3210 1081 3265 quam
1113 3194 1389 3266 przecepit
1424 3196 1572 3251 Deus
1603 3197 1775 3253 Pater
1805 3198 1949 3255 Filio
1981 3205 2046 3255 ut
2087 3266 2116 3269 __
2155 3197 2534 3252 eontristatus
2562 3200 2651 3251 est
2680 3196 2967 3252 Jcremias
2998 3200 3055 3251 et
3084 3195 3283 3252 Daniel
3354 3196 3441 3253 vel
3477 3197 3627 3253 sicut
3660 3215 3799 3253 con-

381 3268 608 3352 plantet
653 3285 710 3336 et
758 3282 989 3351 fundat,
1023 3282 1307 3338 debemus
1365 3282 1690 3359 intelligere
1747 3289 2042 3359 apostolos
2072 3266 2117 3335 (ἶ
2154 3286 2426 3342 tristatus
2445 3289 2535 3341 est
2555 3284 2823 3341 Christus
2845 3303 3022 3359 super
3053 3289 3128 3357 te,
3161 3286 3394 3359 quando
3445 3286 3596 3342 ﬂevit
3625 3304 3801 3360 super

381 3368 854 3442 apostolicosque
879 3370 1035 3425 viros
1066 3373 1123 3426 et
1152 3387 1357 3427 omnes
1389 3372 1718 3446 ﬁdeles,qui
1741 3392 1776 3429 a
1795 3376 2043 3433 Domino

380 3457 631 3530 plantati
655 3458 955 3525 sunt,etin
980 3457 1107 3530 ipso
1141 3458 1391 3526 fundati,
1427 3461 1562 3529 fide,
1598 3462 1910 3522 dilectione
1940 3466 2041 3522 Dei

381 3549 451 3602 et'
479 3543 728 3616 proximi
754 3560 767 3598 :
811 3544 908 3616 qui
937 3546 1008 3600 de
1036 3548 1324 3601 vetustate
1357 3549 1579 3619 peccati
1614 3552 1872 3607 renovati
1904 3559 2043 3610 sunt

380 3632 442 3688 in
474 3632 731 3688 novitate
763 3632 895 3688 fidei
929 3636 986 3688 et
1018 3639 1231 3689 sanctae
1265 3636 1744 3694 conversationis.

453 3744 482 3772 «
516 3721 774 3787 Elevare,
800 3720 1042 3789 elevare,
1067 3740 1378 3797 consurge,
1411 3725 1760 3797 Jerusalem,
1796 3747 1923 3802 quae
1953 3732 2039 3788 bi-

379 3809 517 3866 bisti
549 3810 621 3866 de
651 3826 833 3867 manu
882 3811 1115 3867 Domini
1175 3812 1417 3869 calicem
1452 3814 1550 3870 ira:
1582 3817 1728 3889 ejus.
1770 3841 1790 3867 ι»
1825 3821 1909 3875 Ad
1942 3839 2040 3878 eos

376 3898 641 3972 loquitur
658 3917 852 3956 sermo
874 3900 1257 3974 divimus,qui
1282 3903 1340 3958 in
1364 3903 1596 3960 Domini
1620 3906 1891 3979 passione
1910 3927 2042 3966 con-

377 3988 649 4044 ciderunt
678 3987 739 4044 in
772 3989 1103 4063 negationis
1128 3995 1432 4062 peccatum
1467 3998 1523 4049 et
1551 3994 1937 4065 infidelitatis,
1958 3999 2041 4054 di-

377 4080 575 4133 centes
610 4094 624 4133 :
658 4099 687 4128 ‹‹
716 4076 1006 4151 Cruciﬁge
1039 4078 1237 4147 talem,
1273 4085 1330 4136 et
1362 4082 1436 4137 da
1467 4082 1636 4138 nobis
1668 4085 1985 4143 Barrabam
2021 4107 2034 4145 :

376 4180 513 4222 non
540 4165 699 4221 enim
728 4165 1017 4223 habemus
1050 4185 1245 4241 regem
1280 4169 1392 4226 nisi
1427 4171 1735 4229 Caesarem.
1771 4197 1798 4224 »
1830 4176 2034 4246 (Matth.

374 4254 554 4327 xxvx.)
586 4255 657 4309 Et
686 4253 838 4310 sicut
861 4256 1083 4326 jacenti
1124 4258 1209 4312 in-
1237 4257 1452 4315 lectulo
1505 4261 1723 4317 dicitur
1763 4263 1985 4322 elevare
2019 4285 2031 4322 :

375 4342 458 4399 ita
476 4349 529 4398 et
552 4342 671 4399 illis
693 4344 1036 4416 praecipitur
1055 4350 1119 4400 ut
1141 4345 1441 4403 eleventur
1460 4366 1494 4404 a
1512 4348 1671 4406 vitiis
1685 4353 1753 4407 ad
1769 4351 2034 4421 virtutes,

374 4432 819 4489 de'infidelitate
840 4433 909 4488 ad
938 4434 1210 4490 tidemEt
1232 4453 1366 4491 cum
1390 4437 1535 4493 dicit
1560 4454 1572 4493 :
1600 4463 1625 4489 α
1655 4440 1906 4511 Elevare,
1928 4444 2038 4501 ele-

370 4521 927 4592 vare,Jerusalem.»
959 4539 1073 4577 non
1107 4524 1390 4580 debemus
1422 4531 1628 4598 putare
1661 4532 1813 4601 quod
1848 4534 2035 4590 muris

2151 3374 2389 3443 te,sicut
2419 3375 2481 3429 in
2510 3373 2822 3447 Evangelio
2855 3375 3189 3431 continetur
3209 3376 3359 3445 (Luc.
3391 3377 3467 3444 χ).
3492 3376 3614 3432 Duo
3638 3376 3797 3445 dicit,

2152 3468 2211 3520 et
2238 3468 2492 3536 quatuor
2539 3467 2983 3535 commemorat,
3015 3480 3141 3537 quis
3203 3469 3452 3537 quatuor
3495 3465 3705 3520 iterum
3740 3466 3800 3521 in

2152 3555 2269 3609 duo
2300 3553 2667 3627 rediguntur,
2709 3553 3065 3625 «Vastitas,»
3098 3552 3306 3626 inquit,
3343 3576 3369 3604 ‹‹
3385 3558 3440 3609 et
3470 3554 3799 3624 contritio,»

2152 3660 2278 3716 qua:
2301 3659 2486 3697 unum
2510 3641 2868 3715 significant,
2894 3666 2919 3692 ‹‹
2944 3647 3003 3698 et
3030 3643 3237 3711 fames,
3263 3646 3320 3698 et
3347 3635 3592 3716 gladius,
3624 3667 3651 3693 n
3674 3661 3800 3717 quae

2151 3730 2424 3787 similiter
2448 3749 2635 3787 unum
2661 3732 3112 3798 sunt,subaudis
3131 3733 3363 3788 venient
3382 3732 3507 3788 tibi.
3530 3756 3556 3781 ‹‹
3576 3733 3649 3789 Et
3669 3733 3799 3806 quis

2150 3820 2554 3877 consolabitur
2583 3838 2760 3894 super
2790 3822 2888 3877 te?
2913 3844 2939 3872 »
2966 3823 3081 3877 Aut
3113 3820 3330 3890 nullus,
3364 3824 3464 3877 aut
3491 3838 3620 3877 raro
3652 3822 3803 3879 inve-

2149 3910 2364 3966 nietur.

2228 4020 2255 4052 (ι
2280 3997 2409 4055 Filii
2462 3999 2547 4053 tui
2598 3999 2842 4072 projecti
2892 4004 3054 4071 sunt,
3090 4022 3116 4049 υ
3149 3998 3433 4055 subaudis
3464 3999 3533 4055 de
3562 3999 3799 4056 sedibus

2149 4088 2295 4153 suis,
2321 4088 2379 4142 in
2413 4104 2618 4144 omnes
2650 4092 2853 4161 gentes
2884 4088 3043 4144 ducti
3073 4088 3283 4162 captivi
3316 4087 3797 4144 «dormieruntin

2149 4177 2341 4249 capite
2400 4176 2668 4232 omnium
2727 4176 2975 4244 viarum,
3014 4201 3040 4227 ››
3070 4177 3124 4233 id
3159 4181 3247 4233 est
3289 4177 3500 4232 mortui
3532 4182 3669 4233 sunt
3700 4195 3798 4250 per

2147 4266 2376 4339 plateas
2421 4266 2787 4321 diversarum
2847 4266 3134 4339 gentium,
3169 4267 3325 4323 nuda
3355 4283 3590 4338 corpora
3624 4284 3798 4339 super

2147 4355 2375 4409 nudum
2401 4352 2649 4408 humum
2683 4352 3023 4409 habentes.«
3042 4353 3205 4408 Sicut
3224 4352 3411 4409 bestia
3430 4352 3794 4425 illaqueata,»

2146 4442 2434 4498 subaudis
2465 4441 2549 4498 sic
2573 4442 2960 4498 dormierunt.
3000 4466 3021 4492 α
3058 4442 3101 4499 Ο
3133 4442 3298 4516 plebs
3330 4441 3502 4514 plena
3530 4442 3793 4515 indigna-

2144 4532 2304 4587 tione
2336 4530 2590 4597 Domini,
2628 4554 2655 4580 ››
2688 4530 2746 4586 id
2778 4536 2867 4587 est
2896 4531 3154 4587 vindicta
3196 4530 3445 4598 Domini,
3479 4555 3505 4580 ‹‹
3536 4529 3793 4601 increpa-

372 4609 625 4707 civ-itatnis
643 4611 937 4707 praecipiat.
960 4612 1445 4707 utinqpristinum
1472 4621 1691 4707 statum
1716 4619 2034 4693 eleventur,
2069 4642 2116 4707 Ι)
2147 4620 2304 4677 tione
2337 4621 2437 4676 Dei
2472 4620 2578 4675 tui.
2620 4644 2646 4669 ››
2681 4620 2786 4676 Ubi
2822 4620 2879 4675 in
2912 4620 3150 4677 Hebraeo
3180 4620 3393 4676 dicitur
3439 4619 3797 4676 dormierunt

372 4699 529 4771 quia
552 4699 835 4756 Romanis
866 4701 1147 4755 destructi
1183 4706 1361 4769 sunt;
1389 4705 1487 4759 sed
1511 4709 1932 4765 metonomicos
1956 4711 2039 4767 in-

372 4788 757 4861 telligendum
777 4792 866 4843 est
896 4807 999 4860 per
1030 4790 1086 4844 id
1118 4792 1273 4862 quod
1308 4792 1653 4859 continet,id
1680 4799 1833 4868 quod
1859 4802 2039 4856 conti-

372 4874 836 4948 netur.Elevare,
860 4876 1073 4949 inquit,
1094 4896 1126 4931 ο
1150 4880 1363 4951 popule
1390 4882 1752 4951 Judaeorum,
1778 4888 1848 4942 de
1876 4889 2036 4946 vitiis

372 4965 441 5020 ad
467 4965 738 5031 virtutes,
773 4967 844 5021 de
876 4966 1221 5023 inﬁdelitate
1253 4970 1321 5023 ad
1356 4971 1553 5026 fidem.
1589 4973 1909 5049 Consurgo,
1938 4978 2033 5035 Je-

372 5052 652 5121 rusalem,
686 5053 742 5109 id
788 5059 879 5111 est
932 5073 1036 5129 age
1098 5058 1527 5129 paenitentiam,
1561 5081 1688 5135 quae
1729 5065 1929 5123 bibisti
1964 5070 2034 5125 de

372 5158 552 5198 manu
585 5143 841 5210 Domini,
874 5143 932 5198 id
967 5150 1056 5200 est.
1083 5147 1153 5201 de
1186 5153 1472 5219 potestate
1503 5151 1756 5219 Domini,
1791 5156 2031 5213 calicem

370 5227 467 5284 irae
499 5231 647 5299 ejus.
682 5231 788 5287 Per
817 5232 1060 5288 calicem
1088 5234 1182 5289 irae
1215 5238 1342 5307 ejus
1375 5239 1658 5295 debemus
1708 5241 2031 5319 intelligere

369 5316 757 5374 vastationem
782 5321 1754 5400 Romanorum,etmagnitudinem
1781 5316 2030 5391 tormen-

373 5403 565 5458 torum
589 5411 646 5460 et
674 5408 1251 5476 afflictionem.Quod
1289 5430 1390 5484 per
1418 5414 1655 5472 calicem
1689 5419 2033 5495 designatur

374 5490 609 5575 afﬂictio
640 5500 696 5551 et
730 5496 1054 5562 tribulatio,
1082 5499 1394 5557 Psalmista
1426 5490 2025 5575 manifestatﬁicens:

378 5592 408 5620 α
430 5574 587 5670 calix
619 5580 673 5635 in
708 5602 892 5639 manu
925 5584 1155 5642 Domini
1187 5590 1304 5644 vini
1337 5592 1480 5647 meri
1518 5593 1743 5665 plenus.
1774 5600 1844 5654 Et
1868 5599 2030 5656 incli-

379 5658 559 5724 nabit,
580 5686 602 5715 ι
629 5673 764 5740 etc.,
787 5687 978 5740 usque
1001 5674 1069 5728 ad
1093 5675 1236 5734 illud
1261 5681 1415 5749 quod
1439 5658 1737 5754 sequitur:
1765 5709 1792 5736 ‹‹
1819 5688 2027 5744 Bibent

2148 4710 2301 4765 sicut
2332 4709 2522 4765 bestia
2568 4707 2903 4781 illaqueala,
2940 4708 3320 4782 Septuaginta
3377 4708 3797 4764 transtulerunt

2148 4801 2303 4855 sicut
2334 4797 2788 4855 betascmicocta
2822 4817 2835 4854 :
2871 4817 2999 4871 qua:
3029 4798 3210 4856 herba
3258 4797 3446 4854 calore
3498 4796 3638 4852 solis
3687 4798 3793 4852 cito

2147 4888 2388 4944 ﬂoscida
2420 4886 2691 4942 efﬁcitur.
2718 4888 2789 4941 Et
2819 4887 2916 4943 alii
2946 4887 3293 4960 interpretes
3321 4886 3609 4951 dixerunt,
3643 4885 3794 4940 sicut

2146 4968 2280 5050 orj's
2308 4977 2681 5050 illaqucalus,
2706 4993 2833 5048 qua:
2857 4980 2945 5031 est
2964 4974 3152 5032 bestia
3173 4974 3457 5032 sacrificio
3488 4991 3600 5029 non
3635 4979 3786 5046 apta.

2144 5067 2213 5121 Et
2228 5070 2317 5120 est
2341 5082 2551 5120 sensus
2577 5082 2588 5119 :
2615 5065 2779 5120 Sicut
2810 5063 2997 5121 bestia
3027 5082 3154 5137 qua:
3186 5062 3510 5136 appellatur
3528 5080 3665 5134 oryx
3697 5079 3789 5115 ve-

2144 5158 2416 5209 natorum
2444 5153 2666 5209 retibus
2690 5151 3182 5226 illaqueatur,non
3202 5152 3421 5208 habens
3454 5169 3569 5224 quo
3593 5150 3789 5223 fugiat,

2140 5244 2358 5316 diuque
2391 5243 2634 5315 fatigata
2665 5242 2809 5297 inibi
2851 5242 3110 5299 revoluta
3138 5239 3495 5313 conquiescit
3527 5256 3543 5294 :
3577 5240 3661 5295 sic
3693 5238 3789 5294 lilii

2140 5333 2224 5387 tui
2260 5331 2555 5404 illaqueati
2591 5336 2732 5387 sunt
2763 5330 3011 5387 vinculis
3042 5336 3098 5387 et
3131 5331 3370 5386 funibus
3425 5334 3789 5400 peccaturum

2142 5421 2632 5492 suorum,ubique
2665 5421 2879 5477 mortui
2914 5425 2970 5476 et
3000 5420 3659 5491 interfectijacent,non
3692 5418 3788 5474 ha-

2141 5511 2343 5567 bentes
2374 5509 2657 5565 auxilium
2691 5529 2807 5583 quo
2831 5511 2980 5566 iram
3014 5508 3244 5566 Domini
3276 5508 3541 5565 evadant.

2214 5625 2237 5651 α
2278 5601 2520 5667 idcirco,
2554 5624 2581 5650 η
2616 5601 2902 5657 subaudis
2934 5601 3075 5674 quia
3105 5618 3219 5656 non
3249 5599 3430 5655 habes
3452 5597 3791 5653 consolatio-

2141 5707 2260 5745 rem
2292 5689 2392 5762 qui
2426 5690 2717 5746 sustineat
2750 5694 2821 5759 te,
2848 5714 2874 5739 ‹‹
2903 5689 3039 5748 audi
3066 5689 3195 5756 hoc,
3230 5686 3590 5762 paupercula
3638 5686 3790 5743 ebria
