3956 6396
187 464 314 528 985

1245 465 1658 527 COMMENT.
1705 466 1783 527 IN
1832 465 2121 528 ISAIAM.
2167 500 2248 513 -—
2290 467 2439 528 LIB.
2486 467 2564 528 Il.

3491 458 3615 527 986

189 594 634 672 speculatorum
662 614 774 655 vox
801 596 862 655 in
891 614 1127 655 omnem
1175 601 1390 654 terram
1422 598 1622 654 audita
1651 601 1762 669 est,
1794 602 1851 653 et
1878 597 1934 665 Α
1962 614 2093 670 pus,
2127 614 2262 654 cum
2311 597 2684 671 permittente
2711 596 2857 671 Cyro
2887 594 3137 670 regressi
3180 600 3322 653 sunt
3377 597 3438 653 in
3481 598 3617 657 Hie-

191 688 256 744 in
290 688 439 745 ﬁnes
468 686 631 744 orbis
662 691 829 743 terrae
859 688 1036 743 verba
1076 704 1278 742 eorum
1314 692 1751 743 resonaverunt.
1784 688 1854 742 Et
1961 688 2218 745 rusalem
2250 706 2383 744 cum
2429 688 2635 763 gloria,
2670 688 2781 744 sub
2830 686 3144 743 Zorobabel
3193 690 3251 742 et
3296 688 3513 757 Esdra,
3536 688 3617 744 fe-

190 776 343 831 bene
374 775 518 830 dicit
549 775 886 832 levaverunt
905 793 1127 843 vocem,
1151 774 1289 847 quia
1309 777 1379 831 de
1410 775 1853 831 sublimioribus

191 863 376 921 locuti
410 869 570 921 sunt.
596 864 760 921 Unde
791 869 848 920 et
879 864 1149 937 sequitur
1172 881 1227 919 ια
1249 864 1435 920 Simul
1467 864 1853 929 laudabunt,»

192 953 484 1010 subaudis
514 953 831 1009 Dominum
873 969 1079 1009 omnes
1111 954 1359 1026 apostoli
1390 958 1446 1008 et
1476 971 1680 1009 omnes
1712 971 1854 1026 prae-

193 1042 491 1098 dicatores
515 1058 565 1096 :«
592 1041 732 1114 quia
752 1041 919 1097 oculo
943 1042 1014 1096 ad
1047 1041 1284 1097 oculum
1317 1043 1651 1109 videbunt,»
1679 1043 1733 1097 id
1766 1046 1857 1096 est

195 1130 346 1187 facie
376 1130 447 1186 ad
480 1130 710 1195 faciem,
736 1154 763 1180 ‹‹
790 1148 926 1186 cum
952 1131 1303 1186 converterit
1332 1132 1618 1187 Dominus
1639 1132 1797 1198 Sion,
1826 1154 1849 1184 ι

195 1219 258 1275 id
289 1223 380 1275 est
425 1236 560 1275 cum
611 1219 919 1275 adduxerit
949 1221 1019 1275 ad
1066 1221 1241 1275 fidem
1296 1238 1465 1277 suam
1516 1220 1853 1276 Ecclesiam.
1920 1212 1923 1214 ’

196 1309 283 1365 De
314 1307 431 1364 illis
463 1308 724 1381 loquitur
753 1308 940 1365 oculis
970 1310 1041 1364 de
1072 1310 1291 1381 quibus
1322 1310 1467 1365 dicit
1505 1309 1852 1365 Psalmista:

200 1418 231 1447 α
261 1395 429 1453 Oculi
462 1398 579 1454 mei
608 1414 842 1470 semper
869 1398 942 1453 ad
978 1398 1293 1453 Dominum
1324 1400 1494 1468 (Psal.
1524 1399 1695 1467 xxiv).
1724 1420 1749 1447 »

272 1510 301 1535 «
333 1487 591 1545 Gaudete
620 1490 679 1541 et
707 1485 945 1542 laudate
985 1486 1186 1555 simul,
1211 1488 1442 1544 deserta
1474 1488 1854 1555 Hierusalem,

198 1574 342 1648 quia
371 1573 713 1631 consolatus
744 1579 832 1631 est
863 1575 1150 1633 Dominus
1175 1577 1458 1650 populum
1480 1594 1679 1645 suum,
1703 1577 1862 1632 rede-

198 1663 312 1718 mit
340 1662 727 1720 Hierusalem.
756 1686 781 1712 »ι
804 1663 1137 1736 Alloquitur
1166 1667 1338 1721 modo
1370 1667 1739 1739 primitavam
1762 1668 1862 1722 Ec-

201 1751 618 1824 clesiam,quaa
638 1752 891 1808 credidit
908 1771 976 1808 ex
999 1753 1221 1810 Judzeis
1244 1771 1258 1809 :
1283 1758 1340 1810 et
1363 1755 1700 1811 consolatur
1729 1773 1858 1811 eam

201 1841 281 1899 de
306 1839 690 1897 multitudine
720 1842 1010 1914 gentium,
1033 1860 1162 1914 qua:
1194 1843 1254 1899 in
1286 1844 1481 1901 locum
1520 1846 1858 1902 Judteorum

1963 784 2157 834 renter
2186 795 2384 833 secum
2421 795 2560 833 vasa
2610 776 2840 832 Domini
2872 793 2999 848 quae
3049 775 3372 832 abstulerat
3421 776 3618 832 Nabu-

1964 868 2330 923 chodonosor
2388 867 2447 921 in
2510 865 2883 938 Babylonem,
2915 869 2972 920 et
3001 864 3061 919 in
3102 863 3319 936 quibus
3378 865 3621 936 petebat

1964 957 2271 1012 Balthasar
2291 973 2425 1011 cum
2458 956 2801 1010 interfectus
2823 959 2912 1009 est
2932 955 3003 1009 ab
3030 953 3157 1026 ipso
3180 954 3324 1027 Cyro
3355 959 3415 1009 et
3444 971 3620 1027 avun-

1964 1045 2093 1101 culo
2123 1047 2251 1116 ejus
2285 1045 2476 1101 Dario.
2508 1044 2961 1115 Prmcipiturque
2994 1024 3111 1098 illis
3146 1048 3210 1097 ut
3228 1024 3524 1099 'mundent
3556 1024 3619 1100 se

1965 1151 2069 1207 per
2100 1134 2522 1205 pmnitentiam,
2547 1133 2647 1205 qui
2700 1132 2915 1187 debent
2952 1149 3089 1187 vasa
3130 1132 3362 1187 Domini
3412 1134 3619 1188 atl'erre

1967 1224 2024 1279 in
2060 1223 2443 1279 Hierusalem.
2480 1225 2545 1277 Et
2577 1222 2943 1303 promittitur
2972 1222 3112 1294 quia
3140 1239 3256 1277 non
3288 1222 3529 1277 exibunt
3558 1223 3617 1277 in

1968 1313 2105 1385 fuga
2138 1330 2327 1384 neque
2357 1313 2416 1367 in
2448 1310 2709 1367 tumultu
2740 1328 2774 1365 a
2803 1310 3107 1378 Chaldaeis,
3133 1311 3285 1366 sicut
3318 1312 3619 1383 quondam

1967 1402 2039 1457 ab
2070 1402 2369 1474 Egyptiis.
2391 1402 2521 1455 Haec
2553 1399 2789 1473 quidem
2813 1399 2997 1455 Judazi
3021 1404 3350 1468 autumant,
3375 1401 3472 1455 sed
3508 1416 3624 1455 me-

1967 1489 2082 1546 lius
2113 1495 2202 1545 est
2232 1494 2296 1545 ut
2320 1490 2393 1545 ad
2423 1488 2797 1561 apostolos-et
2818 1490 2890 1544 ad
2923 1487 3282 1560 primitivam
3304 1487 3624 1544 Ecclesiam

1969 1580 2312 1645 referamus,
2336 1578 2554 1650 quibus
2584 1577 2922 1650 praecipitur
2939 1581 3006 1633 ut
3036 1581 3243 1633 exeant
3264 1577 3334 1632 de
3358 1577 3624 1633 Hierusa-

1968 1668 2083 1724 lem
2112 1672 2169 1725 et
2198 1671 2501 1723 transeant
2522 1668 2595 1721 ad
2614 1671 2841 1739 gentes,
2867 1665 3095 1721 dicente
3116 1666 3188 1721 ad
3214 1681 3315 1722 eos
3336 1664 3622 1722 Domino:

1975 1777 1999 1807 ι
2023 1758 2123 1826 lto,
2148 1758 2348 1813 docete
2378 1773 2584 1811 omnes
2633 1759 2859 1827 gentes,
2883 1754 3248 1826 baptizantes
3294 1771 3395 1810 eos
3428 1754 3489 1809 in
3520 1771 3622 1811 no-

1970 1846 2128 1902 mine
2187 1844 2396 1913 Patris,
2452 1848 2509 1900 et
2566 1843 2716 1910 Filii,
2764 1848 2822 1899 et
2879 1842 3135 1914 Spiritus
3193 1843 3383 1898 sancti
3416 1843 3619 1916 (Matth.

201 1930 303 2003 qui
336 1929 398 1986 ia
446 1928 792 1986 inﬁdelitate
827 1937 1296 2002 permanserunt,
1330 1934 1635 1989 successit.
1677 1935 1861 1989 Ducto
1890 1938 2226 2037 Bomni)»
2247 1934 2391 1990 Anie
2417 1932 2573 1989 enim
2607 1949 2785 2005 quam
2809 1931 3056 1988 Romani
3078 1932 3419 1988 advenirent
3448 1948 3631 2005 super
3660 1938 3661 1943 ‘

203 2014 411 2037 _-_.__I._
451 2016 501 2037 ἐμ
549 2018 861 2037 --ηιέησικιγ
892 2036 921 2037 η
1027 2020 1067 2037 n
1260 2021 1270 2032 ι
1390 2027 1400 2037 .
1681 2023 1693 2035 ι
2171 2022 2209 2037 ιι
2256 2023 2266 2034 -
2320 2023 2353 2037 ι.
2727 2026 2737 2037 ι
2952 2025 2964 2037 ι
3047 2026 3107 2037 .,
3244 2025 3254 2037 ι
3300 2019 3337 2037 ιο

202 2014 420 2093 populi)
450 2016 509 2073 in
541 2018 935 2091 captivitatem
962 2037 997 2075 a
1027 2020 1327 2090 Romanis,
1353 2027 1410 2077 et
1430 2023 1729 2079 succensis
1761 2040 1859 2079 ur-

203 2106 403 2175 bibus,
426 2109 528 2163 aut
552 2122 741 2172 rarus,
764 2111 866 2163 aut
896 2108 1097 2165 nullus
1138 2109 1435 2167 habitator
1464 2113 1748 2167 remansit
1779 2111 1857 2166 ibi

202 2193 543 2255 exJudazis.
572 2195 687 2251 Sed
724 2195 984 2252 Ecclesia
1021 2214 1149 2268 qua:
1190 2201 1487 2271 quondam
1521 2200 1631 2256 fuit
1660 2201 1720 2256 in
1752 2201 1857 2267 eis,

206 2286 477 2358 reparata
501 2288 593 2339 est
618 2299 688 2339 ex
728 2302 974 2341 numero
1005 2287 1267 2358 gentium
1302 2290 1374 2344 ad
1414 2290 1589 2345 fidem
1620 2290 1861 2346 venien-

204 2372 383 2440 tium,
412 2372 657 2444 insuper
702 2375 760 2428 et
796 2372 1193 2446 multiplicata
1220 2381 1330 2432 est.
1366 2377 1530 2434 Unde
1560 2383 1618 2434 et
1646 2379 1864 2434 dicitur

200 2461 293 2518 eis
320 2458 425 2534 qui
460 2468 531 2516 ex
574 2460 724 2534 ipsis
756 2462 1151 2532 crediderunt,
1183 2466 1464 2537 apostolis
1511 2468 1779 2523 videlicet
1807 2472 1865 2523 et

204 2547 551 2623 apostolicis
581 2549 745 2617 viris,
779 2551 879 2622 qui
918 2551 1121 2607 salvati
1158 2559 1304 2609 sunt
1334 2556 1405 2610 de
1436 2557 1715 2613 manibus
1746 2558 1864 2613 Ro-

202 2650 541 2706 manorum,
566 2655 603 2693 a
621 2638 840 2709 quibus
872 2645 928 2695 et
953 2641 1330 2713 Evangelium
1366 2646 1744 2716 praedicatum
1776 2649 1867 2701 est

200 2722 283 2785 in.
317 2725 616 2799 sedibus.
640 2727 898 2783 Gaudete
948 2733 1007 2783 et
1061 2729 1296 2787 laudate
1345 2732 1608 2805 (inquit),
1636 2735 1866 2790 deserta

200 2809 594 2883 ﬁbra-clem,
629 2815 687 2871 id
738 2819 829 2872 est
856 2817 1119 2873 Ecclesia
1162 2818 1460 2891 primitiva
1506 2839 1575 2877 ex
1621 2823 1862 2889 Judmis,

196 2903 598 2963 etmredentes
627 2903 731 2976 qui
779 2905 1041 2961 derelicti
1090 2907 1231 2964 estis
1279 2926 1315 2964 a
1362 2911 1695 2981 captivitate
1744 2912 1865 2967 fra-

196 2991 359 3047 trum
398 3009 411 3047 :
434 2991 579 3065 quia
606 2992 941 3050 consolatus
961 2999 1052 3050 est
1070 2995 1359 3053 Dominus
1382 2998 1666 3070 populum
1687 3017 1863 3056 suum

200 3076 657 3137 credentemin
680 3097 764 3149 se,
792 3099 895 3154 per
931 3083 1246 3140 adventum
1280 3086 1538 3158 Spiritus
1567 3087 1775 3156 sancti,
1809 3092 1867 3144 et

200 3182 275 3223 ex.
300 3168 693 3229 multitudine
722 3170 986 3243 gentium
1027 3175 1500 3231 convenientium
1531 3178 1603 3232 ad
1636 3177 1811 3233 ﬁdem
1849 3194 1861 3233 :

195 3258 547 3329 stands-iit
574 3259 962 3327 Hierusalem,
993 3262 1103 3319 hoc
1142 3268 1233 3319 est
1274 3265 1592 3322 Ecclesiam
1628 3268 1865 3323 univer-

1968 2041 2121 2091 eam,
2154 2022 2438 2078 divinitus
2471 2026 2850 2095 procuratum
2882 2025 2972 2077 est
3000 2026 3067 2076 ut
3095 2019 3342 2093 apostoli
3374 2037 3478 2094 per
3506 2037 3629 2077 om-

1969 2129 2073 2169 nes
2103 2117 2305 2185 gentes
2338 2111 2507 2167 divisi
2537 2116 2753 2177 essent,
2782 2115 2840 2166 et
2863 2111 3166 2166 credentes
3196 2109 3341 2165 inibi
3372 2126 3627 2166 commo-

1969 2207 2166 2258 rantes
2223 2202 2543 2257 transirent
2591 2202 2665 2256 ad
2722 2204 2920 2273 partes
2978 2198 3143 2273 regni
3199 2199 3489 2274 Agrippas,
3522 2199 3625 2273 qui

1970 2308 2173 2364 pacem
2204 2291 2459 2347 habebat
2488 2307 2622 2346 cum
2667 2288 2948 2345 Romanis
2982 2305 2996 2344 :
3030 2291 3237 2345 sancto
3265 2287 3627 2361 Spiritu-hoe

1971 2380 2091 2437 illis
2112 2379 2422 2446 revelante,
2440 2378 2761 2451 alloquitur
2774 2395 2873 2434 eos
2895 2393 3088 2433 sermo
3108 2376 3363 2443 divinus,
3377 2380 3432 2433 et
3453 2376 3623 2432 dicit:

1973 2468 2266 2534 Recedite,
2316 2468 2560 2541 apostoli
2613 2468 2684 2522 de
2734 2465 3120 2532 Hierusalem,
3165 2465 3312 2521 exite
3368 2466 3504 2521 inde
3557 2482 3631 2521 ne

1974 2558 2349 2613 involvamini
2382 2558 2659 2629 peccatis,
2693 2555 2982 2628 pollutum
3024 2554 3205 2611 nolite
3228 2553 3632 2627 tangere,hoc

1974 2652 2063 2703 est
2091 2664 2227 2702 cum
2260 2647 2482 2702 Judaeis
2514 2644 2757 2718 pollutis
2785 2648 2969 2699 morte
3006 2647 3065 2699 et
3093 2642 3341 2716 sangine
3374 2640 3503 2698 Filii
3530 2641 3633 2698 Dei

1975 2736 2154 2793 nolite
2177 2736 2514 2791 societatem
2536 2734 2779 2801 habere;
2804 2731 2946 2805 quia
2971 2754 2999 2781 α
3023 2731 3399 2804 qui'tetigerit
3416 2730 3628 2803 picem,

1973 2824 2382 2897 in'quinabitur
2413 2824 2485 2878 ab
2515 2840 2583 2878 ea
2620 2822 2783 2893 (Eccl.
2811 2822 2958 2890 xm).
2978 2842 3000 2869 ι
3027 2820 3191 2876 Unde
3218 2823 3279 2874 et
3308 2818 3649 2891 ipsi‘apos-‘

1972 2914 2073 2969 toli
2108 2914 2315 2968 dicunt
2338 2929 2388 2967 :«
2412 2911 2559 2978 Quia
2604 2910 2882 2982 indignos
2910 2925 3014 2964 vos
3053 2907 3372 2982 judicastis
3402 2910 3631 2962 aeternae

1972 3002 2124 3069 vitae,
2156 3018 2288 3057 ecce
2318 2999 2712 3055 convertimur
2750 2999 2821 3053 ad
2867 3000 3069 3068 gentes
3086 2996 3225 3063 (Act.
3249 2995 3355 3067 in).
3380 3017 3408 3044 »
3430 2995 3632 3069 Sequi-

1972 3095 2072 3147 tur
2100 3107 2257 3163 ergo,
2283 3094 2340 3144 et
2389 3088 2604 3144 dicitur
2634 3087 2705 3141 ad
2748 3085 2986 3141 eosdem
3011 3100 3025 3138 :
3054 3103 3084 3137 α
3104 3083 3267 3139 Exite
3316 3084 3388 3139 de
3423 3083 3631 3139 'medio

1975 3181 2159 3251 ejus,»
2182 3178 2292 3233 hoc
2323 3182 2412 3233 est
2440 3177 2510 3231 de
2539 3174 2733 3230 medio
2776 3171 3163 3240 Hierusalem,
3184 3187 3259 3227 ne
3289 3171 3512 3244 pccatis
3541 3188 3634 3228 eoo

1975 3286 2107 3324 rum
2133 3265 2543 3323 obvolvamini.
2573 3283 2596 3311 ι
2621 3260 3012 3331 Mundamini,
3031 3282 3062 3311 δ)
3089 3260 3376 3317 subaudis
3397 3259 3628 3328 avitiis‘,

196 3343 417 3415 uilem-
432 3348 724 3421 sanguine
753 3366 885 3405 suo.
907 3351 1067 3407 Licet
1086 3352 1242 3409 enim
1275 3355 1523 3427 apostoli
1549 3360 1607 3411 et
1632 3357 1866 3412 creden-
1893 3337 1938 3405 (ἶ
1966 3330 2224 3430 apostoli
2258 3373 2271 3410 :
2298 3380 2324 3405 ‹‹
2352 3355 2451 3428 qui
2500 3352 2663 3409 fertis
2706 3367 2847 3407 vasa
2902 3330 3158 3406 Domini.
3186 3371 3214 3398 »
3246 3348 3635 3421 lpsi't'uerunt

217 3441 309 3494 te.
326 3453 399 3494 om
414 3436 922 3495 Judazisdolerent
942 3440 1327 3513 perditionem
1354 3444 1598 3501 fratrum
1622 3462 1866 3503 suorum

211 3525 277 3582 in
300 3540 503 3583 emole
531 3526 1000 3598 permanentium
1026 3546 1039 3584 :
1069 3548 1346 3604 magnam
1376 3538 1573 3589 tamen
1605 3534 1866 3591 laetitiam

211 3614 433 3672 exinde:
448 3620 857 3687 perceperunt,
882 3620 1039 3690 quod
1074 3635 1143 3676 ea
1177 3637 1305 3692 quae
1344 3622 1404 3678 in
1434 3623 1654 3680 Judaeis
1684 3624 1867 3696 peric.

212 3707 373 3770 rant,
396 3719 471 3759 ex
486 3703 777 3775 gentibus
803 3709 1307 3766 restaurabantur.

220 3808 230 3817 ‘
284 3812 316 3841 κ
348 3791 579 3850 Paravit
617 3793 906 3851 Dominus
944 3797 1253 3855 brachium
1290 3805 1561 3859 sanctum
1603 3820 1778 3859 suum
1809 3803 1869 3859 in

209 3878 403 3937 oculis
427 3879 698 3937 omnium
748 3883 1037 3954 gentium,
1062 3906 1091 3934 »
1114 3886 1171 3941 id
1200 3891 1292 3943 est
1338 3888 1611 3945 revelavit
1657 3890 1869 3946 Filium

168 3982 179 3992 '
209 3984 393 4027 suum
417 3967 699 4025 inioculis
720 3970 1017 4026 mentium
1048 3976 1397 4032 et~cordium
1430 3979 1698 4033 omnium
1729 3995 1869 4051 gen-

208 4057 363 4114 tium
392 4071 511 4128 per
529 4058 1003 4129 praedicationem
1026 4063 1449 4135 apostolorum,
1477 4068 1717 4138 quando
1744 4084 1871 4140 pro-

206 4145 344 4207 fecti
414 4145 877 4217 praedicaverunt
934 4150 1153 4223 ubique
1223 4154 1467 4211 Domino
1524 4160 1873 4228 cooperante

206 4234 657 4305 (Maro.xv1).Et
686 4239 981 4308 quomodo
1014 4240 1227 4297 Filium
1259 4260 1437 4299 suum
1468 4244 1742 4301 revelavit
1770 4262 1874 4321 per

207 4321 641 4397 apostolorum.
665 4326 1185 4396 prmdicationem?
1214 4332 1353 4403 quia
1398 4332 1736 4389 consolatus
1782 4338 1873 4390 est

209 4410 517 4485 populum
548 4429 753 4469 suum-
777 4417 1111 4473 credentem
1156 4419 1217 4475 in
1249 4437 1331 4488 se,
1363 4425 1484 4478 tam
1537 4439 1607 4478 ex
1652 4422 1873 4479 Judaais

210 4516 393 4572 quam
412 4517 489 4559 exi
500 4500 782 4573 gentibus
807 4521 821 4559 :
844 4509 903 4560 et
924 4506 1173 4563 redemit
1202 4509 1565 4567 Hierusabm
1587 4512 1872 4584 sanguine

212 4587 348 4645 Filii
376 4588 496 4656 sui,
519 4588 629 4646 hoc
659 4594 753 4647 est
777 4592 1118 4651 Ecclesiam.
1144 4596 1308 4653 Unde
1338 4603 1399 4654 et
1426 4600 1774 4673 sequitnrzu
1806 4602 1875 4657 Et

1974 3464 2114 3502 vasa
2150 3442 2563 3516 Domini,quia
2597 3439 2817 3495 in-illis
2846 3437 3137 3494 habitavit
3193 3454 3298 3510 per
3345 3438 3526 3493 fidem
3574 3440 3634 3493 et

1976 3535 2350 3591 dilectionem
2371 3550 2385 3587 :
2405 3533 2477 3587 de
2493 3546 2745 3604 quorum
2769 3544 3013 3584 numero
3035 3527 3106 3583 ad
3130 3536 3321 3582 unum
3337 3526 3631 3599 loquitur:

1978 3649 2007 3677 «
2040 3625 2159 3681 Vas
2188 3622 2488 3680 electionis
2520 3619 2667 3676 mihi
2698 3622 2808 3683 est,
2842 3621 2908 3673 ut
2944 3620 3137 3689 portet
3180 3632 3394 3672 nomen
3436 3630 3636 3672 meum

1979 3732 2176 3772 coram
2232 3713 2509 3787 gentibus
2566 3715 2623 3766 et
2680 3708 2917 3781 regibus
2947 3707 3084 3776 (Act.
3113 3709 3216 3775 1x).
3244 3728 3272 3755 »
3314 3706 3637 3761 Possumus

1980 3805 2156 3861 etiam
2189 3803 2400 3869 dicere,
2426 3818 2559 3873 quae
2583 3816 2724 3854 vasa
2765 3795 2999 3852 Domini
3030 3798 3329 3851 armatura
3355 3794 3435 3848 sit
3460 3793 3635 3864 spiri-

1978 3894 2178 3958 tualis,
2202 3908 2382 3965 quam
2415 3889 2587 3945 debet
2618 3886 3026 3958 unusquisque
3056 3883 3323 3938 fidelium
3350 3881 3413 3935 in
3438 3883 3663 3936 mente.

1980 3983 2150 4047 ferre,
2169 3982 2240 4036 de
2265 3996 2382 4052 qua
2411 3975 2797 4049 et‘apostolus
2825 3972 3249 4045 loquebatur:«
3274 3968 3505 4025 Induite
3530 3978 3633 4023 vos

1982 4073 2283 4127 armatura
2340 4065 2462 4130 Dei,
2494 4069 2561 4120 ut
2616 4061 2855 4135 possitis
2913 4058 3186 4116 resistere
3244 4058 3304 4113 in
3355 4057 3450 4113 die
3470 4056 3634 4113 male

1981 4160 2195 4233 (Ephes.
2226 4157 2326 4229 v1).
2354 4178 2381 4205 »
2412 4156 2483 4210 Et
2511 4170 2639 4225 qua:
2685 4152 2761 4206 sit
2808 4150 2922 4205 ista
2971 4150 3290 4213 armatura,
3313 4146 3373 4202 in
3420 4146 3631 4203 subse~

1981 4247 2299 4322 quentibus
2347 4242 2704 4307 manifestat,
2747 4239 2858 4295 hoc
2907 4240 3025 4305 est,"
3058 4235 3238 4292 lorica
3275 4234 3553 4307 justitia,
3574 4238 3635 4291 et
3680 4238 3683 4245 ‘

1982 4339 2227 4412 clypeos
2254 4334 2410 4402 ﬁdei,
2445 4336 2502 4389 et
2531 4330 2698 4405 galea
2727 4327 2956 4395 salutis,
2990 4329 3047 4382 et
3088 4326 3161 4382 ad
3200 4323 3487 4380 ultimum
3509 4323 3645 4397 δια--

1982 4429 2136 4493 dius,
2163 4425 2317 4499 quod
2349 4427 2439 4479 est
2468 4420 2709 4477 verbum
2741 4416 2864 4473 Dei.

2055 4540 2083 4568 ‹‹
2117 4514 2405 4582 Quoniam
2436 4528 2551 4567 non
2580 4509 2641 4563 in
2672 4505 2957 4574 tumultu,
2984 4527 3013 4555 ››
3044 4504 3155 4560 hoc
3194 4505 3284 4561 est
3320 4502 3381 4557 in
3424 4500 3635 4558 timore

1926 4616 1931 4631 ί
1980 4605 2069 4661 vel
2111 4620 2342 4677 pavore,
2371 4623 2399 4652 α
2448 4596 2680 4656 exibitis
2729 4618 2757 4645 ››
2789 4612 2824 4652 a
2866 4593 3087 4650 Judaais
3120 4608 3134 4648 :
3163 4616 3192 4643 «
3227 4606 3333 4648 nec
3383 4590 3444 4646 in
3496 4590 3649 4663 fuga

210 4676 501 4775 videtin—nt
529 4694 737 4775 omnes
757 4680 931 4775 fines
959 4687 1125 4775 terra;
1156 4685 1415 4743 salutare
1465 4690 1560 4745 Dei
1608 4691 1816 4758 nostri,
1845 4713 1873 4741 »
1904 4709 1952 4775 D
1983 4676 2373 4771 properabitis
2398 4713 2425 4739 ››
2447 4706 2515 4745 ex
2548 4688 2789 4759 [Egypto
2821 4683 2939 4775 filii,
2974 4681 3173 4775 Israel.
3198 4680 3358 4737 Licet
3386 4678 3636 4775 apostoli

210 4765 272 4821 id
296 4769 388 4822 est
404 4764 725 4823 Dominum
747 4768 951 4826 Jesum
974 4772 1296 4832 Christum.
1322 4777 1634 4835 Brachium
1659 4779 1754 4835 Dei
1776 4780 1875 4835 Pa-

209 4854 325 4910 tris
353 4858 412 4911 et
440 4853 709 4921 salutare
736 4857 919 4915 Filius
967 4866 1078 4930 est,
1119 4862 1273 4920 sicut
1300 4865 1579 4936 diximus,
1602 4868 1743 4940 quia
1772 4886 1876 4941 per

209 4942 412 5016 ipsum
436 4947 909 5019 cunctacreavit,
934 4954 998 5003 ut
1017 4951 1274 5009 Joannes
1296 4954 1439 5011 dicit
1461 4972 1513 5011 :«
1532 4956 1743 5013 Omnia
1772 4976 1876 5029 per

210 5030 414 5104 ipsum
434 5032 619 5089 facta:
638 5039 782 5090 sunt
811 5036 999 5108 (Joan.
1025 5040 1127 5112 1).»
1149 5043 1220 5097 Et
1254 5060 1358 5115 per
1394 5045 1593 5115 ipsum
1622 5046 1876 5102 decrevit

213 5120 767 5194 genushumanum
801 5127 1045 5186 salvere.
1071 5132 1234 5197 Quod
1262 5133 1571 5190 brachium
1600 5135 1689 5191 vel
1716 5136 1873 5192 salu-

214 5212 343 5266 tare
372 5209 697 5270 DeiPatris
716 5232 835 5271 non
862 5216 1139 5277 viderunt
1159 5237 1365 5277 omnes
1393 5228 1617 5295 gentes,
1640 5224 1727 5280 vel
1758 5242 1878 5281 om-

215 5315 321 5355 nes
348 5299 703 5359 ﬁnesrter-rte
738 5303 805 5359 in
838 5309 1149 5377 prmsentia
1179 5312 1465 5384 corporali
1499 5330 1515 5369 :
1547 5314 1647 5369 sed
1680 5317 1873 5370 mente

212 5389 272 5443 et
289 5389 1020 5461 contemplatione-cordis
1066 5399 1249 5455 visuri
1301 5404 1441 5456 sunt
1485 5419 1621 5457 eum
1671 5420 1875 5460 omnes

212 5474 579 5539 hominesin
600 5479 707 5535 .die
727 5483 960 5553 judicii,
984 5486 1122 5541 boni
1145 5492 1204 5543 et
1227 5488 1366 5544 mali
1392 5506 1405 5545 :
1431 5490 1570 5561 quia
1599 5490 1683 5546 illi
1716 5491 1899 5548 dedit-

212 5563 387 5620 Pater
416 5580 595 5623 omne
613 5569 911 5640 judicium
942 5578 1125 5643 (Joan.
1152 5580 1233 5645 v).

290 5670 315 5700 α
351 5652 947 5728 Ηθοθάἰιενιιθωὰἱὶθ,
980 5664 1130 5722 exite
1174 5665 1327 5733 inde,
1354 5666 1645 5738 pollutum
1698 5669 1877 5726 nolite

208 5743 475 5813 tangere.
495 5764 524 5794 »
547 5743 678 5803 Hec
707 5750 1399 5811 verba-referant-Judaei
1420 5756 1505 5814 ad
1545 5755 1693 5816 illud
1726 5761 1873 5817 tem-

1984 4768 2259 4859 ilagellati
2290 4786 2349 4837 et
2380 4778 2511 4835 caesi
2542 4780 2741 4853 essent
2769 4792 2803 4830 a
2830 4772 3050 4831 Judaeis
3081 4772 3141 4827 in
3181 4768 3515 4844 synagogis,
3548 4772 3634 4859 tat

1983 4856 2118 4931 men
2150 4889 2266 4928 non
2299 4869 2666 4925 recesserunt
2695 4866 2767 4921 ab
2798 4863 2883 4921 eis
2916 4871 2979 4919 ut
3007 4862 3319 4935 fugientes,
3342 4859 3442 4915 sed
3464 4856 3637 4931 quasi

1982 4965 2041 5019 in
2093 4979 2232 5035 pace
2274 4959 2524 5014 victores
2570 4955 2908 5010 existentes.
2933 4976 2961 5002 «
2996 4951 3303 5007 Praecedet—
3329 4948 3637 5004 en‘im'vos

1984 5050 2326 5117 Dominus,»
2343 5044 2630 5103 subaudis
2652 5044 2725 5099 ad
2748 5045 2977 5115 gentes,
2990 5041 3146 5096 sicut
3158 5037 3322 5094 vobis
3343 5036 3635 5109 promisit,

1983 5141 2275 5197 dicenszu
2301 5138 2444 5193 Ecce
2503 5132 2790 5206 prazcedet
2843 5147 2946 5187 vos
2997 5128 3058 5183 in
3116 5125 3487 5183 Galilaeam.»
3520 5146 3543 5174 α
3569 5123 3641 5179 Et

1984 5225 2362 5300 congregabit
2382 5239 2483 5278 vos
2514 5221 2669 5276 Deus
2699 5216 2880 5273 Israel
2904 5238 2932 5265 ››
2952 5216 3012 5271 in
3045 5230 3230 5270 unum
3260 5211 3407 5268 ovile
3431 5210 3635 5300 (Matth;

1981 5297 2283 5388 xxvni),ret
2306 5310 2547 5377 Judaeis,
2574 5306 2798 5364 scilicet
2825 5308 2884 5361 et
2923 5303 3200 5378 gentibus
3230 5317 3410 5357 unam
3441 5297 3637 5356 Eccle-

1983 5407 2132 5465 siam
2163 5401 2563 5461 constituens:
2590 5394 2745 5451 sicut
2780 5393 2904 5466 ipse
2945 5392 3119 5448 dicit:
3144 5414 3172 5441 «
3206 5394 3273 5446 ut
3310 5391 3414 5445 ﬁat
3450 5403 3636 5444 unum

1983 5494 2129 5553 ovile
2155 5498 2214 5549 et
2245 5506 2400 5546 unus
2427 5490 2629 5559 pastor
2657 5486 2841 5550 (Joan.
2873 5485 2952 5551 χ).
2984 5503 3004 5530 ι

2056 5606 2082 5632 ‹‹
2106 5583 2251 5636 Ecce
2274 5573 2557 5646 intelliget
2578 5585 2782 5626 servus
2805 5585 3032 5637 meus,»
3047 5567 3106 5622 id
3128 5571 3220 5624 est
3243 5566 3425 5623 Filius
3446 5581 3636 5633 meus,

1982 5669 2341 5726 voluntatem
2373 5674 2586 5725 meam,
2619 5677 2640 5704 ι
2672 5659 2731 5711 et
2768 5654 3129 5711 exaltabitur
3160 5678 3181 5706 ιι
3218 5658 3351 5728 post
3378 5668 3638 5710 resurre-

1984 5760 2221 5819 tionern‘
2252 5767 2423 5815 suam
2478 5748 2563 5804 in:
2589 5744 2864 5802 cordibus
2922 5744 3191 5818 gentium
3218 5742 3637 5819 “apostolorum
