3956 6386
318 431 434 495 987

702 429 1111 491 IIAYMONIS
1155 424 1698 486 IIALBlCltSTAT.
1747 424 1970 485 EPISC

2119 426 2216 486 PP.
2256 427 2462 489 PARS
2504 427 2552 489 Ι.
2600 463 2675 473 -
2720 429 3127 493 ΕΟΜΜΕΝΤ.
3173 432 3373 494 BlBL.

3617 433 3736 495 988

319 582 565 626 suorum
593 564 1034 638 praedicatione;
1068 560 1156 617 vel
1187 561 1361 619 etiam
1392 562 1749 621 exaltabitur
1775 565 1847 620 de
1879 582 1967 621 se.
1998 566 2053 634 Α
2080 561 2358 634 perpauci
2375 561 2971 635 gentiliumviderunt
2985 566 3114 638 ejus
3132 566 3731 638 przssentiam,tamen

320 657 522 731 pulcro
553 656 620 711 ad
656 654 851 719 cmlos,
885 653 956 707 de
986 657 1173 707 morte
1212 652 1284 706 ad
1325 652 1504 708 vitam
1533 671 1545 707 :
1580 674 1600 701 α
1635 659 1691 709 et
1720 655 1970 713 elevabi-

318 753 416 804 tur
438 770 457 795 η
488 761 664 817 super
687 760 893 798 omnes
924 741 1099 796 ccelos
1129 758 1142 795 :
1168 765 1194 791 «
1221 746 1277 796 et
1309 742 1585 798 sublimis
1615 744 1725 800 erit
1747 746 1965 815 valde,»

320 836 530 893 sedens
558 834 617 888 in
649 831 836 905 gloria
866 830 1125 903 pristina:
1158 831 1505 901 majestatis.
1534 833 1716 888 Filius
1748 835 1849 889 Dei
1882 852 1972 891 se-

319 924 578 981 cundum
610 920 1037 975 humanitatem
1066 936 1266 973 servus
1297 919 1647 991 appellatur,
1672 923 1811 994 quia
1837 942 1972 979 cum

319 1015 376 1069 in
402 1037 429 1063 ‹‹
466 1012 653 1067 forma
676 1010 776 1066 Dei
800 1013 974 1077 esset,
1001 1007 1333 1063 humiliavit
1354 1009 1757 1081 semetipsum,
1785 1015 1972 1069 factus

318 1102 593 1159 obcdiens
626 1100 781 1155 Patri
822 1116 1012 1169 usque
1061 1099 1132 1153 ad
1185 1102 1431 1154 mortem
1473 1100 1701 1172 (Philip.
1730 1103 1812 1173 ii);
1841 1125 1866 1151 ››
1916 1107 1974 1158 01

317 1192 456 1265 quia
488 1192 598 1247 hoc
626 1190 764 1264 egit,
789 1188 1064 1244 exaltavit
1094 1187 1262 1241 illum
1294 1188 1451 1243 Deus
1485 1189 1653 1244 Pater
1682 1192 1753 1245 ad
1788 1193 1974 1248 dexte-

318 1299 438 1337 ram
474 1297 669 1346 suam,
692 1281 841 1335 dans
885 1277 968 1332 illi
1005 1293 1213 1333 nomen
1249 1279 1402 1349 quod
1436 1282 1524 1332 est
1573 1297 1752 1351 super
1801 1298 1973 1336 omne

316 1387 551 1438 nomen,
586 1374 653 1425 ut
684 1368 864 1424 Filius
894 1366 997 1422 Dei
1028 1366 1276 1421 dicatur.

387 1484 413 1511 ‹‹
441 1460 607 1517 Sicut
660 1457 1151 1529 obstupet‘uerunt
1198 1454 1746 1529 [obstupuerunt],»
1779 1458 1834 1512 id
1883 1464 1973 1514 est

316 1551 469 1606 sicut
489 1547 761 1604 admirati
786 1546 925 1602 Sunt
950 1570 975 1595 ‹‹
1002 1563 1179 1618 super
1199 1550 1252 1600 te
1278 1544 1505 1613 multi,«
1531 1548 1817 1603 subaudis
1840 1553 1972 1603 ante

315 1639 651 1711 passionem
698 1636 1166 1699 tuam,videutes
1214 1636 1384 1708 signa
1428 1643 1485 1691 et
1537 1637 1821 1694 miracula
1853 1645 1972 1695 ate

316 1728 461 1792 ﬁeri,
492 1749 519 1777 ‹‹
540 1726 623 1782 sic
657 1724 943 1797 inglorius
972 1725 1084 1779 erit
1113 1725 1266 1779 inter
1295 1725 1449 1781 viros
1482 1732 1757 1798 aspectus
1783 1729 1969 1798 ejus,»

313 1822 574 1889 tempore
598 1813 1182 1887 passionis,videntes
1204 1830 1338 1868 eum
1364 1816 1608 1887 conspui
1630 1821 1689 1870 et
1719 1816 1971 1889 ﬂagella-

2085 656 2288 724 postea
2312 654 2690 727 contemplati
2723 659 2862 711 sunt
2890 673 3025 711 eum
3058 657 3172 712 [ide
3202 660 3260 712 et
3289 657 3618 715 dilectione.

2700 744 2933 801 CAPUT
2974 745 3119 802 LIII.

2159 832 2354 899 «Quis
2384 832 2632 888 credidit
2660 834 2889 889 auditui
2931 839 3153 901 nostro,
3178 839 3236 891 et
3273 836 3581 893 brachium
3619 838 3732 894 Do-

2084 921 2228 975 mini
2261 922 2353 976 cui
2390 921 2705 978 revelatum
2729 927 2856 979 est?
2878 946 2905 973 ››
2929 925 3011 979 Ex
3037 942 3285 996 persona
3314 925 3578 981 omnium
3611 944 3731 998 pro-

2084 1009 2396 1081 phetarum
2428 1010 2689 1083 loquitur
2720 1014 2893 1068 modo
2916 1013 3100 1069 Isaias
3132 1015 3204 1069 ad
3238 1014 3734 1087 Dominum,quod

2084 1100 2254 1170 pauci
2278 1118 2346 1154 ex
2365 1101 2586 1156 Judznis
2607 1101 2933 1157 exstiterint
2955 1102 3052 1174 qui
3080 1119 3278 1158 verum
3302 1105 3604 1160 crederent
3626 1104 3732 1160 hoc

2084 1191 2397 1260 esse,quod
2421 1190 2493 1245 ab
2526 1190 2645 1246 illis
2665 1190 2971 1246 audierant
2990 1192 3061 1247 de
3091 1193 3342 1247 adventu
3368 1192 3495 1248 Filii
3526 1193 3643 1259 Dei,
3679 1199 3734 1250 et

2084 1277 2213 1333 ideo
2235 1279 2380 1333 dicit
2403 1296 2416 1334 :
2444 1280 2585 1345 Quis
2607 1280 2855 1335 credidit
2876 1281 3103 1336 auditui
3129 1282 3364 1338 nostro?
3384 1284 3513 1351 Quis
3533 1283 3641 1338 isto
3672 1283 3729 1338 in

2081 1366 2207 1422 1000
2242 1385 2346 1439 pro
2379 1369 2615 1424 raritate
2644 1369 2916 1441 ponitur?
2950 1370 3019 1425 Et
3049 1376 3138 1426 est
3167 1389 3415 1427 sensus:
3442 1372 3599 1428 Licet
3627 1392 3732 1430 nos

2082 1456 2205 1511 hmo
2236 1458 2435 1512 omnia
2466 1458 2739 1530 superius
2772 1458 2929 1514 dicta
2960 1460 3453 1531 praedixissemus,
3475 1462 3607 1534 quis
3636 1463 3734 1519 Ju-

2083 1547 2342 1601 dzeorum
2366 1547 2613 1602 credidit
2642 1547 2868 1603 auditui
2900 1553 3121 1619 nostro,
3145 1549 3254 1605 hoc
3284 1554 3391 1618 est,
3409 1550 3540 1623 quis
3570 1557 3735 1624 putat

2082 1652 2149 1690 ea
2179 1652 2309 1691 esse
2339 1653 2476 1691 vera
2495 1654 2623 1707 quae
2656 1654 2690 1692 a
2716 1641 2771 1692 te
2809 1638 2881 1692 de
2921 1637 3173 1693 adventu
3207 1637 3333 1694 Filii
3365 1639 3449 1695 tui
3483 1640 3736 1714 percepi-

2083 1723 2258 1779 mus?
2290 1724 2626 1797 Brachium,
2653 1725 2709 1780 id
2741 1729 2832 1781 est
2868 1724 3049 1781 Filius
3093 1726 3194 1782 Dei
3231 1727 3438 1795 Patris,
3461 1729 3555 1784 cui
3586 1746 3733 1786 reve-

2079 1810 2268 1871 latum
2301 1817 2410 1879 est,
2443 1813 2553 1869 hoc
2583 1819 2672 1869 est
2707 1814 2801 1869 cui
2842 1814 3254 1873 manifestatus
3285 1821 3376 1873 est
3413 1822 3479 1873 ut
3507 1818 3567 1873 in
3598 1835 3730 1875 eum

313 1906 382 1975 ri,
406 1910 581 1978 atque
611 1905 685 1961 ad
711 1902 992 1959 ultimum
1015 1903 1310 1975 cruciﬁgi;
1339 1926 1365 1953 α
1387 1908 1445 1959 01
1475 1906 1661 1960 forma
1691 1907 1886 1976 ejus,»
1911 1905 1967 1961 id
2001 1938 2048 2002 B
2080 1901 2379 1957 crederet?

311 1999 400 2054 est
418 1994 642 2066 species
665 1994 815 2064 ejus,
838 1991 1125 2047 subaudis
1157 1991 1283 2047 sine
1310 1992 1529 2049 honore
1550 1995 1659 2049 erit
1681 2018 1707 2044 ‹‹
1735 1996 1886 2050 inter
1906 1996 1969 2049 ﬁ-

310 2084 421 2140 lios
438 2080 932 2140 hominum.»Vox
950 2080 1048 2136 Dei
1070 2081 1256 2136 Patris
1278 2082 1351 2136 ad
1372 2081 1606 2136 Filium.
1626 2083 1741 2138 Isto
1765 2084 1821 2137 in
1843 2082 1967 2139 loco

311 2191 427 2229 non
460 2176 723 2228 servatur
752 2169 1205 2225 crdovhistoriaz.
1233 2171 1515 2242 Superius
1546 2171 1703 2226 enim
1736 2171 1969 2229 locutus

310 2266 400 2319 est
431 2262 717 2334 Propheta
746 2278 815 2316 ex
853 2276 1103 2331 persona
1139 2259 1239 2314 Dei
1282 2259 1469 2315 Patris
1499 2261 1571 2315 de
1623 2262 1966 2317 ascensione

312 2352 439 2407 Filii
471 2351 595 2421 Dei,
618 2351 792 2404 modo
826 2347 1131 2404 revertitur
1172 2350 1244 2403 ad
1297 2348 1631 2420 passionem
1680 2349 1860 2405 illius.
1896 2352 1967 2405 Et

310 2439 555 2513 quzestio
571 2439 667 2495 hic
684 2438 870 2493 oritur
886 2454 1067 2509 quare
1086 2437 1240 2492 dicat
1256 2437 1573 2493 Psalmista
1592 2456 1637 2493 :u
1655 2438 1966 2510 Speciosus

314 2531 502 2585 forma
532 2546 646 2601 prie
691 2526 830 2582 ﬁliis
860 2525 1167 2581 hominum
1193 2527 1375 2593 (Psel.
1400 2530 1612 2595 xxxw).
1639 2550 1666 2577 ››
1695 2532 1837 2582 Cum
1870 2529 1966 2583 hic

311 2619 467 2674 dicat
488 2618 642 2673 Deus
665 2616 833 2670 Pater
856 2632 958 2687 per
982 2613 1511 2686 prophetam,quod
1544 2615 1830 2686 inglorius
1857 2617 1967 2671 erit

311 2712 584 2780 aspectus
605 2707 734 2777 ejus
751 2705 903 2760 inter
918 2703 1068 2759 {ilics
1091 2703 1437 2758 hominum?
1457 2707 1589 2771 Quae
1609 2705 1833 2776 questio
1857 2706 1965 2761 hoc

311 2799 486 2854 modo
518 2795 781 2861 solvitur,
806 2793 946 2865 quia
977 2810 1091 2847 non
1123 2798 1213 2848 est
1245 2794 1546 2849 referenda
1578 2795 1690 2849 ista
1716 2794 1967 2850 dehone-

311 2886 484 2942 statio
505 2885 577 2940 ad
605 2883 809 2939 faciem
833 2885 891 2937 et
907 2881 1137 2937 vultum
1160 2880 1318 2936 illius
1335 2899 1346 2936 :
1365 2883 1463 2936 sed
1487 2882 1559 2937 ad
1578 2881 1962 2955 ignominiam

310 2974 625 3048 passionis.
659 2973 810 3028 Dum
840 2971 999 3026 enim
1039 2970 1300 3026 viderent
1342 2971 1659 3026 Dominum
1693 2972 1961 3043 conspui,

309 3063 594 3135 erucitigi,
619 3067 677 3118 et
702 3062 856 3116 inter
884 3060 1120 3132 iniquos
1153 3061 1410 3132 reputari
1434 3076 1447 3114 :
1473 3059 1557 3114 illi
1580 3060 1679 3132 qui
1704 3061 1964 3115 videntes

310 3152 597 3209 miracula
624 3152 754 3223 ejus
801 3155 939 3205 ante
986 3148 1318 3220 passionem
1353 3149 1624 3204 dixerunt
1657 3166 1669 3203 :
1705 3149 1845 3216 Quis
1875 3154 1964 3205 est

309 3243 440 3300 hic?
470 3245 824 3314 putaverunt
854 3257 968 3295 non
1001 3256 1128 3294 esse
1162 3237 1327 3293 illum
1350 3237 1564 3293 Filium
1588 3238 1710 3305 Dei,
1736 3239 1837 3294 sed
1871 3240 1961 3293 de-

310 3336 576 3404 spectum
607 3335 665 3386 et
694 3329 1086 3385 novissimum
1116 3327 1394 3383 virorum.

382 3445 409 3470 ‹‹
439 3421 551 3476 Iste
574 3421 898 3491 asperget,»
926 3416 985 3470 id
1008 3420 1097 3471 est
1114 3415 1331 3470 lavabit
1351 3415 1639 3488 sanguine
1661 3434 1767 3471 suo
1784 3438 1811 3466 ‹‹
1833 3433 1968 3489 gen-

310 3515 399 3566 tes
447 3508 687 3564 multas.
712 3528 739 3557 »
766 3507 829 3560 In
854 3505 1046 3559 Veteri
1096 3506 1493 3572 Testamento,
1547 3507 1967 3577 aspergebatur

311 3596 567 3671 populus
590 3593 876 3667 sanguine
897 3594 1053 3665 agni,
1079 3593 1177 3647 sed
1204 3610 1338 3646 nem
1363 3593 1765 3647 mundabatur
1785 3612 1818 3648 a
1841 3612 1968 3666 pec-

312 3687 480 3743 catis.
504 3684 757 3741 Veniens
780 3686 974 3736 autem
1000 3681 1181 3736 Filius
1203 3681 1304 3736 Dei
1327 3686 1385 3736 et
1407 3682 1713 3737 effundens
1735 3683 1969 3755 sangui-

312 3793 445 3835 nem
478 3790 656 3831 suum
698 3788 800 3844 pro
842 3770 1029 3838 nobis,
1055 3771 1360 3825 mandavit
1397 3788 1602 3827 omnes
1641 3772 1964 3837 credentes,

310 3866 413 3939 qui
442 3862 839 3938 praedestinati
874 3865 1041 3915 erant
1083 3861 1153 3915 ad
1186 3860 1385 3915 vitam.
1410 3860 1677 3933 Congrue
1707 3878 1844 3934 ergo
1878 3861 1965 3916 di-

309 3956 461 4013 citur
488 3956 757 4025 aspergat
802 3954 1006 4024 gentes
1038 3949 1277 4017 multas,
1309 3955 1365 4005 et
1415 3966 1529 4004 non
1561 3967 1794 4016 omnes;
1829 3949 1969 4021 quia

310 4063 427 4100 non
460 4043 591 4099 aliis
622 4040 842 4114 profuit
888 4040 1081 4111 passio
1131 4038 1310 4104 illius,
1338 4038 1447 4093 nisi
1484 4038 1583 4111 qui
1630 4039 1808 4093 ﬁdem
1838 4039 1966 4110 ejus

310 4137 671 4205 receperunt,
696 4133 753 4185 et
781 4128 1059 4200 baptizati
1084 4133 1224 4183 sunt
1252 4128 1311 4182 in
1345 4128 1583 4183 nomine
1608 4133 1822 4183 sanctae
1846 4127 1968 4182 Tri-

310 4222 567 4278 nitatis:
584 4221 771 4290 Super
792 4219 987 4290 ipsum
1006 4217 1434 4272 continuebunt
1458 4233 1621 4288 reges
1645 4234 1708 4271 os
1728 4233 1963 4283 suum,»

309 4312 367 4367 id
399 4316 489 4366 est
509 4310 804 4381 sapientes
835 4306 1016 4378 hujus
1061 4306 1279 4374 saeculi,
1315 4305 1498 4373 Plato,
1523 4304 1883 4374 Aristoteles,
1910 4310 1967 4360 et

309 4400 497 4456 caeteri
529 4396 791 4454 carnalia
819 4397 1138 4466 sapientes,
1164 4395 1265 4466 qui
1290 4412 1351 4450 se
1370 4401 1426 4449 et
1447 4394 1593 4449 alios
1616 4393 1967 4450 videbantur

309 4507 462 4564 rege.
490 4485 949 4543 Praedicantibus
980 4484 1262 4556 apostolis
1300 4482 1709 4556 Evangelieam
1749 4483 1963 4538 doctri-

310 4596 469 4648 nam,
502 4574 695 4632 omnis
736 4572 1029 4646 sapientia
1069 4572 1350 4640 humana,
1402 4573 1596 4626 omnis
1634 4571 1966 4643 eloquentia

1995 3306 2038 3373 C
2079 3323 2216 3395 quia
2247 3306 2365 3380 non
2397 3306 2507 3381 fuit
2535 3327 2606 3381 de
2637 3326 2896 3381 humano
2921 3330 2979 3381 et
2999 3325 3151 3381 virili
3181 3326 3403 3382 semine
3433 3326 3642 3383 humec

2073 3416 2192 3468 tus.
2216 3414 2497 3487 Quodque
2527 3415 2816 3485 sequitur,
2843 3437 2871 3463 ‹ι
2904 3430 3020 3469 non
3070 3419 3159 3469 est
3206 3414 3431 3486 species
3461 3416 3511 3471 ei
3540 3432 3724 3488 neque
3814 3419 3837 3429 ‘

2154 2012 2182 2040 «
2207 1992 2278 2045 Et
2307 1993 2584 2047 ascendet
2612 1991 2765 2048 sicut
2802 1990 3121 2065 virgultum
3163 2011 3359 2050 coram
3390 2013 3477 2065 eo,
3499 2018 3527 2047 »
3558 1997 3614 2053 id
3645 2002 3733 2054 est

2078 2096 2277 2134 coram
2304 2085 2416 2136 Deo
2440 2082 2626 2149 Patre,
2644 2105 2671 2132 «
2697 2085 2753 2137 et
2783 2082 2937 2138 sicut
2967 2083 3133 2138 radix
3161 2084 3233 2139 de
3263 2088 3416 2140 terra
3436 2086 3673 2143 sitienti.
3702 2110 3728 2136 »

2079 2168 2231 2224 Bene
2263 2168 2407 2225 dicit
2436 2172 2714 2226 ascendet
2745 2171 3053 2227 brachium
3094 2172 3191 2228 Dei
3222 2173 3410 2229 Patris
3439 2174 3591 2230 sicut
3618 2177 3728 2232 vir-

2076 2256 2310 2328 gultum
2334 2276 2528 2314 coram
2552 2276 2639 2328 ea,
2666 2259 2721 2315 id
2745 2265 2836 2315 est
2855 2260 3154 2318 voluntate
3186 2262 3376 2334 ipsius
3397 2263 3498 2319 Dei
3523 2264 3727 2333 Patris,

2076 2345 2231 2401 sicut
2260 2346 2386 2418 ipse
2417 2348 2564 2402 dixit
2595 2364 2607 2401 :
2642 2348 2800 2403 Exivi
2831 2366 2865 2403 a
2896 2349 3064 2404 Patre
3094 2355 3152 2405 et
3181 2351 3309 2406 veni
3343 2350 3404 2406 in
3445 2354 3728 2409 mundum

2075 2435 2409 2503 (Joan.xv1),
2430 2440 2495 2491 ut
2525 2436 2953 2492 demonstraret
2995 2439 3318 2496 nativitatis
3355 2441 3486 2512 ejus
3526 2459 3729 2498 ascen—

2075 2540 2229 2590 sum,
2264 2525 2556 2594 quomodo
2608 2524 2783 2580 homo
2829 2525 3040 2591 factus,
3073 2526 3363 2583 exaltatus
3411 2530 3491 2584 sit
3538 2548 3730 2586 resur-

2075 2612 2262 2683 gendo
2294 2629 2328 2668 a
2359 2612 2627 2679 mortuis,
2651 2618 2709 2668 et
2748 2615 3116 2670 ascendendo
3156 2617 3228 2671 ad
3270 2607 3468 2683 caelos,
3491 2623 3549 2674 et
3586 2636 3734 2690 quod-

2075 2701 2248 2755 modo
2278 2700 2687 2772 praedicatione
2716 2702 3115 2774 apostolorum
3148 2721 3361 2760 nomen
3392 2707 3521 2777 ejus
3554 2719 3737 2780 super

2074 2805 2280 2845 omnes
2310 2793 2513 2862 gentes
2542 2792 2621 2846 sit
2648 2791 2987 2847 exaltatum.
3012 2793 3173 2848 Istud
3203 2798 3294 2850 est
3316 2793 3652 2867 virgultum
3681 2798 3736 2849 et

2074 2878 2258 2946 radix,
2285 2880 2354 2935 de
2385 2897 2501 2951 quo
2532 2879 2646 2936 alio
2676 2880 2737 2935 in
2768 2879 2893 2937 loco
2917 2882 3060 2936 dicit
3090 2882 3273 2939 Isaias
3294 2900 3343 2938 zu
3379 2882 3541 2940 Exiet
3569 2886 3734 2954 virga

2074 2968 2144 3022 de
2175 2969 2370 3024 radice
2407 2970 2575 3026 Jesse
2611 2970 2739 3040 (Isa.
2765 2971 2893 3042 11),»
2916 2970 3027 3025 hoc
3062 2975 3171 3037 est,
3196 2971 3467 3028 Christus
3510 2977 3581 3028 de
3611 2970 3733 3059 uir:

2072 3056 2208 3129 giae
2241 3057 2442 3126 Maria,
2468 3075 2596 3129 quae
2628 3059 2739 3115 fuit
2768 3063 2895 3115 orta
2923 3059 2994 3114 de
3033 3059 3309 3132 progenie
3337 3059 3539 3115 David.
3564 3056 3732 3133 Qubd

2073 3149 2267 3201 autem
2294 3145 2455 3215 dicit,
2484 3152 2541 3202 et
2570 3147 2724 3203 sicut
2751 3147 2914 3202 radix
2935 3148 3004 3202 de
3025 3151 3181 3203 terra
3201 3147 3424 3204 sitienti
3446 3149 3734 3206 debemus

2075 3232 2399 3308 intelligere
2420 3235 2610 3307 ipsam
2633 3235 2939 3309 virginem,
2955 3237 3126 3307 cujus
3143 3240 3345 3292 uterus
3365 3236 3572 3293 sitiens
3593 3232 3745 3371 tum:

2079 3323 2215 3371 nnin
2247 3342 2361 3371 nnn
2398 3325 2507 3371 fuit.
2535 3327 2606 3371 (in
2638 3326 2896 3371 hnmnnn
2921 3330 2979 3371 et.
2999 3325 3149 3371 virili
3181 3326 3403 3371 gemine
3433 3326 3698 3371 humanm

3648 3333 3769 3389 ωλι,

2075 3502 2269 3569 decor,
2293 3508 2349 3557 et
2379 3502 2635 3559 vidimus
2681 3520 2838 3569 eum,
2862 3506 2920 3558 et
2945 3519 3061 3557 non
3093 3507 3218 3558 erat
3263 3504 3510 3576 species,
3537 3526 3563 3551 ι»
3595 3505 3728 3559 sub-

2076 3591 2247 3646 audis
2282 3592 2339 3645 in
2372 3609 2460 3658 eo,
2485 3608 2593 3646 vox
2646 3591 2939 3664 propheta;
2986 3597 3076 3647 est
3122 3609 3191 3647 ex
3239 3607 3489 3663 persona
3536 3610 3643 3649 sua
3670 3596 3726 3647 et

2076 3680 2342 3734 omnium
2404 3681 2857 3753 prophetarum,
2891 3681 2993 3752 qui
3045 3679 3245 3736 omnia
3293 3698 3395 3753 per
3445 3682 3723 3753 Spiritum

2076 3773 2347 3823 sanctum
2372 3774 2768 3841 cognoverunt
2787 3787 2914 3841 qua:
2950 3769 3007 3823 in
3041 3769 3288 3826 Domino
3327 3770 3468 3825 Jesu
3499 3769 3724 3826 Christo

2074 3862 2243 3912 erant
2264 3856 2643 3928 complenda;
2665 3857 2755 3913 vel
2786 3856 2887 3930 qui
2913 3858 3161 3913 Domino
3187 3858 3448 3914 veniente
3476 3858 3534 3914 in
3555 3876 3726 3915 carne

2076 3947 2470 4002 crediderunt.
2497 3946 2608 4002 Sed
2652 3946 2898 4017 questio
2944 3947 3056 4002 isto
3087 3946 3147 4001 in
3178 3947 3303 4003 loco
3342 3965 3457 4004 non
3498 3948 3724 4003 modica

2075 4036 2510 4103 oritueruare
2560 4036 2716 4091 dicat
2746 4035 2927 4091 Isaias
2958 4036 3262 4109 prepheta,
3290 4038 3415 4093 Non
3460 4043 3548 4094 est
3594 4054 3721 4110 spc-

2075 4125 2193 4181 cies
2216 4125 2267 4181 ei
2291 4143 2479 4197 neque
2501 4126 2696 4195 decor,
2718 4142 2853 4180 cum
2881 4124 3196 4181 Psalmista
3216 4126 3491 4197 praecinet
3511 4128 3580 4183 de
3602 4126 3722 4193 illr,

2075 4215 2231 4286 quod
2266 4215 2390 4286 ipse
2422 4214 2499 4268 sit
2529 4213 2829 4286 speciosus
2857 4215 3047 4269 forma
3084 4232 3199 4286 prie
3242 4214 3379 4271 filiis
3416 4215 3721 4270 hominum

2076 4305 2245 4376 (Psal.
2271 4305 2463 4372 xuv)?
2486 4306 2621 4370 Quae
2654 4303 2899 4375 quaestio
2924 4303 3031 4359 hoc
3063 4305 3236 4359 modo
3268 4304 3512 4361 solvitur
3540 4322 3553 4361 :
3590 4305 3722 4360 Ideo

2076 4410 2192 4448 non
2224 4396 2348 4447 erat
2376 4392 2427 4447 ei
2461 4391 2686 4464 species
2717 4409 2905 4464 neque
2928 4392 3121 4463 decor,
3136 4394 3276 4465 quia
3303 4393 3603 4465 plenitudo
3632 4393 3725 4449 di-

2074 4481 2358 4548 vinitatis,
2383 4498 2512 4553 quae
2537 4480 2597 4535 in
2622 4480 2749 4553 ipso
2776 4480 3012 4547 latebat,
3036 4482 3398 4539 extrinsecus
3421 4499 3534 4538 non
3556 4499 3726 4555 appa-

2076 4570 2269 4638 rebat;
2295 4568 2384 4625 vel
2415 4573 2707 4641 quantum
2731 4570 2803 4625 ad
2837 4570 2996 4642 ipsos
3028 4570 3355 4641 pertinebat
3383 4572 3481 4643 qui
3514 4571 3565 4628 ei
3596 4588 3726 4627 con-

310 4668 613 4722 mundana
642 4663 880 4736 quievit,
904 4666 962 4716 et
983 4662 1125 4716 tides
1147 4660 1363 4715 Christi
1388 4678 1490 4732 per
1512 4659 1805 4731 Evangelii
1840 4678 1965 4732 gra-
1996 4678 2043 4741 Β
2074 4658 2377 4714 tumeliam
2399 4657 2999 4725 inferabant,omnem
3022 4660 3453 4731 speciositatem
3475 4660 3725 4715 habebat

309 4756 452 4810 tiam
478 4755 647 4825 longe
677 4752 907 4823 lateque
940 4751 1155 4804 diffusa
1185 4754 1294 4805 est.
1320 4751 1388 4804 Et
1418 4767 1596 4820 quare
1628 4750 1736 4803 hoc
1769 4754 1965 4804 actum

311 4846 403 4911 sit,
442 4845 501 4898 in
536 4840 1034 4913 subsequentibus
1075 4840 1504 4909 n'lanifestatur,
1547 4858 1678 4893 cum
1724 4842 1966 4910 subjun-

310 4932 469 5003 gitur
494 4950 547 4985 zu
568 4932 715 4996 Quia
757 4930 975 5001 quibus
1016 4946 1130 4983 non
1161 4932 1250 4983 est
1281 4932 1581 5009 narratum
1615 4929 1683 4983 de
1716 4946 1841 4997 eo,»
1867 4946 1962 4983 su-

312 5020 525 5076 baudis
554 5036 588 5073 a
628 5017 979 5091 patriarchis
1014 5022 1072 5073 et
1110 5017 1431 5088 prophetis,
1462 5038 1482 5065 (
1519 5018 1867 5087 videbunt,»
1906 5018 1963 5072 id

310 5114 397 5163 est
415 5106 746 5180 intelligent
767 5124 902 5162 eum
925 5123 1028 5177 pro
1055 5106 1451 5177 redemptione
1469 5107 1700 5179 generis
1724 5106 1966 5161 humani

308 5196 563 5262 venisse,
594 5218 614 5245 σι
650 5201 708 5251 et
762 5195 860 5267 qui
914 5212 1028 5249 non
1084 5195 1444 5250 audierunt»
1470 5195 1785 5266 prophetas
1834 5201 1966 5250 ante

310 5286 631 5338 adventum
664 5284 842 5349 illius,
870 5307 897 5333 υ
922 5283 1302 5354 contemplati
1358 5290 1499 5339 sunt
1546 5300 1682 5338 eum
1708 5306 1733 5333 ››
1768 5284 1880 5339 [ide
1911 5288 1969 5339 et

311 5369 625 5426 desiderio.
660 5374 765 5429 Per
810 5372 954 5428 istos
985 5371 1201 5445 quibus
1243 5378 1546 5428 narratum
1597 5390 1713 5427 non
1762 5377 1851 5427 est
1898 5373 1969 5428 de

310 5459 565 5510 adventu
598 5460 830 5516 Domini
861 5480 895 5516 a
925 5462 1245 5533 prophetis,
1270 5466 1327 5516 et
1369 5462 1465 5533 qui
1511 5466 1683 5516 antea
1716 5478 1830 5515 non
1864 5480 1967 5517 au-

310 5543 566 5608 dierant,
582 5546 865 5605 debemus
888 5549 1212 5621 intelligere
1233 5550 1499 5621 gentiles,
1515 5551 1584 5604 de
1602 5551 1820 5621 quibus
1846 5549 1970 5621 ipse

309 5626 456 5676 dicit
498 5640 564 5677 ἔα
611 5634 767 5693 Beati
819 5638 916 5708 qui
968 5656 1084 5692 non
1134 5638 1422 5705 viderunt,
1465 5643 1523 5693 et
1572 5638 1966 5692 crediderunt.

309 5708 698 5791 (λοαηοκκνι).
728 5724 1135 5782 »Ρινωάίοαιηθ
1187 5726 1344 5781 enim
1392 5726 1639 5783 Domino
1690 5725 1749 5780 in
1798 5741 1970 5780 carne

2079 4746 2711 4803 amissam.Videamus
2735 4764 2872 4819 ergo
2905 4765 3006 4818 per
3035 4747 3270 4819 singula
3291 4749 3391 4820 qui
3413 4749 3722 4805 dicendum

2075 4838 2172 4907 sit,
2193 4837 2328 4892 licet
2349 4855 2417 4892 ex
2439 4853 2690 4908 persona
2710 4836 3003 4909 propheta)
3026 4844 3435 4909 sociorumque
3455 4838 3583 4910 ejus
3605 4838 3725 4893 haec

2076 4927 2231 4982 dicta
2263 4925 2400 4981 sint.
2427 4926 2552 4980 Non
2575 4929 2663 4980 est
2684 4926 2909 4996 species
2930 4924 3003 4991 ei,
3029 4944 3216 4997 neque
3238 4928 3430 4982 decor.
3450 4926 3597 4981 Dum
3622 4927 3724 4981 ila-

2076 5015 2393 5087 gellaretur
2421 5014 2597 5080 Deus,
2623 5015 2764 5069 dum
2794 5018 3236 5085 conspueretur,
3264 5020 3321 5070 et
3351 5015 3493 5070 dum
3522 5018 3723 5068 caetera

2076 5104 2390 5176 opprobria
2410 5102 2749 5170 sustineret,
2765 5102 3072 5166 videbatur
3091 5102 3358 5158 aJudasis
3380 5119 3493 5156 non
3514 5100 3725 5157 haben:

2078 5193 2352 5264 speciem,
2388 5209 2574 5264 neque
2613 5192 2903 5262 decorem,
2928 5191 3067 5263 quia
3110 5191 3432 5248 divinitatis
3471 5190 3726 5263 potentia

2078 5282 2434 5337 intrinsecus
2457 5280 2693 5336 latebat.
2709 5304 2735 5330 ‹‹
2757 5282 2828 5336 Ε1
2846 5280 3098 5336 vidimus
3115 5298 3250 5336 eum
3273 5298 3376 5353 per
3397 5278 3676 5352 Spiritum
3696 5302 3722 5327 »

2078 5376 2351 5426 sanctum
2386 5373 2579 5425 mente
2609 5386 2714 5441 ego
2739 5374 2795 5424 et
2823 5368 2963 5425 socii
2990 5370 3103 5424 mei
3126 5370 3226 5441 qui
3250 5374 3384 5425 ante
3409 5367 3646 5447 fuimus,
3670 5372 3726 5423 et

2078 5458 2327 5532 apostoli
2360 5458 2459 5531 qui
2500 5462 2818 5529 praesentes
2849 5460 3106 5515 fuerunt.
3132 5460 3203 5515 Et
3250 5475 3365 5514 non
3412 5462 3535 5513 erat
3560 5473 3724 5528 aspe~

2080 5555 2232 5615 ctus,
2257 5548 2542 5602 subaudis
2574 5547 2632 5601 in
2656 5564 2722 5601 eo
2746 5554 3005 5618 tempore
3034 5547 3347 5619 passionis.
3377 5570 3397 5596 ι
3423 5551 3480 5601 01
3507 5545 3725 5600 deside-

2081 5638 2340 5694 ravimus
2372 5653 2529 5703 eum,
2556 5659 2583 5685 »
2605 5637 2891 5692 subaudis
2941 5638 3134 5693 videre
3164 5654 3269 5709 ego
3315 5640 3374 5693 et
3419 5635 3561 5691 socii
3611 5633 3721 5689 mei

2082 5726 2377 5800 prophetae
2408 5725 2510 5796 qui
2540 5742 2675 5782 eum
2709 5725 3135 5797 praecessimus.
