3956 6410
203 439 329 502 989

1271 435 1675 499 ΟΟΜΜΙΞΝΤ.
1722 437 1800 497 IN
1847 437 2136 498 ISAIAM.
2183 472 2260 482 —
2304 439 2452 499 LIB.
2502 439 2576 499 Il.

3509 439 3628 502 990

282 594 311 622 «
345 570 719 644 Despectam,
757 590 784 619 »
834 586 868 625 a
898 568 1140 641 Judreis,
1194 591 1222 620 «
1271 567 1659 624 novissimum
1707 565 1863 624 viro-
1892 568 1950 636 Α
1979 586 2113 626 eum
2143 569 2341 637 morti,
2372 574 2431 626 et
2461 569 2795 644 indigemus
2828 568 3237 626 misericordia
3287 571 3439 644 ejus,
3462 572 3654 644 juxta.

206 679 368 730 mm,
405 683 432 710 »
463 659 522 716 id
555 663 646 715 est
677 675 782 732 pro
814 657 999 714 nihilo
1030 658 1409 731 deputatum;
1435 683 1460 708 ‹‹
1492 657 1683 713 virum
1716 656 1872 713 dolo-

205 768 344 807 rum
377 753 436 806 et
463 749 748 804 scientem
780 747 1207 814 inﬁrmitatem,
1232 771 1257 795 ››
1276 745 1561 802 subaudis
1585 746 1873 818 patienter

207 841 332 896 fere
366 857 380 895 :
414 862 442 889 «
476 842 534 893 et
566 835 735 910 quasi
767 835 1149 891 absconditus
1180 834 1378 890 vultus
1409 835 1538 905 ejus
1569 840 1625 889 et
1660 835 1871 905 despc-

207 934 365 995 ctus,
411 950 438 976 ››
487 925 544 981 id
595 929 685 980 est
735 924 970 980 claritas
1019 923 1342 979 divinitatis
1387 925 1516 995 ejus
1563 923 1869 980 absconsa.

205 1019 360 1074 Cum
392 1015 537 1071 dicit
567 1013 1030 1070 dcsideravimus
1059 1029 1194 1068 eum
1226 1011 1604 1078 videre,sicut
1633 1017 1756 1066 erat
1777 1012 1872 1066 de-

207 1110 450 1180 spectus
483 1121 516 1158 a
544 1101 786 1171 Judmis,
808 1106 865 1157 ct
897 1119 999 1174 pro
1029 1100 1212 1155 nihilo
1245 1100 1780 1172 deputatus,jungit
1811 1117 1873 1155 se

209 1195 486 1252 Patrihus
517 1190 748 1248 Domini
779 1191 1092 1246 adventum
1126 1189 1592 1263 prmccdentibus
1611 1189 1710 1260 qui
1735 1206 1870 1243 eum
1921 1219 1926 1222 -

210 1281 398 1339 nimio
431 1297 628 1336 amore
661 1279 1138 1335 desideraverunt
1166 1278 1382 1341 videre,
1433 1277 1505 1332 de
1552 1277 1770 1349 quibus
1817 1281 1874 1331 et

209 1371 500 1431 Dominus
530 1369 675 1424 dixit
705 1367 986 1442 apostolis
1021 1385 1033 1422 :
1063 1390 1089 1416 ‹‹
1117 1369 1297 1422 Amen
1331 1366 1460 1421 dico
1491 1366 1653 1420 vobis
1678 1383 1690 1420 :
1716 1367 1870 1438 quod

211 1460 386 1518 multi
419 1476 584 1531 reges
615 1461 672 1514 et
705 1457 998 1531 propheta:
1026 1454 1339 1510 voluerunt
1368 1455 1562 1510 videre
1593 1471 1720 1526 qua:
1773 1471 1872 1509 vos

207 1549 444 1617 videtis,
476 1552 534 1603 et
564 1564 680 1602 non
712 1545 984 1600 viderunt
1033 1544 1237 1617 (Matth.
1279 1546 1421 1612 xm).
1461 1566 1481 1592 ι
1521 1567 1547 1592 ‹‹
1582 1544 1651 1598 Et
1687 1543 1871 1598 Abra-

210 1639 353 1694 ham
387 1640 554 1710 pater
581 1640 776 1690 vaster
805 1633 1116 1690 exsultavit
1141 1637 1205 1688 ut
1235 1633 1453 1686 videret
1482 1632 1640 1686 diem
1675 1648 1870 1686 meum

210 1729 391 1801 (Joan.
426 1728 531 1794 ιιι).
566 1747 594 1773 ››
625 1724 789 1781 Unde
820 1722 998 1779 David
1041 1739 1252 1794 magno
1303 1738 1627 1776 succensus
1675 1736 1873 1775 amore

206 1813 450 1872 videndi
499 1831 632 1869 eum
681 1812 741 1868 in
791 1828 965 1868 carne
1013 1810 1206 1866 dixit:
1241 1833 1270 1860 «
1322 1810 1540 1876 Excita,
1603 1809 1869 1874 Domine,

207 1902 536 1979 potentiam
569 1906 754 1970 tuam,
787 1905 845 1956 et
873 1900 1179 1969 veni(Psal.
1205 1903 1451 1966 Lxx1x),»
1481 1915 1582 1970 per
1613 1897 1872 1952 incarna-

207 1993 395 2050 tionis
427 1990 799 2065 mysterium.
833 1991 900 2044 Et
934 1988 1115 2044 Isaias
1151 2005 1199 2044 ;‹‹
1235 1987 1468 2044 Utinam
1504 1987 1872 2060 dirumperes

208 2081 391 2140 celos
419 2084 476 2136 et
504 2079 889 2134 descenderes
920 2079 1046 2150 (lsa.
1081 2080 1251 2145 inv).
1291 2100 1317 2125 »
1350 2076 1513 2142 Quod
1546 2080 1740 2130 autem
1775 2093 1868 2130 se-

211 2171 438 2244 quitur,
471 2167 934 2224 desideravimus
965 2183 1099 2221 cum
1131 2165 1324 2221 videre
1356 2165 1544 2219 virum
1577 2163 1868 2228 dolorum,

212 2259 273 2316 id
305 2261 396 2314 est
425 2257 680 2330 positum
714 2255 773 2310 in
807 2253 1006 2310 dolore
1024 2259 1081 2310 et
1104 2253 1383 2308 scientem
1410 2252 1696 2326 patienter
1727 2253 1872 2307 ferre

213 2344 646 2412 infirmitatem,
680 2361 795 2399 non
828 2343 1149 2397 dubitative
1180 2343 1534 2397 credendum
1566 2347 1654 2396 est
1693 2341 1870 2396 susti-

214 2433 424 2492 nuisse
447 2449 582 2488 eum
605 2431 863 2486 dolorem
889 2429 1364 2504 passionis,sicut
1391 2429 1630 2502 quidam
1653 2429 1877 2484 hmreti-

215 2539 422 2579 corum
455 2520 862 2586 dixerunt,sed
896 2518 1050 2575 sicut
1077 2518 1134 2572 in
1166 2519 1407 2573 veritate
1436 2536 1639 2573 verum
1661 2535 1875 2590 corpus

213 2610 446 2676 habuit,
472 2609 553 2664 ita
582 2608 643 2665 in
675 2608 913 2664 veritate
945 2608 1266 2662 maximum
1301 2605 1558 2662 dolorem
1584 2605 1876 2679 passionis

215 2699 410 2756 sensit
431 2697 755 2753 secundum
779 2694 1512 2762 humanitatem,divinitas
1534 2700 1730 2750 autem
1754 2693 1874 2748 sixe

213 2787 415 2845 dolore
439 2783 851 2842 mansit.Unde
870 2788 926 2839 et
948 2783 1274 2839 dixitnocte
1287 2801 1403 2855 qua
1415 2782 1876 2856 comprehensus

212 2881 352 2934 est:
388 2874 661 2930 «Tristis
699 2877 790 2928 est
837 2873 1037 2928 anima
1085 2889 1215 2927 mea
1261 2888 1448 2944 usque
1499 2872 1571 2927 ad
1625 2875 1873 2926 mortem

211 2962 606 3037 (Matth.xxv1.)
642 2985 669 3011 ››
703 2985 730 3011 ‹‹
766 2961 950 3033 Unde,
997 2983 1024 3011 »
1067 2959 1352 3016 subaudis
1401 2977 1518 3033 qua
1563 2959 1874 3015 abscondi-

133 3054 140 3058 ’
215 3059 317 3110 tus
347 3057 472 3109 crat
499 3051 699 3107 vultus
731 3049 1052 3105 divinitatis
1083 3051 1232 3122 ejus,
1267 3072 1294 3099 ‹‹
1331 3067 1434 3104 nec
1476 3049 1876 3122 reputavimus

213 3159 352 3200 eum
386 3163 413 3192 »
447 3158 575 3198 esse
608 3139 818 3196 Filium
852 3138 974 3194 Dei.
1006 3139 1087 3194 Ex
1115 3155 1365 3212 persona
1395 3137 1732 3193 Judaeoram
1773 3135 1875 3208 qui

214 3235 423 3305 postea
443 3230 515 3285 ad
541 3229 716 3284 fidem
745 3231 1033 3283 venerunt
1059 3226 1340 3299 loquitur,
1361 3229 1418 3281 et
1449 3243 1557 3280 sua
1587 3223 1877 3280 omnium-

217 3336 334 3393 que
359 3316 802 3391 prophetarum.

289 3431 317 3457 ‹‹
341 3405 489 3462 Vere
519 3404 832 3478 languores
865 3407 1116 3471 nostros,
1147 3427 1174 3453 »
1207 3402 1263 3459 id
1295 3406 1382 3458 est
1411 3406 1647 3476 peccata
1677 3405 1879 3456 nostra

220 3519 249 3547 «
280 3496 408 3569 ipse
437 3493 593 3559 tulit,
629 3515 656 3542 υ
688 3492 973 3549 subaudis
1003 3510 1038 3548 a
1065 3493 1258 3561 nobis,
1288 3490 1449 3546 velut
1480 3491 1744 3546 medicus
1788 3490 1874 3545 in-

215 3583 561 3640 firmitatem
593 3582 665 3638 ab
697 3585 932 3655 aegroto,
964 3598 1077 3636 non
1112 3585 1176 3636 ut
1201 3580 1325 3652 ipse
1357 3579 1414 3634 in
1465 3596 1526 3634 se
1565 3578 1877 3652 acciperet,

216 3672 321 3728 sed
352 3674 419 3726 ut
449 3674 736 3742 curaret,«
769 3672 826 3724 et
855 3669 1086 3724 dolores
1117 3673 1369 3736 nostros,
1390 3691 1416 3717 »
1449 3668 1506 3724 id
1529 3672 1619 3724 est
1640 3671 1880 3740 peccata

216 3783 247 3813 ‹‹
281 3761 411 3834 ipse
443 3759 694 3832 portavit
727 3781 754 3807 »
786 3757 845 3814 in
879 3774 1118 3830 corpore
1144 3773 1322 3830 super
1349 3757 1579 3830 lignum
1601 3773 1650 3813 :«
1685 3760 1741 3812 et
1771 3774 1878 3812 nos

215 3847 560 3922 putavimus
577 3863 710 3902 eum
731 3846 898 3919 quasi
930 3845 1285 3918 leprosum,»
1301 3845 1357 3900 id
1382 3850 1466 3901 est
1491 3848 1876 3916 peccatorem,

216 3961 246 3988 ‹‹
281 3942 342 3993 et
372 3951 721 4010 percussum
754 3952 787 3989 a
817 3935 934 3991 Deo
970 3957 996 3982 »
1029 3939 1266 4008 propter
1313 3951 1422 3990 sua
1469 3938 1707 4006 peccata
1749 3955 1778 3982 «
1822 3937 1880 3988 et

216 4023 625 4083 humiliatum.
665 4047 692 4072 »
723 4023 844 4078 Vox
877 4022 1114 4078 illorum
1159 4027 1250 4078 est
1297 4023 1453 4096 quod
1486 4027 1617 4094 post
1646 4020 1877 4077 Domini

216 4113 624 4172 ascensionem
655 4112 1028 4168 crediderunt
1046 4111 1502 4185 praedicantibus
1517 4109 1881 4183 apostolis,et

219 4200 562 4276 compuncti
594 4200 666 4256 ad
700 4200 1102 4272 paenitentiam
1135 4199 1406 4256 dixerunt
1438 4215 1489 4253 ει
1524 4197 1669 4264 Quid
1701 4197 1880 4254 facie-

219 4307 382 4358 mus,
406 4289 514 4344 viri
546 4289 754 4345 fratres
779 4290 912 4358 (Act.
945 4289 1054 4359 11)?
1087 4310 1115 4339 »
1151 4288 1529 4361 Prosequitur
1571 4304 1706 4360 ergo
1747 4303 1875 4360 pro-

221 4379 426 4454 pheta,
447 4381 506 4434 et
535 4376 679 4432 dicit
711 4395 724 4432 :

285 4466 323 4518 ’‹‹
356 4471 488 4542 Ipse
521 4471 718 4523 autem
747 4465 1088 4521 vulneratus
1132 4469 1224 4521 est
1273 4470 1508 4539 propter
1537 4464 1880 4538 iniquitates

221 4554 811 4625 nostras,»subaudis
833 4573 949 4610 non
979 4572 1118 4610 suas
1148 4555 1302 4610 sicut
1331 4555 1458 4626 ipse
1487 4553 1628 4609 dicit
1656 4553 1716 4610 in
1733 4553 1882 4626 psal-

221 4664 320 4703 mo
355 4663 368 4701 :
402 4669 430 4694 «
467 4645 761 4700 Foderunt
790 4661 1002 4700 manus
1033 4661 1195 4699 meas
1227 4648 1286 4698 et
1315 4644 1492 4716 pedes
1523 4659 1684 4698 meas
1705 4643 1876 4711 (Psul.
1910 4677 1958 4741 Ι)

220 4738 403 4804 xxr).»
427 4757 455 4783 «
489 4733 742 4788 Attritus
773 4737 914 4801 est,»
948 4731 1004 4786 id
1037 4737 1127 4787 est
1159 4733 1515 4794 infirmatus,
1548 4731 1634 4788 vel
1681 4731 1878 4786 addic-

223 4830 323 4880 tus
355 4825 444 4879 est
474 4822 670 4894 morti,
705 4845 733 4871 «
767 4827 1000 4894 prepter
1029 4821 1248 4878 scelera
1280 4825 1499 4877 nostra.
1532 4845 1556 4869 ››
1590 4820 1883 4877 Sustinuit

223 4913 383 4968 enim
418 4928 522 4984 pro
555 4909 725 4967 nobis
756 4911 1229 4979 maledictum,ut
1258 4928 1366 4966 nos
1397 4909 1668 4966 liberaret
1700 4927 1734 4965 a
1764 4927 1882 4966 ma-

223 5001 492 5070 ledictio;
533 5023 559 5051 «
591 4999 905 5073 disciplina
935 5001 1097 5073 pacis
1127 5005 1338 5056 nostrae
1371 5017 1548 5071 super
1577 5016 1733 5069 eum,
1761 5021 1788 5048 ››
1820 4999 1879 5054 id

222 5096 314 5148 est
346 5089 644 5164 ﬂagellum
678 5089 832 5162 quod
864 5089 1178 5144 debuimus
1204 5089 1501 5161 suscipere
1521 5089 1645 5160 ipse
1676 5105 1882 5144 susce-

222 5182 332 5255 pit,
370 5185 435 5236 ut
464 5197 570 5236 nos
598 5179 935 5257 pacificaret
964 5179 1079 5234 Deo
1112 5179 1314 5251 priori,
1355 5182 1412 5234 et
1456 5177 1676 5234 sanctis
1707 5194 1882 5250 ange-

222 5270 300 5326 lis
334 5287 348 5325 :
383 5293 411 5319 «
447 5271 504 5324 et
530 5268 712 5324 livore
743 5269 892 5340 ejus,
929 5292 957 5317 »
989 5267 1048 5323 id
1081 5272 1171 5324 est
1216 5266 1457 5324 vulnere
1485 5268 1782 5340 virgarum
1826 5270 1885 5322 et

221 5359 538 5434 plagarum
587 5358 738 5430 ejus,
775 5381 801 5408 «
839 5357 1026 5414 sanati
1078 5374 1288 5414 sumus
1321 5379 1349 5406 »
1381 5376 1415 5412 a
1445 5357 1722 5430 peccatis.
1782 5355 1884 5412 llle

220 5448 385 5506 enim
421 5464 634 5520 passus
663 5451 754 5502 est
785 5465 888 5520 pro
921 5447 1092 5503 nobis
1125 5450 1190 5502 ut
1220 5464 1324 5502 nos
1370 5447 1702 5520 paeiﬁcaret
1749 5451 1884 5524 Deo,

221 5537 399 5611 quiau
417 5534 543 5609 ipse
570 5540 661 5592 est
691 5553 761 5591 ex
783 5553 893 5608 pax
919 5541 1122 5592 nostra
1142 5535 1240 5608 qui
1267 5535 1401 5591 fecit
1432 5540 1678 5608 utraque
1703 5552 1886 5590 unum

221 5627 445 5701 (Ephes.
478 5630 562 5694 ιι).
599 5647 626 5674 ››

291 5708 324 5766 lc
361 5715 578 5771 Omnes
629 5731 734 5770 nos
791 5713 959 5788 quasi
993 5729 1127 5770 oves
1159 5712 1482 5770 erravimus
1515 5736 1542 5762 ››
1590 5713 1888 5769 tradentes

1979 658 2123 714 illud
2158 659 2414 732 Apostoli
2448 676 2462 714 :
2498 681 2524 712 α
2554 660 2677 714 Non
2727 663 2817 714 est
2871 659 3194 715 distinctio.
3229 659 3445 717 Omnes
3475 659 3633 717 enim

1981 754 2386 820 peccaverunt,
2420 752 2476 803 ct
2506 752 2676 819 egent
2697 747 2888 820 gratia
2919 747 3018 804 Dei
3053 749 3226 818 (Rom.
3261 749 3368 818 ιιι).
3399 771 3426 799 ››
3475 748 3636 806 Unde

1980 842 2037 891 et
2069 838 2356 909 sequitur,
2388 861 2413 886 ‹‹
2450 837 2859 910 unusquisque
2890 837 2948 892 in
2980 836 3132 892 viam
3165 854 3356 904 suam,
3391 859 3418 888 »
3453 823 3525 894 id.
3543 845 3635 895 est

1981 925 2037 979 in
2071 926 2357 980 actionem
2391 943 2559 981 suam
2594 950 2620 975 «
2657 925 2970 980 declinavit
3003 942 3016 980 :
3054 948 3081 974 ››
3113 925 3200 981 vel
3241 925 3418 982 etiam
3460 945 3496 983 a
3541 927 3636 984 via

1982 1014 2372 1080 rectitudinis,
2408 1033 2534 1087 qua:
2567 1019 2657 1069 est
2687 1014 2974 1070 Christus.
3019 1014 3146 1085 Ipse
3194 1018 3283 1070 est
3331 1014 3487 1071 enim
3517 1015 3630 1085 via,

1978 1103 2211 1166 veritas,
2245 1107 2300 1158 ct
2335 1104 2474 1157 vita.
2504 1104 2550 1158 A
2580 1103 2672 1158 via
2699 1103 2856 1158 enim
2911 1101 3348 1158 declinaverunt
3395 1105 3632 1176 quando

1980 1191 2251 1246 dixerunt
2280 1192 2540 1246 Christo:
2563 1191 2970 1246 Samaritanus
3001 1207 3063 1246 es
3094 1194 3157 1246 tu
3189 1195 3246 1246 ct
3277 1193 3633 1248 dremonium

1980 1278 2192 1346 habes;
2223 1283 2279 1334 et
2307 1280 2541 1351 quando
2573 1278 3013 1334 declaraverunt
3043 1279 3211 1334 illum
3258 1280 3542 1354 crucifigi,
3576 1284 3636 1337 et

1981 1369 2267 1424 Barabam
2301 1368 2706 1436 dimitti(Joan.
2737 1370 2922 1436 vuu).«
2943 1368 3013 1422 Et
3043 1367 3326 1423 Dominus
3357 1369 3552 1440 posuit
3573 1369 3633 1424 in

1981 1474 2048 1512 eo
2077 1456 2446 1528 iniquitatem
2480 1455 2744 1511 omnium
2777 1460 3068 1526 nostrum,
3098 1476 3124 1506 ι
3163 1455 3220 1511 id
3259 1460 3350 1512 est
3395 1457 3638 1512 tradidit

1981 1563 2116 1600 eum
2151 1563 2253 1618 pro
2286 1545 2540 1618 peccatis
2575 1544 2813 1614 nostris,
2848 1548 2914 1598 ut
2944 1545 3098 1616 quod
3129 1561 3236 1599 nos
3267 1549 3505 1617 propter
3534 1544 3638 1599 im-

1981 1633 2362 1689 becillitatem
2396 1638 2607 1688 nostra;
2644 1631 2942 1705 fragilitati
2965 1633 3112 1689 ferre
3138 1651 3252 1688 non
3277 1637 3635 1705 poteramus,

1981 1721 2105 1794 ipse
2136 1723 2290 1778 Deus
2320 1739 2424 1794 pro
2452 1720 2622 1776 nobis
2652 1726 2928 1793 portaret,
2963 1739 3080 1778 non
3111 1725 3175 1776 ut
3213 1721 3339 1794 ipse
3381 1725 3640 1794 portaret

1982 1816 2216 1884 peccata
2247 1816 2448 1866 nostra
2473 1810 2547 1865 ad
2597 1809 2706 1865 hoc
2754 1814 2820 1864 ut
2865 1814 3170 1881 peccatum
3203 1809 3447 1865 haberet
3490 1809 3635 1882 quia

1981 1899 2107 1955 sine
2138 1903 2374 1971 peccato
2407 1898 2623 1953 mansit
2658 1914 2670 1953 :
2704 1899 2808 1953 sed
2841 1897 2994 1954 sicut
3027 1898 3288 1953 medicus
3320 1897 3530 1971 accipit
3552 1898 3636 1954 in-

1982 1988 2322 2042 firmitatem
2355 1985 2552 2058 aegroti
2586 1986 2858 2042 auferens
2915 1986 2988 2041 ab
3037 1985 3156 2055 illo,
3192 2003 3308 2040 non
3348 1985 3634 2060 recipiens

1982 2076 2040 2132 in
2073 2093 2154 2132 se.
2180 2076 2342 2131 Unde
2372 2075 2512 2130 dicit
2540 2074 2855 2148 Apostolus
2889 2091 2901 2130 :
2935 2076 3082 2130 Eum
3112 2074 3212 2147 qui
3245 2092 3360 2130 non
3393 2080 3634 2132 noverat

1983 2171 2307 2239 peccatum,
2343 2183 2446 2238 pro
2496 2165 2667 2220 nobis
2717 2169 3020 2236 peccatum
3074 2164 3209 2220 fecit
3259 2165 3409 2221 Deus
3461 2165 3632 2222 Pater

1983 2257 2158 2324 (Joan.
2190 2259 2268 2324 x),
2300 2255 2409 2310 hoc
2439 2258 2526 2310 est
2554 2253 2807 2309 hostiam
2842 2271 2946 2325 pro
2977 2257 3234 2325 peccato.

2056 2369 2081 2394 ‹‹
2114 2344 2359 2399 Oblatus
2389 2348 2499 2414 est,
2534 2365 2554 2389 ο
2591 2343 2877 2398 subaudis
2908 2359 2942 2396 a
2975 2341 3189 2414 seipse,
3227 2359 3340 2397 non
3375 2342 3434 2398 in
3465 2342 3636 2398 altari

1984 2433 2485 2500 holocaustorum,
2519 2433 2620 2487 sed
2652 2431 2710 2486 in
2742 2449 2843 2486 ara
2872 2431 3084 2496 crucis,
3125 2453 3152 2480 ‹‹
3185 2430 3322 2504 quia
3370 2432 3495 2504 ipse
3532 2449 3638 2487 vo-

1986 2522 2123 2590 luit;
2157 2543 2183 2573 »
2223 2523 2320 2576 sed
2356 2521 2500 2576 dicit
2549 2521 2608 2576 in
2661 2519 2971 2592 Evangelio
3005 2537 3019 2574 :
3056 2520 3405 2576 Potestatem
3454 2519 3639 2576 habeo

1985 2610 2238 2686 ponendi
2273 2609 2530 2665 animam
2565 2627 2778 2677 meam,
2813 2615 2868 2665 et
2899 2609 3112 2665 iterum
3166 2610 3437 2666 sumendi
3469 2627 3638 2679 eam;

1985 2705 2044 2756 et
2077 2718 2090 2754 :
2123 2701 2305 2756 Nemo
2338 2697 2490 2754 tollit
2522 2698 2783 2754 animam
2817 2715 3007 2753 meam
3035 2715 3070 2752 a
3093 2715 3207 2765 me,
3233 2698 3334 2753 sed
3362 2715 3468 2771 ego
3489 2715 3641 2770 pono

1985 2807 2135 2845 eam.
2161 2788 2404 2844 Oblatus
2434 2792 2524 2842 est
2553 2805 2688 2859 ergo
2716 2805 2833 2842 non
2863 2803 2968 2858 pro
2999 2786 3253 2853 suis,scd
3283 2803 3388 2858 pro
3420 2787 3638 2842 nostris

1986 2877 2406 2951 pcccatis,quia
2439 2875 2561 2948 ipse
2591 2874 2894 2940 voluit,«et
2926 2892 3041 2929 non
3072 2873 3305 2946 aperuit
3334 2892 3366 2930 o
3389 2891 3636 2930 suumzn

1986 2965 2272 3022 subaudis
2314 2970 2574 3036 tempore
2623 2962 2916 3035 passionis
2963 2962 3360 3035 interrogatus
3389 2980 3425 3018 a
3453 2963 3637 3018 Pilato

1983 3055 2070 3110 vel
2098 3055 2170 3110 ab
2203 3055 2445 3124 Herode,
2474 3070 2545 3108 ne
2593 3051 2889 3106 videretur
2939 3050 3231 3106 reluctari.
3265 3051 3413 3106 Nam
3460 3051 3635 3106 inter-

1985 3148 2226 3216 rogatus
2256 3160 2289 3197 a
2321 3141 2522 3209 Pilato,
2556 3158 2743 3214 pauca
2770 3139 3072 3212 respondit
3105 3141 3340 3211 quando
3371 3139 3520 3195 dixit
3546 3139 3636 3195 Pi-

1986 3232 2142 3286 latus
2177 3248 2190 3286 :
2230 3252 2257 3281 «
2291 3229 2432 3285 Mihi
2467 3247 2581 3284 non
2614 3227 2868 3300 loqueris
2899 3227 3102 3300 (Matth.
3135 3228 3348 3300 xxvu)?
3381 3251 3411 3278 »
3450 3229 3522 3284 Et
3564 3227 3637 3284 ad

1902 3306 1945 3372 C
1986 3320 2270 3377 Herodem
2303 3319 2546 3386 missus,
2579 3319 2722 3374 dum
2755 3317 3214 3390 interrogaretur
3244 3318 3317 3373 ab
3352 3316 3473 3384 illo,
3507 3333 3636 3390 per-

1987 3427 2176 3483 pauca
2205 3409 2254 3465 ei
2288 3408 2520 3463 locutus
2549 3411 2658 3463 est.
2693 3407 2922 3463 Poterat
2953 3405 3130 3475 enim,
3165 3407 3214 3462 si
3245 3406 3544 3473 voluisset,
3576 3423 3639 3463 se

1987 3496 2379 3555 excusabilem
2412 3497 2650 3552 reddere
2681 3515 2714 3552 a
2746 3495 2937 3568 culpa,
2970 3497 3073 3551 sed
3115 3495 3320 3562 noluit,
3357 3512 3430 3551 ne
3479 3493 3640 3552 salus

1989 3586 2280 3661 passionis
2312 3585 2472 3642 illius
2494 3585 2992 3657 dilferretur,quia
3023 3584 3134 3641 nisi
3165 3583 3290 3657 ipse
3320 3584 3510 3642 crucis
3539 3601 3639 3656 pa-

1987 3677 2242 3734 tibulum
2277 3675 2850 3748 sustimissct,genus
2870 3673 3198 3730 humanum
3221 3679 3439 3731 aeterna
3459 3677 3643 3730 morte

1987 3771 2286 3823 teneretur
2315 3765 2632 3820 obnoxium
2662 3787 2688 3814 ‹‹
2723 3765 2886 3820 Sicut
2913 3764 3036 3820 ovis
3065 3765 3138 3818 ad
3163 3763 3514 3820 occisionem
3540 3762 3642 3818 du-

1988 3860 2169 3922 cetur,
2199 3858 2256 3909 et
2285 3853 2452 3925 quasi
2487 3869 2679 3925 agnus
2709 3869 2904 3908 coram
2948 3851 3225 3908 tondente
3268 3869 3331 3906 se
3370 3851 3638 3906 obmute-

1989 3948 2110 4000 scet
2157 3946 2214 3997 et
2259 3959 2373 3998 non
2423 3940 2644 4012 aperiet
2690 3957 2756 3996 os
2802 3957 2998 3997 suum.
3036 3962 3062 3988 »
3096 3940 3224 4010 Ipse
3271 3935 3372 4010 qui
3403 3933 3636 3992 oblatus

1987 4036 2078 4088 est
2109 4031 2290 4086 Pilato
2311 4029 2452 4102 quia
2473 4027 2654 4084 voluit
2673 4033 2731 4084 et
2754 4046 2864 4084 non
2893 4027 3192 4099 respondit
3221 4025 3436 4098 saepius
3457 4024 3637 4080 inter-

1988 4124 2249 4194 rogatus,
2283 4136 2354 4174 ne
2385 4116 2608 4172 utilitas
2639 4115 2932 4188 passionis
2978 4114 3308 4170 dilTerrctur
3352 4129 3639 4169 excusans

1987 4226 2050 4266 se
2083 4226 2115 4263 a
2145 4207 2336 4280 culpa,
2371 4206 2495 4278 ipse.
2527 4205 2703 4260 etiam
2735 4205 2950 4259 ductus
2981 4207 3070 4258 cst
3099 4204 3172 4259 ad
3205 4197 3638 4258 immolandum

1989 4296 2223 4371 prepria
2251 4295 2546 4351 voluntate
2593 4293 2748 4349 sicut
2793 4291 3105 4366 Apostolus
3155 4291 3316 4360 dicit,
3350 4313 3377 4341 «
3409 4289 3638 4346 Etenim

1988 4386 2208 4460 pascha
2237 4390 2504 4440 nostrum
2537 4382 2880 4438 immolatus
2911 4385 3001 4438 est
3029 4381 3349 4452 Christus(l
3374 4383 3499 4438 Cor.
3521 4379 3634 4451 v)..

1989 4476 2153 4532 Sicut
2185 4491 2320 4547 ergo
2353 4490 2541 4547 agnus
2563 4489 2755 4528 coram
2780 4471 3058 4526 tondente
3081 4487 3142 4526 se
3165 4473 3455 4536 tacet,uon
3478 4467 3642 4524 emit-

1989 4567 2121 4618 tens
2151 4559 2530 4629 balatum,sic
2562 4559 2686 4632 ipse
2715 4559 2858 4614 dum
2889 4556 3107 4628 injuste
3139 4557 3518 4612 damnaretur
3539 4554 3638 4610 ob-

1990 4650 2228 4707 mutuit.
2263 4651 2375 4706 Iste
2402 4653 2490 4704 est
2519 4647 2674 4704 enim
2701 4665 2874 4702 verus
2921 4661 3110 4718 agnus
3141 4643 3198 4699 in
3231 4645 3403 4716 cujus
3451 4643 3642 4715 ﬁgura

1989 4739 2241 4814 populus
2274 4737 2629 4794 Israeliticus
2661 4752 2876 4809 agnum
2929 4731 3184 4790 comedit
3229 4729 3533 4805 egrediens
3573 4748 3643 4786 ex

1993 4829 2389 4902 AZgyptonse
2421 4832 2510 4882 cst
2543 4843 2732 4899 agnus
2763 4823 2864 4896 qui
2901 4822 3048 4880 tollit
3079 4825 3313 4894 peccata
3335 4817 3644 4887 mundi,si-

1992 4922 2133 4973 cunt
2162 4917 2421 4972 Joannes
2442 4915 2700 4986 Baptista
2736 4912 2882 4968 dixit
2909 4911 3063 4984 (Cap.
3088 4914 3150 4980 ι),
3183 4915 3240 4964 et
3270 4926 3442 4981 quem
3473 4907 3633 4964 Joan-

1993 5023 2097 5062 nes
2129 5003 2499 5077 Evangelista
2529 5003 2585 5058 in
2611 4999 2956 5075 Apocalypsi
2989 5017 3097 5054 sua
3127 4997 3267 5054 dicit
3315 5015 3378 5054 se
3424 4996 3643 5052 vidisse

1991 5095 2252 5152 occisum
2286 5093 2466 5165 (Apoc.
2499 5092 2621 5163 xu).
2654 5093 2856 5162 Agnus
2887 5088 3101 5144 dicitur
3145 5087 3438 5158 Christus,
3470 5102 3642 5158 prop-

1991 5189 2082 5240 ter
2110 5181 2504 5238 innocentiam
2527 5186 2584 5234 et
2601 5176 3277 5249 mansuetudinem.lpse
3293 5174 3450 5231 enim
3472 5191 3646 5230 carne

1995 5291 2105 5330 sua
2135 5277 2190 5328 et
2221 5269 2506 5344 sanguine
2537 5267 2922 5340 spiritualitcr
2953 5284 3060 5322 nos
3090 5263 3294 5332 reﬁcit,
3345 5267 3404 5320 et
3437 5262 3646 5318 vellere

1997 5379 2103 5418 suo
2135 5361 2331 5431 vestit,
2361 5359 2471 5414 hoc
2500 5363 2588 5412 cst
2619 5356 2974 5428 protectione
3015 5355 3229 5410 munit.
3263 5353 3512 5418 Quidam
3545 5368 3646 5407 co-

1997 5451 2158 5506 dices
2181 5449 2400 5504 habent
2423 5465 2436 5502 :
2461 5447 2530 5500 Et
2551 5445 2718 5518 quasi
2743 5461 2932 5516 agnus
2953 5459 3146 5499 coram
3170 5441 3530 5506 tondente,id
3558 5443 3648 5496 est

1998 5538 2360 5612 percutiente
2391 5553 2474 5602 se,
2509 5535 2894 5598 obmutescet,
2927 5531 3081 5604 quod
3129 5549 3244 5586 non
3289 5530 3582 5602 discrepat
3613 5546 3647 5584 a

1998 5626 2300 5682 ﬁdc.Licet
2329 5621 2746 5696 congruentius
2766 5621 2996 5676 dicatur
3017 5619 3467 5676 londeute.Dum
3488 5617 3645 5674 enim

2000 5712 2430 5782 funderetur,id
2451 5716 2540 5768 est
2560 5708 2954 5785 ﬂagellat-stur
2979 5726 3015 5766 a
3043 5707 3332 5765 militibus
3355 5706 3642 5782 prazsidis,
