3956 6380
264 447 385 510 993

1311 441 1718 507 COMMENT.
1768 443 1843 504 ΙΝ
1889 441 2187 504 ISAIAM.
2231 475 2309 486 —
2351 441 2496 503 LIB.
2546 441 2645 504 Ill.

3554 449 3675 510 994

342 599 372 629 ‹‹
406 577 601 646 Ideo,»
630 576 919 635 subaudis
946 575 1083 648 quia
1112 594 1323 649 passus
1355 580 1442 630 est
1474 593 1577 648 pro
1608 575 1795 631 salute
1816 592 1913 647 ge-
1943 580 1998 645 Α
2029 576 2293 630 comedet
2322 575 2598 646 praedam,
2630 578 2689 630 et
2718 591 2954 646 vespere
3010 574 3231 631 dividet
3286 578 3471 649 spolia
3523 579 3681 651 (Gen;

267 666 425 723 neris
444 665 715 734 humani,
737 671 795 721 et
816 665 1014 721 omnia
1045 665 1181 721 fecit
1212 684 1337 737 qua:
1372 665 1697 737 praeteritus
1729 683 1920 719 sermo
2029 663 2201 735 κως).
2241 686 2260 711 ο
2306 664 2373 717 Et
2411 664 2481 717 de
2512 663 2788 717 omnibus
2819 663 3102 735 apostolis
3134 680 3147 719 :
3182 665 3563 723 Laetabuntur
3590 686 3680 726 co.

242 760 493 827 __narrat,
516 778 545 805 «
570 755 914 829 dispertiam
937 777 964 803 ››
992 754 1111 810 sive
1141 754 1398 808 dividam
1431 776 1459 804 «
1492 754 1543 809 ei
1573 753 1859 826 plurimos
1894 776 1921 802 »

265 845 575 912 subaudis,
602 843 870 918 populos.
908 844 979 899 Ut
1009 861 1112 917 pro
1145 861 1261 898 una
1293 843 1459 916 plebe
1490 861 1617 915 quae
1651 861 1766 898 non
1796 843 1920 898 vult

264 931 324 987 in
346 950 481 988 eum
506 932 1073 1005 credere,possideat
1103 949 1309 987 omnes
1340 933 1746 1001 gentchuxta
1762 932 1917 1003 quod

262 1020 315 1075 ei
340 1039 374 1076 a
398 1021 564 1077 Patre
588 1038 691 1094 per
712 1020 1084 1076 Psalmistam
1118 1021 1333 1075 dicitur
1365 1038 1378 1075 :
1413 1044 1439 1069 α
1480 1020 1713 1074 Postula
1742 1039 1776 1074 a
1806 1038 1918 1083 me,

263 1113 324 1167 et
354 1109 506 1165 dabo
540 1108 646 1165 tibi
686 1114 887 1181 gentes
938 1108 1336 1164 hmreditatem
1388 1114 1571 1173 tuam,
1605 1114 1661 1163 et
1694 1126 1920 1181 posses-

266 1196 496 1253 sionem
543 1202 706 1253 tuam
765 1198 1049 1253 terminos
1101 1201 1267 1252 terrae
1299 1198 1470 1265 (I’sal.
1500 1198 1580 1269 ιι).
1617 1221 1645 1245 ››
1676 1197 1837 1252 Unde
1868 1192 1931 1251 et

268 1286 574 1358 sequitur:
608 1308 635 1336 ‹‹
662 1286 732 1343 Et
756 1286 995 1341 fortium
1028 1285 1218 1358 spolia
1247 1285 1521 1356 dividet,»
1536 1286 1822 1341 subaudis
1844 1285 1926 1339 di-

270 1373 520 1445 scipulis
550 1373 696 1431 suis.
731 1374 992 1430 Praedam
1041 1391 1178 1447 ergo
1221 1375 1462 1430 fortium
1493 1374 1775 1447 apostolis
1801 1374 1925 1428 suis

270 1462 535 1531 tradidit,
566 1465 801 1536 quando
832 1462 1080 1535 pepulos
1122 1464 1222 1535 qui
1257 1464 1367 1519 sub
1397 1469 1682 1536 potestate
1709 1461 1926 1518 diaboli

269 1556 440 1608 erant
476 1552 718 1608 abstulit
737 1553 808 1609 ab
830 1570 918 1618 eo,
952 1557 1008 1607 et
1037 1552 1155 1608 illis
1187 1553 1386 1608 divisit
1416 1558 1480 1609 ut
1509 1571 1663 1607 unus
1693 1552 1926 1607 illorum

266 1645 547 1713 praeesset
576 1641 677 1696 uni
707 1641 945 1714 populo,
978 1640 1129 1697 alius
1164 1640 1302 1696 “alii.
1338 1642 1503 1697 Sicut
1554 1642 1759 1696 Petrus
1790 1658 1927 1713 prae-

270 1729 383 1785 fuit
410 1730 631 1785 Judazis
660 1729 1055 1795 credentibus,
1090 1729 1305 1785 Paulus
1348 1730 1644 1801 gentibus,
1672 1730 1930 1786 Joannes

252 1808 329 1897 iet
347 1818 626 1874 Andrazas
656 1818 947 1885 Achaicis,
972 1818 1231 1875 Thomas
1264 1819 1447 1885 Indis,
1472 1823 1529 1873 et
1559 1818 1746 1874 caeteri
1772 1823 1931 1874 caete-

2032 770 2154 807 ram
2182 753 2415 815 te,sicut
2434 752 2730 806 exsultant
2761 752 3007 806 victores
3029 757 3199 824 capta
3227 755 3422 823 praada
3443 758 3680 826 quando

2032 841 2298 895 dividunt
2319 839 2587 911 spolia,in
2607 844 2727 894 toto
2740 840 2878 894 orbe
2898 839 3175 895 ecclesias
3196 841 3307 896 sibi
3330 840 3676 904 dividentes.

2035 931 2103 984 Et
2139 946 2317 1001 quare
2360 932 2457 983 ﬁet
2489 929 2646 983 istud
2668 932 2696 983 Ὶ
2730 952 2756 977 ι(
2792 928 2897 983 Pro
2938 946 3005 982 eo
3036 930 3191 999 quod
3224 930 3463 987 tradidit
3496 955 3523 980 »
3556 933 3681 1004 ipse

2033 1018 2214 1073 Filius
2238 1018 2335 1072 Dei
2364 1042 2390 1067 ‹‹
2416 1018 2473 1071 in
2498 1022 2746 1072 mortem
2771 1018 3029 1072 animam
3054 1035 3278 1083 suam,»
3296 1019 3352 1074 id
3385 1025 3473 1074 est
3502 1020 3679 1085 vitam

2032 1125 2223 1174 suam,
2257 1132 2281 1154 «
2320 1111 2378 1160 et
2408 1124 2543 1160 eum
2575 1105 2877 1161 sceleratis
2910 1129 2937 1153 ι»
2968 1106 3291 1161 latronibus
3323 1132 3350 1157 ι(
3378 1114 3682 1180 reputatus

2032 1202 2141 1261 est,
2176 1218 2205 1245 ››
2237 1213 2350 1250 non
2384 1213 2419 1251 a
2447 1197 2562 1251 Deo
2594 1196 2762 1251 Patre
2794 1214 2981 1268 neque
3024 1197 3263 1266 sanctis,
3298 1200 3398 1254 sed
3430 1217 3465 1256 a
3493 1216 3683 1271 perse-

2034 1285 2339 1340 cutoribus
2388 1284 2627 1352 Judaeis,
2665 1289 2730 1340 ut
2781 1284 2927 1339 illud
2987 1284 3100 1341 alio
3150 1286 3208 1340 in
3256 1285 3381 1342 loco
3415 1304 3428 1343 :
3460 1293 3682 1347 etcum

2036 1374 2255 1445 iniquis
2287 1379 2591 1445 repulatus
2622 1378 2729 1441 est,
2764 1397 2790 1423 ‹‹
2825 1378 2883 1429 et
2910 1373 3035 1445 ipse
3067 1379 3303 1446 peccata
3361 1376 3683 1439 multorum

2034 1463 2172 1517 tulit
2206 1488 2232 1511 υ
2265 1463 2552 1535 sanguine
2584 1479 2712 1530 suo,
2746 1467 2802 1518 et
2834 1463 3110 1534 baptismi
3144 1466 3685 1536 regeneratione,ac

2038 1553 2150 1606 ﬁde
2196 1551 2453 1616 illorum,
2487 1576 2513 1601 ‹‹
2546 1556 2604 1607 et
2661 1568 2765 1623 pro
2818 1553 3355 1623 transgressoribus
3386 1576 3414 1605 ››
3444 1555 3685 1627 Judaeis,

2039 1640 2156 1695 sive
2187 1640 2659 1711 persecutoribus
2692 1663 2718 1689 ι(
2753 1640 2979 1712 rogavit
3011 1668 3033 1693 .
3070 1641 3440 1707 dicens,dum
3472 1644 3690 1715 pende-

2038 1733 2125 1782 ret
2142 1728 2200 1782 in
2222 1744 2393 1782 cruce
2419 1744 2431 1782 :
2457 1751 2484 1777 ‹‹
2510 1732 2699 1794 Pater,
2726 1728 2961 1800 ignosce
2985 1728 3099 1783 illis
3122 1731 3271 1801 (Luc.
3285 1748 3359 1786 xx
3382 1736 3503 1801 11).»
3525 1732 3688 1789 Sicut

2038 1818 2197 1872 enim
2228 1817 2287 1871 in
2318 1816 2627 1889 Evangelio
2659 1816 3104 1873 Nazartenorum
3138 1817 3408 1888 habetur,
3432 1821 3502 1876 ad
3535 1820 3688 1877 hanc

270 1906 700 1964 ris.Videamus
729 1906 870 1982 quid
903 1908 974 1963 de
1006 1908 1065 1963 B.
1107 1907 1282 1963 Paulo
1306 1907 1571 1980 apostolo
1599 1907 1770 1979 longe
1794 1911 1928 1962 ante
1961 1898 2008 1963 B
2037 1923 2235 1960 vocem
2268 1904 2500 1959 Domini
2531 1905 2718 1959 multa
2750 1905 2935 1961 millia
2963 1906 3304 1962 Judaaorum
3364 1909 3686 1969 astantium

252 1995 497 2069 dictum
528 1995 640 2052 sit:
676 2020 703 2046 ‹‹
740 1996 1067 2068 Benjamin,
1094 1995 1306 2068 inquit,
1342 1995 1519 2067 lupus
1541 2012 1739 2067 rapax,
1762 2012 1931 2050 mane

2040 1994 2194 2049 circa
2223 2010 2456 2048 crucem
2486 1994 2884 2049 crediderunt.

1519 2213 1846 2302 LIBER
1919 2210 2442 2305 TERTIUS.

898 2362 1131 2419 CAPUT
1172 2362 1311 2418 LIV.

354 2473 375 2499 ι
418 2450 593 2517 Lada,
626 2450 864 2519 sterilis,
888 2469 1015 2523 qua:
1050 2469 1163 2506 non
1195 2452 1392 2523 paris:
1418 2452 1665 2506 decanta
1698 2449 1931 2505 laudem

258 2543 339 2601 _et
361 2539 695 2612 hinni,quze
727 2558 842 2595 non
874 2541 1164 2613 pariebas.
1198 2563 1225 2591 ››
1261 2542 1555 2596 Hactenus
1586 2539 1817 2594 locutus
1846 2543 1933 2593 est

280 2629 571 2702 Propheta
602 2630 674 2683 de
697 2629 995 2686 nativitate
1018 2629 1579 2701 Domini,passione,
1602 2634 1659 2683 et
1683 2645 1934 2684 resurre~

278 2718 495 2774 ctionis
526 2716 747 2790 gloria;
784 2736 939 2774 nunc
968 2736 1102 2774 vero
1135 2720 1440 2775 revertitur
1468 2719 1541 2774 ad
1569 2717 1930 2773 vocationem

278 2806 569 2879 gentium,
592 2811 650 2862 et
680 2806 753 2862 ad
785 2824 884 2861 eos
916 2808 1017 2877 qui
1050 2807 1110 2862 in
1141 2824 1277 2862 eum
1309 2807 1684 2862 crediderunt
1715 2812 1835 2860 tam
1864 2822 1933 2860 ex

274 2894 497 2952 Judzeis
528 2912 706 2967 quam
737 2912 805 2950 ex
832 2895 1127 2967 gentibus.
1163 2896 1389 2952 Sterilis
1420 2896 1533 2951 isto
1581 2896 1641 2949 in
1674 2895 1799 2950 loco
1828 2912 1929 2967 ap-

270 2980 531 3055 pellatur
558 2981 857 3055 gentilitas
888 2982 1239 3054 specialiter,
1270 3000 1397 3054 quaz
1429 2983 1545 3038 Deo
1576 2983 1727 3038 ﬁlios
1757 2980 1928 3053 spiri-

264 3068 469 3133 tuales
494 3088 611 3127 non
633 3070 949 3142 generabat
974 3089 987 3139 ;
1013 3071 1152 3143 quia
1173 3088 1288 3126 non
1310 3071 1563 3127 habebat
1584 3071 1792 3143 legem,
1813 3088 1930 3126 non

268 3158 614 3231 prophetas,
648 3176 763 3215 non
819 3159 1220 3233 patriarchas:
1251 3164 1308 3215 et
1337 3177 1464 3231 quae
1509 3161 1683 3215 modo
1730 3159 1930 3232 plures

278 3244 436 3303 ﬁlios
465 3247 567 3303 Dei
624 3252 865 3320 generat
920 3265 1098 3319 quam
1152 3249 1480 3320 Synagoga,
1515 3266 1641 3319 quae
1672 3253 1840 3320 putat
1867 3265 1930 3304 se

278 3334 467 3393 Deum
496 3335 688 3392 virum
721 3337 954 3393 habere.
981 3337 1173 3393 Potest
1190 3337 1367 3394 etiam
1399 3336 1677 3402 Ecclesia,
1709 3354 1836 3407 qua:
1869 3337 1928 3391 in

2044 2364 2280 2415 tuorum
2308 2360 2571 2427 extende,
2606 2376 2678 2414 ne
2728 2376 2933 2431 parcas
2965 2376 2977 2415 :
3011 2359 3217 2431 longos
3264 2361 3353 2416 fac
3397 2362 3688 2419 funiculos

2042 2454 2235 2516 nos,ct
2260 2449 2453 2503 clavos
2478 2454 2608 2503 tuos
2629 2448 2947 2505 consolida.
2966 2472 2992 2497 ››
3026 2450 3130 2504 Cui
3162 2451 3435 2522 superius
3465 2452 3689 2513 dictum

2042 2544 2130 2593 est
2153 2555 2165 2592 :
2193 2538 2412 2603 Lauda,
2428 2536 2805 2608 sterilis,quae
2830 2554 2944 2592 non
2966 2537 3210 2609 paris,et
3227 2544 3432 2596 caetera
3450 2558 3579 2613 quae
3608 2540 3690 2595 ibi

2040 2627 2321 2681 dicuntur
2345 2644 2357 2682 :
2383 2627 2556 2681 modo
2575 2627 2783 2681 iterum
2816 2627 3031 2682 dicitur
3059 2632 3124 2681 ut
3146 2628 3348 2684 dilatet
3374 2629 3690 2686 tentorium

2042 2732 2217 2769 suum
2241 2715 2312 2769 ad
2336 2714 2788 2771 similitudinem
2810 2716 3172 2772 tabernaculi
3206 2717 3375 2786 Mosi,
3398 2721 3455 2773 et
3483 2723 3547 2773 ut
3575 2736 3692 2774 om-

2042 2805 2138 2859 nia
2160 2803 2383 2858 habens
2405 2822 2531 2874 quze
2562 2802 2707 2858 illud
2738 2803 3180 2859 tabernaculum
3211 2805 3693 2877 habuit,ampliﬁ.

2041 2898 2131 2947 cet
2161 2910 2228 2948 ea
2258 2898 2314 2947 et
2344 2892 2599 2963 amplius
2630 2891 2981 2947 corroboret.
3015 2892 3486 2949 Tabernaculum
3518 2894 3688 2966 Mosi,

2040 2982 2196 3053 quod
2219 2981 2426 3036 habuit
2456 2985 2692 3036 centum
2712 2979 2939 3035 cubitos
2959 2979 3019 3035 in
3040 2980 3428 3052 longitudine,
3443 2986 3499 3038 et
3515 2982 3689 3054 quin-

2038 3070 2321 3143 quaginta
2350 3069 2410 3124 in
2442 3068 2835 3135 latitudine,et
2858 3070 3014 3139 quod
3037 3069 3244 3125 habuit
3263 3087 3407 3143 saga
3430 3076 3488 3127 et
3507 3071 3691 3145 pelles

2039 3158 2365 3214 rubricatas
2396 3163 2453 3214 et
2479 3157 2894 3229 hiacynthinas
2951 3158 3362 3232 funiculosque
3411 3165 3469 3216 et
3495 3161 3690 3218 clavos

2038 3252 2301 3303 sanetam
2325 3246 2642 3302 Ecclesiam
2674 3247 3181 3318 signiﬁcabat.Qui
3211 3248 3270 3303 in
3295 3249 3692 3307 tabernaculis

2041 3337 2581 3404 commoranturﬁe
2610 3335 2738 3391 loco
2768 3336 2839 3390 ad
2865 3336 3061 3391 locum
3088 3341 3464 3395 transeuntes
3484 3341 3556 3395 ad
3589 3340 3692 3395 do-

279 3424 502 3482 Judaeis
526 3426 759 3481 deserta
788 3431 930 3493 erat,
952 3427 1168 3482 sterilis
1198 3426 1500 3499 appellari,
1519 3427 1660 3498 quia
1684 3425 1931 3482 Domino
1965 3433 2009 3498 (ξ
2047 3442 2212 3480 mum
2233 3426 2483 3500 tendunt
2504 3430 2559 3479 et
2586 3425 2659 3479 ad
2690 3430 2907 3480 terram
2936 3426 3308 3496 promissam,
3329 3427 3483 3483 sicut
3504 3427 3693 3485 Judaei

272 3514 624 3577 adveniente
651 3514 802 3570 ﬁlios
824 3515 953 3585 ejus
975 3532 1090 3569 non
1117 3515 1399 3587 pariebat,
1424 3519 1489 3570 ut
1518 3515 1589 3570 ad
1621 3520 1933 3585 utramque

281 3602 602 3659 Ecclesiam
632 3607 753 3659 tam
772 3620 841 3658 ex
861 3603 1082 3659 Judaeis
1112 3621 1293 3676 quam
1323 3622 1392 3660 ex
1420 3604 1698 3676 gentibus
1730 3605 1936 3661 refera-

276 3708 419 3761 mus
438 3691 549 3748 hoc
576 3708 589 3747 :
613 3692 940 3747 secundum
963 3693 1121 3764 quod
1151 3692 1420 3764 egregius
1453 3693 1797 3766 praedicator
1810 3692 1936 3748 suis

278 3780 346 3841 in
376 3780 567 3836 verbis
596 3780 1217 3837 ostendit.Assumens
1248 3781 1406 3837 enim
1442 3783 1846 3838 testimonium
1866 3782 1936 3837 de

281 3870 437 3927 Isaia
463 3870 620 3942 quod
651 3886 807 3925 nunc
837 3869 1125 3926 habemus
1150 3888 1266 3942 prae
1299 3870 1595 3938 manibus,
1629 3872 1703 3927 ad
1734 3887 1935 3942 repro-

280 3956 587 4027 missionis
643 3958 843 4015 retulit
899 3959 1052 4014 ﬁlios
1084 3960 1157 4015 ad
1187 3959 1506 4016 Ecclesiam
1537 3961 1607 4015 de
1636 3959 1933 4032 gentibus,

281 4048 405 4105 sive
439 4064 509 4103 ex
547 4051 797 4120 utroque
822 4047 1036 4120 populo
1071 4053 1483 4121 congregatum
1509 4065 1521 4104 :
1546 4065 1673 4120 qua:
1704 4049 1938 4105 deserta

274 4141 344 4209 et
365 4136 641 4193 derelicta
679 4141 805 4193 erat
842 4155 878 4193 a
900 4143 1009 4194 Deo
1040 4154 1106 4193 ac
1136 4137 1355 4193 sterilis
1385 4137 1784 4209 permanebat,
1818 4153 1935 4193 non

279 4226 509 4283 habens
529 4226 720 4294 virum
742 4228 921 4291 Deum
950 4227 1414 4299 omnipotentem
1440 4244 1453 4281 :
1478 4228 1679 4283 Lauda
1700 4226 1936 4299 (inquit)

278 4315 612 4383 Creatorem
641 4320 811 4371 tuum
834 4320 893 4371 et
915 4316 1361 4388 Redemptorem
1385 4315 1939 4382 nostrum,Ecclesia

282 4403 525 4473 sterilis,
556 4407 677 4460 tam
720 4421 792 4469 ex
832 4403 1053 4461 Judaeis
1100 4422 1279 4477 quam
1329 4421 1399 4460 ex
1443 4405 1719 4478 gentibus
1753 4422 1766 4461 :
1799 4404 1939 4477 quia

282 4493 458 4550 modo
484 4492 731 4567 incipies
760 4493 877 4557 Deo
909 4493 1060 4551 ﬁlios
1091 4510 1313 4566 parrre.
1355 4494 1612 4576 Decanta
1654 4492 1938 4550 Salvatori

281 4587 405 4652 tuo,
439 4586 496 4638 et
534 4581 723 4650 hinni,
747 4581 805 4637 id
836 4586 927 4639 est
959 4583 1269 4656 magnifice
1298 4583 1512 4655 gaude,
1534 4599 1661 4654 quae
1695 4600 1810 4637 non
1842 4599 1939 4655 pa-

282 4672 476 4739 riebas
504 4676 621 4727 Deo
651 4670 941 4727 ﬁlios.Pro
974 4671 1381 4744 magnitudine
1411 4671 1610 4743 gaudii
1641 4670 1843 4727 allusit
1863 4671 1936 4726 ad

282 4760 585 4816 hinnitum
632 4759 769 4832 equi
812 4760 1107 4816 tendentis
1155 4760 1229 4815 ad
1258 4760 1583 4828 victoriam,
1615 4760 1937 4832 praedicens

283 4864 466 4921 quare
492 4849 769 4923 praecepit
796 4847 847 4903 ei
878 4848 1170 4905 exsultare
1217 4854 1275 4904 et
1322 4847 1562 4905 laudare
1593 4850 1931 4905 Dominum.

283 4960 312 4987 ‹‹
346 4937 632 5007 Quoniam
664 4936 833 5017 multi
866 4938 971 4993 ﬁlii
1003 4939 1311 5004 desertis,»
1351 4938 1636 4993 subaudis
1666 4938 1933 4993 Ecclesia:

282 5026 715 5100 gentium,quze
743 5027 1042 5099 quondam
1073 5045 1107 5083 a
1137 5028 1253 5083 Deo
1283 5026 1559 5083 derelicta
1578 5032 1687 5092 est,
1713 5044 1933 5099 «quam

283 5116 433 5187 ejus,
465 5137 491 5167 ι
527 5116 584 5172 id
616 5121 705 5172 est
745 5117 1085 5189 Synagogze,
1119 5140 1146 5166 «
1181 5133 1311 5188 qum
1342 5117 1517 5173 habet
1545 5116 1757 5183 virum,
1791 5116 1935 5172 dicit

281 5205 568 5275 Dominus
584 5223 630 5275 ς»
648 5204 757 5261 hoc
779 5209 868 5260 est
888 5223 1015 5277 quae
1038 5210 1208 5277 putat
1228 5224 1289 5261 se
1309 5206 1521 5261 habere
1542 5206 1729 5261 virum
1750 5206 1933 5262 Deum

284 5294 846 5366 omnipotentem.Et
865 5294 974 5350 hoc
996 5295 1489 5367 notandum,quia
1518 5312 1653 5350 eum
1684 5295 1931 5350 dicitur:

285 5381 486 5456 plures
519 5382 623 5438 ﬁlii
654 5384 897 5439 desertae
929 5401 1107 5456 quam
1151 5387 1280 5457 ejus
1325 5402 1454 5456 qua:
1502 5384 1678 5440 habet
1720 5385 1934 5450 virum,

284 5488 400 5528 non
422 5471 656 5543 penitus
677 5471 1010 5529 excluditur
1030 5490 1064 5528 a
1085 5479 1257 5544 partu
1280 5474 1585 5547 Synagoga
1606 5490 1619 5530 :
1642 5472 1781 5545 quia
1808 5473 1937 5545 ipsa

280 5560 345 5616 in
376 5558 658 5631 apostolis
706 5566 764 5615 et
820 5577 925 5632 per
982 5561 1277 5634 apostolos
1333 5562 1552 5619 multos
1608 5561 1758 5616 ﬁlios
1818 5561 1935 5617 Deo

278 5649 537 5724 genuit,2
547 5649 617 5704 ed
647 5648 905 5706 maxima
923 5650 1243 5707 multitudo
1258 5651 1521 5723 gentium
1540 5651 1591 5706 ei
1609 5650 1933 5723 praefertur.

355 5759 386 5790 ις
409 5734 601 5807 Dilata
618 5735 815 5796 locum
837 5737 1074 5796 tentorii
1092 5737 1264 5813 tui,et
1279 5737 1463 5814 pelles
1491 5736 1937 5796 tabernaculum

2048 3516 2331 3570 fecerunt.
2363 3516 2433 3569 Et
2458 3514 2646 3569 sancti
2680 3514 2738 3569 in
2770 3513 3041 3586 praesenti
3090 3516 3300 3572 saeculo
3326 3517 3389 3573 in
3418 3518 3693 3574 taberna-

2044 3603 2195 3659 culis
2233 3603 2519 3671 habitant,
2543 3604 2652 3659 hoc
2699 3609 2789 3659 est
2828 3604 2888 3660 in
2925 3603 3211 3671 ecclesiis,
3234 3606 3375 3676 quia
3404 3608 3695 3680 peregrini

2042 3698 2102 3750 et
2121 3695 2353 3749 advena:
2384 3698 2523 3749 sunt
2544 3694 2602 3747 in
2633 3694 2743 3749 hoc
2772 3692 3175 3750 smculo.Sicut
3200 3695 3343 3752 dicit
3364 3695 3693 3754 Psalmista:

2046 3805 2073 3831 ‹‹
2111 3782 2305 3837 Incola
2364 3800 2470 3853 ego
2524 3799 2657 3837 sum
2716 3783 2872 3854 apud
2931 3786 2987 3840 te
3039 3788 3097 3839 et
3153 3784 3498 3855 peregrinus
3519 3786 3692 3855 (Psal.

2040 3874 2260 3937 cxvui),
2288 3892 2316 3919 »
2349 3871 2656 3925 tendentes
2684 3871 2757 3925 ad
2790 3871 3056 3939 domum,
3088 3872 3161 3926 de
3190 3888 3308 3943 qua
3337 3871 3497 3927 idem
3541 3872 3694 3929 Psal»

2045 3959 2224 4014 mista
2261 3959 2404 4013 dicit
2437 3974 2450 4014 :
2481 3982 2509 4008 «
2546 3958 2733 4014 Unam
2784 3959 2922 4031 petii
2947 3977 2982 4014 a
3008 3959 3277 4027 Domino,
3305 3959 3457 4016 hanc
3505 3962 3696 4034 requi-

2046 4066 2171 4104 ram
2198 4064 2209 4102 :
2238 4053 2301 4103 ut
2319 4046 2643 4103 inhabitem
2662 4047 2721 4102 in
2744 4047 2917 4102 domo
2934 4046 3163 4103 Domini
3183 4048 3458 4105 omnibus
3486 4049 3696 4108 diebus

2044 4137 2171 4192 vita:
2202 4154 2343 4192 meae
2375 4137 2544 4209 (Psal.
2567 4140 2748 4205 xxvx.)
2777 4159 2805 4187 »
2839 4137 2909 4191 Et
2934 4137 3008 4193 ad
3037 4142 3252 4193 terram
3284 4140 3693 4210 repromissio-

2045 4227 2139 4282 nis
2161 4227 2232 4282 de
2252 4243 2369 4298 qua
2389 4225 2531 4281 dicit
2558 4226 2736 4282 etiam
2768 4225 2892 4297 ipse
2917 4242 2930 4282 :
2964 4226 3147 4282 Credo
3177 4226 3374 4283 videre
3406 4228 3561 4284 bona
3587 4230 3695 4288 Do-

2044 4315 2191 4370 mini
2249 4315 2310 4369 in
2359 4320 2514 4371 terra
2568 4314 2906 4370 viventium.
2932 4316 3002 4371 Et
3050 4316 3123 4371 de
3171 4333 3291 4388 qua
3317 4317 3604 4374 Dominus
3632 4319 3694 4377 in

2045 4404 2356 4476 Evangelia
2382 4420 2394 4459 :
2424 4428 2451 4454 «
2477 4403 2637 4459 Beati
2670 4402 2905 4475 (inquit)
2928 4403 3121 4472 mites,
3137 4404 3414 4476 quoniam
3434 4405 3547 4477 ipsi
3569 4423 3698 4479 pos-

2044 4493 2325 4549 sidebunt
2354 4497 2568 4548 terram
2602 4491 2806 4564 (Matth.
2838 4495 2917 4560 v).
2953 4515 2981 4542 n
3010 4492 3227 4549 Sancta
3271 4509 3408 4566 ergo
3438 4494 3698 4553 Ecclesia

2046 4582 2239 4639 locum
2263 4581 2496 4637 tentorii
2511 4580 2600 4636 sui
2624 4579 2934 4637 dilatatam
2956 4579 3301 4654 habet,quia
3316 4582 3390 4638 ad
3409 4582 3695 4641 orientem

2046 4676 2103 4726 et
2134 4671 2206 4727 ad
2240 4670 2595 4742 aquilonem,
2629 4669 2701 4725 ad
2728 4669 3093 4725 occidentem
3136 4675 3195 4726 et
3240 4671 3313 4726 ad
3363 4671 3693 4741 meridiem,

2051 4759 2318 4815 Ecclesiae
2350 4760 2409 4813 in
2439 4758 2655 4813 Christi
2712 4757 2948 4813 nomine
3006 4758 3257 4814 dilatata“:
3317 4764 3476 4815 sunt.
3510 4760 3695 4818 Pelles

2044 4853 2259 4903 sanctae
2299 4847 2567 4903 Ecclesia:-
2625 4852 2765 4903 sunt
2818 4848 3225 4919 przedicatores
3256 4852 3314 4903 et
3342 4846 3565 4919 praelati
3593 4848 3696 4921 qui

2042 4956 2171 4993 eam
2195 4942 2510 5010 protegunt
2531 4938 2603 4992 ab
2626 4942 2767 4993 testu
2790 4937 3062 4992 vitiorum
3093 4942 3149 5020 et
3175 4937 3592 5005 daemonum,et
3622 4940 3695 4995 ab

2042 5027 2319 5081 omnibus
2341 5026 2889 5081 adversis.Habebat
2900 5026 3343 5081 tabernaculum
3367 5026 3698 5098 (sicutdixie

2044 5116 2199 5186 mus)
2223 5132 2363 5185 saga
2383 5114 2746 5186 cilieina,per
2765 5132 2893 5185 qum
2926 5114 3304 5187 designaatur
3326 5116 3691 5187 paenitentes:

2044 5204 2183 5275 quia
2212 5203 2470 5258 cilicium
2502 5202 2740 5258 habitus
2772 5202 3125 5274 pmnitentize
3164 5209 3251 5258 est
3276 5221 3289 5272 ;
3313 5203 3566 5259 habebat
3598 5222 3695 5259 ru-

2044 5292 2300 5349 bricatas
2323 5293 2632 5367 pelles,per
2659 5309 2805 5363 quas
2836 5291 3222 5364 designantur
3254 5297 3538 5366 martyres
3562 5311 3576 5362 ;
3598 5293 3698 5350 ha-

2046 5382 2225 5437 bebat
2246 5388 2301 5437 et
2323 5381 2752 5454 hiaeynthinas,
2778 5398 2881 5453 per
2911 5398 3057 5452 quas
3088 5381 3475 5453 designantur
3493 5399 3698 5439 omnes

2045 5471 2326 5544 pallorem
2348 5469 2711 5526 abstinentiae
2734 5473 3061 5541 gestantes;
3085 5469 3336 5526 habebat
3356 5470 3532 5526 etiam
3546 5472 3699 5527 funi-

2045 5559 2228 5624 culos,
2244 5576 2346 5630 per
2366 5575 2513 5630 quos
2534 5557 2921 5630 designantur
2940 5562 3227 5631 praecepta
3246 5558 3443 5615 divina
3465 5577 3479 5628 ;
3512 5560 3695 5616 habe-

2045 5649 2145 5704 bat
2175 5648 2367 5703 clavos
2396 5646 2613 5719 quibus
2644 5648 3105 5703 extendebantur
3134 5649 3323 5718 funes,
3348 5654 3407 5706 et
3427 5650 3698 5707 ﬁrmaba~

2048 5742 2144 5797 tur
2163 5754 2336 5797 omne
2355 5736 2798 5796 tabernaculum
2823 5753 2836 5797 :
2861 5753 2964 5813 per
2984 5753 3134 5815 quos
3153 5755 3471 5815 possumus
3489 5738 3700 5817 intelli-
