3956 6462
339 469 456 530 995

768 467 1173 528 ΗΑΥΜΟΝΙΞ
1206 467 1745 530 HALBERSTAT.
1781 467 1931 529 EPlS

2172 470 2228 528 Ρ.
2265 469 2465 531 PARS
2498 469 2544 529 Ι.
2575 506 2652 513 -
2678 469 3087 534 ΟΟΝΙΜΕΝΤ.
3122 474 3317 535 BlBL.

3630 481 3750 539 996

342 618 477 675 gere
500 598 864 656 intellectum
897 603 952 655 et
980 598 1292 666 rationem,
1324 600 1543 672 quibus
1576 602 1893 657 firmantur
1921 600 2003 656 di-
2028 602 2085 669 Α
2113 604 2211 656 tur
2228 601 2385 657 enim
2408 601 2521 657 ibi:
2548 603 2617 658 Et
2646 605 2940 677 assumpsi
2961 605 3198 678 (inquit)
3216 607 3526 665 mihiduas
3547 609 3759 684 virgas,

343 691 478 747 vina
497 687 1083 762 praecepta,videlieet
1108 688 1331 744 ratione
1345 693 1401 745 et
1420 688 1716 745 intellectu
1736 708 1748 745 ι
1768 690 2003 762 quando

343 796 413 836 ea
465 795 592 851 quae
652 775 1082 832 rationabiliter
1132 776 1543 850 intelligimus,
1579 778 2007 834 rationabiliter

343 884 515 941 Opere
546 865 957 937 adimplemus.
998 866 1144 921 Dicit
1192 883 1328 939 ergo
1377 868 1448 923 ad
1496 874 1761 923 sanctam
1806 866 2002 922 Eccle-

344 958 529 1013 siam:
565 956 609 1012 Ο
641 954 1109 1023 Ecclesia,dilata
1138 955 1332 1012 locum
1358 956 1589 1011 tentorii
1616 957 1696 1012 tui
1728 974 1831 1028 per
1854 974 2003 1029 qua—

345 1052 476 1102 tuor
506 1045 713 1101 mundi
745 1044 1115 1112 climata,nec
1131 1044 1503 1101 concludaris
1535 1064 1652 1101 uno
1684 1046 1898 1119 angulo
1917 1064 2005 1101 so-

342 1135 644 1191 lummodo
674 1134 907 1189 Judaeae.
944 1135 1012 1188 Et
1044 1134 1244 1207 pelles,
1280 1134 1389 1190 hoc
1446 1139 1535 1191 est
1592 1136 2002 1208 praedicatores

342 1231 475 1281 tuos
517 1224 764 1280 extende
798 1229 855 1279 et
886 1223 1148 1279 dilfunde
1181 1242 1284 1297 per
1314 1226 1515 1280 orbem
1549 1230 1839 1281 terrarum
1874 1241 1887 1279 :
1920 1226 2001 1280 Ne

341 1330 766 1387 parcas,neque
796 1330 991 1369 cesses
1018 1313 1409 1385 multiplicare
1439 1319 1856 1387 eos,quatenus
1880 1313 2002 1369 illo-

342 1420 474 1459 rum
506 1402 837 1458 munimine
865 1402 1087 1458 tuearis
1118 1402 1190 1457 ab
1224 1407 1369 1458 aestu
1405 1404 2000 1476 dazmonumlongos

341 1495 432 1548 fac
461 1491 756 1547 funiculos
789 1496 943 1559 tuos,
974 1492 1033 1546 id
1081 1496 1171 1547 est
1219 1491 1389 1565 longe
1444 1494 1690 1548 extende
1720 1492 1997 1564 praedica-

342 1582 562 1638 tionem
594 1585 779 1647 tuam,
830 1585 888 1636 et
906 1585 1194 1654 praecepta
1224 1581 1422 1637 divina
1451 1582 1681 1655 elonga,
1717 1586 1774 1637 et
1804 1582 1998 1638 clavos

338 1676 472 1727 tuos
498 1669 820 1740 consolida,
855 1670 911 1724 id
960 1674 1050 1725 est
1098 1669 1549 1743 intelligentiam
1600 1676 1657 1726 et
1706 1671 1996 1727 rationem

335 1767 499 1817 tuam
532 1760 818 1815 confirma
848 1762 903 1814 et
927 1759 1256 1815 corrobora.
1292 1758 1573 1832 Sequitur
1603 1775 1617 1815 :

411 1873 439 1902 «
467 1850 553 1905 Ad
586 1850 884 1905 dexteram
928 1847 1086 1903 enim
1118 1854 1174 1904 et
1222 1849 1525 1905 sinistram
1572 1849 1929 1921 penetrabis,
1967 1871 1994 1898 »

336 1940 443 1995 hoc
464 1943 553 1995 est
574 1955 780 1995 omnes
801 1941 1007 2011 gentes
1030 1938 1380 2009 possidebis,
1395 1938 1482 1994 vel
1506 1938 1684 1994 etiam
1715 1955 1997 2011 prospera

335 2028 743 2097 sustinebis,et
771 2028 868 2082 hic
900 2032 958 2083 et
992 2027 1049 2081 in
1083 2028 1280 2083 futuro
1311 2027 1653 2100 praevalebis
1678 2045 1691 2083 ε
1718 2028 1859 2100 quia
1891 2045 1997 2084 nec

334 2117 631 2191 prosperis
661 2115 1003 2185 elevaberis,
1038 2134 1142 2172 nec
1174 2116 1432 2171 adversis
1464 2116 1832 2190 deprimeris.
1858 2116 1995 2172 Pos-

334 2225 545 2263 sumus
575 2205 752 2261 etiam
786 2223 890 2279 per
920 2206 1217 2261 dexteram
1249 2210 1308 2260 et
1337 2205 1639 2261 sinistram
1684 2211 1995 2278 utramque

332 2296 512 2351 vitam
547 2295 830 2368 accipere,
856 2299 1204 2367 praesentem
1238 2293 1461 2349 scilicet
1493 2299 1669 2366 atque
1703 2295 1991 2350 futuram:

335 2390 400 2440 ut
432 2403 535 2457 per
564 2384 866 2440 sinistram
899 2383 1302 2455 intelligamus
1334 2389 1681 2455 praesentem
1713 2383 1911 2450 vitam,
1937 2387 1995 2438 et

335 2492 441 2548 per
461 2475 757 2529 dexteram
781 2473 1260 2528 aeternamJuxta
1282 2473 1437 2545 quod
1472 2473 1774 2545 Sapientia
1803 2471 1943 2527 dicit
1976 2488 1989 2527 :

338 2586 365 2613 ‹‹
391 2564 453 2619 In
479 2564 714 2618 dextera
731 2563 860 2633 ejus
892 2561 1199 2634 longitudo
1230 2562 1483 2633 dierum,
1502 2561 1561 2617 in
1595 2561 1835 2618 sinistra
1860 2578 1992 2617 vero

334 2652 547 2709 divitiae
599 2655 657 2708 et
710 2650 897 2725 gloria
943 2653 1124 2724 (Prov.
1159 2654 1241 2719 v.)
1276 2674 1297 2700 ι
1351 2652 1565 2707 Sancta
1623 2649 1880 2706 Ecclesia
1932 2650 1993 2704 in

332 2741 594 2808 sinistra,
621 2741 729 2796 hoc
757 2745 845 2796 est
876 2740 935 2795 in
968 2740 1082 2796 vita
1131 2739 1425 2812 praesenti,
1453 2740 1687 2795 divitias
1733 2740 1910 2794 habet
1938 2743 1996 2794 et

334 2830 580 2903 gloriam
607 2848 619 2887 :
644 2830 785 2903 quia
816 2831 991 2885 habet
1022 2829 1327 2885 scientiam
1360 2834 1417 2885 et
1447 2828 1893 2902 intelligentiam
1913 2829 1995 2883 di-

330 2920 600 2975 vinorum
632 2919 1025 2993 eloquiorum,
1059 2937 1186 2991 quae
1221 2922 1361 2974 sunt
1391 2918 1605 2973 divitiae
1634 2916 1991 2990 spiritualcs:

329 3014 388 3065 ct
408 3009 584 3065 habet
611 3009 886 3065 virtutem
918 3008 1205 3063 bonorum
1238 3024 1481 3080 operum
1514 3024 1617 3079 per
1647 3026 1795 3079 quas
1816 3006 1992 3080 glori-

330 3099 616 3154 ficaturin
639 3098 1007 3172 gentibus.ln
1040 3098 1276 3153 dextera
1306 3114 1437 3153 vero
1467 3096 1645 3152 habet
1674 3095 1992 3169 longitudi-

332 3204 466 3243 nem
499 3188 727 3244 dicrum
759 3193 815 3243 et
835 3186 1143 3258 vitae,quia
1168 3190 1528 3259 postponens
1555 3185 1884 3258 praesentia,
1918 3185 1992 3240 ad

329 3280 531 3333 futura
552 3276 831 3333 festinat:
858 3276 917 3331 in
950 3275 1167 3347 quibus
1199 3274 1550 3329 aeternaliter
1578 3292 1712 3330 cum
1745 3274 1992 3329 Domino

2114 708 2294 746 unam
2317 692 2512 747 vocavi
2544 694 2906 763 decorem,ct
2936 695 3181 751 alteram
3214 697 3408 752 vocavi
3439 698 3760 756 funiculum

2112 781 2302 849 (Zach.
2325 786 2425 849 χι).
2455 804 2482 832 ››
2508 782 2612 837 Per
2640 784 2788 838 duas
2820 783 3013 857 virgas
3039 785 3165 840 vult
3195 786 3444 860 intelligi
3472 789 3617 844 duas
3648 789 3762 862 ple-

2114 869 2508 942 bes,gentium
2544 876 2600 926 et
2630 872 2992 928 Judaeorum.
3020 874 3127 929 Per
3158 893 3337 931 unam
3372 893 3549 949 quam
3580 878 3766 950 appel-

2112 956 2252 1013 lavit
2284 959 2571 1027 decorem,
2597 960 2950 1034 intelligitur
2974 963 3489 1038 gentilitas,quam
3520 966 3762 1039 elegitin

2112 1047 2229 1102 Noe
2252 1052 2308 1102 et
2338 1047 2474 1103 ﬁliis
2496 1051 2645 1121 ejus.
2682 1050 2788 1105 Per
2816 1051 3058 1107 alteram
3084 1070 3214 1108 vero
3247 1071 3422 1126 quam
3456 1055 3763 1128 appellavit

2112 1136 2464 1204 funiculum,
2498 1139 2827 1195 ostenditur
2875 1140 3041 1213 plebs
3086 1142 3352 1211 Judaica,
3387 1161 3563 1216 quam
3594 1145 3764 1219 elegit

2110 1224 2266 1282 Deus
2306 1226 2679 1299 omnipotens
2709 1229 2769 1284 in
2800 1229 3185 1286 aedificatione
3242 1232 3421 1287 turris
3454 1233 3511 1287 in
3546 1232 3763 1290 familia

2110 1315 2316 1384 Hebcr,
2340 1316 2400 1371 in
2419 1317 2694 1373 Abraam.
2736 1316 2900 1374 Unde
2933 1324 2989 1375 et
3018 1320 3238 1376 dicitur
3268 1321 3326 1376 in
3362 1322 3764 1394 subsequenti-

2109 1404 2221 1459 bus
2250 1421 2264 1460 :
2298 1404 2368 1460 Et
2399 1405 2622 1461 succidi
2655 1406 2891 1480 (inquit)
2923 1425 2957 1464 a
2988 1407 3149 1464 cultu
3201 1425 3330 1465 meo
3359 1414 3417 1465 ct
3441 1410 3630 1484 gratia
3656 1413 3764 1467 vir-

2107 1509 2243 1565 gam
2275 1511 2403 1566 quae
2436 1493 2769 1567 appellatur
2797 1496 2996 1565 decus,
3031 1502 3090 1552 et
3118 1497 3337 1554 adhaesi
3368 1498 3513 1554 mihi
3537 1500 3759 1573 virgam

2107 1599 2234 1655 quae
2255 1583 2575 1639 vocabatur
2594 1583 2985 1642 funiculus.In
3001 1586 3342 1642 confusione
3359 1588 3515 1643 enim
3542 1588 3765 1663 lingua-

2106 1688 2240 1727 rum
2274 1672 2503 1744 abjecta
2522 1676 2612 1729 est
2643 1673 2943 1745 gentilitas
2964 1692 2997 1730 a
3017 1674 3139 1732 viro
3170 1693 3277 1732 suo
3309 1694 3497 1750 usque
3519 1679 3591 1733 ad
3613 1682 3760 1735 tem-

2105 1779 2219 1833 pus
2257 1762 2680 1819 incarnationis
2710 1765 2860 1837 ejus,
2884 1769 2942 1821 et
2970 1764 3153 1821 electa
3181 1770 3271 1821 est
3300 1765 3466 1839 plebs
3495 1767 3759 1824 Judaica.

2106 1851 2359 1923 Ideoque
2390 1850 2493 1907 illa
2520 1851 2738 1909 dicitur
2765 1871 2893 1910 esse
2922 1854 3099 1910 vidua
3127 1858 3183 1911 et
3214 1855 3340 1911 sine
3371 1855 3514 1926 viro,
3564 1863 3621 1913 et
3650 1857 3764 1913 ista

2105 1938 2322 1996 dicitur
2350 1940 2564 1997 habere
2594 1941 2981 1999 virum.Unde
2997 1948 3053 1999 et
3076 1944 3266 2000 Moses
3288 1942 3431 2000 dicit
3450 1944 3509 2001 in
3533 1945 3758 2003 cantico

2106 2028 2543 2086 Deuteronomii
2576 2032 2739 2104 (Cap.
2767 2036 2946 2102 xxxn)
2979 2049 2991 2087 :
3026 2032 3174 2088 Cum
3224 2033 3507 2090 divideret
3534 2034 3762 2091 Altissi-

2106 2135 2241 2172 mus
2270 2123 2496 2191 gentes,
2528 2136 2663 2175 cum
2697 2126 2994 2193 separaret
3024 2122 3177 2179 filios
3206 2124 3415 2192 Adam,
3447 2124 3519 2179 ad
3550 2124 3760 2180 turrim

2107 2207 2302 2276 Babel,
2337 2209 2642 2265 constituit
2672 2209 2956 2266 terminos
2983 2210 3336 2283 populorum
3360 2213 3533 2284 juxta
3564 2230 3763 2268 nume-

2107 2314 2236 2351 rum
2270 2296 2613 2369 angelorum
2644 2298 2767 2369 Dei,
2799 2297 2885 2354 vel
2921 2300 3091 2370 juxta
3141 2318 3456 2357 numerum
3506 2302 3761 2358 filiorum

2106 2384 2451 2440 Israel.Pars
2482 2390 2679 2441 autem
2711 2386 2943 2442 Domini
2971 2388 3228 2459 populus
3254 2390 3592 2459 cjus,Jacob
3616 2391 3764 2445 funi-

2103 2473 2272 2529 culus
2296 2472 2652 2529 haereditatis
2674 2475 3153 2547 ejus.Constituit
3175 2477 3330 2533 enim
3362 2479 3646 2535 terminos
3667 2496 3766 2552 po-

2103 2562 2376 2634 pulorum
2392 2563 2561 2633 juxta
2593 2580 2905 2618 numerum
2938 2564 3279 2635 angelorum
3307 2565 3430 2634 Dei,
3466 2567 3606 2639 quia
3639 2568 3765 2623 uni-

2103 2651 2315 2723 cuique
2334 2651 2492 2723 genti
2516 2651 2790 2723 angelum
2823 2652 3131 2725 praelatum
3158 2654 3376 2726 posuit.
3402 2655 3539 2710 Ideo
3562 2662 3760 2711 autem

2103 2738 2275 2796 dicit:
2301 2739 2676 2797 Confusionis
2708 2742 3113 2797 adolescentiae
3147 2746 3258 2797 tua:
3291 2742 3673 2811 Oblivisceris,
3708 2749 3764 2801 et

2103 2827 2398 2901 opprobrii
2428 2828 2732 2885 viduitatis
2763 2833 2876 2884 tuae
2903 2846 3017 2885 non
3050 2830 3451 2886 recordaberis
3482 2833 3761 2905 amplius,

2104 2919 2243 2991 quia
2267 2918 2502 2991 quando
2525 2937 2559 2973 a
2584 2925 2692 2974 Deo
2716 2918 2993 2975 derelicta
3022 2925 3111 2975 est
3140 2918 3200 2973 in
3235 2919 3617 2977 aediﬁcatione
3646 2927 3763 2977 tur-

2103 3007 2205 3079 ris,
2239 3007 2432 3063 adhuc
2462 3008 2631 3080 quasi
2680 3007 3020 3064 adolescens
3050 3012 3107 3063 et
3124 3007 3443 3080 juvencula
3468 3014 3611 3065 erat.
3649 3012 3759 3066 Sed

2102 3096 2238 3152 licet
2257 3096 2431 3170 longo
2453 3101 2712 3168 tempore
2734 3096 3116 3169 opprobrium
3138 3095 3441 3152 viduitatis
3454 3116 3572 3153 sua:
3587 3099 3761 3155 susti-

2105 3186 2331 3241 nuisset
2358 3190 2672 3259 postquam
2700 3186 2858 3241 venit
2886 3186 2960 3240 ad
2990 3186 3600 3254 fidem,confusionem
3629 3205 3755 3243 om-

2104 3291 2237 3330 nem
2271 3275 2561 3346 deposuit,
2596 3273 2815 3329 sociata
2852 3274 2981 3344 jam
3030 3273 3266 3346 proprio
3317 3274 3439 3329 viro
3491 3292 3591 3347 per
3620 3276 3753 3332 fidei

328 3371 420 3422 est
451 3382 753 3433 mansura,
788 3368 846 3421 et
875 3362 1111 3436 gaudiis
1143 3362 1374 3419 aeternis
1405 3363 1674 3418 fruitura.
1709 3364 1991 3434 Quodque
2021 3368 2063 3435 C
2103 3362 2375 3435 copulam
2397 3366 2455 3418 et
2476 3361 2903 3419 dilectionis.Et
2922 3363 3031 3418 hoc
3063 3380 3242 3436 quare
3262 3363 3290 3419 ?
3311 3363 3374 3419 In
3398 3366 3758 3437 subsequen-

329 3455 743 3528 subjungitur:
770 3478 796 3505 ‹‹
813 3458 870 3508 et
894 3469 1093 3509 semen
1126 3456 1296 3507 tuum
1328 3457 1532 3526 gentes
1564 3452 1988 3518 haereditabit,»

330 3544 647 3616 dupliciter
673 3540 923 3613 intelligi
947 3540 1250 3614 potest,vel
1271 3541 1341 3596 de
1359 3540 1581 3603 semine
1603 3540 1898 3612 Evangelii
1919 3541 1990 3596 de

331 3650 447 3705 quo
468 3632 689 3687 dicitur
709 3631 768 3686 in
789 3628 1099 3703 Evangelio
1115 3646 1127 3684 :
1144 3629 1295 3684 Exiit
1312 3629 1411 3701 qui
1429 3630 1683 3685 seminat
1700 3629 1991 3684 seminare

330 3740 531 3779 semen
554 3738 731 3778 suum
755 3738 768 3776 :
792 3720 879 3777 vel
902 3719 1078 3777 etiam
1105 3720 1174 3775 de
1197 3718 1480 3792 apostolis
1505 3719 1602 3792 qui
1628 3737 1661 3775 a
1682 3724 1796 3775 Deo
1821 3716 1992 3774 semi-

330 3811 450 3868 nati
484 3815 643 3878 sunt,
677 3814 735 3866 et
762 3811 831 3865 de
864 3809 1079 3882 quibus
1111 3808 1293 3864 Isaias
1328 3826 1339 3865 :
1376 3808 1501 3864 Nisi
1532 3809 1817 3865 Dominus
1858 3807 1990 3864 reli-

329 3901 557 3975 quisset
590 3900 758 3956 nobis
790 3898 1189 3970 scmen,quasi
1224 3899 1481 3954 Sodoma
1512 3898 1852 3954 fuissemus.
1889 3901 1991 3956 Se-

329 4009 463 4046 men
486 4008 623 4063 ergo
646 3988 911 4045 Ecclesiae
934 3988 1111 4059 (quod
1135 3992 1225 4043 est
1245 3986 1579 4060 evangelica
1598 3988 1883 4057 doctrina,
1902 3989 1990 4045 vel

327 4078 598 4152 apostoli)
620 4084 825 4151 gentes
856 4077 1031 4133 modo
1062 4076 1435 4145 haereditant,
1467 4076 1608 4150 quia
1639 4078 1841 4134 omnia
1862 4096 1989 4151 quae

327 4168 589 4241 possidet
610 4166 1017 4239 Christus(qui
1037 4171 1125 4222 est
1146 4171 1323 4239 caput
1346 4166 1637 4239 Ecclesiae)
1662 4166 1994 4239 possidetet

326 4258 631 4314 haereditat
651 4255 1073 4327 Ecclesia,quae
1106 4260 1195 4310 est
1222 4272 1437 4327 corpus
1470 4254 1650 4312 illius.
1692 4278 1718 4306 «
1752 4257 1822 4311 Et
1852 4257 1989 4313 civi-

324 4352 476 4403 tates
493 4347 757 4402 descrtas
773 4343 1188 4413 inhabitabit,»
1203 4344 1314 4399 hoc
1327 4349 1415 4400 est
1426 4345 1781 4417 gentes,sive
1796 4346 1989 4403 Eccle-

325 4436 465 4505 sias,
498 4434 589 4491 vel
620 4434 850 4491 animus
879 4451 914 4490 a
945 4434 1062 4490 Deo
1094 4433 1402 4491 derelictas
1434 4434 1810 4490 inhabitabit.

396 4549 424 4576 «
454 4523 582 4581 Noli
615 4524 876 4595 timere,»
913 4522 1172 4579 Ecclesia
1205 4523 1689 4596 gentium,«quia
1714 4542 1830 4580 non
1853 4542 1989 4582 con-

324 4613 589 4675 funderis
622 4630 811 4685 neque
842 4614 1156 4669 erubesces
1190 4630 1203 4667 :
1239 4631 1355 4668 non
1386 4613 1543 4668 enim
1577 4619 1633 4669 te
1666 4615 1929 4686 pudebit,
1961 4640 1989 4667 »

324 4703 612 4759 subaudis
644 4704 828 4759 fuisse
860 4702 1177 4775 aliquando
1201 4708 1255 4806 t‘e
1275 4701 1670 4806 derelictama
1694 4703 1813 4758 viro
1844 4708 1983 4761 tuo:
2021 4742 2067 4806 Β

325 4814 354 4843 ‹‹
386 4793 526 4865 quia
560 4792 927 4849 confusionis
959 4798 1069 4847 tuae
1102 4791 1505 4847 adolescentia:
1539 4791 1921 4861 Oblivisceris,
1960 4816 1988 4844 »

324 4882 465 4937 dum
499 4880 726 4936 veneris
757 4882 828 4936 ad
863 4881 1065 4948 fidem,
1090 4886 1146 4935 et
1175 4879 1455 4952 receperit
1486 4885 1540 4936 te
1570 4880 1658 4935 vir
1686 4886 1846 4948 tuus,
1886 4904 1912 4935 ci
1934 4887 1992 4939 et

322 4970 619 5043 opprobrii
642 4969 945 5025 viduitatis
978 4974 1088 5024 tuae
1111 4987 1223 5025 non
1253 4970 1651 5025 recordaberis
1674 4971 1988 5043 amplius.»

319 5058 654 5131 Alloquitur
710 5061 885 5115 modo
940 5059 1314 5132 omnipotens
1376 5060 1531 5115 Deus
1564 5059 1885 5116 Eeclesiam
1919 5063 1989 5116 de

321 5148 598 5219 gentibus
622 5149 693 5203 ad
718 5149 893 5203 ﬁdem
913 5167 1082 5203 suam
1105 5148 1640 5220 venientem,quam
1665 5148 1882 5222 legitur
1899 5151 1993 5206 de-

323 5236 639 5308 reliquisse
663 5235 721 5292 in
745 5238 1128 5292 aedificatione
1159 5237 1340 5293 turris
1382 5237 1579 5293 Babel.
1602 5239 1711 5293 Sed
1743 5239 1990 5309 quaestio

318 5324 431 5381 isto
464 5325 526 5379 in
559 5323 686 5380 loco
714 5326 1117 5391 oritur.Quare
1149 5327 1305 5382 dicat
1335 5326 1429 5382 hic
1464 5344 1476 5382 :
1514 5325 1653 5398 quia
1680 5326 1986 5384 viduitatis

317 5418 431 5469 tuae
456 5429 574 5465 non
600 5415 997 5470 recordaberis
1029 5415 1445 5487 amplius,cum
1480 5416 1754 5487 superius
1777 5415 1987 5472 dixerit

311 5499 487 5557 illam
524 5501 779 5559 sterilem
812 5504 992 5559 fuisse
1013 5507 1070 5558 et
1095 5521 1210 5559 non
1244 5504 1457 5559 habere
1488 5504 1764 5569 virum,et
1789 5504 1984 5576 plures

305 5586 478 5643 filios
513 5599 789 5652 generare
848 5608 1027 5664 quam
1084 5592 1454 5665 Synagogam
1485 5610 1611 5665 quae
1647 5596 1890 5666 putabat
1921 5610 1984 5650 se

292 5674 520 5759 Vir-ull}.
549 5667 762 5733 habere
781 5681 810 5735 ‘I
838 5684 977 5746 Quae
1029 5681 1272 5748 quaestio
1322 5696 1391 5735 ex
1417 5682 1609 5739 verbis
1640 5682 1873 5737 Domini
1906 5682 1986 5738 lo-

281 5767 315 5825 (1
323 5754 556 5812 uenti“
574 5767 680 5824 Ι)οτ
697 5764 1043 5825 Zachariam
1062 5767 1408 5839 prephetam
1430 5774 1621 5841 potest
1642 5768 1811 5828 solvi.
1835 5770 1984 5829 Dici-

2100 3451 2260 3508 tibus
2291 3452 2703 3508 manifestatur
2734 3469 2747 3508 :

2171 3564 2198 3592 ‹‹
2235 3540 2382 3609 Quia
2412 3540 2815 3597 dominabitur
2842 3541 3082 3614 (inquit)
3113 3541 3199 3597 tui
3230 3541 3331 3614 qui
3364 3541 3497 3598 fecit
3528 3547 3605 3610 te,
3639 3543 3750 3600 Do-

2099 3630 2300 3686 minus
2329 3630 2692 3687 exercituum
2720 3648 2933 3686 nomen
2961 3632 3148 3704 ejus,»
3177 3630 3236 3687 id
3265 3636 3354 3687 est
3383 3631 3747 3703 militiarum,

2100 3718 2183 3774 vel
2208 3718 2572 3792 angelorum,
2598 3742 2625 3769 ‹‹
2646 3724 2702 3774 et
2724 3719 3077 3792 Redemptor
3100 3724 3236 3776 tuus
3256 3724 3493 3776 sanctus
3515 3720 3751 3789 Israel,»

2100 3810 2201 3881 qui
2234 3813 2289 3864 te
2322 3808 2569 3863 redemit
2593 3808 2878 3881 sanguine
2911 3826 3039 3865 suo.
3074 3809 3229 3865 Deus
3258 3809 3453 3864 omnis
3472 3813 3632 3866 terrae
3654 3827 3748 3865 vo-

2099 3898 2331 3953 cabitur
2345 3914 2462 3952 non
2480 3896 2658 3952 unius
2688 3896 3062 3952 solummodo
3095 3897 3751 3971 regionis,nequeunius

2100 3985 2472 4041 solummodo
2505 3983 2704 4057 anguli
2737 3985 2975 4052 Judaeae,
3012 3985 3113 4040 sed
3146 3985 3411 4041 omnium
3469 3990 3753 4041 creatura-

2101 4092 2254 4144 rum,
2285 4073 2614 4130 caelestium
2639 4073 2905 4131 videlicet
2934 4078 2992 4130 et
3021 4074 3363 4131 inferorum.

2173 4189 2199 4215 ‹‹
2218 4164 2366 4232 Quia
2376 4168 2442 4219 ut
2454 4162 2762 4219 mulierem
2777 4163 3116 4219 derelictam
3132 4187 3159 4214 ››
3175 4163 3752 4232 subaudisaviro,«et

2101 4258 2443 4311 maerentem
2469 4252 2700 4326 spiritu,
2725 4253 2951 4308 vocavit
2978 4257 3034 4308 te
3056 4274 3083 4302 »
3118 4253 3195 4308 ad
3221 4253 3397 4309 fidem
3430 4252 3751 4320 suam,utei

2101 4340 2481 4410 adhaereres,«
2497 4349 2554 4399 et
2567 4359 2802 4399 uxorem
2820 4342 2893 4398 ab
2906 4342 3300 4399 adolescentia
3312 4342 3403 4414 abj
3412 4347 3595 4398 ectam
3609 4342 3752 4397 dixit

2102 4435 2255 4490 Deus
2287 4437 2447 4489 tuus.
2474 4457 2496 4484 ι
2535 4430 2745 4488 Mulier
2773 4431 3052 4488 derelicta
3082 4449 3116 4487 a
3146 4432 3265 4487 viro
3297 4432 3407 4488 fuit
3434 4430 3746 4504 gentilitas,

2101 4522 2335 4595 quando
2367 4521 2568 4578 amisit
2595 4521 2786 4577 virum
2828 4537 3005 4577 suum
3056 4521 3241 4577 Deum
3292 4521 3749 4593 omnipotentem

2099 4616 2337 4685 propter
2366 4610 2781 4679 idololatriam,
2814 4614 2871 4667 et
2901 4610 3010 4666 hoc
3044 4615 3306 4684 tempore
3351 4609 3749 4667 adolescentiae

2100 4719 2240 4758 suae.
2274 4700 2746 4757 Adolescentiam
2773 4699 2929 4756 enim
2961 4700 3169 4756 habuit
3198 4699 3497 4773 gentilitas
3524 4699 3582 4755 in
3614 4698 3750 4754 filiis

2100 4791 2217 4846 Noe
2247 4795 2305 4845 et
2336 4791 2393 4845 in
2423 4789 2868 4845 aedificationem
2895 4790 3097 4845 turris.

2172 4904 2197 4928 ‹‹
2222 4880 2304 4935 Ad
2326 4884 2611 4952 punctum
2636 4879 2693 4934 in
2720 4880 2947 4935 modico
2977 4878 3488 4952 dereliquite,etin
3506 4878 3750 4934 misera-

2101 4969 2364 5025 tionibus
2421 4968 2652 5041 magnis
2713 4969 3080 5042 congregabo
3122 4973 3196 5024 te.
3230 4992 3258 5019 »
3293 4971 3479 5035 Quare
3509 4968 3649 5023 dicit
3679 4967 3748 5022 ad

2101 5064 2387 5130 punctum
2440 5059 2496 5112 in
2549 5058 2779 5113 modico
2820 5057 3158 5114 derelictam
3192 5076 3320 5115 esse
3346 5056 3746 5131 gentilitatem,

2100 5166 2235 5203 cum
2270 5166 2373 5220 per
2406 5147 2591 5203 multa
2622 5147 2807 5202 millia
2828 5166 3119 5202 annorum
3153 5148 3417 5203 servierit
3447 5145 3676 5201 diabolo
3696 5150 3752 5200 et

2102 5255 2218 5293 non
2249 5237 2563 5293 adhaeserit
2590 5236 2846 5292 Creatori
2879 5254 2985 5292 suo
3006 5237 3034 5291 ?
3063 5238 3203 5309 quia
3250 5236 3447 5292 omnia
3490 5239 3750 5307 tempora

2096 5329 2436 5397 comparata
2465 5324 2773 5379 aeternitati
2809 5324 3271 5396 Dei,permodica
3300 5329 3358 5380 et
3382 5341 3559 5397 parva
3587 5328 3744 5378 sunt.

2096 5415 2176 5470 De
2198 5413 2291 5469 his
2310 5431 2445 5487 ergo
2464 5414 2884 5470 misericordiis
2915 5414 3147 5469 Domini
3181 5414 3412 5488 magnis
3436 5412 3578 5468 dicit
3598 5410 3750 5466 Psal-

2096 5503 2272 5559 mista
2303 5521 2316 5558 :
2355 5527 2382 5554 ‹‹
2418 5502 2813 5559 Misericordia
2846 5503 3164 5576 (inquiens)
3200 5502 3431 5559 Domini
3460 5499 3631 5574 plena
3658 5502 3746 5555 est

2096 5597 2252 5648 terra
2282 5593 2695 5663 (Psal.xxxu).n
2729 5616 2755 5642 ‹‹
2773 5593 2841 5647 Et
2871 5591 3275 5648 misericordia
3296 5593 3426 5664 ejus
3448 5605 3748 5663 superem-

2095 5682 2194 5738 nia
2214 5698 2392 5755 Opera
2411 5682 2539 5754 ejus
2561 5682 2730 5755 (Psal.
2756 5682 2957 5754 cxuv).
2978 5705 3006 5732 »
3040 5680 3439 5740 Misericordia
3465 5696 3601 5754 ergo
3622 5679 3746 5751 ejus

2093 5771 2504 5830 inenarrabilis
2544 5772 2675 5847 fuit,
2718 5776 2786 5833 ut
2816 5771 2997 5832 nullis
3031 5771 3248 5833 nostris
3287 5768 3747 5849 praecedentibus
