3944 6430
116 321 204 375 233
1471 315 1748 373 COMIEN

1932 318 1942 369 Ι
1987 318 2144 374 GEN.
3423 323 3530 378 234
3579 380 3584 386 ,

116 442 234 497 Haec
262 444 455 496 autem
485 454 610 494 non
637 439 774 495 ideo
816 439 1134 498 indicative
1179 441 1426 515 protulit
1468 439 1636 514 quod
1667 439 1749 495 ita
1782 443 1817 492 Α
1871 440 2184 512 pulaverit.
2211 444 2287 499 Et
2319 443 2402 500 ad
2430 442 2627 509 vitem,
2662 441 2808 506 sive,
2835 443 2980 500 utin
3006 444 3254 501 Hebraeo
3269 444 3530 502 habetur

111 531 289 587 futura
326 545 454 585 esse
484 527 824 601 praeviderit
847 529 942 585 vel
959 530 1229 598 voluerit,
1257 531 1363 587 sed
1396 536 1460 587 ut
1486 545 1594 604 per
1621 530 1751 585 haec
1863 531 1949 586 ad
1976 533 2224 594 Sorech.
2273 532 2335 588 id
2366 537 2474 603 est,
2506 533 2754 588 electam
2792 533 2990 600 vitem,
3045 533 3379 605 alligaverit
3423 533 3530 606 asi-

109 620 252 676 ὤθει
273 618 348 675 ad
382 619 794 690 paenitentiam
836 619 1267 690 cohortaretur,
1301 637 1438 676 cum
1470 619 1754 676 recoleret
1858 636 2004 676 nam
2027 622 2124 677 cui
2146 621 2505 694 supersedit,
2538 620 2867 676 Ecclesiam
2911 638 2983 678 ex
3013 623 3360 680 nationibus
3391 640 3531 682 con-

109 712 380 782 aquanta
425 706 716 775 dignitate
765 709 1076 779 peccando
1124 708 1462 765 decidisset.
1500 707 1664 764 Unde
1696 713 1753 763 et
1860 715 2192 780 gregatam.
2223 710 2638 776 Quod'autem
2678 710 2841 778 dicit,
2885 712 2981 780 ﬁli
3021 713 3122 778 mi,
3185 714 3528 771 conversio-

1859 815 2001 855 nem
2027 799 2107 856 ad
2135 800 2341 872 ipsum
2369 799 2588 856 ludam
2619 799 2778 870 facit,
2801 799 2970 873 quod
3004 800 3269 857 Christus
3297 801 3426 859 haec
3457 803 3532 860 sit

1859 888 2145 945 universa
2173 889 2462 946 facturus.
2507 889 2682 955 Quod
2711 893 2916 946 autem
2943 889 3160 946 dicitur
3188 908 3200 944 :
3261 891 3399 946 Non
3425 907 3531 950 au.-

1855 979 2091 1047 feretur
2112 985 2413 1048 sceptrum
2443 979 2517 1035 de
2546 979 2732 1051 Juda,
2785 985 2840 1035 et
2884 979 3014 1035 dua:
3071 979 3144 1035 de
3198 978 3529 1036 femoribus

1857 1069 2006 1136 ejus,
2034 1068 2219 1127 donec
2251 1070 2452 1126 veniat
2499 1069 2606 1124 ille
2633 1069 2740 1140 qui
2781 1068 3107 1125 mittendus
3153 1074 3258 1134 est,
3308 1073 3362 1124 et
3407 1070 3532 1138 ipse

1854 1159 1970 1213 erit
1999 1159 2364 1228 exspectatio
2391 1159 2661 1229 gentium
2695 1177 2708 1226 ;
2764 1157 3063 1228 significat
3088 1157 3256 1231 quod
3287 1172 3414 1213 non
3435 1157 3534 1224 dei

1854 1245 2100 1303 ﬁcerent
2131 1247 2435 1320 principes
2476 1248 2552 1304 de
2583 1247 2742 1303 tribu
2762 1247 2916 1303 Juda
2946 1263 3138 1320 usque
3173 1246 3253 1303 ad
3284 1250 3530 1320 tempus

1855 1351 1978 1409 quo
2003 1341 2181 1393 natus
2201 1342 2292 1394 est
2317 1337 2608 1406 Christus,
2637 1336 2741 1410 qui
2769 1337 2992 1393 missus
3015 1353 3052 1393 a
3072 1339 3241 1393 Patre
3283 1352 3531 1410 exspec-

1857 1426 2000 1482 tatio
2029 1431 2123 1482 est
2149 1426 2440 1497 gentium.

1930 1515 2107 1572 Vens.
2143 1519 2226 1583 14,
2255 1515 2691 1583 15.-—Isachar,
2735 1516 2943 1572 asinus
2972 1516 3178 1586 fortis,
3217 1515 3530 1573 accubans

1858 1603 2016 1657 inter
2045 1603 2347 1659 terminos.
2407 1601 2561 1657 Vidit
2594 1603 2858 1672 requiem
2891 1601 3051 1674 quod
3075 1606 3222 1658 esset
3267 1601 3442 1672 bona,
3474 1606 3532 1660 et

1858 1695 2085 1748 terram
2109 1692 2271 1763 quod
2299 1693 2548 1761 optima,
2583 1697 2636 1748 et
2659 1692 2974 1761 supposuit
3018 1691 3334 1748 humerum
3354 1707 3531 1750 suum

109 799 251 864 dicit.
295 798 662 867 principium
713 798 962 864 doloris,
1009 803 1066 854 et
1112 799 1363 873 reliqua.
1387 798 1750 871 Principium

107 903 352 960 namque
394 885 621 941 doloris
651 885 810 942 illius
842 887 952 944 fuit
993 888 1118 962 qui,
1151 889 1342 962 ruptis
1381 886 1749 944 castimoniae

104 975 358 1045 habenis,
388 975 636 1031 infrenis
673 976 790 1032 ruit
811 977 868 1032 in
893 978 1408 1051 constuprandam
1426 977 1750 1048 conjugem

107 1066 294 1140 patris,
324 1081 462 1138 qua:
504 1081 602 1120 res
651 1081 774 1121 non
817 1066 1104 1123 mediocri
1136 1066 1342 1124 dolore
1371 1084 1510 1124 eum
1543 1066 1748 1122 stimu-

105 1156 247 1212 lasse
273 1153 575 1210 credenda
605 1160 712 1210 est.
756 1158 970 1211 Verum
1017 1157 1161 1228 quia
1190 1157 1470 1230 peccasti,
1494 1161 1551 1212 ct
1571 1153 1746 1228 quasi

105 1243 336 1301 vascqu
367 1260 532 1316 aqua
559 1260 697 1316 quae
721 1245 994 1316 quolibet
1026 1261 1152 1302 non
1183 1251 1434 1308 tenetur,
1475 1244 1750 1302 volunta-

105 1335 170 1391 tis
194 1334 414 1390 etfusus
445 1350 511 1390 es
533 1333 782 1408 impetu,
814 1334 1037 1391 idcirco
1063 1335 1348 1408 praecipio
1367 1334 1475 1391 tibi
1507 1338 1572 1391 ut
1594 1333 1749 1390 ultra

103 1439 214 1479 non
243 1439 470 1497 pecces,
505 1423 708 1496 sisque
730 1424 789 1479 in
819 1423 1072 1480 fratrum
1093 1440 1349 1480 numero
1379 1440 1592 1497 poenas
1612 1439 1747 1496 pec-

102 1513 205 1568 cati
228 1512 459 1582 lugens,
491 1512 662 1584 quod
687 1512 1068 1585 primogeniti
1107 1513 1382 1570 ordinem
1410 1512 1742 1585 perdidisti.

101 1602 445 1674 Principium
468 1606 671 1658 autem
705 1602 930 1658 dr-loris
947 1607 1040 1659 est
1059 1603 1258 1659 omnis
1285 1601 1744 1675 primogenitus;

99 1692 229 1764 quia
256 1707 364 1764 pro
389 1707 463 1748 eo
494 1695 956 1749 commoventur
983 1691 1251 1766 primum
1276 1691 1507 1749 viscera
1537 1706 1750 1765 paren-

103 1786 234 1836 tum.

164 1872 319 1930 Vens.
344 1875 460 1926 5-7.
521 1900 590 1910 -—
645 1871 884 1926 Simeon
916 1876 969 1928 et
1004 1871 1146 1927 Levi
1171 1871 1424 1943 fratres,
1462 1885 1606 1928 vasa
1637 1871 1747 1926 ini-

101 1960 328 2029 quitatis
356 1959 654 2015 bellantia
688 1960 790 2015 :in
815 1961 1131 2016 consilium
1161 1975 1362 2016 eorum
1395 1976 1514 2016 non
1549 1962 1748 2016 veniat

101 2051 287 2108 anima
308 2065 461 2116 mea,
494 2056 550 2105 et
580 2049 645 2104 in
671 2056 827 2106 ctetu
857 2051 1104 2106 illorum
1129 2066 1248 2107 non
1277 2052 1352 2105 sit
1372 2051 1573 2121 gloria
1596 2062 1751 2114 mea;

103 2139 232 2209 quia
261 2141 318 2193 in
345 2140 564 2208 furore
591 2154 698 2194 suo
721 2139 1067 2196 occiderunt
1095 2141 1312 2207 virum,
1355 2146 1408 2196 et
1450 2141 1512 2196 in
1542 2141 1750 2196 volun-

102 2234 210 2284 tate
227 2243 331 2284 sua
358 2229 744 2299 sit/foderunt
774 2244 1036 2285 murum.
1068 2230 1428 2286 Maledictus
1444 2230 1627 2299 furor
1657 2245 1750 2284 eo-

99 2333 240 2380 rum,
268 2320 406 2389 quia
448 2319 743 2388 pertinax
771 2331 794 2389 ;
839 2325 894 2376 et
927 2319 1267 2389 indignatio
1295 2320 1562 2384 illorum,
1598 2319 1741 2390 quia

101 2407 261 2464 dura.
293 2408 570 2464 Dividam
587 2423 681 2465 eos
712 2409 776 2463 in
805 2408 1014 2469 Jacob.
1046 2414 1103 2464 et
1131 2410 1476 2480 dispergam
1520 2410 1656 2464 illos
1687 2409 1750 2463 in

102 2497 291 2552 Israel.
321 2496 631 2566 Signiﬁcat
660 2501 862 2554 autem
879 2513 1005 2554 non
1023 2497 1116 2554 sui
1136 2497 1322 2555 fuisse
1333 2497 1564 2554 consilii
1582 2497 1750 2570 quod

101 2584 314 2642 Sichem
359 2592 414 2642 et
460 2589 701 2656 Hemor,
750 2586 1079 2644 fmdoratos
1109 2588 1292 2658 viros,
1350 2587 1751 2644 interfecerint

99 2679 287 2731 contra
311 2676 410 2747 jus
443 2676 640 2750 pacis,
671 2681 728 2732 et
757 2676 1158 2734 amicitiarum
1202 2682 1470 2751 tempore
1502 2679 1748 2748 sangui-

100 2779 222 2818 nem
251 2764 538 2822 fuderunt
576 2766 982 2834 innocentem,
1023 2770 1081 2821 et
1125 2765 1304 2838 quasi
1351 2765 1623 2838 quodam
1654 2765 1747 2820 fu-

99 2867 235 2923 rore,
261 2855 343 2910 sic
371 2854 724 2912 crudelitate
768 2854 985 2928 raptati
1018 2871 1260 2910 murum
1289 2855 1544 2928 hospitae
1583 2855 1748 2911 urbis

101 2948 426 3001 everterent.
458 2945 628 3001 Unde
653 2944 794 3001 dicit
851 2961 864 3000 :
909 2944 1272 3001 Maledictus
1305 2946 1490 3015 furor
1519 2961 1744 3011 eorum,

101 3033 227 3101 quia
252 3035 573 3104 pertinax,
600 3037 658 3089 et
684 3032 936 3106 reliqua.
969 3035 1037 3089 Et
1060 3033 1414 3104 Dispergam
1445 3050 1539 3090 eos
1575 3036 1637 3090 in
1667 3035 1749 3090 Is-

1778 1800 1820 1856 Β
1857 1781 1940 1837 ad
1985 1781 2384 1852 portandum,
2440 1783 2764 1852 factusque
2801 1787 2886 1838 est
2941 1780 3187 1836 tributis
3245 1781 3527 1838 serviens.

1859 1870 2011 1937 Quia
2039 1869 2115 1927 de
2144 1870 2410 1928 Zabulon
2442 1869 2675 1926 dixerat
2703 1869 2870 1942 quod
2898 1869 3084 1926 maris
3107 1869 3316 1941 magni
3332 1870 3532 1928 littora

1859 1964 2018 2016 esset
2065 1976 2478 2034 possessurus,
2541 1959 2826 2016 Sidonem
2878 1974 3124 2032 quoque
3173 1964 3231 2016 et
3267 1959 3530 2033 reliquas

1859 2049 2160 2106 thnicis
2195 2050 2374 2106 urbes
2420 2049 2814 2117 contingeret,
2846 2064 3008 2104 nunc
3057 2049 3136 2105 ad
3187 2049 3532 2106 mediterra-

1860 2155 2039 2196 neam
2098 2139 2474 2212 provinciam
2537 2137 2708 2206 redit,
2751 2142 2808 2194 et
2857 2137 3123 2210 lsachar,
3199 2139 3305 2212 qui
3356 2140 3530 2211 juxta

1862 2229 2240 2304 Nephthaliin
2294 2228 2767 2302 pulcherrimam
2811 2228 2873 2284 in
2934 2228 3176 2285 Galilaea
3220 2230 3530 2299 regionem

1862 2336 2258 2393 possessurus
2289 2325 2398 2382 est.
2424 2317 2842 2374 benedictione
2873 2334 2985 2374 sua
3013 2317 3415 2376 habitatorem
3447 2319 3531 2376 fa-

1862 2411 1958 2466 cit.
2009 2409 2258 2464 Asinum
2313 2414 2514 2464 autem
2547 2424 2794 2464 osseum
2826 2407 2920 2464 vel
2975 2407 3194 2465 fortem
3242 2413 3439 2480 vocat,
3472 2414 3531 2466 et

1860 2499 2183 2556 humerum
2209 2497 2288 2554 ad
2319 2498 2707 2570 portandum,
2741 2497 2884 2570 quia
2931 2497 2994 2553 in
3043 2497 3250 2555 labore
3281 2503 3446 2555 terrae
3473 2503 3532 2556 et

1859 2589 2148 2647 vehendis
2187 2589 2266 2645 ad
2311 2605 2498 2658 mare,
2529 2605 2667 2661 quae
2693 2587 2754 2644 in
2782 2587 3010 2644 ﬁnibus
3044 2588 3168 2645 suis
3195 2589 3531 2646 nasceban-

1859 2687 1974 2748 tur,
2007 2680 2338 2754 plurimum
2369 2679 2690 2748 laboraret,
2745 2677 2990 2749 regibus
3021 2695 3270 2753 quoque
3303 2679 3530 2736 tributa

1858 2776 2270 2846 comportans.
2306 2770 2488 2826 Aiunt
2510 2769 2734 2826 Hebraei
2763 2785 2868 2842 per
2896 2769 3316 2843 metaphoram
3343 2771 3529 2842 signi-

1857 2864 2045 2931 ﬁcari,
2069 2861 2237 2936 quod
2261 2861 2596 2934 Scripturas
2617 2866 2858 2917 sanctas
2888 2861 2986 2917 die
3025 2877 3096 2918 ac
3125 2866 3302 2919 nocte
3332 2863 3527 2919 medi-

1859 2961 2013 3021 tans,
2039 2953 2305 3010 studium
2333 2967 2511 3008 suum
2541 2950 2772 3007 dederit
2799 2950 2880 3007 ad
2898 2949 3328 3023 laborandum,
3355 2957 3412 3010 et
3439 2951 3528 3008 id-

1859 3048 2016 3103 eirco
2081 3044 2136 3100 ei
2186 3057 2400 3099 omnes
2457 3041 2741 3108 serviunt,
2799 3041 2976 3114 quasi
3013 3041 3309 3112 magistro
3363 3042 3528 3100 dona

101 3121 233 3213 rael.
261 3121 394 3178 Levi
408 3122 577 3213 enim
601 3121 1010 3213 hereditatem
1027 3121 1340 3213 propriam
1354 3137 1479 3213 non
1495 3123 1742 3196 accepit,
1774 3156 1820 3213 ο
1860 3138 2190 3212 portantes.

101 3209 192 3264 sed
213 3211 268 3266 in
295 3211 587 3268 omnibus
617 3210 865 3284 sceptris
892 3227 1121 3284 paucas
1169 3211 1351 3267 urbes
1401 3211 1480 3268 ad
1517 3213 1749 3269 inhabi-

101 3299 329 3356 tandum
351 3298 506 3375 [Cod
512 3341 551 3368 .,
575 3299 655 3356 ad
673 3299 1123 3375 inhabitandas]
1137 3300 1453 3358 habuit.De
1472 3302 1748 3359 Simeone

99 3401 224 3446 vero
247 3389 305 3446 in
335 3390 493 3447 libro
543 3392 686 3446 Jesu
722 3389 1012 3462 scriptum
1059 3395 1148 3446 est
1177 3390 1344 3463 quod
1375 3395 1432 3447 et
1461 3390 1590 3463 ipse
1619 3409 1754 3465 pro.

100 3479 276 3550 prium
297 3479 640 3537 funiculum
667 3495 790 3536 non
818 3478 1133 3552 acceperit,
1170 3479 1278 3535 sed
1308 3479 1384 3535 de
1408 3480 1566 3537 tribu
1590 3484 1620 3536 J
1630 3483 1750 3541 uda

97 3568 366 3640 quiddam
397 3570 720 3643 acceperit.
768 3573 832 3626 In
855 3568 1360 3643 Paralipomenon
1388 3575 1589 3628 autem
1620 3589 1748 3630 ma-

99 3657 345 3716 nifestius
359 3659 646 3716 scribitur
661 3659 851 3732 quod,
866 3675 1006 3715 cum
1023 3658 1452 3732 multiplicatus
1467 3660 1677 3718 fuisset
1692 3667 1750 3719 et

97 3761 204 3804 non
215 3749 456 3806 haberet
467 3747 1105 3824 possessionislocum,
1120 3749 1326 3805 exierit
1343 3749 1404 3806 in
1416 3750 1743 3810 desertum.

159 3835 319 3893 Vens.
351 3841 510 3895 8-10.
540 3869 613 3878 —-
633 3839 820 3906 Juda,
861 3844 918 3895 te
965 3838 1304 3895 ldudabunt
1329 3840 1560 3909 fratres
1608 3843 1700 3897 tui
1725 3857 1750 3912 ,'

97 3938 288 3982 manus
318 3933 438 3984 tua»
455 3929 521 3984 in
542 3927 869 3984 servicibus
901 3928 1280 3985 inimicorum
1300 3933 1540 3985 tuorum
1569 3947 1582 3999 ;
1608 3931 1748 3987 ado-

98 4015 296 4071 rabunt
319 4024 375 4075 te
392 4019 516 4087 ﬁlii
539 4018 735 4087 patris
766 4018 874 4085 tui,
907 4017 1168 4074 Catulus
1201 4019 1384 4074 leonis
1410 4020 1572 4076 Juda
1604 4036 1617 4074 :
1667 4021 1750 4077 ad

94 4105 363 4171 praedam,
404 4108 506 4176 ﬁli
546 4108 650 4178 mi,
695 4107 1024 4164 ascendisti
1075 4107 1243 4178 [sive,
1294 4107 1447 4164 utin
1498 4109 1748 4165 Hebraeo

98 4192 361 4266 scriptum
393 4201 487 4252 est
535 4195 611 4252 de
639 4197 1014 4266 captivitate,
1063 4197 1160 4265 ﬁli
1209 4197 1314 4267 mi,
1353 4199 1695 4269 ascendisti]
1727 4213 1750 4253 :

96 4285 443 4352 requiescens
483 4284 827 4342 accubuisti
848 4291 913 4341 ut
949 4287 1057 4352 lea,
1087 4291 1141 4342 et
1165 4287 1342 4358 quasi
1367 4288 1557 4344 leaena
1580 4289 1749 4360 .‘quis

96 4373 384 4431 suscitabit
414 4391 552 4432 eam
577 4378 606 4430 ?
631 4375 785 4440 Quia
827 4374 982 4430 Juda
1027 4377 1318 4446 confessio
1345 4376 1471 4432 sive
1503 4378 1640 4434 laus
1664 4378 1750 4433 in-

97 4462 449 4533 terpretatur,
491 4468 655 4520 recte
707 4463 985 4520 scribitur
1031 4480 1045 4520 :
1097 4463 1274 4536 Juda,
1302 4465 1749 4525 conﬁtebuntur

96 4549 185 4604 tibi
211 4551 439 4623 fratres,
471 4553 571 4611 vel
611 4552 954 4610 laudabunt
996 4557 1074 4611 te.
1114 4557 1184 4610 Et
1212 4553 1348 4610 licet
1388 4553 1464 4612 de
1513 4556 1745 4614 Christo

97 4640 301 4707 grande
327 4643 688 4716 mysterium
725 4643 818 4713 sit,
851 4642 957 4699 sed
989 4647 1193 4700 tamen
1224 4644 1562 4702 secundum
1591 4645 1744 4704 litte-

96 4742 208 4786 ram
227 4731 525 4802 signiﬁcat
551 4733 721 4806 quod
769 4748 878 4806 per
904 4732 1090 4790 David
1115 4733 1363 4806 stirpem
1387 4739 1747 4806 generentur

97 4831 264 4888 reges,
297 4827 355 4879 et
385 4821 564 4897 quod
594 4820 920 4879 adorarent
947 4839 1090 4880 eum
1125 4838 1338 4879 omnes
1375 4824 1585 4882 tribus.
1619 4829 1746 4882 Non

99 4909 238 4966 enim
255 4912 354 4979 ait,
413 4911 540 4969 Filii
574 4911 782 4969 matris
815 4915 930 4969 tuae
965 4911 1134 4984 ;sed,
1161 4914 1283 4983 ﬁlii
1292 4915 1493 4984 patris
1524 4916 1632 4972 tui.
1679 4915 1748 4970 Et

101 4999 244 5069 quod
263 5003 560 5076 sequitur,
587 5001 672 5059 ad
695 5001 993 5072 praedam,
1022 5002 1120 5072 ﬁli
1137 5003 1240 5070 mi,
1272 5003 1618 5072 ascendisti,
1647 5019 1747 5061 os-

102 5089 265 5146 tendit
308 5108 451 5148 cum
499 5090 774 5165 captivos
804 5090 1066 5165 populos
1118 5107 1250 5148 esse
1293 5091 1640 5162 ducturum,
1691 5096 1750 5150 et

99 5174 246 5245 juxta
272 5181 731 5252 intelligentiam
758 5181 1182 5250 sacrationem,
1205 5181 1528 5238 ascendisti
1556 5183 1616 5240 in
1659 5181 1748 5240 al-

105 5269 230 5339 tum,
258 5273 568 5345 captivam
597 5271 848 5328 duxisse
905 5271 1330 5346 captivitatem,
1380 5271 1527 5338 sive,
1581 5271 1750 5345 quod

105 5357 290 5416 melius
321 5367 492 5435 puto,
518 5361 836 5434 captivitas
863 5365 1234 5435 passionem,
1249 5377 1537 5419 ascensus
1551 5377 1752 5420 resur-

108 5448 399 5508 rectionem
440 5450 766 5522 signiﬁcat.

166 5538 313 5597 Vens.
347 5540 905 5611 tI-I3.—Alligans
931 5540 1014 5598 ad
1042 5542 1278 5598 vineam
1300 5543 1545 5612 pullum
1574 5557 1749 5599 suum

111 5632 152 5678 et
171 5630 240 5684 ad
267 5633 438 5690 vitem
471 5633 714 5689 asinam
743 5648 937 5689 suam.
1005 5631 1181 5698 Quod
1209 5631 1484 5689 videlicet
1516 5631 1752 5706 pullum

113 5716 287 5788 asine,
315 5723 410 5779 cui
444 5721 1006 5796 superseditJesus,
1039 5723 1155 5779 hoc
1195 5727 1303 5794 est,
1336 5723 1606 5792 gentium
1637 5739 1748 5796 po-

114 5807 294 5875 pulum
321 5813 512 5871 vineae
546 5812 985 5887 apostolorum,
1004 5813 1112 5887 qui
1132 5813 1446 5871 abludaeis
1476 5817 1640 5887 sunt,
1657 5828 1754 5872 co-

595 5903 844 5960 PATROL.
887 5902 1047 5961 CXV.

1931 3227 2112 3282 Vens.
2157 3223 2573 3280 16-18.—Dan
2593 3221 2899 3291 judicabit
2927 3221 3219 3290 populum
3245 3217 3420 3278 suum
3449 3223 3526 3278 si-

1859 3323 1959 3375 cut
1981 3322 2036 3374 et
2065 3316 2194 3372 alia
2223 3313 2414 3370 tribus
2447 3312 2662 3367 Israel.
2693 3311 2832 3367 Fiat
2866 3312 3004 3367 Dan
3035 3311 3280 3367 coluber
3308 3312 3373 3367 in
3401 3312 3521 3376 via,

1859 3415 1915 3466 et
1943 3411 2198 3465 cerastes
2224 3404 2287 3459 in
2317 3403 2547 3468 semita,
2595 3402 2875 3458 mordens
2926 3402 3190 3471 ungulas
3249 3402 3406 3472 equi,
3458 3406 3524 3458 ut

1860 3499 2039 3556 cadat
2071 3509 2350 3553 ascensor
2377 3495 2506 3561 eius
2550 3497 2734 3548 retro.
2768 3492 3058 3548 Salutare
3083 3497 3252 3547 tuum
3287 3507 3526 3562 exspec-

1860 3590 2018 3654 tabo,
2053 3587 2318 3643 Domine.
2355 3585 2613 3640 Samson
2640 3581 2828 3653 judex
2860 3582 3060 3649 Israel,
3106 3581 3181 3638 de
3214 3581 3372 3638 tribu
3395 3585 3523 3639 Dan

1858 3681 1985 3736 fuit.
2016 3682 2137 3734 Hoc
2166 3691 2309 3745 ergo
2339 3672 2482 3729 dicit
2509 3688 2671 3728 nunc
2700 3671 2912 3728 videns
2941 3671 3003 3728 in
3035 3671 3246 3745 spiritu
3280 3687 3521 3729 comam

1854 3769 2078 3828 nutrire
2110 3770 2485 3824 Samsonem:
2503 3766 2850 3819 Nazarteum
2867 3767 3038 3818 tuum
3057 3761 3226 3818 caesis
3243 3761 3521 3818 hostibus

1857 3858 2249 3931 triumphare,
2283 3852 2449 3927 quod
2480 3851 2931 3908 similitudinem
2949 3849 3180 3908 colubri
3208 3850 3522 3924 regulique

1857 3946 2187 4006 obsidentis
2215 3945 2368 4010 vias,
2406 3941 2640 3998 nullum
2663 3957 2772 4014 per
2801 3946 3022 3997 terram
3063 3938 3242 3996 Israel
3271 3940 3523 3998 transire

1855 4037 2206 4113 permittat:
2241 4033 2348 4090 sed
2391 4032 2594 4099 etiam,
2646 4032 2695 4086 si
2747 4030 2886 4103 quis
2928 4029 3280 4086 temerarius
3314 4029 3522 4087 virtute

1858 4145 1990 4198 sua,
2023 4124 2200 4199 quasi
2239 4122 2549 4180 velocitate
2597 4120 2738 4193 equi
2789 4120 3058 4176 conﬁsus
3103 4135 3240 4176 eam
3268 4119 3526 4176 voluerit

1857 4213 2164 4293 praedonis
2196 4227 2364 4269 more
2397 4210 2698 4283 populari,
2727 4225 2851 4266 non
2874 4209 3136 4280 eﬁ‘ugere
3159 4208 3400 4266 valebit.
3418 4213 3525 4266 To-

1861 4311 1989 4364 tum
2019 4308 2223 4362 autem
2254 4317 2363 4374 per
2401 4299 2822 4372 metaphoram
2853 4298 3148 4372 serpentis
3195 4302 3255 4355 et
3305 4297 3523 4372 equitis

1857 4395 2143 4469 loquitur.
2169 4390 2390 4448 Nidens
2412 4404 2555 4460 ergo
2571 4393 2698 4445 tam
2717 4389 2932 4445 fortem
2958 4390 3311 4446 Nazaraeum
3329 4392 3521 4458 tuum,

1855 4484 2024 4562 quod
2049 4484 2177 4557 ipse
2198 4484 2444 4555 propter
2465 4477 2838 4536 meretricem
2876 4484 3152 4536 mortuus
3182 4483 3290 4549 est,
3313 4483 3372 4536 et
3398 4494 3528 4536 mo-

1856 4576 2018 4634 riens
2044 4577 2284 4631 nostros
2313 4568 2531 4627 occidit
2558 4568 2857 4639 inimicos,
2888 4568 3119 4642 putavi,
3151 4583 3188 4624 o
3232 4567 3409 4640 Deus,
3439 4568 3528 4641 ip-

1856 4676 1993 4718 sum
2023 4674 2152 4716 esse
2179 4655 2477 4714 Christum
2505 4653 2720 4711 Filium
2750 4657 2942 4710 tuum.
2962 4655 3178 4709 Verum
3190 4651 3335 4724 quia
3359 4667 3524 4707 mor-

1853 4749 1995 4803 tuus
2031 4748 2139 4813 est,
2190 4745 2249 4798 et
2299 4755 2423 4797 non
2475 4738 2817 4806 resurrexit,
2870 4741 2928 4793 et
2972 4751 3215 4793 rursum
3247 4733 3524 4807 captivus

1853 4831 2072 4887 ductus
2126 4829 2216 4883 est
2260 4823 2461 4890 Israel,
2515 4822 2669 4879 alius
2707 4822 2855 4878 mihi
2887 4819 3152 4876 salvator
3199 4817 3435 4886 mundi,
3467 4822 3524 4875 et

1853 4919 1974 4978 mei
2004 4915 2238 4990 generis
2253 4911 2694 4988 prmstolandus
2724 4915 2830 4978 est,
2857 4915 2920 4966 ut
2949 4909 3147 4965 veniat
3175 4907 3272 4964 cui
3299 4907 3526 4982 reposi-

1854 5015 1985 5068 tum
2004 5013 2113 5065 est.
2147 5008 2280 5079 Ipse
2311 5003 2418 5060 erit
2447 5000 2806 5075 exspectatio
2839 4999 3130 5070 gentium.

1928 5100 2106 5155 Vens.
2143 5097 2228 5154 19.
2279 5127 2347 5136 —
2404 5092 2538 5149 Gad
2593 5091 2900 5148 accinctus
2944 5088 3336 5160 przliabitur
3383 5094 3525 5147 ante

1856 5205 2012 5259 eum,
2038 5193 2094 5245 et
2124 5187 2248 5256 ipse
2262 5185 2613 5254 accingetur
2640 5186 2990 5237 retrorsum.
3027 5178 3335 5250 Signiﬁcat
3357 5178 3526 5252 quod

1856 5282 1996 5338 ante
2026 5275 2258 5344 Ruben,
2287 5278 2344 5330 et
2371 5270 2689 5329 dimidiam
2718 5269 2940 5327 tribum
2966 5271 3262 5337 Manasse,
3294 5272 3353 5324 et
3372 5266 3528 5324 ﬁlios

1857 5384 2014 5445 quos
2054 5371 2220 5424 trans
2267 5363 2596 5421 Jordanem
2649 5360 2710 5418 in
2755 5360 3144 5436 possessione
3195 5356 3527 5425 dimiserat,

1857 5463 1999 5536 post
2024 5453 2488 5533 quatuordecim
2519 5467 2716 5510 annos
2761 5453 3086 5518 revertens,
3117 5447 3394 5524 praelium
3419 5447 3530 5505 ad-

1858 5565 2108 5607 versum
2141 5563 2246 5604 eos
2273 5543 2543 5616 gentium
2573 5542 2913 5600 vicinarum
2947 5537 3178 5611 grande
3224 5537 3532 5614 reperiret,

1861 5644 1919 5697 et
1944 5637 2115 5696 victis
2139 5635 2416 5693 hostibus
2459 5633 2685 5690 fortiter
2729 5629 3064 5687 dimicaret.
3102 5631 3255 5701 Lege
3305 5627 3531 5686 hbrum

1861 5731 2004 5786 Iesu
2032 5731 2190 5785 Nave
2219 5730 2278 5783 et
2300 5723 2830 5796 Paralipomenon.

1939 5816 2112 5872 Vens.
2140 5817 2199 5870 2t
2217 5809 2701 5882 .—-Nephthalim
2726 5823 2934 5866 cervus
2959 5807 3224 5876 emissus,
3250 5804 3402 5863 dans
3420 5805 3537 5860 elo—

3024 5900 3058 5953 8
