3956 6384
371 410 491 472 999

746 410 1155 471 HAYMONIS
1201 409 1743 473 HALBEltS'l‘AT.
1792 410 2039 470 EPISC.
2087 410 2261 471 OPP.
2307 410 2506 470 PARS
2551 409 2600 469 1.
2652 440 2727 454 -—
2769 408 3177 470 COMMI'ZNT.
3224 407 3424 468 BIBL.

3635 408 3788 467 {000

370 543 652 609 stat.Quaa
679 542 858 598 etiam
890 558 1006 597 uno
1038 541 1409 597 solummodo
1431 542 1649 616 angulo
1668 542 1885 599 Judaaae
1905 560 2023 599 non
2048 540 2105 615 Ἀ
2141 559 2296 612 nem,
2330 560 2457 616 quae
2491 542 2691 598 omnia
2740 539 3013 597 diabolus
3042 540 3264 606 sumat,
3295 540 3405 599 hoc
3434 544 3526 596 est
3559 541 3788 598 excitat.

372 633 813 703 coangustetur,
847 630 947 685 sed
979 646 1083 701 per
1110 646 1316 685 omnes
1345 630 1629 687 terminos
1659 636 1825 687 terra;
1855 631 2026 704 longe

368 720 605 791 lateque
634 718 988 774 extenditur.

443 832 470 858 ‹‹
504 807 815 862 Universos
846 806 998 862 ﬁlios
1048 811 1183 862 tuos
1232 807 1436 863 doctos
1465 826 1499 864 a
1529 808 1800 877 Domino,
1835 832 1862 858 ››
1896 810 2029 865 sub-

371 896 541 953 audis
572 895 723 950 dabo
754 895 843 950 vel
875 895 1127 951 faciam:
1168 920 1189 945 ι
1226 900 1284 951 et
1314 896 1755 953 multitudinem
1801 899 1963 970 pacis
1998 922 2026 947 »

371 984 520 1041 dabo
548 1009 575 1033 ‹‹
610 983 752 1040 filiis
782 984 921 1039 tuis.
958 1006 986 1035 n

442 1097 469 1123 (ι
503 1075 573 1130 Et
604 1074 663 1128 in
688 1074 927 1146 justitia
953 1074 1317 1141 fundaberis,
1356 1098 1382 1123 ››
1411 1075 1468 1130 id
1517 1079 1607 1130 est
1655 1075 2023 1133 solidaberis.

369 1163 541 1220 Modo
571 1164 808 1236 exponit
837 1180 985 1235 quos
1021 1164 1297 1236 superius
1347 1163 1728 1237 appellaverit
1777 1165 2026 1239 lapides,

368 1251 522 1309 ﬁlios
550 1251 821 1309 videlicet
849 1251 1139 1308 Ecclesia).
1166 1252 1429 1308 Universi
1462 1253 1679 1326 quippe
1708 1254 1815 1309 ﬁlii
1839 1256 2031 1311 Eccle-

369 1342 469 1398 siae
495 1340 651 1398 docti
676 1340 1299 1414 suntaDomino,quia
1329 1342 1456 1413 ipso
1488 1343 1732 1401 docente
1760 1344 2027 1401 efficiun-

369 1435 467 1487 tur
491 1429 600 1485 Βιίί
630 1431 751 1488 Dei.
786 1431 951 1486 Sicut
982 1430 1107 1502 ipse
1138 1430 1199 1486 in
1226 1430 1537 1504 Evangelio
1567 1433 1711 1488 dicit
1745 1450 1756 1489 :
1784 1456 1811 1483 ‹‹
1847 1434 2029 1489 Nemo

367 1519 529 1576 venit
558 1520 629 1576 ad
663 1537 778 1587 me,
812 1520 925 1576 nisi
959 1519 1254 1593 Pater,qui
1283 1521 1447 1576 misit
1474 1538 1587 1589 me,
1622 1523 1865 1578 traxerit
1892 1540 2029 1579 eum

370 1610 547 1681 (Joan.
579 1611 681 1678 v1).
719 1631 746 1658 »
774 1610 843 1664 Et
873 1609 931 1663 in
964 1608 1268 1681 prophetis
1317 1626 1331 1665 :
1384 1611 1569 1665 Erunt
1616 1611 1855 1684 (inquit)
1902 1628 2027 1667 om-

369 1714 475 1754 nes
506 1696 660 1754 docti
689 1715 724 1753 a
754 1697 1024 1752 Domino.
1050 1696 1490 1755 Multitudinem
1513 1700 1675 1772 pacis
1707 1701 1858 1756 dabo
1892 1700 2029 1756 ﬁliis

368 1786 509 1852 tuis,
534 1785 594 1842 id
626 1790 734 1854 est,
757 1784 1145 1841 reconciliabo
1174 1786 1280 1841 tibi
1315 1787 1467 1843 filios
1498 1789 1805 1845 tuos.Cum
1837 1789 1979 1846 dicit
2011 1807 2025 1847 :

360 1875 597 1947 justitia
627 1875 991 1941 fundaberis,
1040 1892 1145 1947 per
1176 1876 1479 1947 justitiam
1532 1895 1737 1935 omnes
1784 1878 2051 1965 virtutes,

367 1965 493 2023 vult
521 1982 555 2023 a
586 1964 756 2022 nobis
788 1964 1057 2037 intelligi,
1091 1970 1157 2020 ut
1187 1964 1265 2021 sit
1293 1983 1507 2024 sensus
1532 1984 1544 2023 :
1560 1967 1799 2039 justitia
1820 1968 2028 2024 funda-

370 2056 546 2124 beris,
579 2054 689 2111 hoc
716 2060 807 2111 est
836 2056 951 2110 ﬁde
980 2054 1216 2124 Christi,
1250 2060 1580 2129 aeternaque
1604 2058 2031 2129 justiﬁeatione

369 2150 427 2201 et
454 2144 824 2218 plenitudine
852 2142 1136 2199 virtutum
1168 2143 1514 2201 solidaberis
1531 2164 1578 2213 ;«
1601 2147 1804 2201 recede
1824 2146 2029 2219 procul

356 2251 404 2293 -a
433 2233 753 2305 calumnia,
783 2255 811 2285 »
844 2231 903 2287 id
932 2236 1023 2288 est
1054 2232 1127 2288 ab
1158 2234 1654 2305 0ppressione,vel
1676 2235 2029 2307 rapina,sive

368 2323 735 2395 iniquitate,«
765 2322 905 2394 quia
932 2338 1051 2377 non
1081 2321 1669 2390 timebis,nsubaudis
1700 2324 2025 2392 diabolum,

370 2429 560 2485 neque
592 2411 1000 2468 haereticorum
1029 2410 1118 2465 vel
1152 2417 1597 2483 persecutorum
1630 2414 1952 2486 impetum:
1978 2413 2028 2470 si

359 2500 685 2557 recesseris
716 2501 789 2556 ab
821 2499 1096 2556 omnibus
1128 2500 1595 2572 iniquitatibus,«
1620 2507 1678 2557 et
1704 2520 1739 2558 a
1759 2520 2021 2575 pavore;

358 2590 659 2647 subaudis
690 2606 763 2645 ne
791 2588 1024 2659 timeas,
1058 2611 1086 2638 «
1119 2588 1259 2660 quia
1288 2606 1403 2645 non
1434 2591 1931 2664 appropinquabit
1950 2592 2028 2648 ti-

358 2677 776 2750 bia-Superius
807 2676 1145 2733 consolatus
1169 2682 1260 2732 est
1277 2677 1596 2734 Ecclesiam
1627 2680 1699 2734 de
1729 2682 2023 2753 gentibus,

368 2768 720 2842 promittens
750 2767 802 2822 ei
834 2767 1056 2839 gratias
1088 2766 1427 2838 spirituales
1460 2784 1473 2822 :
1509 2786 1666 2824 nunc
1697 2770 1864 2825 docet
1885 2770 2026 2842 quid

356 2873 540 2931 agere
571 2856 800 2924 debeat,
834 2856 883 2911 si
917 2872 1034 2912 non
1064 2855 1189 2912 vult
1219 2857 1689 2914 adversariorum
1737 2858 2027 2931 impetum

360 2946 707 3004 formidare.
741 2950 809 3002 Et
837 2949 927 3001 est
956 2962 1169 3003 sensus
1202 2962 1216 3000 ε
1250 2946 1376 3001 Non
1408 2945 1495 3003 vis
1524 2947 1731 3003 timere
1752 2948 2027 3006 inimicos

364 3036 543 3094 tuos?
566 3036 662 3093 fac
693 3036 807 3091 ista
836 3052 965 3107 qua:
997 3035 1148 3103 dico,
1183 3034 1293 3091 hoc
1331 3040 1439 3104 est,
1475 3038 1677 3093 recede
1726 3055 1761 3092 a
1810 3037 2029 3093 calum-

368 3126 548 3193 nia,et
572 3126 648 3182 ab
672 3124 1069 3197 iniquitate,et
1086 3142 1120 3180 a
1140 3142 1354 3197 pavore
1366 3123 1674 3181 hominum
1702 3143 1772 3182 ne
1795 3126 2024 3185 timeas.

438 3216 581 3272 Ecce
613 3213 811 3272 accola
837 3214 1049 3281 veniet,
1082 3214 1184 3285 qui
1217 3230 1332 3269 non
1364 3218 1490 3270 erat
1517 3232 1770 3285 mecum,
1807 3217 2030 3274 advena

2138 632 2267 703 Ipse
2288 631 2463 687 etiam
2489 632 2709 705 profert
2726 647 2867 685 vasa
2885 630 2956 684 ad
2975 645 3126 701 opus
3142 646 3339 698 suum,
3356 629 3467 685 hoc
3485 634 3574 685 est
3592 646 3793 702 quem-

2137 719 2279 776 libet
2308 721 2647 777 haareticum
2669 723 2726 774 et
2757 733 3073 791 paganum,
3100 717 3409 773 facientem
3431 718 3789 775 voluntatem

2137 827 2330 866 suam.
2351 810 2516 865 Sicut
2546 807 2789 881 protulit
2818 807 3117 863 Simonem
3140 823 3425 879 magnum
3445 812 3503 863 et
3522 808 3788 876 Elimam,

2138 916 2390 970 quorum
2422 915 2579 954 unus
2629 896 2845 953 restitit
2873 897 3045 952 beato
3087 895 3253 951 Petro
3300 901 3358 952 et
3405 894 3594 952 multa
3639 896 3793 953 mala

2136 987 2359 1055 intulit,
2375 987 2525 1043 alter
2543 985 2775 1059 egregio
2799 983 3162 1057 praedicatori
3187 983 3386 1040 Paulo.
3411 985 3651 1041 Dicatur
3677 984 3790 1042 ita-

2136 1094 2252 1149 que
2272 1094 2285 1132 :
2306 1078 2425 1148 Ego
2445 1074 2632 1131 cre'avi
2656 1075 2910 1140 fabrum,
2926 1073 2983 1128 id
3007 1078 3097 1129 est
3117 1073 3441 1141 diabolum,
3456 1074 3790 1130 suiﬂantem

2137 1166 2196 1222 in
2224 1166 2358 1238 igne
2389 1180 2631 1239 prunas,
2654 1164 2765 1219 hoc
2798 1167 2888 1219 est
2918 1163 3388 1236 persecutionem
3418 1168 3475 1218 et
3507 1162 3789 1219 malitiam

2138 1254 2591 1321 excitantem,et
2622 1254 3013 1326 proferentem
3064 1252 3136 1307 ad
3177 1269 3326 1325 opus
3375 1269 3573 1320 suum,
3596 1251 3655 1308 id
3701 1256 3793 1308 est

2136 1344 2479 1400 beereticum
2524 1346 2581 1398 et
2619 1357 2959 1415 perversum
2991 1340 3315 1414 quemlibet
3351 1342 3425 1397 ad
3463 1341 3788 1398 faciendam

2135 1432 2500 1490 voluntatem
2529 1446 2721 1487 suam.

2210 1544 2238 1573 «
2272 1523 2343 1579 Et
2372 1537 2545 1577 omne
2574 1536 2676 1577 vas
2705 1520 2862 1593 quod
2893 1520 3097 1575 fictum
3127 1523 3215 1575 est
3234 1538 3260 1571 υ
3287 1536 3322 1574 a
3340 1517 3572 1574 diabolo
3592 1523 3793 1575 contra

2122 1616 2264 1683 -te,o
2285 1610 2562 1679 Ecclesia,
2587 1634 2615 1661 «
2640 1627 2758 1666 non
2789 1609 3094 1682 dirigetur,
3122 1632 3151 1659 »
3169 1608 3309 1682 quia
3337 1613 3652 1682 praesentes
3678 1626 3791 1681 pcne

2138 1719 2246 1758 nas
2268 1700 2482 1757 sentiet
2497 1705 2555 1756 et
2576 1700 2804 1756 futuras
2825 1716 2873 1755 :«
2899 1703 2958 1755 et
2978 1714 3213 1754 omnem
3236 1696 3501 1771 linguam
3517 1720 3546 1749 ι)
3570 1698 3793 1754 hereti-

2139 1809 2365 1858 corum,
2380 1790 2730 1858 scribarum,
2745 1794 2803 1845 et
2826 1789 3273 1857 Pharisaeorum,
3287 1786 3375 1843 vel
3400 1787 3578 1844 etiam
3598 1786 3790 1861 philo-

2141 1880 2484 1954 sophorum,
2502 1901 2530 1930 ‹‹
2554 1878 2927 1934 resistentem
2955 1877 3063 1933 tibi
3093 1877 3154 1932 in
3178 1876 3404 1949 judicio
3426 1876 3789 1948 judicabis,»

2138 1971 2226 2027 vel
2258 1970 2435 2027 etiam
2465 1967 2799 2037 damnabis,
2820 1972 2927 2023 aut
2949 1970 3104 2023 certe
3125 1966 3476 2022 discretione
3497 1964 3791 2022 discernes

2124 2059 2496 2132 disputando
2518 2074 2655 2115 cum
2675 2058 2781 2113 eis.
2802 2056 2984 2114 Sicuti
3006 2055 3143 2112 alibi
3166 2055 3450 2128 scriptum
3473 2058 3566 2112 est
3586 2073 3639 2112 τι(
3665 2055 3790 2112 Per-

2126 2151 2276 2207 ‘dam
2298 2147 2651 2220 sapientiam
2672 2146 2997 2226 humanam
3016 2163 3051 2201 a
3067 2145 3452 2217 sapientibus,
3467 2148 3526 2200 et
3540 2145 3791 2217 pruden-

2138 2241 2283 2296 tiam
2332 2236 2708 2311 prudentiam
2756 2236 3079 2308 reprobabo
3121 2235 3167 2307 (ι
3198 2235 3318 2291 Cor.
3345 2238 3460 2304 ι).·››
3485 2234 3787 2307 Siquidem

2126 2328 2331 2385 conati
2364 2330 2504 2383 sunt
2534 2325 2736 2382 Simon
2767 2329 2824 2381 et
2852 2324 3072 2381 Elimas
3104 2324 3374 2380 resistere
3403 2324 3622 2379 sanctis
3650 2340 3786 2396 apo:-

2139 2417 2329 2485 stolis,
2354 2416 2508 2473 sicut
2538 2414 2816 2482 diximus,
2840 2426 2949 2470 sua
2978 2413 3244 2469 doctrina
3271 2416 3328 2469 et
3355 2413 3662 2486 sapientia,
3685 2413 3786 2469 sed

2139 2505 2511 2565 condemnati
2536 2507 2678 2560 sunt
2696 2503 2771 2559 ab
2791 2502 2875 2559 eis
2896 2508 2954 2558 et
2970 2502 3026 2558 di
3026 2502 3277 2575 judicati
3295 2519 3409 2558 non
3422 2519 3556 2558 vera
3574 2502 3785 2558 dicere.

2128 2598 2233 2654 .Sic
2250 2594 2622 2661 Hilarius,sic
2638 2591 3118 2666 Augustinus,sic
3132 2592 3602 2665 Hieronymus,et
3619 2592 3790 2648 Atha-

2138 2686 2363 2753 nasius,
2380 2688 2585 2740 contra
2604 2699 2745 2737 vasa
2764 2680 2983 2737 diaboli
3013 2685 3422 2753 pugnaverunt
3441 2683 3565 2736 suis
3585 2680 3787 2752 dispu-

2137 2774 2485 2832 tationibus.
2508 2796 2535 2823 ‹‹
2561 2772 2691 2827 Hinc
2713 2776 2800 2827 est
2821 2770 3114 2827 hereditas
3145 2787 3442 2826 servorum
3462 2768 3713 2836 Domini,
3730 2772 3791 2824 et

2130 2863 2369 2938 justitia
2397 2877 2600 2917 eorum
2632 2860 2789 2932 apud
2821 2876 2937 2925 me,
2958 2858 3103 2913 dicit
3131 2858 3438 2914 Dominus.
3457 2880 3485 2906 ››
3509 2858 3591 2913 Ne
3616 2862 3785 2930 puta-

2136 2958 2270 3010 rent
2296 2950 2464 3009 electi
2496 2950 2798 3005 incassum
2831 2946 3094 3004 laborem
3126 2946 3431 3020 prmsentis
3457 2946 3585 3002 vita:
3615 2944 3787 3002 sustio

2138 3059 2276 3099 nere
2325 3057 2430 3115 pro
2461 3038 2698 3095 nomine
2741 3036 2978 3105 Christi,
3020 3040 3454 3108 consequentur
3502 3035 3788 3093 subinfert

2138 3132 2380 3206 praemia
2398 3126 3151 3199 meritorum.ch(inquit)
3162 3125 3472 3181 haereditas
3490 3140 3783 3181 servorum

2139 3217 2678 3289 Domini,videlicet
2697 3216 2818 3272 vita
2848 3220 3081 3283 aeterna,
3107 3231 3285 3287 regna
3314 3215 3591 3270 emtorem
3622 3218 3679 3269 et
3702 3230 3787 3269 re-

362 3304 669 3377 quondam
701 3309 843 3360 tuus
876 3303 1235 3375 adjungetur
1264 3303 1390 3359 tibi.
1410 3304 1565 3359 aVox
1593 3305 1808 3361 Christi
1831 3307 1904 3362 ad
1925 3308 2025 3362 Ec-
2054 3293 2100 3361 C
2138 3310 2380 3367 tributio
2411 3308 2704 3374 laborum,
2727 3321 2856 3377 quae
2879 3328 2907 3356 «
2941 3303 3127 3360 oculis
3158 3320 3272 3360 non
3303 3303 3468 3371 vidit,
3494 3319 3599 3358 nec
3624 3301 3783 3357 auris

365 3395 607 3451 clesiam
651 3392 1007 3466 primitivam
1047 3391 1341 3464 loquentis
1377 3394 1447 3448 de
1475 3392 1855 3451 multitudine
1882 3413 2023 3467 gen-

362 3484 516 3539 tium
548 3483 621 3538 ad
653 3482 832 3537 ﬁdem
863 3480 1246 3547 venientium,
1266 3499 1396 3554 quze
1413 3487 1546 3538 ante
1564 3483 1799 3539 Domini
1815 3485 2027 3540 adven-

360 3575 497 3627 tum
516 3570 741 3626 advena
753 3573 964 3637 erat,et
978 3569 1149 3641 longe
1169 3587 1203 3624 a
1218 3570 1356 3625 Deo.
1380 3570 1523 3626 Ecce
1546 3572 1784 3643 (inquit)
1805 3573 2020 3642 accola,

362 3658 606 3732 gentilis
642 3657 912 3714 videlicet
942 3656 1215 3730 populus,
1236 3658 1430 3714 veniet
1458 3661 1532 3716 ad
1564 3677 1658 3715 me
1691 3678 1793 3733 per
1822 3662 2020 3732 ﬁdem,

368 3753 521 3805 recte
550 3748 865 3816 credendo,
887 3749 1115 3804 etbene
1146 3748 1515 3821 vivenu‘lo,qui
1549 3755 1720 3807 antea
1753 3769 1867 3807 non
1900 3758 2027 3808 erat

364 3838 891 3905 mecum,serviens
912 3836 1089 3895 idolis
1108 3838 1403 3910 variisque
1424 3840 1753 3909 erroribus;
1776 3842 2025 3910 advena,

363 3928 424 3983 id
443 3933 533 3985 est
546 3926 876 4001 proselytus
890 3927 1188 3999 quondam
1208 3932 1408 3995 tuus,o
1423 3928 1685 3985 Ecclesia
1704 3931 2020 4002 primitiva,

362 4015 622 4089 populus
652 4015 919 4072 videlicet
947 4015 1235 4088 gentium,
1268 4015 1371 4088 qui
1402 4015 1573 4089 longe
1602 4023 1728 4073 erat
1756 4035 1791 4074 a
1817 4023 1877 4073 te
1905 4023 1963 4074 et
1990 4036 2026 4075 a

238 4102 261 4122 '
364 4106 479 4163 {ide
507 4110 631 4174 tua,
666 4105 1023 4178 adjungetur
1072 4105 1177 4160 tibi
1232 4106 1406 4161 modo
1454 4106 1735 4162 vocabulo
1766 4107 2024 4165 nominis

361 4194 680 4253 Christiani
698 4200 755 4251 et
775 4195 909 4250 ﬁdei
943 4193 1410 4250 unitate.Sancta
1428 4194 1584 4251 enim
1614 4196 1876 4253 Ecclesia
1895 4214 2023 4268 qua:

364 4288 499 4341 ante
532 4284 592 4339 in
622 4282 844 4340 Judaeis
875 4282 1248 4339 solummodo
1296 4290 1440 4351 erat,
1473 4286 1647 4341 modo
1697 4291 1927 4341 constat
1954 4304 2026 4343 ex

363 4375 615 4444 utroque
645 4370 861 4443 populo
892 4370 1361 4428 circumcisionis
1390 4377 1451 4429 et
1476 4374 1743 4446 przeputii
1783 4374 2026 4431 collecta

362 4458 424 4516 in
442 4476 628 4516 unum
646 4458 987 4515 ovile.Sicut
1010 4459 1373 4516 Dominusin
1395 4460 1706 4534 Evangelio
1733 4463 1937 4519 dicitzu
1954 4465 2025 4520 Et

363 4547 890 4621 alias,inquit,oves
921 4547 1266 4621 habeoque
1299 4567 1416 4605 non
1444 4557 1585 4606 sunt
1605 4569 1674 4607 ex
1697 4552 1805 4608 hoc
1833 4553 1970 4609 ovili
2006 4570 2018 4610 :

2132 3399 2377 3468 audivit,
2409 3413 2515 3454 nec
2546 3397 2606 3452 in
2637 3413 2737 3452 cor
2766 3393 3025 3450 hominis
3054 3393 3464 3458 ascenderunt,
3486 3408 3613 3465 qua:
3644 3409 3784 3465 pra:-

2135 3489 2361 3562 paravit
2401 3488 2557 3543 Deus
2589 3484 2972 3557 diligentibus
3000 3500 3062 3539 se
3092 3484 3138 3554 (ι
3166 3483 3286 3538 Cor.
3312 3483 3374 3554 ι).
3401 3505 3429 3531 ››
3449 3482 3519 3537 Et
3545 3480 3667 3536 haec
3691 3485 3783 3538 est

2124 3577 2363 3650 justitia
2391 3592 2595 3632 eorum
2619 3572 2722 3646 qui
2751 3572 2907 3645 apud
2939 3572 3255 3628 Dominum
3286 3575 3445 3639 sunt,
3469 3575 3536 3626 ut
3561 3586 3663 3643 pro
3692 3568 3782 3624 la-

2132 3667 2273 3723 bore
2321 3664 2628 3739 praesentis
2652 3663 2783 3719 vite
2809 3661 3051 3734 praemia
3094 3666 3308 3716 aeterna
3352 3658 3695 3733 percipiant,
3727 3663 3785 3714 et

2133 3772 2394 3829 praesens
2424 3751 2729 3809 tribulatio
2761 3753 2958 3807 futuro
2989 3750 3204 3823 gaudio
3233 3748 3779 3821 comprehendatur.

2768 3840 3004 3897 CAPUT
3044 3839 3157 3896 LV.

2206 3957 2235 3984 ‹‹
2259 3933 2477 3990 Omnes
2498 3928 2992 3996 sitientes,venite
3014 3929 3087 3984 ad
3112 3945 3330 4000 aquas;
3352 3931 3410 3983 et
3431 3926 3529 3999 qui
3555 3943 3669 3982 non
3690 3925 3787 3981 ha-

2134 4022 2284 4079 betis
2316 4023 2754 4094 argumentum,
2788 4021 3113 4089 properate,
3137 4016 3313 4072 emite
3343 4020 3400 4071 et
3428 4015 3731 4071 comedite.
3756 4030 3785 4064 n

2133 4110 2397 4184 loquitur
2426 4124 2620 4165 sermo
2652 4106 2886 4163 divinus
2916 4104 3265 4179 generaliter
3289 4121 3514 4173 omnes,
3540 4109 3661 4160 tam
3688 4103 3787 4159 Ju-

2132 4200 2290 4255 dzeos
2318 4215 2498 4271 quam
2530 4194 2797 4270 gentiles,
2822 4199 2888 4250 ut
2911 4193 3147 4250 veniant
3175 4194 3247 4249 ad
3274 4210 3457 4266 aquas
3478 4192 3783 4259 salutares,

2134 4290 2206 4345 de
2222 4289 2442 4361 quibus
2462 4285 2605 4342 dicit
2624 4284 2773 4341 alios
2794 4284 2855 4339 in
2876 4283 3003 4339 loco
3026 4282 3207 4340 Isaias
3226 4299 3274 4338 :«
3296 4282 3585 4338 Haurietis
3602 4298 3783 4353 aquas

2132 4379 2193 4435 in
2223 4379 2439 4452 gaudio
2479 4377 2550 4433 de
2590 4375 2853 4431 fontibus
2892 4372 3210 4431 Salvatoris
3231 4374 3358 4444 (Isa.
3376 4373 3534 4445 xu).»
3553 4372 3695 4428 Sitis
3721 4372 3782 4427 in

2133 4468 2243 4523 hoc
2274 4466 2399 4523 loco
2420 4462 2808 4538 spiritualiter
2836 4462 3220 4536 intelligenda
3237 4466 3345 4530 est,
3368 4466 3427 4518 et
3445 4478 3602 4534 aqua
3618 4460 3786 4533 spiri-

2133 4556 2331 4625 tualis,
2358 4556 2429 4611 de
2459 4569 2578 4627 qua
2607 4570 2762 4625 aqua
2810 4552 3097 4608 Dominus
3148 4552 3208 4606 in
3255 4548 3563 4624 Evangelio
3595 4549 3735 4605 dicit
3764 4565 3779 4603 :

360 4642 419 4734 et
447 4637 581 4694 illas
611 4641 839 4734 oportet
886 4654 981 4693 me
1029 4638 1342 4734 adducere,
1371 4643 1429 4695 et
1459 4657 1659 4696 vocem
1691 4658 1882 4697 meam
1915 4660 2020 4698 au-
2052 4668 2099 4734 B
2135 4670 2164 4699 «ι
2184 4646 2292 4712 Qui
2323 4644 2449 4701 sitit
2477 4642 2671 4699 veniat
2702 4642 2774 4697 ad
2817 4657 2910 4697 me
2941 4646 2998 4698 et
3027 4641 3209 4708 bibat,
3243 4644 3301 4695 et
3330 4640 3400 4695 de
3429 4643 3628 4694 ventre
3654 4641 3783 4734 ejus

361 4726 610 4795 dient,et
628 4728 726 4783 fiet
747 4744 932 4783 unum
954 4726 1103 4783 ovile
1122 4732 1181 4783 et
1202 4745 1357 4784 unus
1381 4730 2021 4802 pastor(Joan.x).»Haec

360 4815 547 4873 Judaei
562 4815 1039 4888 putantinaniter
1051 4816 1121 4871 ad
1139 4816 1503 4873 Hierusalem
1518 4818 1631 4873 dici
1650 4836 1664 4875 :
1680 4820 1835 4893 quod
1850 4819 2022 4876 multi

361 4922 429 4961 ex
449 4904 728 4977 gentibus
751 4904 872 4961 sint
890 4904 1165 4977 proselyti
1189 4905 1373 4961 futuri
1390 4911 1651 4979 tempore
1672 4908 1883 4964 Christi
1905 4909 2021 4965 sui.

432 5017 461 5044 (ι
492 4994 636 5050 Ecce
658 5011 764 5066 ego
785 4993 974 5050 creavi
1000 4994 1230 5049 fabrum
1255 4994 1592 5052 sufflantem
1626 4998 1685 5053 in
1716 4998 1850 5071 igne
1883 5015 2021 5069 pru-

364 5100 492 5149 nas,
524 5087 582 5139 et
611 5084 1002 5154 prol'erentem
1037 5101 1137 5138 vas
1170 5084 1229 5138 in
1262 5101 1409 5156 opus
1456 5104 1654 5142 suum.
1691 5111 1718 5137 ››
1768 5088 2023 5144 Fabrum

362 5169 475 5227 isto
508 5171 567 5225 in
598 5170 724 5226 loco
753 5170 1009 5243 appellat
1038 5172 1338 5229 diabolum
1371 5172 1732 5231 inventorem
1756 5176 2023 5232 omnium

364 5258 743 5325 malorum,et
769 5259 1173 5316 l'abricatorem
1207 5262 1389 5318 totius
1419 5262 1656 5318 malitia:
1679 5269 1735 5319 et
1758 5264 1816 5319 iu
1840 5265 2028 5336 quita-

362 5347 586 5414 tis,non
602 5349 758 5418 quod
783 5349 939 5404 Deus
958 5349 1331 5420 omnipotens
1346 5356 1633 5423 quantum
1653 5353 1724 5408 ad
1750 5359 2024 5412 naturam

365 5434 620 5504 pertinet
652 5435 874 5493 malum
906 5438 1187 5493 creaverit
1215 5438 1404 5507 illum,
1439 5440 1541 5496 sed
1591 5440 1687 5495 ille
1734 5460 1841 5498 suo
1886 5443 2023 5500 vitio

365 5518 561 5574 malus
593 5523 855 5594 ell'ectus,
890 5526 1137 5581 fabricat
1167 5527 1425 5598 quotidie
1457 5546 1624 5585 arma
1665 5530 2020 5602 iniquitatis.

364 5605 474 5691 Per
490 5604 688 5673 ignem
703 5618 760 5668 et
776 5631 1000 5686 prunas
1018 5614 1300 5670 debemus
1324 5616 1645 5691 intelligere
1671 5618 2021 5680 incentivum

361 5689 644 5751 vitiorum
673 5696 999 5774 libidinem,
1035 5703 1265 5778 aliaque
1286 5689 1541 5779 peccata,
1576 5711 1635 5766 et
1661 5709 2020 5783 persecutio-

2132 4736 2319 4791 ﬂuent
2359 4749 2523 4805 aqua:
2571 4729 2710 4786 vivae
2738 4733 2922 4799 (Joan.
2946 4733 3071 4799 v11).
3099 4751 3126 4779 »
3151 4731 3582 4800 Coneequenter
3625 4726 3783 4783 enim

2133 4821 2506 4895 Evangelista
2526 4818 2842 4875 declaravit
2861 4819 3004 4891 quid
3037 4818 3182 4874 illud
3221 4816 3651 4891 significaverit,
3676 4815 3784 4871 hoe

2133 4913 2432 4985 (inquens)
2450 4909 2595 4965 dixit
2619 4910 2690 4964 de
2717 4908 2937 4980 Spiritu
2963 4924 3137 4980 quem
3160 4906 3452 4978 accepturi
3474 4909 3638 4961 erant
3662 4921 3781 4960 cre~

2133 5003 2339 5057 dentes
2364 5001 2422 5055 in
2446 5015 2604 5054 eum.
2620 4998 2840 5053 Omnes
2862 4996 3148 5067 sitientes,
3172 4996 3228 5051 id
3252 4998 3342 5051 est
3362 4994 3782 5059 desiderantes,

2134 5091 2253 5146 sive
2267 5092 2594 5162 quaerentes
2613 5086 2917 5143 scientiam
2931 5085 3156 5141 Veteris
3173 5102 3239 5140 ac
3253 5082 3391 5139 Novi
3405 5080 3780 5148 Testamenti,

2133 5179 2325 5235 venite
2356 5177 2427 5232 ad
2473 5193 2660 5248 aquas
2708 5174 3102 5248 baptismatis,
3128 5173 3213 5229 vel
3246 5173 3315 5228 ad
3351 5172 3505 5227 dona
3533 5170 3783 5243 Spiritus

2135 5267 2430 5323 sancti.Et
2451 5266 2551 5337 qui
2578 5282 2692 5320 non
2724 5264 2955 5320 habetis
2978 5267 3307 5335 argentum,
3332 5260 3441 5317 hoc
3469 5264 3558 5316 est
3585 5259 3783 5315 divina

2133 5355 2387 5429 eloquia,
2402 5354 2471 5409 de
2494 5354 2713 5426 quibus
2731 5353 2872 5408 dicit
2896 5352 3208 5407 Psalmista
3226 5368 3275 5406 εει
3290 5348 3533 5422 Eloquia
3552 5346 3780 5405 Domini

2132 5445 2367 5518 eloquia
2388 5448 2553 5500 casta
2574 5448 2884 5516 argentum
2907 5442 3219 5515 probatum
3237 5441 3409 5511 (Psal.
3426 5440 3561 5511 xi),»
3585 5454 3783 5511 prope-

2131 5540 2253 5592 rate
2284 5534 2400 5590 cito
2425 5533 2621 5588 venire
2648 5533 2720 5588 ad
2755 5533 2930 5588 [idem
2955 5530 3394 5596 meam.Emite,
3418 5529 3569 5586 dona
3597 5526 3781 5600 Spiri-

2129 5629 2227 5681 tus
2247 5622 2434 5680 sancti
2459 5627 2515 5677 et
2536 5638 2751 5694 aquam
2774 5620 3173 5694 baptismatis,
3193 5636 3310 5677 non
3331 5618 3514 5693 pretio
3534 5615 3662 5674 auri
3681 5619 3781 5673 aut

2130 5711 2357 5789 argenti
2401 5709 2489 5769 vel
2549 5710 2748 5785 aliquo
2794 5708 3226 5789 hujuscemodi,
3260 5708 3362 5769 sed
3410 5706 3696 5769 credendo
3724 5706 3784 5771 οδ
