3956 6440
220 468 372 536 1001

1267 477 1670 537 ΟΟΜΜΕΝΤ.
1722 478 1796 536 ΙΝ
1847 477 2139 538 IFAIAM.
2175 515 2251 524 —
2294 482 2441 565 LIB.
2492 482 2594 542 III.

3488 487 3640 547 10οΞ

218 608 369 663 bene
389 606 653 663 vivendo.
678 606 749 662 Et
770 608 1056 663 comedite
1081 607 1268 680 ipsam
1294 627 1530 681 aquam,
1551 609 1875 665 doctrinam
1910 612 1959 677 Α
1991 610 2343 685 gentiam,et
2365 614 2647 670 comedite
2675 616 2915 684 bonum,
2933 617 3041 673 hoc
3065 621 3155 673 est
3186 614 3455 691 integritc
3476 618 3640 674 Chri-

218 695 445 752 sCilicet
497 696 875 769 Spiritualum
908 695 994 751 vel
1028 698 1181 753 dona
1232 699 1488 769 Spiritus
1534 698 1743 765 sancti,
1778 716 1880 753 au-

216 784 454 855 diendo,
479 785 747 859 legendo,
779 786 1135 853 meditando,
1159 788 1332 842 corde
1376 786 1703 841 retinendo.
1729 789 1879 852 Quo-

217 876 394 930 modo
425 892 561 947 ergo
589 890 909 948 possumus
930 892 1144 946 aquam
1170 876 1511 931 comedere?
1535 877 1711 931 Sacra
1734 875 1881 931 Scri-

220 969 392 1036 ptura
413 963 772 1036 quibusdam
806 963 864 1019 in
898 962 1041 1019 locis
1073 969 1161 1019 est
1192 965 1750 1036 cibus,quibusdam
1786 981 1880 1036 po—

216 1059 336 1109 tus.
364 1052 712 1126 Ubicunque
746 1070 879 1108 cum
914 1053 1261 1109 difﬁcultate
1293 1055 1540 1125 capitur,
1570 1053 1737 1108 cibus
1768 1057 1876 1115 ert,

216 1141 327 1197 Ubi
361 1159 493 1197 vero
537 1142 765 1197 facilem
817 1141 993 1197 habet
1040 1141 1511 1213 intelligentiam,
1546 1147 1718 1213 potus
1765 1145 1874 1196 est.
1915 1215 1919 1218 .

219 1242 241 1281 ὸ
267 1230 529 1296 Venite,»
558 1248 591 1287 ο
621 1230 869 1303 gentiles
900 1229 1123 1303 populi,
1147 1236 1205 1286 et
1236 1249 1437 1286 omnes
1472 1230 1571 1302 qui
1602 1229 1877 1302 indigetis

214 1318 447 1391 cloquis
460 1318 690 1375 Veteris
711 1323 767 1375 et
782 1318 922 1375 Novi
943 1320 1357 1386 Testamenti,u
1381 1323 1437 1373 et
1459 1319 1633 1373 emite
1655 1320 1877 1389 absque

214 1411 481 1480 argento,
499 1411 555 1463 et
571 1408 794 1480 absque
812 1407 932 1463 ulla
948 1406 1631 1475 commutatione,vinum
1651 1412 1707 1462 et
1729 1407 1875 1462 lac.»

215 1495 517 1568 Sapientia
546 1497 814 1552 humanu
854 1497 1039 1569 pretio
1072 1514 1106 1553 a
1143 1496 1510 1569 philosophis
1551 1497 1873 1561 emebatur,

214 1586 319 1640 Sed
352 1585 634 1658 apostolis
664 1585 889 1641 dictum
923 1590 1012 1641 est
1035 1603 1083 1640 :u
1112 1586 1304 1641 Gratis
1338 1585 1669 1656 accepistis,
1693 1585 1875 1657 gratis

214 1674 353 1729 date
374 1674 579 1743 (Matth.
603 1679 719 1743 x).-
746 1673 962 1729 Vinum
996 1691 1131 1747 ergo
1173 1676 1342 1729 nobis
1375 1675 1474 1729 dat
1514 1692 1680 1729 sacra
1720 1673 1873 1729 Scri-

209 1768 407 1834 ptura,
433 1780 567 1819 cum
592 1763 771 1819 dicit:
799 1787 825 1813 ‹‹
851 1762 1000 1818 Audi
1034 1763 1231 1833 Israel,
1257 1763 1537 1819 Dominus
1558 1763 1711 1819 Deus
1734 1767 1873 1817 tuus

209 1852 367 1907 Deus
397 1869 555 1907 unus
587 1857 676 1908 est
715 1851 908 1923 (Exod.
932 1852 1045 1922 xx).
1072 1853 1188 1907 »Ει
1236 1851 1380 1906 illud
1431 1852 1677 1908 Joannis
1701 1869 1714 1906 :
1742 1876 1767 1901 ‹‹
1808 1853 1870 1906 1η

206 1939 501 2013 principia
524 1946 647 1996 erat
664 1940 979 1997 Verbum.»
995 1940 1106 1995 Lac
1126 1958 1257 1995 vero
1284 1940 1450 1997 nobis
1474 1941 1868 2007 administrat,
1900 1978 1950 2043 Β

205 2046 343 2083 cum
368 2028 510 2084 dicit
530 2046 579 2083 ει(
600 2030 725 2085 Non
749 2028 999 2095 occides,
1020 2046 1134 2084 non
1158 2030 1227 2084 ad
1240 2028 1577 2096 ulterabis,»
1592 2034 1646 2084 et
1666 2034 1875 2084 caetera

203 2116 574 2188 hujusmodi.
602 2118 670 2173 Et
712 2134 816 2190 per
844 2117 1046 2173 viuum
1081 2117 1461 2190 intelligenda
1492 2122 1631 2172 sunt
1661 2134 1875 2173 arcana

203 2205 538 2262 divinorum
592 2206 983 2279 eloquiorum,
1014 2223 1118 2279 per
1170 2206 1259 2261 lac
1310 2206 1557 2277 simplex
1606 2206 1875 2261 doctrina

202 2312 334 2367 qua?
367 2295 639 2350 convenit
671 2294 1049 2367 parvulorum
1084 2294 1240 2362 fidei,
1272 2290 1424 2350 sicut
1448 2294 1759 2367 Apostolus
1792 2293 1875 2348 di-

203 2383 324 2439 cit:
356 2384 523 2439 «Lac
553 2383 716 2439 vobis
764 2390 967 2456 potum
1002 2384 1131 2439 dedi
1176 2402 1290 2439 non
1339 2402 1558 2452 escam,
1610 2384 1871 2438 nondum

205 2472 367 2528 enim
400 2471 701 2543 poteratis.
732 2494 760 2520 ››

280 2583 308 2609 ‹‹
334 2561 521 2626 Quare
544 2560 875 2632 appenditis
900 2564 1209 2634 argentum
1236 2578 1351 2615 non
1386 2560 1444 2615 in
1478 2560 1787 2632 panibus,»
1814 2561 1871 2616 id

205 2653 323 2719 est,
347 2665 463 2703 non
484 2648 543 2703 in
575 2649 860 2705 doctrinis
892 2649 1324 2721 spiritualibus,
1352 2674 1377 2699 ‹‹
1405 2656 1461 2704 et
1490 2650 1747 2705 laborem
1779 2667 1872 2704 ve-

208 2740 405 2791 strum
439 2754 556 2792 non
580 2736 638 2792 in
668 2737 1059 2793 saturitate?»
1083 2737 1351 2809 Increpat
1376 2737 1548 2792 modo
1573 2738 1795 2792 scribas
1818 2742 1875 2792 et

209 2824 558 2895 Pharisazos,
575 2825 993 2899 hzereticosque
1018 2844 1082 2881 ac
1107 2825 1487 2899 philos0phus
1511 2828 1796 2898 gentium,
1816 2830 1875 2880 et

207 2930 417 2969 omnes
430 2913 531 2986 qui
550 2913 785 2971 illorum
808 2932 1110 2987 perversas
1124 2915 1422 2970 doctrinas
1447 2914 1873 2986 simulatasque

208 3002 562 3059 traditiones
596 3008 1115 3076 sectantur,quare
1144 3004 1475 3075 expendant
1508 3003 1629 3058 sive
1659 3020 1871 3058 consu-

209 3095 379 3146 mant
398 3091 648 3147 nitorem
670 3091 1015 3164 eloquentiae
1050 3092 1107 3149 in
1143 3091 1450 3165 superficie
1472 3092 1701 3157 litterze,
1728 3096 1783 3146 et
1812 3090 1871 3145 in

208 3182 476 3237 humana
495 3181 784 3254 sapientia
806 3182 863 3236 in
883 3182 1100 3254 quibus
1123 3199 1238 3237 non
1264 3182 1552 3254 reperitur
1572 3181 1743 3253 panis
1761 3179 1874 3252 Spi-

207 3269 463 3338 ritualis,
490 3270 560 3325 de
586 3287 702 3343 quo
728 3275 1029 3333 saturetur
1058 3271 1277 3335 anima,
1303 3270 1413 3325 hoc
1435 3276 1523 3325 est
1544 3268 1873 3342 spiritualis

1992 704 2145 754 stum
2172 706 2319 756 recte
2342 704 2629 759 credendo
2651 711 2706 759 et
2728 706 2871 759 bene
2890 706 3151 773 vivendo,
3167 706 3265 778 qui
3290 707 3499 762 dixitm
3524 708 3641 779 Ego

1991 805 2121 842 sum
2154 796 2355 861 pastor
2403 792 2591 847 bonus
2614 794 2789 862 (Joan.
2814 798 2892 862 χ).
2922 817 2947 843 n
2973 794 3074 849 Vel
3108 796 3284 849 etiam
3333 792 3641 865 intelligite

1990 875 2045 928 et
2070 878 2348 948 percipite
2371 880 2863 946 bonum,verbum
2889 882 3203 954 Evangelii.
3222 883 3300 937 De
3323 900 3438 954 quo
3460 883 3617 954 etiari

1989 964 2205 1020 dicitur
2229 983 2240 1021 :
2268 990 2291 1015 ‹‹
2322 967 2583 1034 Domine,
2611 986 2799 1024 nonne
2824 971 3042 1025 bonum
3074 988 3270 1026 semen
3296 969 3598 1026 seminasti

1989 1053 2191 1121 (Matth.
2218 1060 2340 1124 xm)
2375 1082 2394 1105 ιι
2424 1058 2492 1111 Et
2514 1056 2899 1114 delectabitur
2928 1059 2984 1113 in
3020 1058 3411 1115 crassitudine
3439 1059 3639 1113 anima

1986 1148 2195 1207 vestra,
2226 1143 2281 1197 id
2315 1149 2425 1210 est,
2450 1145 2507 1199 in
2540 1146 2855 1203 virtutibus
2885 1153 2941 1202 et
2972 1148 3235 1202 doctrina
3264 1145 3580 1219 spirituali.

2059 1254 2085 1277 ‹‹
2114 1231 2394 1286 Inclinato
2419 1250 2621 1288 aurem
2645 1240 2956 1303 vestram,»
2974 1236 3079 1290 hoc
3101 1241 3189 1291 est
3216 1234 3518 1291 humiliter
3538 1253 3638 1291 au-

1986 1317 2105 1372 dite
2132 1336 2283 1386 me,u
2304 1327 2361 1376 et
2385 1323 2627 1387 venite,»
2656 1323 2940 1379 subaudis
2965 1324 3036 1379 ad
3068 1342 3180 1393 me,
3207 1342 3321 1380 non
3352 1310 3507 1395 loco,
3533 1320 3633 1380 sed

1986 1408 2214 1476 merito,
2241 1414 2396 1465 recte
2428 1412 2736 1478 credendo,
2760 1415 2817 1466 et
2846 1412 2992 1467 bene
3011 1412 3274 1468 vivendo.
3299 1436 3326 1462 «
3350 1413 3580 1479 Audite,
3603 1434 3632 1463 η

1984 1495 2042 1549 id
2073 1501 2161 1551 est
2191 1497 2419 1553 obedite
2450 1499 2643 1554 verbis
2674 1500 2839 1567 meis,
2865 1524 2891 1550 ‹‹
2917 1505 2973 1556 et
3000 1500 3149 1556 vivet
3169 1499 3367 1557 anima
3385 1504 3636 1568 vestra,»

1984 1585 2291 1651 subaudis,
2325 1586 2384 1640 in
2415 1586 2531 1642 vita
2562 1592 2776 1642 acterna
2806 1588 3077 1646 habendo
3116 1589 3177 1643 in
3218 1606 3280 1645 se
3319 1576 3503 1645 Deum
3535 1589 3637 1662 qui

1984 1679 2221 1745 praestat
2250 1675 2426 1730 vitam
2458 1675 2517 1730 in
2551 1693 2614 1731 se
2642 1677 3038 1733 credentibus.
3068 1701 3089 1727 ιι
3117 1677 3186 1733 Et
3216 1677 3419 1733 feriam
3452 1677 3639 1733 vobis-

1984 1779 2117 1817 cum
2148 1768 2386 1835 pactum
2419 1765 2866 1836 sempiternum,
2902 1765 3334 1822 misericordias
3364 1764 3542 1821 David
3575 1764 3637 1821 fi-

1982 1850 2199 1905 deles.»
2219 1853 2303 1907 Ad
2324 1852 2558 1909 Judzeos
2580 1852 2841 1926 loquitur
2862 1856 2994 1911 ista.
3022 1854 3213 1911 Ferire
3236 1853 3489 1910 dicimus
3511 1871 3636 1927 per-

1984 1944 2201 1995 cutere.
2233 1940 2393 1996 Unde
2438 1940 2653 1997 dicitur
2685 1959 2734 1997 :«
2765 1941 3056 1998 Percussit
3098 1942 3393 1999 Abraham
3444 1942 3634 2000 {cadus

1985 2026 2136 2097 (Gen.
2158 2032 2290 2097 1.1),»
2314 2026 2369 2081 id
2399 2031 2488 2083 est
2518 2028 2769 2084 hostiam
2803 2045 2907 2101 pro
2928 2030 3140 2085 ﬁndere
3170 2034 3226 2086 et
3254 2034 3445 2103 pacto.
3471 2030 3635 2087 Sicut

1984 2113 2199 2185 legitur
2218 2115 2275 2169 in
2292 2115 2482 2170 Veteri
2495 2117 3033 2191 Testamento,quia
3045 2119 3329 2175 Dominus
3346 2119 3634 2192 sanguine

1985 2201 2648 2273 hircorum,vitulorum,
2662 2210 2719 2260 et
2740 2223 3047 2278 agnorum,
3063 2204 3428 2263 confirmavit
3446 2208 3634 2264 fmdus

1983 2292 2137 2363 quod
2170 2293 2462 2363 percussit
2491 2311 2624 2348 cum
2658 2293 2795 2349 filiis
2826 2295 3023 2361 Israel,
3048 2296 3197 2351 dans
3227 2296 3313 2352 eis
3346 2295 3631 2369 legitima.

1985 2381 2196 2435 Fmdus
2221 2382 2375 2452 quod
2410 2382 2628 2454 pepigit
2648 2383 2953 2438 nobiscum
2976 2383 3035 2438 in
3056 2385 3212 2440 Novo
3234 2385 3632 2440 Testamento.

1983 2470 2272 2541 sanguine
2304 2470 2432 2525 Filii
2466 2472 2556 2525 sui
2598 2472 2986 2541 conﬁrmavit,
3011 2474 3245 2545 quando
3277 2472 3437 2529 dedit
3465 2473 3636 2528 nobis

1984 2558 2581 2630 Evangelium.Quare
2602 2564 2799 2615 autem
2819 2560 3016 2628 dicit,«
3035 2565 3092 2616 et
3115 2562 3317 2617 feriam
3337 2561 3637 2618 vobiscum

1983 2652 2220 2719 pactum
2258 2649 2743 2720 sempiternum,»
2766 2665 2901 2703 cum
2924 2649 3069 2704 illud
3104 2667 3218 2705 non
3250 2649 3641 2722 permanserit

1985 2734 2340 2790 (eternaliter
2369 2753 2506 2791 cum
2555 2736 2709 2792 illis?
2740 2738 2849 2793 Sed
2905 2737 3212 2793 sciendum
3258 2743 3369 2806 est,
3402 2737 3540 2809 quia
3568 2738 3639 2793 de

1983 2824 2174 2895 gratia
2207 2824 2347 2878 Novi
2371 2825 2727 2880 Testauienti
2752 2826 2911 2880 dicit.
2934 2826 3047 2881 Lex
3077 2827 3232 2881 enim
3257 2830 3314 2881 et
3342 2826 3637 2898 prophetas

1984 2928 2169 2983 usque
2208 2912 2280 2965 ad
2330 2912 2640 2978 Joannem,
2670 2930 2739 2967 ex
2782 2930 2848 2969 eo
2896 2930 3144 2986 regnum
3193 2914 3288 2969 Dei
3321 2910 3525 2982 (Matth.
3550 2915 3635 2983 ιι),

1984 2999 2042 3053 id
2076 3004 2161 3053 est
2194 2999 2572 3071 Evangelium
2603 3001 3007 3068 annuntiatur,
3032 3002 3188 3073 quod
3209 3001 3637 3074 sempiternum

1982 3087 2201 3142 dicitur
2231 3104 2381 3153 esse,
2406 3089 2547 3160 quia
2577 3106 2691 3144 non
2725 3089 2995 3144 succedet
3033 3090 3083 3144 ei
3126 3088 3308 3146 altera
3336 3088 3447 3145 lex.
3472 3088 3638 3147 Unde

1984 3182 2041 3233 et
2090 3177 2347 3233 Joannes
2392 3177 2451 3231 in
2498 3177 2843 3250 Apocalypsi
2896 3195 3023 3246 sua,
3075 3177 3219 3233 dicit
3266 3194 3329 3234 se
3364 3199 3391 3231 α
3418 3178 3638 3234 vidisse

1983 3265 2362 3338 Evangelium
2386 3269 2665 3321 aeternum
2686 3268 2866 3338 (Apoc.
2889 3269 3067 3335 x1v).»
3089 3267 3251 3332 Quod
3273 3271 3471 3322 autem
3494 3266 3639 3324 dicit

146 3416 159 3432 ι
212 3358 627 3431 intelligentia,
652 3357 752 3414 ubi
784 3365 875 3414 est
905 3359 1161 3432 cognitio
1192 3358 1361 3431 panis
1393 3358 1530 3424 veri,
1558 3358 1656 3430 qui
1683 3358 1867 3412 dixit:
1902 3344 1945 3411 (ἶ
1986 3355 2443 3423 misericordias,
2477 3355 2533 3410 id
2579 3360 2670 3410 est
2715 3355 3136 3427 promissiones
3183 3356 3365 3412 David
3412 3355 3636 3426 fideles,

212 3471 239 3497 ‹‹
268 3447 390 3519 Ego
414 3464 547 3502 sum
568 3447 738 3519 panis
759 3448 924 3503 vivus
947 3448 1128 3520 (Joan.
1152 3447 1274 3518 vn).
1300 3470 1325 3495 υ
1345 3449 1667 3518 Argentum
1689 3444 1870 3513 enim,

212 3535 369 3591 sicut
398 3535 531 3591 aliis
560 3536 620 3590 in
651 3535 796 3593 locis
830 3536 1110 3604 diximus,
1145 3535 1437 3607 significat
1475 3535 1725 3590 nitorem
1759 3534 1872 3591 elo-

213 3624 493 3697 quentiae.
517 3624 687 3681 Multi
716 3629 856 3680 sunt
888 3625 1050 3694 (dicit
1081 3625 1286 3679 beatus
1309 3624 1644 3697 Gregorius)
1667 3624 1767 3695 qui
1799 3623 1875 3679 le-

210 3717 363 3787 gunt
377 3713 535 3769 dicta
554 3713 974 3787 prophetarum
992 3712 1360 3785 aliarumque
1380 3713 1711 3768 divinarum
1727 3713 1876 3769 Scri-

212 3803 655 3875 pturarum,sed
687 3819 802 3858 non
834 3803 1136 3874 reperiunt
1166 3802 1226 3856 iu
1250 3800 1333 3856 eis
1365 3818 1547 3873 panes
1570 3819 1635 3856 ex
1657 3800 1874 3874 quibus

213 3892 287 3949 ad
312 3890 679 3947 saturitatem
698 3890 1208 3964 perveniant,quia
1225 3890 1594 3945 solummodo
1617 3889 1873 3945 litteram

212 3979 527 4051 requirunt
549 3996 674 4052 qua:
698 3978 1007 4048 occidit,et
1028 3977 1395 4050 spiritualem
1425 3977 1873 4050 intelligentiam

212 4066 428 4124 nolunt
450 4067 784 4140 perquirere
805 4084 933 4140 qua:
951 4067 1225 4135 vivificat,
1243 4070 1300 4121 et
1321 4066 1419 4121 ubi
1442 4065 1766 4138 spiritualis
1786 4070 1877 4121 est

211 4156 389 4229 panis
413 4173 530 4229 quo
552 4156 752 4211 anima
771 4158 1075 4213 saturatur
1089 4156 1139 4226 (1
1153 4160 1277 4214 Cor.
1300 4153 1672 4223 m).Gentiles
1694 4154 1873 4209 etiam

213 4246 424 4319 legunt
442 4246 737 4302 humanos
754 4244 956 4311 libros,
973 4244 1348 4316 multumque
1365 4243 1445 4297 ibi
1462 4243 1729 4299 laborant
1745 4259 1878 4298 con-

212 4335 509 4392 sumendo
557 4334 811 4390 nitorem
859 4333 1225 4406 eloquentiae,
1256 4333 1356 4389 sed
1411 4350 1528 4388 non
1577 4336 1878 4387 merentur

214 4421 638 4495 saturari,quia
658 4421 985 4497 spiritualis
1006 4420 1392 4495 intelligentia
1412 4421 1471 4475 in
1494 4420 1610 4476 illis
1632 4419 1877 4475 minime

216 4510 610 4569 continetur.«
634 4510 846 4566 Audite
890 4511 1196 4567 audientes
1234 4513 1419 4578 me,et
1452 4509 1739 4565 comedite
1770 4509 1876 4565 bo—

219 4593 470 4669 n'umfet
500 4598 885 4656 delectabitur
904 4598 963 4654 in
985 4599 1376 4655 crassitudine
1407 4598 1606 4654 anima
1625 4603 1877 4654 vestra.»

217 4689 476 4747 Auditus
498 4688 559 4744 in
586 4704 753 4745 sacro
783 4687 1019 4761 eloquia
1046 4687 1433 4761 spiritualiter
1461 4692 1550 4743 est
1578 4686 1878 4759 requiren-

222 4779 356 4843 dus,
380 4781 446 4832 ut
468 4776 612 4832 illud
637 4794 687 4832 :«
707 4776 816 4843 Qui
837 4777 1013 4833 habet
1034 4793 1205 4832 aures
1229 4777 1429 4832 audiat
1451 4777 1632 4849 (Apoc.
1658 4778 1741 4848 ιι),
1765 4798 1793 4826 ››
1822 4776 1880 4830 id

222 4871 334 4933 est,
358 4866 461 4938 qui
494 4866 671 4921 habet
701 4865 1152 4939 intelligentiam
1184 4866 1416 4933 mentis,
1444 4865 1732 4938 intelligat
1752 4883 1878 4938 quae

222 4956 493 5011 dicturus
514 4971 670 5011 sum.
685 4954 804 5010 Ista
817 4955 973 5010 enim
996 4955 1276 5010 comestio
1295 4953 1672 5026 spiritualiter
1691 4960 1779 5010 est
1802 4972 1881 5010 re-

220 5043 530 5116 quirenda,
547 5043 702 5098 sicut
723 5047 780 5098 et
800 5043 901 5099 illa
921 5044 991 5099 de
1010 5060 1126 5116 qua
1147 5041 1262 5099 alio
1283 5044 1341 5097 in
1364 5043 1488 5099 loco
1509 5043 1723 5098 dicitur
1745 5061 1791 5097 ει
1819 5044 1877 5099 Si

221 5130 536 5187 nudieritis
566 5149 681 5199 me,
702 5133 855 5187 bona
885 5135 1049 5187 terra:
1081 5133 1400 5188 comedetis
1421 5134 1596 5202 (Deut.
1622 5137 1880 5200 xxvni)»

218 5220 385 5275 Sicut
405 5220 566 5276 enim
590 5238 804 5293 corpus
826 5221 1192 5277 incrassatur
1209 5222 1399 5293 epulis
1417 5221 1776 5289 carnalibus,
1799 5223 1883 5278 ita

218 5307 420 5364 anima
442 5308 702 5365 reﬁcitur
736 5313 794 5364 et
821 5308 1227 5383 impinguatur
1248 5310 1529 5366 doctrinis
1561 5298 1883 5383 spirituali-

222 5397 339 5453 bus
369 5401 429 5452 et
449 5396 787 5454 virtutibus.
813 5402 891 5453 De
922 5398 1031 5454 hac
1055 5399 1444 5455 crassitudine
1471 5400 1611 5455 dicit
1644 5399 1887 5456 Psalmi-

220 5489 315 5541 sta
336 5502 386 5541 :u
408 5485 573 5542 Sicut
589 5487 760 5560 adipe
777 5492 835 5544 et
856 5487 1210 5560 pinguedine
1226 5487 1521 5560 repleatur
1537 5488 1735 5544 anima
1756 5506 1888 5544 mea

220 5575 400 5645 (Paul.
427 5579 582 5646 um).
608 5599 637 5625 »
659 5577 728 5632 Et
751 5592 765 5632 :
791 5598 819 5627 ‹‹
845 5576 1235 5649 Impinguasti
1259 5572 1318 5630 in
1341 5575 1466 5633 oleo
1489 5570 1665 5649 caput
1686 5592 1886 5633 meum

222 5664 398 5738 (Psal.
421 5668 582 5735 xxn).
609 5688 637 5714 ››
657 5665 868 5722 Audite
911 5666 1151 5740 (inquit)
1175 5665 1481 5722 audientes
1530 5683 1643 5734 me,
1674 5665 1733 5722 id
1775 5672 1883 5737 est,

224 5751 539 5829 intelligite
558 5770 689 5827 qua:
709 5770 817 5828 ego
840 5754 1108 5811 dicturus
1129 5760 1262 5813 sum
1285 5753 1386 5829 qui
1416 5753 1646 5812 habetis
1668 5753 1885 5814 intelli-

562 5880 840 5943 PATROL.
884 5880 1088 5945 CXVI.

1986 3444 2271 3499 subaudis
2294 3444 2665 3500 Conlirmabo
2695 3445 3018 3514 vobiscum,
3045 3462 3159 3502 non
3192 3445 3263 3501 de
3292 3445 3473 3501 David
3504 3461 3638 3517 rege

1986 3551 2094 3588 suo
2127 3531 2242 3587 Isai
2274 3532 2724 3605 intelligendum
2756 3538 2866 3605 est,
2890 3533 2992 3589 sed
3026 3535 3097 3589 de
3118 3533 3437 3591 Christo'i‘n
3468 3536 3639 3607 cujus

1987 3622 2240 3694 ﬁguram
2290 3620 2389 3677 ille
2438 3622 2742 3693 processit.
2766 3622 2983 3678 Omnes
3014 3624 3171 3680 enim
3219 3608 3640 3698 promissiones

1988 3728 2115 3782 quae
2145 3710 2217 3766 ad
2252 3710 2431 3765 David
2467 3712 2629 3765 factae
2661 3716 2820 3778 sunt,
2851 3711 2922 3766 de
2952 3711 3184 3769 Christo
3215 3713 3473 3768 fuerunt.

2059 3822 2087 3849 ‹‹
2120 3799 2265 3853 Ecce
2300 3802 2507 3854 testem
2538 3798 2770 3870 populis
2800 3800 2955 3866 dedi,
2983 3801 3193 3855 ducem
3224 3817 3291 3855 ac
3321 3804 3637 3873 pracepto-

1985 3905 2109 3943 rem
2143 3886 2429 3959 gentium.
2456 3887 2618 3942 »Vox
2648 3887 2749 3942 Dei
2781 3887 2969 3944 Patris
2996 3890 3066 3944 de
3097 3888 3448 3959 Filio,quem
3480 3888 3640 3943 dedit

1986 3981 2196 4032 testem
2216 3974 2585 4046 populis,hoc
2599 3980 2687 4031 est
2702 3974 2761 4029 in
2774 3976 3176 4033 testimonium
3194 3975 3541 4047 populorum
3553 3981 3639 4046 ,‘ut

1986 4068 2275 4137 pra-cepta
2308 4062 2468 4117 illius
2489 4067 2663 4134 atque
2685 4065 2963 4119 mandata
2988 4063 3107 4119 illis
3127 4062 3522 4137 annuntiaret,
3537 4065 3637 4137 qui

1988 4154 2057 4209 de
2081 4170 2141 4208 se
2164 4152 2291 4224 ipso
2309 4157 2365 4206 et
2386 4152 2551 4207 Patre
2575 4150 2837 4223 loquitur
2853 4153 3036 4225 :«Ego
3059 4153 3128 4207 ad
3152 4151 3260 4208 hoc
3282 4157 3457 4208 natus
3479 4171 3638 4223 sum,

1987 4246 2054 4297 ut
2077 4240 2483 4296 testimonium
2513 4239 2851 4313 perhibeam
2872 4240 3101 4296 veritati
3122 4245 3310 4317 (Joan.
3327 4241 3545 4316 χνιιι).››
3571 4242 3641 4297 Et

1984 4328 2134 4384 illud
2160 4346 2209 4385 :«
2235 4330 2473 4400 Oportet
2493 4328 2793 4401 praedicari
2812 4328 3193 4402 Evangelium
3214 4328 3454 4387 istud'in
3478 4328 3658 4386 omni

1987 4418 2147 4484 orbe,
2164 4417 2225 4472 in
2246 4418 2653 4474 testimonium
2671 4418 2900 4474 cunctis
2920 4419 3407 4490 gentibuswatth.
3425 4418 3638 4491 xxxv)»

1990 4509 2103 4564 Iste
2134 4512 2225 4562 est
2256 4506 2412 4562 enim
2464 4507 2631 4563 testis
2670 4506 2957 4575 omnium,
2980 4524 3152 4578 quem
3203 4507 3371 4564 Pater
3418 4498 3663 4564 mundo'

1989 4596 2263 4670 promisit
2297 4600 2355 4651 et
2393 4596 2681 4669 praestitit.
2707 4596 2835 4669 Ipse
2873 4601 2963 4652 est
3017 4597 3155 4665 dux,
3189 4596 3327 4670 quia
3359 4596 3640 4653 ducatum

1994 4684 2364 4740 rectitudinis
2384 4685 2633 4757 prmbuit
2651 4685 2775 4740 suis
2792 4684 3086 4752 fidelibus,
3101 4691 3158 4741 et
3178 4687 3303 4757 ipse
3323 4684 3644 4761 introducit

1996 4793 2102 4831 nos
2133 4776 2203 4829 de
2234 4775 2482 4829 terrenis
2515 4775 2585 4829 ad
2637 4774 3189 4847 contemplationem
3219 4771 3321 4831 Dei
3367 4772 3558 4830 Patris
3587 4777 3644 4829 et

1992 4882 2185 4932 suam,
2204 4864 2356 4919 sicut
2388 4864 2511 4936 ipse
2534 4863 2673 4918 dicit
2697 4881 2744 4919 ει
2770 4864 2950 4918 Nemo
2970 4858 3129 4919 venit
3149 4863 3220 4918 ad
3255 4863 3505 4929 Patrem,
3529 4858 3643 4919 nisi

1991 4972 2092 5026 per
2122 4971 2212 5008 me
2235 4958 2418 5021 (Joan.
2438 4952 2612 5023 xiv),»
2642 4955 2769 5025 Ipse
2791 4956 2879 5007 est
2897 4952 3074 5007 etiam
3098 4956 3417 5026 prazceplor
3446 4952 3646 5008 noster

1996 5048 2052 5098 et
2085 5042 2500 5116 magister,qui
2534 5059 2641 5096 nos
2664 5043 2830 5097 docet
2858 5042 3011 5096 viam
3041 5041 3320 5112 veritatis,
3336 5041 3435 5114 qui
3459 5040 3639 5096 dixit:

1996 5155 2023 5183 «
2048 5133 2210 5187 Unus
2242 5136 2332 5187 est
2363 5131 2645 5204 magister
2672 5137 2861 5186 vester
2892 5130 3158 5186 Christus
3180 5131 3381 5204 (Matth.
3405 5131 3587 5201 XXIII).
3614 5153 3642 5179 »

1992 5248 2017 5272 (ι
2045 5223 2189 5276 Ecce
2220 5226 2426 5293 gentes
2450 5237 2596 5292 quas
2620 5220 2921 5275 nesciebas
2945 5220 3197 5288 vocabis,
3213 5225 3272 5276 et
3291 5224 3495 5293 gentes
3515 5224 3644 5292 quae

1997 5318 2051 5367 te
2075 5329 2189 5367 non
2213 5314 2630 5383 cognoverunt,
2655 5309 2726 5362 ad
2753 5312 2807 5363 te
2827 5313 3117 5385 current.»
3139 5308 3472 5381 Alloquitur
3490 5306 3644 5363 Deus

1995 5401 2164 5455 Pater
2193 5399 2406 5455 Filium
2440 5413 2616 5454 suum
2640 5397 2711 5452 de
2741 5396 3039 5453 vocatione
3062 5397 3326 5469 gentium
3347 5396 3419 5451 ad
3440 5396 3642 5467 ﬁdem,

1995 5493 2052 5544 et
2073 5488 2225 5560 quod
2251 5489 2323 5542 ad
2359 5504 2493 5542 eum
2529 5489 2881 5541 concurrant
2909 5489 3134 5557 gentes,
3159 5502 3285 5557 quae
3312 5490 3445 5541 ante
3473 5482 3645 5541 illum

1997 5559 2112 5633 non
2145 5559 2577 5649 cognoscebant
2615 5590 2716 5647 per
2762 5575 2934 5631 fidem
2970 5578 3027 5629 et
3072 5573 3467 5631 dilectionem.
3500 5572 3644 5630 EcCe

1998 5666 2230 5743 (inquit)
2241 5669 2443 5739 gentes
2460 5680 2607 5737 quas
2628 5662 2967 5736 ignorabas,
2974 5666 3212 5737 propter
3226 5661 3642 5743 idalolatriam,

1995 5742 2232 5819 vocabis
2264 5773 2297 5814 θ.
2328 5754 2562 5815 cultura
2589 5769 2736 5811 vana
2758 5752 2829 5810 ad
2852 5752 3029 5812 ﬁdem
3049 5756 3213 5811 tuam
3235 5758 3341 5828 per
3359 5742 3648 5831 apostolo-

3247 5887 3325 5955 32
