3956 6440
353 430 510 492 1003

772 430 1187 494 HAYMONIS
1218 427 1763 525 HALBERS’I‘AT.
1798 425 2048 491 EPISC.
2084 425 2256 491 OPP.
2294 428 2495 490 PARS
2526 428 2573 488 Ι.
2609 461 2685 473 —-
2715 424 3122 489 COMMENT.
3155 425 3355 488 BIBL.

3623 426 3770 487 1004

349 580 481 622 rum
517 568 753 620 tuorum
789 563 1282 636 praedicationem.
1307 564 1376 618 Et
1397 566 1600 636 gentes
1631 580 1758 636 qua;
1780 579 1895 618 non
1918 579 2010 618 co-
2040 561 2093 630 Α
2123 565 2180 618 et
2210 562 2507 634 antiquas,
2542 561 2761 633 quibus
2800 578 2834 616 a
2872 559 3121 617 Domino
3170 558 3519 627 declinabat,
3543 559 3771 631 quando

350 644 678 728 gnoverunt
698 658 751 708 te
769 656 941 707 antea
958 669 1061 724 per
1083 652 1281 718 fidem,
1299 653 1370 707 ad
1396 656 1450 707 te
1469 656 1707 706 current
1725 651 2019 707 dicentes:

357 764 380 793 α
416 742 682 812 Domine,
716 741 1009 813 refugium
1059 742 1250 796 factus
1297 757 1362 797 es
1408 741 1582 797 nobis
1602 741 1782 808 (Psal.
1815 740 1966 811 xnv).
1994 761 2021 788 »

355 831 468 886 Istc
489 832 578 884 est
607 829 762 885 Deus
795 834 1011 897 noster,
1037 847 1213 902 quem
1250 830 1742 902 exspectavimus.
1769 829 1848 885 De
1882 829 2022 899 isto-

350 915 486 983 ium
521 918 634 974 ﬁde
666 919 889 974 dictum
912 922 1001 974 est
1023 920 1299 991 superius
1325 936 1336 974 :
1364 920 1591 985 Quibus
1612 937 1731 973 non
1765 923 1853 973 est
1884 936 2023 990 prae-

356 1006 617 1063 dicatum
649 1008 721 1063 de
742 1024 830 1074 eo,
846 1007 1149 1063 videbunt.
1174 1009 1246 1063 Et
1274 1008 1332 1063 in
1358 1008 1657 1080 evangelio
1680 1009 1751 1063 de
1775 1008 1921 1079 ipsis
1946 1006 2023 1062 lo-

357 1094 558 1170 quitur
576 1096 865 1153 Dominus
888 1113 936 1152 τε
965 1096 1125 1153 Beati
1146 1097 1468 1170 (inquiens)
1487 1097 1588 1169 qui
1612 1114 1725 1152 non
1749 1098 2024 1151 viderunt

357 1190 414 1243 et
461 1186 836 1243 crediderunt
866 1188 1050 1259 (Joan.
1074 1186 1190 1259 xx).
1218 1210 1245 1235 »
1278 1186 1559 1258 Sequitur
1594 1203 1607 1243 :
1639 1186 1710 1240 Et
1757 1186 1867 1241 hoc
1901 1186 2016 1253 ﬁet,

359 1298 388 1326 «
416 1279 655 1349 propter
674 1275 991 1332 Dominum
1018 1276 1203 1331 Deum
1232 1280 1423 1343 tuum,
1444 1280 1499 1331 et
1523 1279 1792 1330 sanctum
1821 1274 2017 1343 Israel,

358 1365 500 1440 quia
530 1364 883 1439 glorificabit
912 1370 986 1421 te.
1013 1389 1040 1413 η
1060 1364 1390 1437 Aliquando
1421 1382 1588 1420 sacra
1618 1364 1920 1436 Scriptura
1950 1365 2020 1420 de

359 1452 662 1511 divinitate
680 1454 807 1510 Filii
831 1454 931 1511 Dei
953 1455 1238 1527 loquitur,
1255 1455 1571 1527 aliquando
1592 1456 1664 1510 de
1684 1453 2020 1509 humanita-

357 1534 523 1604 te.Et
542 1544 777 1616 quando
799 1544 870 1599 de
894 1543 1010 1599 Deo
1034 1542 1425 1616 loquitur,qui
1450 1567 1474 1593 ‹‹
1495 1543 1554 1598 in
1586 1542 1874 1615 principio
1897 1546 2021 1598 erat

358 1632 514 1689 Deus
530 1632 786 1688 Verbum
811 1620 966 1705 apud
998 1633 1183 1688 Deum
1216 1632 1445 1687 Patrem
1468 1634 1652 1703 (Joan.
1678 1635 1778 1702 Il,»
1805 1632 2021 1688 dicitur

360 1721 530 1799 Pater
550 1720 1022 1794 gloriseQuando
1042 1738 1177 1776 vero
1199 1722 1270 1777 de
1291 1738 1356 1776 eo
1380 1721 1478 1792 qui
1507 1721 1648 1776 dicit
1676 1721 1735 1776 in
1759 1722 2016 1794 Evange-

358 1808 631 1882 lio,quod
649 1833 676 1861 «
700 1827 792 1865 me
819 1809 1242 1883 persequimini
1267 1810 1565 1865 hominem
1586 1810 1684 1882 qui
1712 1800 2016 1865 veritatem

357 1898 568 1997 loquor
585 1898 953 1997 vobis-(leaf:
978 1898 1505 1997 vm),».app‘ellatur
1524 1900 1692 1955 Pater
1712 1899 1890 1955 divini
1914 1917 2017 1955 no-
2047 1932 2097 1997 Β

359 1987 464 2044 stri
481 1988 623 2044 Jesu
636 1988 870 2045 Christi.
891 1988 1055 2044 Sicut
1071 1989 1129 2043 in
1154 1988 1265 2044 isto
1282 1988 1427 2056 loco,
1444 2006 1578 2044 cum
1598 1989 1833 2056 dicitur,
1850 1996 2020 2061 prop:

358 2080 448 2133 ter
466 2077 781 2133 Dominum
806 2077 1035 2134 Patrem
1054 2078 1237 2133 Deum
1257 2082 1424 2133 tuum
1448 2082 1505 2133 et
1520 2082 1790 2133 sanctum
1816 2077 2015 2148 Israel,

360 2166 499 2238 quia
529 2166 880 2239 gloriﬁcabit
910 2171 985 2235 te,
1012 2184 1080 2223 ex
1109 2172 1371 2240 tempore
1397 2185 1463 2222 ea
1493 2167 1679 2240 gloria
1710 2185 1885 2240 quam
1918 2167 2020 2223 ha-

359 2254 489 2310 buit
519 2254 647 2328 ipsa
676 2254 952 2311 divinitas
998 2261 1130 2311 ante
1163 2257 1362 2311 omnia
1408 2254 1621 2311 smeula
1669 2256 2019 2313 zeternaliter

359 2340 494 2399 cum
528 2345 675 2417 ipso.
702 2345 1229 2401 GloriﬁcavitDeus
1263 2346 1432 2400 Pater
1460 2344 1668 2400 Filium
1698 2346 1755 2400 in
1790 2347 2016 2418 baptis-

360 2437 538 2501 mate,
558 2434 793 2505 quando
825 2433 971 2489 dixit
996 2452 1007 2489 :
1028 2458 1053 2483 ‹‹
1082 2434 1181 2489 llic
1212 2439 1300 2489 est
1330 2434 1512 2489 Filius
1544 2452 1712 2490 meus
1744 2434 2014 2503 dilectus,

358 2522 419 2578 in
452 2539 568 2595 quo
595 2522 741 2577 mihi
774 2522 1160 2596 complacui.»
1183 2523 1539 2579 Glorificavit
1569 2525 1745 2579 etiam
1788 2540 1922 2579 eum
1956 2524 2015 2578 in

359 2612 548 2666 morte
577 2615 635 2666 et
666 2611 724 2666 in
757 2612 1029 2684 passione
1064 2614 1421 2668 resuscitans
1453 2630 1587 2667 eum
1620 2630 1654 2668 a
1683 2613 1952 2669 mortuis.

433 2722 460 2749 ‹‹
483 2698 731 2765 Quaerite
753 2698 1067 2755 Dominum
1094 2701 1235 2754 dum
1258 2699 1505 2755 inveniri
1528 2704 1735 2772 potest,
1756 2699 2017 2755 invocate

358 2802 495 2843 eum
529 2787 671 2843 dum
702 2805 882 2861 prope
915 2794 1023 2844 est.
1052 2813 1078 2837 »
1097 2789 1387 2861 Propheta
1436 2788 1757 2860 alloquitur
1783 2789 2018 2846 Judzeos

358 2875 461 2949 qui
480 2875 796 2932 noluerunt
808 2877 1061 2950 recipere
1079 2877 1514 2934 misericordias
1526 2882 1582 2932 et
1600 2876 2019 2949 promissiones

360 2982 491 3038 qua:
515 2965 677 3021 tactae
700 2960 842 3022 sunt
861 2967 931 3021 ad
955 2965 1156 3034 David,
1171 2970 1237 3021 ut
1258 2971 1524 3039 qumrant
1544 2966 1857 3021 Dominum
1884 2983 2019 3035 cum

357 3058 596 3127 tempus
616 3059 704 3110 est
725 3059 782 3110 et
800 3055 986 3125 locus,
1002 3055 1058 3110 id
1079 3056 1325 3111 cstdum
1349 3055 1549 3110 vivunt
1570 3056 1628 3110 in
1653 3055 1761 3111 hoc
1783 3055 2016 3112 saeculo.

357 3146 439 3200 Ac
472 3144 520 3200 si
552 3144 770 3200 diceret
798 3145 980 3212 :Quia
1009 3162 1146 3219 ergo
1185 3144 1461 3201 noluistis
1506 3146 1760 3217 recipere
1790 3145 2020 3202 miseri-

360 3232 591 3289 cordias
614 3250 740 3305 qua:
764 3233 927 3288 factae
956 3239 1096 3288 sunt
1118 3234 1187 3288 ad
1213 3233 1417 3300 David,
1442 3233 1539 3287 sed
1566 3237 1768 3305 gentes
1790 3249 2019 3305 recepe-

2133 648 2281 706 dixit
2308 650 2392 705 illi
2420 668 2433 706 :
2467 672 2493 703 α
2522 650 2739 722 thuid
2771 649 3041 723 cogitatis
3072 647 3229 704 mala
3274 648 3335 704 in
3384 648 3656 704 cordibus
3683 663 3773 703 ve-

2133 738 2272 794 stris
2305 739 2506 813 (Mauh.
2542 740 2708 809 1x)?»
2745 763 2772 789 ‹‹
2806 741 2879 795 Et
2926 742 3251 796 revertatur
3292 739 3365 794 ad
3404 736 3715 793 Dominum
3745 759 3775 787 »

2133 830 2457 885 secundum
2507 829 2649 885 illud
2686 847 2699 886 :
2728 852 2756 881 ‹‹
2788 828 3021 885 Declina
3052 846 3087 885 a
3118 827 3295 895 malo,
3328 831 3385 884 et
3426 827 3516 882 fac
3560 827 3776 883 bonum

2132 919 2303 987 (Psal.
2323 922 2567 989 xxxvn)»
2587 943 2614 969 «
2640 920 2709 974 Et
2737 919 3113 974 miserebitur
3137 918 3316 988 ejus»
3340 916 3676 973 revertentis
3703 916 3776 971 ad

2132 1023 2214 1076 se,
2239 1030 2267 1057 ‹‹
2289 1008 2430 1081 quia
2458 1026 2575 1064 non
2598 1008 2724 1064 vult
2743 1012 2990 1064 mortem
3021 1005 3359 1080 peccatoris,
3383 1006 3482 1061 sed
3509 1004 3693 1077 magis
3713 1009 3781 1060 ut

2130 1101 2503 1152 convertatur
2523 1102 2580 1152 ct
2598 1097 2751 1153 vivat
2776 1120 2802 1147 ››
2822 1099 2996 1168 (Esca.
3012 1099 3197 1167 xvm).
3226 1116 3252 1149 α
3271 1096 3342 1151 Et
3361 1095 3432 1151 ad
3456 1095 3637 1150 Deum
3671 1111 3781 1150 no-

2131 1189 2377 1257 strum,»
2404 1186 2690 1242 subaudis
2711 1190 3037 1242 revertatur
3056 1190 3300 1258 uterque
3325 1183 3579 1257 populus
3605 1183 3780 1256 pomi-

2128 1275 2373 1330 tentiam
2399 1277 2643 1348 agendo,
2673 1298 2694 1325 ι
2722 1276 3001 1349 quoniam
3028 1274 3251 1330 multus
3273 1277 3363 1330 est
3380 1273 3452 1329 ad
3475 1272 3780 1346 ignoscen-

2130 1363 2293 1432 dum,
2321 1387 2349 1415 »
2374 1364 2486 1421 hoc
2515 1369 2625 1432 est,
2660 1382 2892 1438 semper
2920 1367 3011 1421 est
3041 1368 3281 1436 paratus
3330 1362 3401 1417 ad
3452 1360 3780 1417 misericor-

2129 1452 2310 1508 diam.
2335 1453 2429 1510 Sic
2461 1454 2617 1509 enim
2649 1453 2791 1510 dicit
2819 1452 3131 1509 Psalmista
3155 1469 3203 1508 ;‹‹
3228 1449 3623 1507 Misericordia
3651 1451 3781 1522 ejus

2128 1558 2308 1615 super
2353 1542 2553 1598 omnia
2600 1561 2777 1615 opera
2827 1544 2956 1615 ejus
2987 1542 3159 1612 (Psal.
3192 1540 3399 1613 cxuv).
3428 1563 3448 1590 ι
3484 1539 3601 1595 Hoc
3646 1556 3781 1596 vero

2128 1632 2285 1702 quod
2318 1631 2574 1687 diximus
2609 1632 2899 1705 pertinere
2945 1630 3278 1704 specialiter
3307 1628 3378 1685 ad
3418 1627 3693 1701 gentilem
3724 1632 3783 1684 et

2126 1719 2439 1776 Judaicum
2465 1720 3153 1793 populum,dcrelinquat
3172 1717 3393 1792 impius
3411 1718 3564 1774 viam
3587 1734 3778 1788 suam,

2126 1807 2184 1863 id
2211 1812 2301 1865 est
2324 1809 2613 1866 actionem
2640 1827 2808 1865 suam
2836 1826 3097 1883 pravam,
3118 1813 3176 1865 et
3195 1808 3282 1864 vir
3312 1808 3552 1880 iniquus
3570 1806 3784 1879 cogita-

2126 1897 2317 1955 tiones
2348 1916 2487 1956 suas
2531 1916 2853 1972 perversas,
2877 1899 2948 1954 ad
2999 1911 3489 1971 unumquemque
3518 1898 3781 1969 peccato-

2130 2004 2251 2043 rem
2280 1988 2480 2043 referri
2503 2006 2616 2044 non
2644 1988 2962 2061 incongrue
2985 1991 3199 2060 potest,
3221 1986 3320 2059 qui
3344 1984 3693 2058 cogitatione
3725 1988 3782 2040 et

2128 2095 2299 2150 opere
2330 2079 2641 2151 delinquit,
2675 2083 2739 2133 ut
2769 2094 2951 2151 agens
2981 2076 3385 2150 paenitentiam
3418 2074 3519 2131 Dei
3555 2073 3782 2130 miseri-

2127 2167 2836 2241 cordiamjconsequatur.
2862 2168 3027 2222 Tunc
3056 2166 3213 2222 enim
3243 2166 3314 2221 ad
3348 2163 3662 2221 Dominum
3693 2179 3781 2217 re-

2125 2257 2412 2311 vertimur
2440 2262 2497 2311 et
2528 2258 2651 2329 ipse
2701 2255 3077 2312 miserebitur
3120 2255 3306 2310 nostri
3340 2254 3481 2326 quia
3527 2251 3781 2308 multum

2128 2346 2462 2402 misericors
2492 2351 2601 2413 est,
2634 2363 2768 2401 cum
2811 2345 3195 2417 cogitationes
3243 2348 3300 2397 et
3339 2343 3462 2398 vias
3504 2341 3784 2415 pristinas

2128 2435 2551 2507 relinquentes,
2581 2434 2899 2489 virtutibus
2931 2432 3303 2489 inservimus.

2199 2545 2225 2570 ‹‹
2251 2522 2375 2577 Non
2399 2520 2555 2576 enim
2580 2520 2962 2594 cogitationes
2989 2537 3130 2575 mea?
3151 2518 3533 2591 cogitationes
3552 2522 3780 2586 vestrae,

2128 2627 2316 2682 neque
2337 2610 2439 2664 viae
2461 2613 2663 2665 vestra:
2684 2610 2787 2664 viae
2820 2625 2982 2676 meae,
3008 2608 3149 2663 dicit
3175 2606 3516 2663 Dominus»
3545 2606 3628 2661 Ne
3651 2606 3785 2679 quis

2127 2699 2425 2755 dubitaret
2457 2700 2526 2755 de
2557 2699 2747 2755 salute
2779 2698 3093 2770 utriusque
3136 2695 3359 2770 populi,
3382 2700 3440 2753 et
3470 2696 3625 2769 quod
3659 2696 3784 2769 ipse

2130 2805 2244 2844 non
2274 2788 2490 2845 valeret
2526 2792 2832 2860 peccatum
2877 2787 3069 2859 operis
3101 2791 3159 2841 et
3190 2785 3565 2859 cogitationis
3594 2784 3781 2841 omni-

2128 2878 2241 2932 bus
2272 2876 2597 2950 indulgere,
2621 2875 2750 2933 ideo
2798 2874 2941 2931 talia
2970 2873 3136 2930 dixit.
3166 2876 3238 2930 Et
3282 2878 3373 2930 cst
3414 2891 3623 2930 sensus
3654 2891 3668 2929 :
3702 2874 3782 2929 Ne

2130 2965 2348 3038 putetis
2369 2965 2608 3021 difﬁcile
2634 2983 2783 3034 esse,
2804 2963 3173 3037 impossibile
3194 2963 3341 3019 mihi
3363 2962 3586 3020 salvare
3606 2980 3783 3037 popu-

2129 3054 2254 3109 lum
2291 3054 2997 3125 Judaeorum,'omnesque
3023 3051 3269 3126 gentiles
3298 3053 3484 3109 Deum
3516 3053 3784 3125 ignoran-

2130 3142 2389 3200 tcszhoc
2429 3143 2886 3209 considerantes,
2910 3142 3067 3215 quod
3103 3141 3292 3197 multa
3339 3142 3417 3220 sit
3458 3140 3782 3198 differentia

2129 3232 2285 3289 inter
2315 3249 2447 3288 mea
2477 3231 2722 3289 consilia
2749 3235 2806 3287 et
2843 3234 3056 3296 vestra,
3091 3231 3474 3305 cogitationes
3522 3247 3682 3287 meas
3711 3246 3780 3285 ac

361 3326 501 3378 runt
523 3340 642 3392 eas,
663 3346 690 3373 «
717 3323 871 3395 agite
894 3321 1295 3394 paenitentiam
1319 3326 1373 3376 et
1395 3322 1801 3377 convertimini
1822 3324 1893 3377 ad
1918 3323 2022 3377 Do-
2052 3303 2094 3370 (ἶ
2127 3326 2373 3391 vestras,
2403 3326 2461 3378 et
2490 3339 2682 3378 meam
2731 3325 3005 3376 naturam
3046 3324 3102 3376 et
3146 3303 3422 3376 vestram.
3449 3320 3572 3375 Non
3622 3318 3779 3375 enim

358 3412 589 3468 minum
618 3412 762 3466 dum
785 3416 1019 3483 tempus
1042 3411 1292 3466 habetis.
1314 3434 1334 3463 ι
1364 3411 1444 3465 De
1466 3410 1575 3465 hoc
1596 3415 1856 3483 tempore
1879 3412 2023 3467 dicit

356 3500 711 3572 Apostolus:
742 3521 764 3550 α
792 3500 939 3553 Ecce
986 3504 1431 3570 nunc.tempus
1479 3500 1854 3571 acceptabile,
1889 3517 2021 3556 ecce

358 3605 518 3645 nunc
568 3587 694 3643 dies
744 3586 955 3642 salutis
988 3587 1060 3658 (II
1085 3591 1205 3644 Cor.
1232 3588 1370 3660 vx).»
1400 3586 1463 3641 In
1515 3588 1786 3658 praesenti
1836 3587 2019 3660 siqui-

360 3676 496 3731 dem
528 3677 722 3747 potest
752 3673 1020 3742 inveniri,
1045 3691 1161 3730 non
1192 3673 1317 3729 loco
1351 3674 1450 3731 sed
1486 3674 1694 3729 merito
1727 3675 1881 3744 fidei,
1918 3676 2020 3731 sed

357 3764 419 3820 in
450 3763 649 3819 futuro
681 3780 795 3818 non
830 3763 1069 3818 dabitur
1111 3781 1301 3835 neque
1347 3763 1534 3831 locus,
1565 3781 1754 3836 neque
1785 3768 2020 3837 tempus

358 3855 545 3910 Deum
577 3852 898 3927 quaerendi,
928 3853 1027 3908 sed
1060 3852 1310 3908 vivendi.
1337 3855 1702 3926 QuaprOptcr
1728 3877 1754 3905 ‹‹
1780 3854 2019 3926 qumritc

356 3960 493 4001 eum
518 3942 659 3998 dum
681 3942 927 3997 inveniri
950 3946 1161 4015 potest,
1187 3942 1327 3997 dum
1352 3942 1495 3998 estis
1517 3943 1575 3997 in
1600 3945 2017 4015 corpore,dum

358 4034 532 4089 datur
549 4031 715 4088 locus
735 4031 1146 4104 pcenitentize.»
1161 4033 1501 4098 Quaeramus
1522 4049 1657 4087 eum
1676 4036 1733 4087 et
1753 4050 1882 4099 nos,
1901 4050 2018 4089 non

356 4121 484 4178 loco
514 4122 616 4178 sed
648 4122 784 4177 ﬁde.
819 4122 1162 4189 Quaeramus
1217 4126 1370 4178 recte
1419 4123 1728 4191 credendo,
1754 4123 1901 4179 bene
1935 4124 2017 4178 vi-

355 4211 564 4280 vendo,
596 4211 746 4267 bene
777 4211 1224 4283 perseverando,
1248 4215 1305 4265 et
1334 4210 1442 4266 hoc
1471 4228 1605 4266 cum
1638 4210 2018 4284 simplicitate

356 4300 572 4369 cordis,
605 4304 673 4355 ut
703 4297 849 4355 illud
877 4316 925 4354 :«
952 4299 1147 4371 Sapite
1180 4299 1249 4354 de
1281 4300 1531 4355 Domino
1563 4299 1623 4354 in
1656 4300 1935 4369 bonitate,
1961 4306 2019 4356 et

356 4389 417 4444 in
449 4387 829 4461 simplicitate
868 4388 1062 4443 cordis
1100 4387 1341 4460 quazrite
1373 4388 1541 4444 illum
1574 4390 1724 4462 (Sap.
1759 4392 1878 4459 1),.»
1911 4391 2017 4447 Se-

354 4477 559 4550 quitur
580 4494 628 4533 :u
657 4477 924 4533 Invocate
949 4493 1083 4532 eum
1108 4478 1251 4532 dum
1280 4494 1458 4550 prope
1489 4481 1596 4545 est,
1622 4500 1649 4528 »
1676 4478 1731 4532 id
1765 4483 1853 4533 est
1874 4479 2017 4535 dum

352 4566 690 4635 vacat,dum
714 4570 950 4638 tempus
970 4570 1079 4621 est.
1103 4566 1285 4639 Prope
1306 4571 1394 4622 est
1415 4566 1571 4621 enim
1596 4568 1873 4624 omnibus
1906 4568 2015 4623 Do-

2130 3412 2287 3467 sicut
2316 3411 2700 3484 cogitationes
2731 3426 2870 3465 meas
2900 3408 3304 3465 immutabiles
3334 3412 3491 3477 sunt,
3521 3408 3603 3463 ita
3632 3406 3782 3480 cogi-

2130 3501 2381 3557 tationes
2410 3504 2615 3556 vestrae
2660 3502 2819 3555 sunt.
2846 3499 2993 3565 Quia
3044 3497 3428 3570 cogitationes
3474 3495 3779 3553 hominum

2126 3608 2289 3647 vana:
2332 3594 2490 3647 sunt.
2523 3590 2723 3662 Neque
2772 3592 2839 3645 ut
2888 3588 3015 3654 vim,
3047 3587 3104 3643 id
3152 3591 3242 3644 est
3288 3586 3548 3643 actiones
3578 3588 3778 3641 vestrae

2129 3684 2403 3736 tortuosae
2431 3684 2487 3736 et
2514 3697 2721 3752 pravae.
2752 3702 2773 3729 α
2796 3677 2914 3733 Via:
2947 3694 3089 3733 meae
3120 3682 3261 3734 sunt
3291 3675 3691 3732 immutabiles
3722 3678 3779 3729 et

2129 3774 2298 3826 rectae
2317 3773 2502 3838 (Prov.
2526 3766 2921 3839 x1x).»Multa2
2944 3766 3101 3823 enim
3125 3765 3510 3840 cogitationes
3529 3764 3588 3820 in
3610 3764 3780 3820 corde

2128 3859 2257 3926 viri,
2283 3858 2595 3914 consilium
2630 3861 2825 3913 autem
2866 3855 3101 3912 Domini
3132 3860 3189 3912 et
3218 3854 3492 3928 cogitatio
3524 3854 3694 3909 ﬁrma
3719 3852 3778 3907 in

2094 3982 2101 3987 ο
2129 3952 2410 4003 aeternum
2443 3946 2724 4003 manebit.
2756 3945 2922 4001 Unde
2951 3949 3007 4001 ct
3037 3944 3312 4001 subditur
3339 3961 3354 4000 :

2204 4058 2232 4088 «
2262 4036 2409 4104 Quia
2439 4035 2593 4092 sicut
2621 4033 2954 4091 exaltantur
2983 4033 3111 4090 caeli
3145 4051 3180 4089 a
3207 4037 3380 4102 terra,
3406 4032 3489 4088 sic
3520 4030 3781 4087 exaltatm

2129 4130 2269 4182 sunt
2296 4125 2398 4180 viae
2432 4142 2572 4180 meae
2596 4147 2623 4176 n
2649 4122 2891 4180 stabiles
2915 4147 2943 4174 ‹‹
2967 4140 3001 4179 a
3019 4122 3129 4179 viis
3159 4122 3370 4179 vestris
3394 4145 3421 4172 ››
3452 4120 3778 4195 fragilibus,

2128 4236 2157 4263 ‹‹
2192 4219 2249 4269 et
2282 4213 2665 4286 cogitationes
2696 4229 2835 4268 mea:
2863 4236 2883 4262 ιι
2913 4212 3036 4267 ﬁxa:
3063 4233 3091 4262 «
3113 4228 3147 4267 a
3176 4210 3627 4284 cogitationibus
3657 4226 3779 4264 ves-

2128 4303 2236 4358 tris
2260 4326 2287 4352 »
2319 4302 2822 4369 vanis.Quantum
2872 4300 3052 4357 distat
3099 4300 3310 4356 calum
3359 4317 3393 4356 a
3442 4304 3593 4356 terra
3621 4298 3782 4371 (quia

2128 4391 2287 4447 aliud
2320 4390 2726 4448 habitaculum
2749 4395 2838 4447 est
2870 4389 3236 4464 angelorum,
3262 4388 3420 4445 aliud
3452 4388 3780 4456 hominum)

2126 4485 2361 4537 tantum
2394 4481 2779 4554 cogitationes
2800 4480 2899 4536 Dei
2932 4484 2989 4536 et
3016 4480 3120 4535 via:
3147 4497 3181 4536 a
3205 4477 3655 4551 cogitationibus
3682 4476 3778 4532 ho-

2128 4570 2356 4625 minum
2382 4574 2438 4625 et
2458 4569 2566 4625 viis
2597 4569 2840 4639 distant,
2865 4574 2921 4626 et
2951 4568 3138 4624 multo
3169 4567 3444 4641 amplius,
3469 4566 3605 4639 quia
3631 4564 3780 4639 cogi-

352 4655 551 4711 minus
570 4654 706 4712 sein
724 4654 2018 4731 veritateinvocantibus(Psal.cxuv),»longe
2048 4675 2095 4739 D
2127 4659 2380 4715 tationes
2412 4663 2469 4714 et
2498 4659 2601 4713 via:
2632 4658 2944 4714 hominum
2976 4675 3165 4731 pravae
3196 4661 3337 4713 sunt
3365 4660 3423 4713 et
3453 4654 3773 4724 instabiles,

353 4749 548 4800 autem
580 4747 670 4799 est
717 4744 791 4799 ab
838 4743 957 4799 illis
987 4744 1087 4815 qui
1121 4744 1193 4799 ab
1226 4746 1354 4816 ejus
1383 4745 1685 4803 voluntate
1736 4748 2017 4803 recedunt

352 4833 668 4905 peccando.
685 4832 851 4888 Sicut
870 4832 1027 4887 enim
1052 4834 1597 4906 appropinquamus
1624 4836 1672 4890 ei
1700 4836 1869 4891 bonis
1888 4854 2019 4909 ope-

352 4920 517 4978 ribus
548 4920 940 4986 inserviendo,
974 4939 1089 4976 non
1142 4921 1197 4977 in
1234 4922 1380 4989 loco,
1417 4924 1518 4979 sed
1566 4923 1914 4996 elongamus
1945 4927 2016 4981 ab

352 5008 452 5066 illo
472 5008 632 5065 vitiis
654 5008 1009 5066 insudando.
1036 5009 1198 5066 Unde
1222 5011 1345 5083 ipse
1367 5012 1509 5067 dicit
1534 5030 1637 5084 per
1655 5014 1971 5069 Jeremiam
1999 5032 2012 5071 :

358 5120 380 5148 ι
414 5098 534 5172 Ego
566 5098 722 5154 Deus
753 5096 1237 5170 appropinquans
1270 5099 1354 5155 eis
1386 5100 1484 5173 qui
1518 5101 1660 5156 mihi
1698 5104 2014 5174 appropin-

352 5191 542 5259 quant
571 5187 705 5254 fide,
729 5192 787 5243 et
810 5187 982 5260 longe
1004 5189 1281 5245 recedens
1303 5190 1376 5245 ab
1399 5190 1491 5245 his
1513 5191 1611 5262 qui
1638 5209 1671 5246 a
1694 5208 1787 5247 me
1809 5192 2013 5263 procul

351 5276 637 5332 recedunt
679 5275 740 5331 in
791 5275 1140 5332 infidelitate
1173 5278 1309 5350 (Jer.
1334 5280 1516 5351 xxm).
1545 5302 1571 5327 ››
1593 5281 1663 5334 Et
1712 5281 2013 5351 apostolus

349 5360 618 5435 loquitur
647 5366 1025 5421 credentibus
1058 5383 1071 5420 :
1100 5388 1127 5415 ‹‹
1150 5368 1632 5440 Appropinquate
1661 5368 1929 5437 Domino,
1955 5375 2013 5426 et

348 5450 851 5526 appropinquabit
878 5454 1046 5511 vobis
1078 5456 1217 5526 (Jac.
1252 5460 1353 5525 IV.)
1385 5478 1406 5507 ι

417 5560 448 5587 ‹‹
479 5537 859 5615 Derelinquat
881 5541 1161 5613 impius,»
1185 5545 1422 5618 gentilis
1444 5545 1711 5601 videlicet
1733 5548 2011 5619 populus,

348 5622 555 5708 («vigui-ﬂ
577 5640 805 5699 suam,»
820 5630 1039 5686 malam
1060 5635 1118 5685 et
1138 5635 1508 5704 pristinam,«
1525 5639 1583 5689 et
1602 5634 1690 5689 vir
1712 5634 1971 5708 iniquus,
1982 5661 2010 5688 »

341 5705 636 5805 Jp'daicus
657 5717 880 5778 scilicet
895 5718 1206 5793 populus,«
1222 5723 1607 5798 cogitationes
1627 5740 1768 5781 suas
1784 5705 2011 5785 {malas

2128 4748 2227 4803 Dei
2253 4752 2448 4803 autem
2472 4748 2874 4804 immutabiles
2891 4752 2949 4803 et
2973 4746 3451 4820 promptissima.
3470 4744 3549 4800 De
3570 4744 3778 4816 cogita-

2128 4836 2388 4892 tionibus
2417 4836 2571 4893 enim
2606 4836 2706 4892 Dei
2728 4841 2785 4892 et
2804 4837 2912 4893 viis
2936 4835 3184 4892 dicitur:
3212 4832 3617 4891 Inscrutabilia
3641 4836 3779 4888 sunt

2129 4925 2349 4998 judicia
2370 4926 2518 4997 ejus,
2539 4930 2594 4981 et
2614 4925 3049 4998 investigabiles
3071 4925 3174 4979 via:
3197 4925 3346 4995 ejus.
3373 4922 3451 4977 De
3474 4921 3774 4976 hominum

2123 5031 2259 5069 vero
2291 5014 2535 5071 consilio
2561 5014 2811 5070 dicitur:
2838 5015 3251 5086 Cogitaverunt
3283 5009 3770 5083 consilium,quod

2126 5120 2242 5158 non
2276 5107 2594 5175 potuerunt
2625 5102 2908 5159 stabilire.
3578 5093 3582 5099 ’

2198 5215 2224 5241 ‹‹
2259 5193 2329 5247 Et
2362 5192 2653 5263 quomodo
2684 5191 2988 5247 descendit
3026 5191 3216 5246 imber
3246 5194 3303 5245 et
3332 5189 3430 5244 nix
3459 5189 3528 5244 de
3557 5186 3718 5253 cmlo,
3746 5209 3765 5234 ι

2123 5282 2178 5337 id
2215 5285 2322 5348 est,
2347 5282 2420 5336 de
2467 5282 2749 5349 nubibus,
2776 5303 2804 5331 «
2837 5285 2894 5336 et
2925 5280 3065 5336 illuc
3097 5280 3256 5335 ultra
3286 5296 3399 5334 non
3449 5276 3767 5346 revertitur,

2123 5370 2221 5426 sed
2257 5369 2512 5426 inebriat
2540 5374 2757 5426 terram
2784 5392 2806 5422 ι
2836 5386 2943 5426 suo
2967 5386 3116 5441 rore,
3147 5392 3167 5419 σι
3195 5374 3252 5426 et
3272 5367 3526 5424 infundit
3546 5382 3695 5433 eam,
3719 5370 3769 5419 et

2121 5460 2453 5533 germinare
2473 5476 2602 5516 eam
2627 5460 2785 5528 facit,
2806 5465 2861 5515 et
2884 5460 2984 5514 dat
3005 5475 3206 5516 semen
3230 5456 3464 5528 serenti,
3487 5460 3544 5511 et
3563 5469 3764 5527 panem

2121 5549 2446 5606 comedenti
2473 5565 2485 5604 :
2512 5549 2596 5604 sic
2618 5549 2729 5604 erit
2748 5549 2989 5605 verbum
3026 5564 3281 5617 meum,»
3308 5546 3363 5601 id
3395 5548 3502 5612 est,
3535 5548 3765 5599 senten-

2119 5638 2201 5695 tia
2232 5655 2383 5706 mea,
2407 5638 2564 5710 quod
2597 5637 2935 5711 egredietur
2968 5638 3037 5692 de
3069 5653 3167 5692 ore
3198 5652 3347 5691 meo.
3373 5657 3399 5684 ‹‹
3434 5634 3557 5688 Non
3587 5648 3762 5687 rever-

2118 5732 2276 5787 tetur
2300 5728 2373 5784 ad
2396 5744 2488 5785 me
2508 5743 2784 5800 vacuum,
2807 5727 2906 5783 sed
2938 5727 3110 5784 faciet
3132 5739 3494 5803 quaecunque
3516 5720 3693 5793 volui,
3715 5722 3766 5777 et
