3956 6390
230 478 387 542 1013

1279 474 1688 539 COMMENT.
1734 474 1811 535 IN
1859 470 2254 537 ISAIAM.—
2298 477 2447 539 LIB.
2491 478 2600 542 III.

3486 477 3640 541 1014

228 616 392 686 patre
421 608 654 667 diabolo
684 608 825 665 estis
858 612 1039 678 (Joan.
1062 607 1185 681 vm)
1210 626 1222 663 :
1253 631 1279 657 ››
1302 626 1416 664 non
1452 626 1553 680 per
1582 612 1874 675 naturam,
1905 604 1965 673 Α
1993 609 2047 661 te
2080 608 2237 680 regio
2260 615 2618 681 unguento.»
2646 611 2752 667 Per
2779 615 3028 667 stratum
3052 611 3148 669 hic
3169 612 3454 669 debemus
3475 609 3646 668 intel-

228 702 328 757 sed
351 718 454 774 per
468 698 846 755 imitationes.
867 697 1159 754 Scelestus
1175 697 1350 753 homo
1368 697 1582 751 dicitur
1597 695 1870 753 crudelis.

225 790 297 847 Et
318 788 401 843 illi
424 787 740 845 crudeliter
759 802 825 841 ac
848 784 1114 857 nequiter
1135 787 1404 855 agebant,
1420 786 1653 857 quando
1676 784 1875 839 relicto

225 876 343 933 Deo
366 893 499 931 vero
532 874 703 929 idolis
733 873 1083 939 serviebant,
1108 877 1164 927 et
1184 872 1296 927 diis
1328 871 1534 927 alienis
1558 873 1707 927 ﬁlios
1737 889 1877 927 suos

225 964 636 1021 immolabant.
668 963 879 1018 Semen
912 961 1162 1016 mendax
1190 966 1376 1025 erant,
1410 962 1548 1033 quia
1578 961 1875 1016 diabolum

225 1053 633 1118 imitabantur,
660 1051 760 1124 qui
786 1054 875 1107 est
906 1050 1158 1105 mandax
1179 1050 1353 1121 (sicut
1384 1050 1667 1106 Dominus
1700 1052 1801 1118 ait)
1823 1054 1882 1105 et

225 1147 392 1216 pater
415 1142 564 1213 ejus,
601 1140 657 1195 id
698 1144 806 1207 est,
842 1138 1153 1205 mendacii,
1179 1144 1343 1211 pater
1391 1143 1447 1193 et
1495 1144 1698 1193 auctor
1725 1140 1887 1210 ejus.

226 1232 345 1287 Hoc
374 1247 507 1285 vero
529 1229 684 1301 quod
714 1229 876 1298 dicit,
902 1226 1000 1300 qui
1025 1227 1409 1282 consolamini
1437 1228 1491 1281 in
1517 1228 1631 1281 diis
1652 1227 1877 1298 alienis,

225 1320 283 1375 id
318 1324 427 1390 est,
451 1317 551 1390 qui
583 1315 952 1372 delectamini
988 1316 1043 1369 in
1075 1315 1187 1370 diis
1220 1317 1420 1370 subter
1449 1334 1619 1371 omne
1652 1316 1878 1388 lignum

224 1409 593 1475 frondosum,
611 1406 983 1461 immolantes
1002 1404 1273 1476 parvulos
1292 1406 1347 1459 in
1368 1406 1727 1461 torrentibus
1750 1424 1815 1461 su
1826 1407 1883 1461 b-

225 1502 315 1555 ter
344 1496 724 1553 imminentes
756 1499 951 1567 petras
976 1511 988 1549 :
1016 1494 1073 1547 in
1094 1492 1242 1548 libro
1265 1494 1489 1565 Regum
1518 1499 1574 1549 et
1596 1494 1883 1566 Paralipo-

226 1603 441 1643 menon
463 1582 722 1657 apertius
746 1582 1175 1648 manifestatur,
1193 1582 1288 1636 ubi
1316 1582 1532 1637 dicitur
1554 1584 1706 1654 quod
1732 1583 1882 1639 ﬁlios

226 1692 369 1731 suos
400 1678 458 1729 et
490 1672 642 1727 ﬁlias
666 1672 926 1727 fecerunt
947 1670 1198 1726 transire
1231 1687 1333 1742 per
1362 1669 1579 1742 ignem,
1604 1675 1661 1727 et
1683 1672 1885 1727 subter

224 1763 391 1836 ligna
416 1777 751 1827 numerosa,
785 1764 842 1814 et
874 1759 931 1813 in
974 1758 1335 1814 torrentibus
1367 1764 1424 1813 et
1456 1760 1660 1814 subter
1690 1759 1883 1814 inuni-

227 1854 432 1908 nentes
465 1854 661 1923 petras
708 1848 1047 1903 obtulerunt
1089 1846 1260 1905 idolis
1309 1846 1615 1902 sacriﬁcia.
1646 1847 1724 1902 De
1775 1847 1883 1902 hac

1987 692 2166 767 ligere
2200 698 2575 767 adulterium,
2600 701 2753 773 quod
2806 701 2863 757 in
2915 705 3103 756 stratu
3134 704 3429 774 operatur,
3460 704 3518 757 et
3546 717 3649 774 per

1986 800 2230 841 manum
2266 789 2659 858 operationem
2705 790 3137 859 irreverentem,
3171 795 3235 846 ut
3278 789 3355 845 sit
3384 806 3597 846 sensus
3629 806 3643 845 :

1986 872 2249 929 Dilexisti
2284 877 2641 931 adulterium
2664 896 2841 933 manu
2871 883 3091 951 aperta,
3118 878 3176 933 id
3206 882 3315 948 est,
3338 877 3465 934 sine
3494 893 3652 935 vera.

1986 963 2200 1018 cundia
2230 970 2285 1019 et
2312 967 2647 1037 operatione
2679 967 3036 1035 irreverenti,
3063 971 3119 1023 et
3150 966 3372 1022 ornasti
3403 971 3460 1022 et
3492 984 3639 1039 prm-

1987 1054 2205 1123 parasti
2241 1059 2295 1108 te
2330 1060 2629 1123 unguento
2670 1056 2846 1125 regio,
2873 1055 2928 1110 id
2963 1061 3051 1110 est
3090 1054 3400 1122 diabolico,
3424 1054 3524 1128 qui
3557 1058 3647 1111 est

1988 1158 2086 1196 rex
2115 1160 2292 1214 super
2314 1161 2518 1198 omnes
2550 1143 2700 1197 ﬁlios
2732 1144 3037 1215 Sllpt‘l‘blm.
3061 1143 3164 1198 Vel
3188 1147 3486 1216 unguento
3507 1161 3647 1215 pra:-

1990 1231 2207 1301 parasti
2243 1236 2295 1286 to
2330 1233 2507 1301 regio,
2543 1231 2597 1285 id
2633 1238 2741 1291 est.
2777 1232 2929 1287 idolo
2972 1231 3362 1287 Moabitarum
3387 1249 3400 1287 :
3426 1232 3581 1303 quod
3613 1248 3648 1287 a

1991 1320 2348 1390 quibusdam
2373 1320 2597 1373 Moloeh
2625 1320 2710 1373 vel
2737 1320 2999 1374 Melchon
3028 1319 3375 1392 appellatur,
3400 1324 3456 1375 et
3478 1320 3650 1374 inter-

1991 1412 2254 1480 pretatur
2280 1426 2395 1464 mc.
2422 1409 2523 1463 Cui
2554 1426 2613 1463 se
2648 1410 3011 1479 praeparabat
3036 1406 3393 1463 Hierusalem
3416 1412 3473 1463 et
3504 1407 3650 1463 mul-

1990 1496 2294 1569 tiplicabat
2316 1498 2639 1569 pigmenta,
2662 1502 2725 1551 ut
2747 1501 2957 1551 ornatu
2984 1514 3090 1552 suo
3113 1500 3168 1551 et
3191 1497 3366 1552 odore
3398 1496 3650 1570 placeret

1991 1586 2357 1641 amatoribus
2395 1586 2540 1642 suis.

2068 1699 2093 1725 α
2120 1674 2331 1730 Misisti
2365 1674 2588 1746 legatos
2620 1679 2751 1729 tuos
2784 1672 3045 1746 procul,»
3068 1674 3374 1740 subaudis,
3398 1675 3469 1730 ad
3492 1675 3648 1730 defe-

1992 1764 2173 1818 renda
2207 1762 2380 1830 idola,
2404 1768 2461 1817 et
2508 1763 2918 1817 conducendos
2969 1767 3283 1830 amatores,
3308 1785 3335 1813 «
3366 1766 3423 1817 et
3451 1762 3646 1818 humi-

1992 1851 2133 1906 liata
2162 1868 2225 1907 es
2258 1869 2441 1923 usque
2473 1850 2709 1917 inferos,
2741 1875 2760 1900 ι
2796 1850 2853 1904 id
2908 1856 3015 1918 est,
3060 1855 3295 1922 propter
3342 1867 3517 1923 opera
3547 1854 3649 1907 tua

224 1938 629 2037 immolatione
650 1936 793 2037 dicit
816 1935 1163 2037 Psalm’i'sta':
1191 1958 1217 1983 ‹‹
1243 1934 1700 2037 immolaverunt
1733 1935 1882 1990 ﬁlios
1912 1971 1962 2037 Β
1995 1940 2150 1994 mala
2180 1939 2543 2011 praecipitata
2563 1957 2625 2037 es
2655 1939 2713 1994 in
2738 1943 3006 1994 mortem.
3031 1940 3100 1994 Et
3131 1943 3219 1995 est
3249 1956 3493 1995 sensus:
3520 1940 3645 2037 Non

227 2045 370 2085 suos
399 2030 456 2083 et
487 2025 640 2082 ﬁlias
670 2023 975 2080 daemoniis
996 2023 1169 2091 (Psal.
1193 2023 1304 2094 (εν).
1332 2046 1359 2071 ››

302 2139 330 2167 ‹‹
364 2117 427 2173 In
460 2115 728 2188 partibus
759 2113 1088 2178 torrentis,»
1114 2111 1171 2166 id
1198 2117 1287 2166 est
1319 2112 1377 2166 in
1412 2111 1553 2183 ripis
1585 2112 1879 2181 torrentis,

225 2224 363 2281 pars
381 2211 506 2271 tua,
521 2222 553 2260 ο
571 2202 1093 2274 Hierusalem,quze
1118 2200 1453 2273 relinquens
1470 2200 1650 2255 altare
1673 2201 1884 2257 domus

225 2294 459 2353 Domini
482 2294 542 2348 in
561 2292 919 2348 torrentibus
940 2289 1235 2345 immolas.
1255 2312 1281 2339 «
1305 2290 1434 2344 llrec
1456 2294 1544 2343 est
1566 2307 1700 2360 pars
1722 2293 1881 2356 tua,»

226 2382 517 2441 subaudis
540 2381 599 2437 in
618 2379 850 2436 cultura
869 2378 1215 2445 idolorum,«
1233 2382 1288 2434 et
1306 2378 1451 2451 ipsis
1466 2377 1724 2433 etfudisti
1744 2377 1885 2433 liba-

226 2490 385 2539 men,
412 2469 677 2527 obtulisti
701 2467 1115 2525 sacriﬁcium.»
1136 2467 1441 2527 Libamina
1462 2471 1599 2520 sunt
1621 2467 1677 2520 in
1702 2466 1885 2539 liqua-

228 2560 513 2625 miuibus,
552 2559 611 2613 in
664 2557 787 2613 oleo
820 2561 875 2612 et
905 2558 1058 2612 vino.
1093 2556 1458 2611 Sacrificium
1494 2555 1552 2610 in
1584 2555 1787 2624 aridis,
1824 2555 1881 2609 in

226 2667 379 2725 pane
421 2653 479 2705 et
517 2646 792 2703 victimis.
820 2668 845 2696 ‹‹
878 2644 1155 2716 Nunquid
1198 2662 1374 2716 super
1414 2644 1526 2710 his,
1558 2666 1582 2691 η
1609 2644 1882 2714 operibus

225 2739 348 2797 tuis
382 2736 678 2811 pessimis,
708 2759 735 2785 ‹‹
771 2752 885 2789 ῐ1οῐ1
919 2732 1322 2805 indignabor,»
1350 2732 1653 2800 subaudis,
1680 2737 1743 2787 ut
1767 2750 1881 2787 non

224 2829 470 2885 reddam
501 2825 605 2881 tibi
633 2825 804 2896 juxta
832 2839 1008 2893 opera
1035 2825 1136 2875 tua
1166 2820 1366 2875 mala?

299 2940 327 2966 ‹‹
352 2917 541 2987 Super
562 2916 821 2967 montem
844 2909 1135 2965 excelsum
1165 2908 1415 2980 posuisti
1437 2907 1628 2963 cubile
1650 2912 1876 2976 tuum,»

224 3009 283 3062 et
314 3008 539 3059 czetera.
563 3000 710 3056 Dicit
738 3000 944 3054 beatus
978 2997 1389 3068 Hieronymus,
1410 2997 1563 3068 quod
1596 2996 1880 3068 tempori-

223 3095 340 3151 bus
381 3091 543 3148 Isaia:
602 3089 721 3143 haec
782 3086 1032 3142 maxime
1064 3085 1448 3157 contigerant,
1475 3086 1711 3156 quando
1767 3084 1879 3139 sub

224 3198 362 3254 rege
382 3180 572 3237 Acbaz
596 3193 800 3234 omnes
821 3176 1049 3230 montes
1066 3172 1297 3229 cultura
1318 3174 1649 3228 daemonum
1677 3173 1877 3246 repleti

224 3275 387 3329 sunt.
413 3269 475 3325 In
507 3266 808 3323 montibus
830 3264 987 3321 enim
1011 3261 1253 3319 excelsis
1287 3263 1580 3334 ponebant
1609 3262 1881 3319 cubicula

1992 2029 2223 2085 suffecit
2254 2030 2356 2084 tibi
2390 2034 2454 2084 ut
2495 2028 2867 2085 solummodo
2900 2029 3175 2084 adorares
3221 2029 3360 2083 deos
3410 2046 3557 2101 quos
3587 2028 3647 2083 in

1992 2118 2239 2173 circuitu
2274 2123 2373 2172 tuo
2423 2124 2623 2190 gentes
2656 2116 2927 2172 colebant
2959 2135 2971 2172 :
3008 2118 3108 2171 sed
3142 2117 3382 2189 insuper
3431 2116 3649 2172 misisti

1992 2206 2193 2279 procul
2215 2208 2273 2260 in
2298 2207 2647 2277 Babylonem
2668 2205 2802 2260 etin
2819 2206 3155 2277 zEgyptum,
3174 2209 3237 2260 ut
3260 2205 3493 2260 illorum
3512 2223 3649 2277 quo-

1991 2312 2104 2367 que
2136 2296 2274 2350 deos
2305 2296 2555 2350 adorans
2576 2294 3017 2349 fornicationem
3044 2299 3209 2349 tuam
3232 2293 3490 2366 explores
3510 2310 3646 2349 cum

1992 2384 2315 2439 cultoribus
2346 2400 2570 2439 eorum.
2596 2384 2760 2449 Quod
2812 2383 2974 2450 dicit,
3008 2382 3321 2438 humiliata
3351 2400 3413 2438 es
3459 2399 3648 2454 usque

1992 2474 2064 2529 ad
2088 2473 2366 2539 infernos,
2383 2491 2496 2527 non
2518 2478 2606 2527 est
2628 2473 2740 2525 ista
2758 2471 3090 2526 humiliatio
3114 2471 3171 2525 in
3190 2471 3403 2526 bonam
3423 2474 3647 2543 partem

1991 2562 2390 2633 intelligenda.
2426 2562 2525 2615 Est
2557 2560 2714 2614 enim
2761 2559 3069 2614 humilitas
3118 2577 3244 2631 qua:
3297 2558 3545 2631 pertinet
3574 2559 3645 2614 ad

1990 2650 2238 2722 gloriam
2272 2666 2285 2703 :
2322 2654 2385 2703 ut
2416 2649 2580 2713 illud,
2608 2674 2631 2697 ‹‹
2670 2648 2873 2704 Omnis
2905 2649 3005 2720 qui
3040 2666 3100 2702 se
3130 2648 3407 2703 humiliat
3432 2646 3647 2703 exalta-

1990 2739 2151 2794 bitur
2180 2740 2328 2809 (Luc.
2363 2755 2459 2792 xw
2491 2741 2547 2791 et
2576 2740 2758 2803 xvul),
2786 2759 2812 2785 ››
2849 2741 2959 2791 etc.
2996 2738 3065 2791 Et
3096 2741 3186 2790 est
3218 2735 3331 2791 alia
3361 2753 3489 2807 quae
3519 2752 3647 2807 per-

1989 2826 2135 2881 tinet
2165 2828 2237 2880 ad
2270 2824 2568 2880 interitum
2595 2829 2652 2878 et
2675 2824 3057 2878 defectionem
3085 2840 3097 2876 :
3121 2829 3185 2879 ut
3205 2826 3295 2878 est
3315 2822 3459 2878 illud
3483 2823 3642 2894 quod

1990 2914 2050 2969 in
2084 2913 2230 2968 libro
2282 2915 2504 2985 Regum
2556 2911 2857 2983 legiturzu
2885 2910 3030 2977 Quia
3078 2910 3409 2967 humiliavit
3453 2912 3641 2966 Amon

1989 3004 2248 3059 Thamar
2277 3017 2534 3056 sororem
2569 3016 2738 3054 suam
2778 3000 2852 3067 (II
2882 3001 3006 3070 Reg,
3030 2999 3174 3070 xm).
3198 3020 3225 3048 ››
3255 3000 3326 3053 Et
3357 2988 3643 3055 Dominus

1989 3090 2130 3145 dicit
2163 3107 2210 3145 :u
2239 3088 2385 3155 Quia
2415 3087 2608 3142 omnis
2638 3086 2738 3158 qui
2771 3104 2831 3142 se
2863 3086 3095 3151 exaltat,
3125 3086 3556 3142 humiliabitur.
3585 3109 3613 3136 ››

2060 3202 2086 3227 ‹‹
2124 3178 2185 3233 In
2238 3175 2616 3231 multitudine
2646 3176 2747 3229 via:
2798 3179 2909 3229 tua;
2958 3174 3260 3240 laborasti,
3286 3198 3313 3224 υ
3346 3174 3403 3230 id
3446 3179 3537 3231 est
3580 3174 3642 3231 in

1992 3266 2195 3322 multis
2226 3264 2553 3321 actionibus
2588 3263 2702 3318 tuis
2735 3264 2947 3335 pravis.
2972 3287 2997 3312 ‹‹
3024 3265 3094 3318 Et
3123 3281 3239 3318 non
3268 3263 3486 3343 dixisti,
3513 3260 3675 3331 Qui?

226 3375 357 3425 sua,
383 3360 447 3411 ut
478 3355 555 3410 ibi
590 3352 883 3409 luxuriam
914 3350 1475 3422 fornicationemquc
1505 3368 1673 3405 suam
1695 3351 1881 3423 exple~
1910 3330 1952 3395 C
1992 3373 2209 3419 eseam,
2235 3377 2261 3404 η
2299 3353 2603 3420 subaudis,
2626 3371 2660 3407 a
2689 3352 2923 3407 cultura
2952 3352 3263 3419 idolorum,
3287 3338 3376 3407 vel
3404 3370 3439 3408 a
3468 3370 3643 3424 pravo

227 3449 379 3503 rent.
398 3446 468 3500 Et
487 3460 601 3498 non
626 3441 816 3497 solum
834 3440 917 3497 eis
939 3440 1047 3496 hoc
1066 3438 1286 3495 malum
1307 3439 1660 3495 sufﬁciebat:
1677 3458 1878 3495 verum

228 3534 410 3591 etiam
443 3537 576 3605 post
606 3529 821 3586 ostium
845 3533 902 3584 et
934 3532 1084 3584 retro
1118 3532 1345 3600 postem
1378 3528 1673 3599 ponebant
1704 3528 1882 3584 simu-

229 3623 409 3689 lacra,
434 3624 499 3676 ut
535 3618 823 3675 intrantes
852 3616 940 3672 vel
972 3620 1250 3671 exeuntes
1292 3633 1523 3688 semper
1570 3618 1883 3673 adorarent

226 3727 317 3776 ea,
351 3709 506 3764 sicut
537 3704 844 3778 sequentia
874 3704 1276 3759 manifestant.

303 3821 331 3849 ‹‹
355 3798 489 3852 Post
521 3792 1031 3865 ostium,rinquit,
1058 3815 1085 3841 ‹‹
1110 3796 1167 3847 et
1197 3796 1349 3847 retro
1375 3796 1601 3863 postem
1636 3792 1884 3864 posuisti

228 3884 571 3945 memoriale
593 3887 822 3949 tuum,»
846 3880 903 3936 id
925 3885 1033 3949 est,
1060 3898 1175 3935 non
1198 3879 1391 3935 solum
1421 3880 1480 3934 in
1510 3882 1809 3937 montibus
1830 3886 1887 3936 et

225 3974 481 4032 vallibus
496 3969 751 4028 adorasti
773 3968 1499 4035 simulacra,verumetiam
1521 3975 1653 4041 post
1669 3971 1883 4025 ostium

228 4068 287 4121 et
308 4068 462 4119 retro
485 4064 731 4133 postem,
756 4058 912 4131 quod
939 4074 1123 4112 unum
1146 4061 1253 4124 est,
1280 4056 1526 4129 posuisti
1549 4057 1888 4114 memoriale

227 4156 421 4217 tuum,
457 4149 514 4203 id
545 4152 654 4215 est,
687 4146 864 4214 idola,
890 4150 955 4201 ut
986 4162 1217 4216 semper
1246 4143 1305 4198 in
1352 4144 1633 4200 memoria
1662 4150 1763 4200 tua
1793 4165 1885 4202 es-

229 4242 382 4305 sent,
403 4241 697 4310 quatenus
719 4234 1022 4307 egrediens
1043 4234 1285 4288 domum
1317 4231 1401 4287 vel
1434 4232 1765 4305 ingrediens
1796 4236 1891 4289 ad-

228 4343 427 4386 orares
446 4343 533 4381 ea.
549 4345 569 4373 ι
586 4324 735 4391 Quia
742 4325 915 4395 juxta
931 4339 1025 4377 me
1042 4319 1490 4392 discooperuisti
1507 4324 1562 4374 et
1580 4322 1890 4393 suscepisti

118 4408 125 4413 ’
230 4416 624 4482 adulterum,»
642 4414 699 4469 id
721 4416 810 4468 est
830 4410 1187 4477 diabolum,«
1208 4408 1469 4465 dilatasti
1487 4408 1678 4465 cubile
1699 4413 1889 4478 tuum,

232 4509 291 4563 et
323 4502 599 4577 pepigisti
622 4518 757 4557 cum
789 4517 855 4555 eo
883 4500 1126 4564 fcedus,»
1154 4497 1440 4553 subaudis
1463 4502 1527 4552 ut
1555 4499 1629 4553 ad
1663 4515 1755 4553 me
1777 4516 1893 4553 non

235 4593 482 4650 redires.
508 4588 791 4663 Loquitur
811 4587 1097 4644 Dominus
1120 4588 1192 4643 ad
1213 4586 1597 4655 Hierusalem,
1625 4592 1683 4643 et
1709 4588 1900 4646 redar-

1989 3461 2179 3517 Opere.
2201 3443 2307 3509 Qui
2331 3441 2595 3497 ambulat
2628 3458 2727 3513 per
2745 3441 2900 3497 viam
2934 3442 3308 3513 regiam,non
3339 3439 3644 3498 declinans

1991 3534 2064 3589 ad
2096 3533 2393 3587 dexteram
2444 3548 2547 3585 nec
2596 3531 2667 3585 ad
2718 3529 3019 3585 sinistram
3054 3548 3066 3585 :
3101 3529 3197 3585 ille
3251 3547 3368 3585 non
3419 3529 3647 3586 laborat

1991 3624 2330 3692 (Joan.x1v),
2360 3644 2379 3671 ι
2408 3623 2517 3674 etc.
2540 3619 2647 3673 Via
2680 3624 2837 3674 recta
2868 3618 3137 3674 Christus
3168 3622 3276 3686 est,
3312 3619 3412 3691 qui
3451 3618 3597 3674 dixit
3629 3636 3643 3674 :

1994 3736 2021 3761 ‹‹
2045 3713 2163 3783 Ego
2188 3727 2319 3765 sum
2341 3707 2689 3775 via,veritas,
2710 3713 2766 3762 et
2786 3707 2960 3762 vita.»
2974 3708 3147 3763 Verbi
3168 3707 3474 3779 gratia,via
3490 3713 3649 3764 recta

1995 3804 2051 3856 et
2082 3800 2242 3873 regia
2272 3804 2360 3853 est
2392 3797 2723 3869 prudentia,
2752 3814 2878 3868 qum
2921 3796 3175 3852 ostendit
3222 3795 3473 3867 qualiter
3497 3798 3649 3852 bona

1995 3888 2231 3962 provide
2262 3886 2721 3952 consideremus,
2755 3888 2812 3939 et
2843 3884 2999 3939 mala
3044 3884 3284 3939 solerter
3315 3900 3643 3940 caveamus.

1996 3977 2104 4043 Qui
2135 3992 2267 4031 vero
2300 3973 2432 4045 plus
2464 3974 2616 4044 sapit
2647 3990 2824 4043 quam
2869 3974 3099 4041 oportet
3140 3987 3363 4042 sapere,
3393 3969 3491 4026 ille
3521 3971 3648 4028 sine

1996 4064 2175 4121 dubio
2198 4063 2268 4117 ad
2292 4063 2586 4116 dexteram
2621 4059 2894 4113 declinat.
2920 4058 3025 4123 Qui
3058 4061 3255 4112 autem
3301 4057 3519 4114 stultus
3560 4060 3650 4113 est

1998 4158 2057 4208 et
2088 4153 2359 4206 incautus
2390 4149 2510 4220 agit
2538 4148 2757 4217 omnia,
2789 4147 2860 4201 ad
2906 4146 3203 4201 sinistram
3238 4146 3439 4217 procul
3470 4146 3649 4201 dubio

2000 4240 2271 4296 declinat.
2298 4238 2365 4292 Et
2386 4237 2481 4290 ille
2512 4234 2738 4290 laborat
2767 4234 2826 4289 in
2848 4234 2957 4300 via,
2984 4233 3083 4305 qui
3106 4234 3298 4306 pravis
3319 4233 3650 4290 actionibus

2002 4345 2234 4401 semper
2263 4327 2497 4381 deditus
2528 4329 2635 4379 est.

2075 4442 2101 4467 ‹‹
2136 4416 2329 4471 Vitam
2360 4431 2571 4469 manus
2605 4416 2714 4466 tua:
2756 4410 3047 4477 invenisti,
3081 4413 3385 4481 propterea
3412 4427 3529 4466 non
3560 4427 3651 4466 ro-

2004 4505 2214 4581 gusti,»
2236 4502 2520 4559 subaudis
2544 4517 2656 4555 me.
2680 4501 2751 4554 Et
2772 4499 2819 4554 si
2842 4498 3057 4571 rogasti
3085 4498 3276 4554 verbis
3309 4515 3424 4553 non
3454 4501 3651 4554 tamen

2005 4594 2302 4667 operibus,
2337 4595 2401 4645 ut
2430 4595 2518 4645 est
2548 4588 2692 4643 illud
2719 4605 2732 4642 :
2765 4608 2786 4634 ι
2812 4588 3068 4657 Populus
3098 4585 3191 4641 hic
3222 4585 3395 4641 labiis
3424 4603 3519 4642 me
3547 4585 3652 4641 ho-

232 4682 361 4755 guit
390 4697 519 4735 eam
552 4677 723 4751 quasi
758 4676 1123 4733 meretricem
1163 4678 1219 4730 et
1263 4674 1610 4743 αάυηεΐᾶῐῑι,
1635 4692 1701 4731 00
1735 4677 1887 4747 (ἰυοά
1916 4692 1964 4756 D
1998 4687 2167 4741 norat
2192 4682 2374 4753 (Isaia?
2398 4678 2612 4749 xxxx)»
2634 4676 2831 4731 Vitam
2863 4675 2958 4730 hic
2990 4691 3093 4746 pro
3124 4672 3342 4730 divitiis
3372 4674 3569 4747 posuit
3597 4677 3656 4730 et

233 4766 613 4840 dereliqucrit
633 4766 822 4821 virum
847 4763 1171 4837 proprium,
1194 4762 1252 4817 id
1273 4766 1381 4833 est,
1405 4768 1605 4831 Deum,
1624 4768 1682 4819 et
1704 4765 1892 4819 adhae-

235 4856 376 4914 scrit
407 4856 617 4925 alieno,
644 4854 701 4909 id
734 4858 843 4922 est,
868 4852 1119 4920 diabolo,
1146 4869 1248 4923 per
1271 4851 1562 4906 culturam
1594 4852 1885 4908 idolorum

233 4944 578 5002 fornicando
609 4959 744 4997 cum
776 4941 969 5012 lapide
1000 4944 1057 4995 et
1086 4939 1265 5011 ligno.
1291 4939 1463 4994 Verbi
1494 4941 1701 5012 gratia,
1735 4943 1890 4997 sicut

235 5033 486 5107 quilibet
506 5032 681 5086 homo
704 5028 1003 5102 redarguit
1026 5045 1261 5083 uxorem
1285 5046 1452 5083 suam
1476 5029 1675 5084 dicens
1700 5048 1712 5084 :
1738 5032 1907 5085 Dum'

237 5122 466 5179 dormio
508 5121 681 5191 juxta
726 5123 803 5187 te,
829 5117 980 5174 clam
1030 5116 1249 5172 revelas
1281 5121 1530 5172 stratum
1583 5135 1781 5173 meum
1834 5124 1892 5174 et

239 5208 494 5280 suscipis
526 5206 883 5263 adulterium
921 5207 1093 5278 juxta
1121 5222 1234 5273 me,
1257 5209 1615 5278 pactumque
1657 5223 1792 5261 cum
1825 5224 1890 5263 eo

237 5297 425 5355 iniisti
450 5299 514 5352 ut
534 5313 649 5351 non
682 5294 902 5351 redires
934 5294 1006 5351 ad
1040 5310 1151 5349 me.
1175 5293 1276 5348 Vel
1300 5294 1380 5348 ita
1402 5298 1593 5365 potest
1622 5294 1890 5367 intelligi,

240 5390 308 5444 ut
324 5401 561 5442 omnem
577 5383 935 5441 voluntatem
958 5399 1129 5439 suam
1151 5380 1515 5437 amatoribus
1532 5382 1657 5437 suis
1674 5384 1895 5455 absque

237 5472 594 5532 verecundia
624 5471 1084 5528 manifestaverit
1106 5488 1119 5525 :
1143 5474 1201 5525 et
1226 5487 1341 5524 non
1372 5469 1564 5525 solum
1592 5469 1652 5524 in
1686 5471 1894 5526 Hieru-

242 5561 431 5620 salem
461 5560 745 5616 fornicata
793 5559 889 5627 sit,
923 5559 1025 5615 sed
1074 5562 1133 5613 et
1180 5576 1357 5629 super
1403 5575 1607 5613 omnes
1653 5559 1810 5615 vicos
1840 5565 1897 5616 et

243 5649 577 5709 civitatulas
610 5647 918 5721 lupanaria
948 5646 1334 5704 constituerit.

320 5763 351 5793 «
374 5732 638 5799 Dilexisti
660 5742 911 5796 stratum
932 5754 1136 5794 eorum
1159 5753 1339 5793 manu
1359 5739 1578 5808 aperta,
1596 5740 1655 5793 et
1675 5738 1895 5795 ornasti

2001 4767 2365 4829 abundantia
2395 4771 2762 4823 terrenarum
2795 4780 3012 4830 rerum,
3038 4763 3097 4817 in
3129 4761 3344 4835 quibus
3372 4760 3458 4816 illi
3489 4778 3653 4833 spem

1996 4861 2126 4917 vita:
2159 4876 2278 4913 sua:
2310 4854 2655 4911 collocatam
2690 4853 3003 4908 habebant.
3027 4852 3106 4905 Ac
3132 4849 3181 4905 si
3212 4850 3465 4905 diceret:
3499 4848 3653 4905 Divi-

2000 4949 2112 5004 tias
2146 4963 2293 5017 quas
2326 4943 2707 4998 desiderabas
2739 4938 3032 5005 invenisti,
3066 4938 3407 5008 omiumque
3437 4936 3658 5009 repleta

1999 5056 2061 5093 es
2093 5031 2479 5096 abundantia,
2507 5030 2751 5101 ideoque
2776 5046 2867 5083 me
2894 5046 3006 5081 non
3032 5026 3247 5098 rogasti
3272 5026 3425 5081 sicut
3454 5042 3658 5098 rogare

1998 5120 2282 5181 debuisti.

2073 5238 2100 5264 ‹‹
2128 5214 2233 5267 Pro
2257 5226 2372 5281 quo
2396 5207 2672 5277 sollicita,
2691 5205 2963 5273 timuisti,
2980 5205 3119 5277 quia
3137 5203 3383 5259 mentita
3401 5219 3522 5272 es,»
3543 5206 3654 5260 etc.

2001 5308 2118 5359 Iste
2148 5316 2351 5355 versus
2372 5294 2856 5352 distinctionibus
2875 5299 2933 5348 et
2964 5291 3480 5349 subauditionibus
3507 5296 3655 5364 eget.

2001 5392 2109 5445 Pro
2130 5405 2243 5460 quo
2275 5384 2566 5441 sollicita?
2589 5384 2695 5437 Pro
2717 5382 2957 5437 divitiis.
2988 5382 3191 5451 Ibique
3223 5378 3418 5435 media
3448 5378 3659 5435 distin-

2003 5478 2116 5533 ctio
2141 5472 2409 5547 ponenda
2426 5474 2536 5525 est.
2552 5472 2621 5524 Et
2636 5475 2724 5525 est
2744 5486 2954 5523 sensus
2978 5485 2991 5523 :
3019 5468 3124 5522 Pro
3146 5465 3365 5522 divitiis
3385 5482 3420 5521 a
3441 5482 3533 5521 me
3555 5466 3660 5522 tibi

2002 5562 2156 5620 datis
2188 5558 2438 5615 sollicita
2484 5557 2671 5627 fuisti,
2705 5555 2997 5627 quomodo
3039 5554 3363 5610 custodires
3393 5570 3513 5610 eas.
3542 5555 3663 5609 nEt

2001 5648 2273 5714 timuisti,
2302 5670 2327 5694 ››
2352 5645 2638 5702 subaudis
2660 5645 2858 5699 hostes
2881 5642 2967 5697 vel
2999 5644 3139 5697 deos
3160 5660 3195 5697 a
3215 5641 3434 5712 quibus
3464 5658 3665 5714 spera.

2004 5739 2111 5795 bas
2132 5735 2332 5794 omnia
2352 5734 2472 5791 haec
2503 5732 2609 5788 tibi
2632 5733 2787 5789 data.
2808 5753 2836 5782 «
2858 5730 3004 5797 Quia
3026 5729 3270 5787 mentita
3288 5746 3371 5801 es,
3401 5751 3429 5779 »
3452 5728 3666 5786 subau-
