3956 6454
343 427 503 515 4015

765 428 1173 488 HAYMONIS
1204 427 1302 486 ΗΛ
1318 428 1751 503 LBERSTAT.
1783 424 1952 526 EPIS

2195 429 2233 485 ’..
2265 426 2360 488 PA
2377 428 2493 487 IIS.
2527 427 2575 488 Ι.
2610 461 2687 471 -υ
2716 426 3124 488 COMMENT.
3158 426 3353 488 BlBL.

3614 427 3761 495 1016

341 561 434 635 dis
466 538 700 633 quando
721 558 1113 632 egrediebaris
1137 559 1207 613 de
1230 562 1467 631 [Egyptn
1491 558 1693 614 dicens
1719 574 1767 613 ;‹‹
1793 556 2004 613 Omnia
2038 561 2086 645 Α
2116 556 2347 614 Domini
2381 559 2510 629 (Isa.
2536 560 2620 629 ιι),
2650 582 2677 608 ››
2700 558 2756 615 id
2791 562 2880 615 est
2909 560 3219 619 credamus
3250 559 3309 615 in
3344 557 3641 619 Christum
3675 560 3761 616 Fi-

344 667 481 724 quaa,
505 648 737 704 locutus
769 651 860 702 est
909 647 1081 703 nobis
1131 647 1419 703 Dominus
1452 647 1646 715 (Exod.
1684 649 1862 715 xxrv),
1892 669 1918 696 »
1952 650 2010 701 et

346 742 572 795 caetera.
600 758 628 786 ‹‹
660 737 731 791 Et
756 736 869 791 mci
904 754 1018 805 non
1050 753 1113 792 es
1144 738 1482 797 recordata:
1510 760 1536 785 υ
1560 736 1846 791 subaudis
1869 739 2009 801 tem:

345 843 484 900 pore
513 824 725 889 lzetitize
757 829 891 889 tua).
917 825 1198 898 Quodque
1231 825 1501 897 sequitur
1529 843 1542 881 :
1570 848 1597 875 «
1632 841 1821 895 neque
1851 823 2009 895 cogi-

334 910 482 971 tasti
516 913 574 969 in
608 914 781 969 corde
830 917 953 979 tuo,
979 914 1119 987 quia
1149 931 1255 987 ego
1299 932 1414 969 non
1464 919 1700 969 tacens:
1736 916 1794 968 et
1838 910 2005 984 quasi

344 1020 467 1069 non.
492 1001 716 1070 videns,
751 1007 809 1058 et
858 1002 973 1058 mei
1006 1002 1301 1063 oblitaes.
1334 1027 1361 1051 »
1395 1003 1617 1057 Sensus
1664 998 2005 1071 hujusmodi

343 1094 433 1147 est
462 1109 474 1146 :
501 1091 645 1148 Cum
672 1091 892 1149 divitiis
914 1092 1270 1151 abundares.
1289 1096 1346 1146 et
1369 1108 1603 1145 summa
1636 1106 1775 1161 pace
1800 1089 2011 1142 fruere-

344 1180 447 1243 ris,
471 1179 833 1254 luxuriaeque
865 1185 924 1237 et
950 1181 1205 1239 avaritia:
1237 1185 1293 1235 et
1325 1180 1457 1236 aliis
1479 1179 1637 1235 vitiis
1666 1176 2007 1242 deservires,

343 1269 483 1341 quia
507 1269 1073 1342 przescntialitcrtibi
1096 1270 1251 1342 quod
1273 1267 1592 1325 merebaris
1613 1285 1726 1322 non
1752 1266 2006 1322 reddidi:

345 1358 568 1433 putasti
600 1360 754 1432 quod
808 1376 1039 1432 semper
1078 1364 1329 1415 tacerem
1382 1376 1498 1414 non
1550 1356 1811 1413 recolens
1855 1353 2010 1427 quod

286 1458 295 1465 '
347 1444 483 1503 alibi
518 1448 636 1503 dixi
674 1465 687 1503 :
721 1448 926 1515 Tacui,
960 1448 1226 1521 nunquid
1262 1465 1495 1521 semper
1528 1445 1776 1502 tacebo?

421 1559 449 1585 ‹‹
484 1537 603 1610 Ego
634 1536 1001 1593 annuntiaho
1023 1536 1320 1610 justitiam
1355 1540 1543 1604 tuam,
1566 1540 1624 1591 et
1645 1550 1822 1607 opera
1855 1536 2013 1596 tua,»

350 1625 409 1680 id
441 1630 537 1695 est,
562 1626 881 1681 simulacra
908 1630 1029 1695 tua,
1056 1650 1083 1675 ‹‹
1117 1643 1234 1680 non
1275 1627 1599 1699 proderunt
1631 1624 1760 1680 tibi.
1788 1646 1816 1672 »
1839 1625 1909 1679 Et
1936 1623 2013 1677 10-

348 1714 550 1787 quitur
580 1712 816 1770 ironice.
850 1717 929 1769 Ac
980 1713 1027 1769 si
1078 1714 1332 1771 diceret:
1361 1714 1657 1769 Hactenus
1706 1711 1864 1778 silui,
1900 1729 2014 1767 non

348 1803 606 1875 amplius
637 1804 863 1871 tacebo,
889 1804 991 1859 sed
1024 1802 1392 1858 annuntiaho
1428 1802 1799 1874 iniquitatem
1831 1805 2014 1870 tuam,

344 1910 479 1949 cum
503 1896 560 1949 te
583 1896 639 1948 et
668 1891 987 1948 simulacra
1016 1896 1122 1948 tua
1151 1892 1445 1947 tradidero
1468 1890 1757 1946 Chaldaais
1778 1891 1866 1947 vel
1902 1892 2011 1946 Ro-

347 1982 561 2051 manis.
597 1980 699 2036 Vel
733 1981 910 2037 etiam
942 1979 1002 2036 in
1036 1979 1129 2035 die
1151 1978 1364 2051 judicii
1404 1978 1774 2034 annuntiabo
1806 1978 2003 2051 nequi-

346 2071 490 2127 tiam
523 2074 686 2126 tuam
721 2070 999 2126 omnibus
1030 2068 1327 2142 gentibus,
1357 2067 1651 2141 quomodo
1684 2072 1888 2123 contra
1920 2085 2014 2125 me

347 2161 537 2234 egeris
582 2165 846 2233 tempore
898 2157 1193 2232 passionis
1242 2175 1405 2225 meae,
1441 2162 1505 2212 ut
1553 2162 1910 2230 cognoscant
1958 2162 2013 2213 te

354 2267 469 2305 non
504 2254 656 2305 recte
688 2249 898 2323 egisse.
932 2250 1002 2304 Et
1032 2265 1213 2320 quare
1263 2265 1377 2302 non
1428 2248 1750 2320 proderunt
1796 2246 1901 2303 tibi
1934 2247 2012 2302 si-

352 2338 619 2395 mulacra
647 2338 795 2395 tua?
826 2338 973 2404 Quia
1001 2337 1102 2395 illa
1132 2336 1569 2408 conﬂabuntur,
1602 2341 1661 2392 et
1690 2340 1753 2391 tu
1787 2336 2015 2408 captiva

353 2428 608 2484 duceris.

428 2540 457 2567 «
491 2517 637 2573 Cum
686 2516 1051 2578 clamaveris,
1079 2539 1105 2565 »
1147 2516 1451 2583 subaudis,
1487 2516 1558 2570 ad
1613 2531 1706 2569 me
1750 2518 2014 2586 tempore

353 2606 715 2679 captivitatis
747 2610 804 2662 et
836 2604 1189 2661 calamitatis
1236 2609 1369 2671 tuae,
1404 2604 1523 2660 sive
1566 2621 1697 2658 cum
1748 2602 2015 2657 venerint

351 2693 607 2750 Chaldmi
630 2694 715 2751 vel
751 2694 1019 2761 Romani,
1042 2712 1143 2750 seu
1176 2693 1235 2748 in
1264 2694 1357 2749 die
1379 2692 1611 2766 judicii,
1638 2716 1664 2741 ‹‹
1691 2691 1938 2747 liberent
1959 2694 2014 2746 te

351 2778 688 2859 congregati
723 2783 828 2851 tui,
855 2807 882 2834 »
917 2783 974 2838 id
1008 2788 1115 2850 est,
1142 2782 1220 2838 dii
1256 2782 1341 2838 tui
1373 2783 1443 2837 de
1474 2781 1829 2854 captivitatis
1862 2780 2014 2836 malo

351 2878 409 2929 et
440 2873 629 2946 pmnis
678 2872 887 2929 inferni
935 2873 1260 2941 absolvant,
1287 2889 1434 2945 quos
1475 2873 1614 2927 deos
1648 2870 2013 2944 congregasti

354 2980 424 3019 ex
462 2962 708 3019 diversis
757 2963 1054 3036 gentibus,
1089 2963 1244 3017 unde
1296 2960 1583 3017 Jeremias
1618 2977 1683 3016 ;‹‹
1719 2960 1826 3016 Ubi
1879 2962 2020 3014 sunt

352 3051 430 3109 dii
465 3051 551 3107 tui
602 3070 753 3125 quos
801 3053 1023 3108 feceras
1067 3051 1174 3107 tibi
1223 3053 1350 3123 (Jer.
1388 3049 1645 3121 xxxv”)?
1680 3072 1705 3097 »
1740 3051 2015 3122 Surgant,

352 3146 411 3198 et
442 3141 662 3203 salvam
697 3146 753 3199 te
787 3143 1006 3198 faciant
1046 3141 1105 3197 in
1167 3140 1260 3197 die
1317 3139 1629 3195 malorum.
1661 3160 1688 3191 α
1716 3139 1786 3193 Et
1815 3155 2018 3194 omnes

353 3222 474 3298 eos,
505 3254 531 3280 »
555 3232 841 3287 subaudis
874 3231 1033 3299 deos,
1061 3253 1088 3280 «
1124 3230 1351 3285 auferet
1379 3232 1609 3295 ventus,
1639 3250 1658 3275 ιο
1695 3226 1753 3282 id
1784 3233 1872 3282 est
1902 3244 2015 3281 non

2074 654 2083 663 ‘
2116 645 2262 701 lium
2286 646 2406 702 Dei.
2434 647 2702 703 Christus
2726 647 2924 721 itaque
2947 647 3091 703 dicit
3109 648 3393 721 apostolis
3414 652 3470 704 et
3490 647 3763 721 apostoli-

2116 734 2200 790 cis
2225 734 2365 792 viris
2400 754 2412 791 :
2439 760 2465 785 ‹‹
2492 736 2660 792 Viam
2700 736 2868 793 facite
2900 736 3114 809 populo
3142 755 3271 797 meo
3302 738 3360 793 in
3394 754 3487 793 me
3512 738 3764 795 credenti

2118 824 2295 879 ﬁdem
2318 830 2631 892 rectam,et
2651 826 3050 898 operationem
3073 827 3357 881 mundam
3380 826 3766 899 prmdicando,

2116 916 2175 967 et
2197 914 2447 985 praebete
2472 915 2599 980 iter,
2614 913 2707 969 nid
2732 919 2821 970 est
2841 914 3172 987 exemplum
3195 914 3415 970 bonum
3439 914 3576 987 quid
3601 932 3771 989 agere

2118 1001 2344 1057 debeat.
2369 1002 2607 1058 Auferte
2632 1021 2864 1076 quoque
2911 1002 3283 1073 otl'endicula,
3309 1003 3364 1057 id
3398 1007 3489 1059 est
3536 992 3773 1076 peccata

2114 1086 2320 1144 eorum
2346 1108 2449 1162 per
2470 1091 2831 1163 baptismum
2857 1096 3121 1165 purgate,
3142 1092 3229 1147 vel
3252 1093 3325 1146 ab
3346 1091 3631 1149 idolorum
3657 1094 3773 1148 cul-

2118 1181 2251 1232 tura
2271 1182 2461 1233 vestra
2482 1181 2893 1252 praadicatione
2919 1181 3046 1236 iilos
3078 1186 3363 1247 amovete,
3382 1181 3437 1237 in
3462 1199 3576 1253 qua
3598 1184 3775 1237 maxi-

2121 1284 2214 1321 me
2245 1268 2560 1323 attenditur
2590 1269 2767 1334 Deus,
2791 1275 2851 1325 et
2882 1269 2966 1325 illi
3013 1269 3418 1344 impediuntur
3446 1288 3516 1326 ne
3548 1273 3777 1344 possint

2118 1356 2315 1413 venire
2345 1359 2633 1413 credendo
2661 1360 2730 1415 ad
2766 1359 3087 1415 Christum.

2200 1468 2220 1495 α
2248 1446 2379 1502 ΗίΒο
2403 1447 2543 1503 dicit
2566 1449 2843 1505 Excelsus
2870 1449 3146 1509 habitans
3179 1449 3586 1517 aeternitatem,
3611 1456 3773 1507 rete.

2125 1535 2240 1590 Iste
2272 1540 2361 1591 est
2388 1537 2654 1593 excelsus
2684 1542 2740 1594 et
2770 1537 3065 1605 sublimis,
3091 1538 3162 1598 de
3185 1555 3299 1611 quo
3324 1538 3633 1597 Psalmista
3652 1541 3774 1597 ait:

2127 1646 2155 1674 ‹‹
2170 1625 2447 1681 Exeelsus
2468 1644 2644 1699 super
2664 1644 2869 1683 omnes
2885 1631 3087 1701 gentes
3108 1627 3393 1683 Dominus
3404 1629 3776 1698 (Psat.cxu).»

2126 1713 2256 1786 Ipse
2279 1714 2506 1770 habitat
2526 1716 2931 1785 reternitatem,
2955 1715 3096 1788 quia
3126 1714 3627 1773 incommutabilis
3658 1734 3782 1773 ma-

2128 1806 2221 1858 net
2244 1802 2301 1858 in
2332 1821 2438 1859 sua
2459 1804 2784 1871 divinitate,
2808 1821 2913 1859 nec
2944 1803 3185 1861 initium
3206 1822 3311 1861 nec
3335 1806 3509 1861 tinem
3538 1805 3782 1863 habens.

2127 1916 2155 1942 ‹‹
2180 1894 2247 1948 Et
2270 1897 2544 1949 sanctum
2566 1898 2656 1948 est
2678 1883 3043 1965 nomen'cjus
3066 1892 3125 1949 in
3147 1893 3396 1961 excelso,
3422 1894 3557 1951 etin
3581 1899 3785 1953 sancte

2070 1981 2092 2033 ἴ
2124 1981 2454 2037 habitans.»
2471 1983 2574 2037 Hic
2597 1982 2892 2039 excelsum
2917 1981 3130 2038 emtum
3156 1982 3675 2057 intelligimus,ubi
3696 1987 3787 2039 est

2123 2073 2293 2127 sedes
2322 2072 2437 2137 Dei,
2458 2073 2628 2144 juxta
2658 2071 2803 2127 illud
2838 2088 2888 2127 ;‹‹
2915 2070 3139 2127 C(rlum
3178 2071 3324 2128 mihi
3357 2073 3524 2129 sedes
3554 2076 3694 2128 est.»
3720 2074 3791 2128 Et

2123 2160 2303 2217 nolite
2323 2162 2525 2233 jurarc
2558 2178 2661 2233 per
2691 2160 2925 2230 cmlum,
2952 2160 3091 2233 quia
3114 2160 3486 2217 thronus-Dei
3519 2166 3630 2217 est.
3657 2162 3789 2221 Sive

2124 2268 2227 2323 per
2255 2249 2548 2306 excelsum
2584 2250 2679 2305 ubi
2713 2250 2868 2305 Deus
2898 2249 3149 2318 habitat,
3184 2249 3481 2323 angeticos
3517 2249 3787 2324 spiritus,

2120 2339 2180 2394 in
2214 2340 2430 2411 quibus
2460 2338 2831 2411 omnipotens
2856 2343 3141 2412 tanquam
3165 2337 3223 2395 in
3249 2337 3395 2395 solio
3418 2340 3582 2394 sedet
3611 2344 3668 2395 et
3705 2356 3790 2394 re-

2123 2427 2394 2499 quiescit.
2429 2428 2491 2482 In
2526 2426 2749 2482 excelso
2780 2426 2977 2498 itaque
3008 2425 3128 2482 sive
3170 2425 3229 2481 in
3276 2425 3421 2481 ccelo
3453 2443 3555 2482 seu
3590 2426 3649 2481 in
3683 2445 3784 2491 an:

2122 2515 2289 2588 gelis,
2310 2519 2366 2571 et
2389 2516 2448 2570 in
2471 2520 2674 2570 sancto
2697 2513 2985 2570 subaudis
3006 2513 3149 2569 Filio
3173 2530 3300 2581 suo,
3323 2513 3410 2570 vel
3438 2513 3495 2569 in
3523 2531 3787 2587 unoquo-

2125 2622 2235 2677 que
2259 2604 2572 2659 electorum
2608 2622 2709 2675 per
2734 2603 2908 2658 fidem
2940 2606 2996 2657 et
3028 2600 3405 2658 dilectionem
3438 2602 3594 2658 Deus
3625 2603 3788 2659 habi-

2123 2698 2227 2749 tat.
2251 2694 2416 2749 Sicut
2445 2693 2568 2766 ipse
2599 2692 2742 2747 dicit
2761 2709 2810 2747 :«
2835 2691 2893 2748 Si
2918 2689 3052 2764 quis
3082 2690 3279 2765 diligit
3311 2708 3428 2759 me,
3452 2690 3728 2764 diligetur
3754 2710 3787 2748 a

2126 2782 2293 2838 Patre
2316 2786 2528 2849 meo,et
2543 2782 2614 2836 ad
2638 2798 2768 2837 eum
2788 2778 3092 2836 veniemus
3112 2779 3469 2852 (Joan.x1v),»
3486 2784 3541 2837 et
3559 2785 3783 2845 caetera.

2126 2895 2153 2921 α
2179 2872 2404 2926 Etcum
2427 2869 2676 2926 contrito
2699 2874 2755 2923 et
2778 2867 3052 2935 humili,»
3077 2867 3365 2923 subaudis
3395 2867 3639 2935 habitat,
3665 2892 3692 2918 ‹‹
3722 2873 3786 2925 ut

2124 2959 2376 3015 vivificct
2396 2959 2667 3031 spiritum
2691 2956 3031 3024 humilium,
3046 2960 3104 3011 et
3124 2973 3224 3012 cor
3244 2957 3684 3028 contritorum,»
3712 2958 3782 3014 de

2128 3049 2345 3124 quibus
2377 3050 2499 3122 ipse
2528 3047 2669 3103 dicit
2702 3064 2716 3101 :
2753 3048 2941 3119 Super
2970 3063 3142 3119 quem
3177 3047 3503 3119 requiescet
3533 3047 3784 3120 Spiritus

2128 3156 2319 3203 meus,
2334 3136 2448 3192 nisi
2472 3155 2648 3209 super
2666 3134 2952 3197 humilem
2971 3136 3094 3203 (Isa.
3110 3135 3365 3204 va1)‘?et
3383 3138 3607 3191 caztera.
3627 3136 3693 3191 Et
3715 3135 3783 3191 de

2129 3227 2347 3300 quibus
2392 3225 2741 3281 Psalmista:
2775 3224 2884 3279 Cor
2931 3224 3248 3280 contritum
3298 3227 3356 3280 et
3405 3222 3781 3280 humiliatum

352 3308 631 3393 poterunt
662 3325 721 3376 te
748 3320 1019 3385 liberare,
1052 3318 1191 3392 quia
1221 3335 1426 3375 omnes
1458 3319 1597 3373 deos
1628 3321 1763 3371 tuos
1796 3317 2017 3372 auferet
2048 3303 2092 3369 C
2124 3317 2278 3372 Deus
2297 3333 2413 3371 non
2431 3312 3010 3388 spernit(Psal.L).Ad
3030 3312 3629 3385 hoc,inquit,habitat
3649 3330 3781 3377 cum

353 3407 682 3480 persecutio
704 3405 1077 3478 captivitatis,
1097 3409 1152 3461 et
1175 3407 1459 3461 adventus
1483 3404 1709 3460 scilicet
1730 3403 2011 3472 hostium,

357 3517 385 3546 ‹‹
416 3499 473 3550 et
504 3494 667 3550 tollet
698 3513 862 3560 aura,
882 3517 909 3543 η
936 3494 1088 3567 quod
1113 3492 1267 3552 idem
1289 3493 1604 3565 significat.
1630 3516 1658 3541 «
1684 3492 1790 3558 Qui
1814 3497 2013 3547 autem

353 3582 632 3650 ﬁduciam
655 3574 833 3638 habet
857 3583 993 3647 mei,
1010 3581 1376 3636 hazreditabit
1395 3586 1634 3651 terram,
1654 3604 1680 3628 »
1703 3585 1761 3635 et
1783 3585 2009 3637 cetera.

354 3670 437 3727 De
468 3669 585 3726 illis
617 3670 757 3726 dicit
776 3672 873 3743 qui
899 3670 1056 3727 idola
1076 3686 1191 3726 non
1225 3671 1633 3738 adoraverunt,
1658 3670 1777 3724 sive
1799 3670 1870 3724 de
1894 3669 2013 3725 illis

355 3758 457 3831 qui
490 3757 549 3813 in
588 3758 982 3833 captivitatem
1016 3759 1174 3814 ducti
1222 3758 1625 3830 pmnitentiam
1657 3762 1922 3831 egerunt,
1955 3764 2012 3814 et

355 3847 566 3904 reversi
602 3852 741 3905 sunt
774 3849 884 3904 sub
934 3847 1248 3904 Zorobabel
1282 3852 1338 3902 et
1378 3840 1520 3902 Jésu
1551 3848 1621 3903 de
1653 3848 2008 3920 captivitate,

354 3942 419 3992 ut
451 3938 763 3994 adorarent
792 3938 974 3993 Deum
1022 3953 1198 3992 suum
1231 3935 1289 3991 in
1323 3935 1448 3993 loco
1483 3953 1610 4003 suo,
1635 3940 1692 3992 et
1730 3937 2013 3993 servirent

352 4026 403 4082 ei
438 4026 496 4081 in
529 4030 650 4082 toto
682 4027 853 4083 corde
884 4044 1013 4081 suo.

429 4136 456 4167 α
485 4115 555 4171 Et
586 4117 799 4183 dicam,
825 4138 852 4165 »
880 4116 1166 4171 subaudis
1194 4116 1337 4187 Cyro
1369 4119 1427 4170 et
1457 4114 1827 4187 principibus
1857 4115 2008 4185 ejus,

356 4226 385 4256 ‹‹
404 4203 574 4261 Viam
602 4204 773 4261 facite
795 4204 1011 4278 populo
1032 4221 1219 4271 meo,»
1242 4203 1300 4259 id
1334 4208 1422 4258 est
1442 4204 1690 4275 praebete
1710 4202 2008 4258 licentiam

352 4295 678 4351 revertendi
720 4294 778 4349 in
830 4298 1047 4350 terram
1100 4310 1291 4348 suam.
1320 4313 1346 4344 α
1370 4292 1666 4349 Declinate
1696 4293 1766 4347 de
1798 4291 2010 4346 semita

351 4401 576 4451 eorum,
605 4406 633 4433 »
667 4387 732 4438 ut
762 4400 877 4439 non
908 4382 1246 4454 impediatis
1294 4381 1404 4437 iter
1448 4380 1804 4455 egrediendi.
1833 4403 1860 4430 «
1891 4382 2007 4435 Au-

352 4462 497 4530 ferte
528 4471 900 4539 otl'endicula,
928 4494 955 4521 »
982 4471 1036 4526 id
1064 4476 1175 4538 est,
1200 4470 1399 4527 omnia
1429 4469 1851 4543 impedimenta
1878 4487 2006 4542 qua:

351 4550 423 4619 ad
456 4562 568 4617 iter
598 4548 831 4623 illorum
884 4578 1090 4617 nocere
1137 4564 1405 4633 possunt,
1442 4564 1505 4615 ut
1557 4559 1737 4614 libere
1768 4559 2009 4614 redeant

351 4652 424 4707 ad
457 4656 673 4707 terram
697 4667 888 4707 suam.
913 4648 1309 4722 Spiritualitcr
1328 4665 1460 4705 vero
1491 4649 1560 4703 de
1591 4648 1867 4703 omnibus
1899 4647 2006 4702 ele-
2036 4665 2303 4734 Dusque
2331 4648 2400 4702 ad
2436 4647 2613 4702 finem
2645 4647 2883 4714 irascar,
2912 4647 2970 4701 id
3003 4649 3112 4714 est,
3138 4647 3287 4701 iram
3314 4660 3504 4699 meam
3528 4647 3582 4698 et
3604 4647 3660 4698 ul

351 4738 460 4789 etis
492 4740 654 4789 dicit.
688 4738 786 4789 oni
833 4739 1116 4789 veraciter
1140 4737 1201 4789 in
1233 4736 1401 4789 illum
1432 4739 1696 4789 credunt.
1722 4741 1777 4789 et
1829 4738 2001 4789 ﬁdem
2078 4763 2083 4766 -
2115 4753 2249 4789 nem
2283 4754 2399 4789 non
2431 4753 2663 4789 scmncr
2682 4736 2979 4789 effundam
3009 4750 3186 4789 suber
3207 4750 3326 4789 eos.
3350 4732 3490 4789 auia
3517 4732 3665 4789 Sniri

2078 4763 2083 4766 -
2115 4753 2249 4791 nem
2283 4754 2399 4791 non
2431 4753 2663 4808 semper
2682 4739 2979 4791 effundam
3009 4750 3186 4807 super
3207 4750 3326 4803 eos,
3350 4739 3490 4806 quia
3517 4739 3765 4805 Spiritus

350 4738 460 4795 clis
492 4740 654 4807 dicit,
688 4738 786 4812 qui
833 4739 1116 4793 veraciter
1140 4737 1201 4793 in
1233 4736 1401 4792 illum
1432 4739 1696 4805 credunt,
1722 4741 1777 4791 et
1829 4738 2001 4792 tidem

350 4845 529 4900 quam
559 4826 778 4882 habent
804 4826 1079 4899 operibus
1109 4829 1412 4894 exornant,
1436 4826 1593 4896 quod
1625 4824 1735 4898 ipsi
1768 4824 2007 4880 haeredi-

349 4917 561 4972 tabunt
592 4920 805 4971 terram
846 4914 1189 4984 viventium,
1210 4914 1281 4969 de
1316 4930 1433 4986 qua
1470 4913 1783 4971 Psalmista
1812 4914 1955 4969 dicit
1988 4931 2001 4970 :

350 5027 377 5053 ‹‹
411 5004 596 5059 Credo
618 5003 811 5058 videre
830 5003 985 5058 bona
1011 5002 1239 5058 Domini
1263 5003 1667 5076 (Psal.xxv1),»
1690 5007 1747 5058 et
1774 5008 2001 5059 cmtcra.

350 5091 743 5148 Possidebunt
762 5092 939 5147 etiam
965 5096 1221 5146 montem
1246 5095 1541 5157 sanctum,
1558 5091 1617 5147 id
1640 5096 1748 5159 est,
1775 5108 2003 5147 sacram

348 5180 714 5251 Scripturam
728 5179 953 5235 Veteris
973 5197 1039 5235 ac
1055 5180 1195 5235 Novi
1216 5180 1733 5252 Tcstamenti,qua3
1754 5185 2004 5251 utraque

344 5264 401 5321 in
428 5268 631 5322 monte
649 5267 785 5323 data
804 5271 910 5333 est,
926 5269 997 5323 ad
1022 5267 1390 5322 altitudinem
1416 5268 1789 5341 praemiorum
1812 5269 2005 5323 obser-

341 5359 579 5409 vatores
600 5369 738 5411 suos
768 5355 1081 5424 invitat,de
1105 5373 1223 5427 qua
1249 5355 1530 5412 Dominus
1558 5356 1777 5412 Judaeis
1810 5356 1999 5429 loqui-

339 5443 438 5495 tur
472 5457 485 5493 ε
517 5462 545 5486 «ί
571 5441 879 5500 Auterctur
909 5462 943 5498 a
970 5444 1134 5500 vobis
1166 5460 1411 5516 regnum
1444 5445 1541 5500 Dei
1577 5445 1781 5515 (Matth.
1806 5449 1941 5514 xxx),
1970 5469 1997 5494 »

330 5525 388 5580 id
422 5528 549 5587 est,
582 5541 749 5584 sacra
770 5531 1087 5603 Scriptura.
1111 5532 1211 5587 Vel
1237 5539 1391 5588 certe
1418 5538 1674 5588 montem
1700 5539 1994 5603 sanctum,

323 5608 378 5665 id
414 5614 547 5695 est,
581 5610 878 5674 Christum
922 5620 1306 5691 possidebunt
1349 5622 1558 5689 sancti,
1591 5624 1662 5678 de
1694 5640 1808 5695 quo
1842 5622 1995 5677 idem

307 5692 625 5769 Nepheta
672 5701 755 5757 ait
787 5721 798 5757 :
829 5728 856 5753 α
889 5704 1112 5770 Venite,
1166 5706 1559 5765 ascendamus
1609 5710 1682 5767 ad
1713 5692 1995 5765 montem

2124 3405 2372 3461 contrito
2391 3409 2445 3461 et
2463 3403 2673 3459 humili
2698 3402 2932 3475 spiritu,
2947 3406 3014 3456 ut
3030 3400 3279 3456 vivificet
3299 3400 3573 3473 spiritum
3597 3400 3785 3461 humi:

2123 3494 2292 3562 lium,
2318 3494 2374 3550 id
2397 3498 2503 3561 est,
2531 3498 2595 3548 ut
2617 3493 2716 3548 det
2742 3491 2860 3547 illis
2883 3489 3311 3563 indulgentiam
3334 3494 3702 3563 peccaturum
3725 3494 3781 3546 et

2121 3583 2299 3639 vitam
2335 3587 2630 3648 mternam,
2660 3581 2758 3653 qui
2797 3579 3009 3636 mortui
3048 3582 3188 3635 sunt
3229 3583 3463 3651 peccato
3495 3583 3553 3633 et
3582 3577 3779 3634 vivunt

2120 3672 2459 3727 virtutibus.
2484 3671 2554 3726 Et
2577 3670 2827 3725 vivificct
2852 3685 2952 3725 cor
2980 3667 3387 3734 contritorum,
3413 3666 3471 3722 id
3503 3671 3610 3733 est,
3634 3683 3776 3722 con-

2121 3759 2404 3817 solatione
2456 3759 2652 3814 divina
2696 3758 2992 3826 reformet,
3020 3761 3086 3812 ut
3133 3759 3432 3814 transeant
3479 3773 3513 3813 a
3542 3755 3777 3811 tristitia

2121 3849 2300 3921 hujus
2341 3847 2712 3922 szeculi,quze
2764 3851 3013 3903 mortem
3065 3850 3359 3918 operatur,
3394 3846 3467 3902 ad
3515 3845 3779 3905 laetitiam

2120 3937 2562 4011 sempiternam,
2588 3942 2643 3992 et
2662 3937 2733 3991 de
2757 3951 3003 3991 mmrore
3036 3934 3340 4008 praesentis
3370 3934 3520 4005 vitaz,
3547 3933 3619 3990 ad
3641 3950 3776 4008 gau-

2120 4027 2285 4082 dium
2314 4026 2440 4081 sine
2472 4025 2586 4080 fine
2620 4041 2992 4079 mansurum.

2191 4140 2217 4166 ‹‹
2241 4116 2365 4171 Νοιι
2389 4114 2546 4171 enim
2570 4113 2628 4170 in
2650 4112 3076 4184 sempiternum
3096 4111 3360 4186 litigabo,
3377 4128 3564 4184 neque
3585 4126 3770 4185 usque

2120 4205 2191 4260 ad
2226 4205 2402 4259 ﬁnem
2431 4201 2669 4270 irascar,
2696 4202 2836 4274 quia
2858 4201 3110 4274 Spiritus
3134 4218 3170 4256 a
3199 4200 3344 4257 facie
3368 4217 3497 4257 mea
3526 4201 3774 4273 egredie-

2117 4298 2216 4353 tur
2244 4298 2301 4349 et
2333 4293 2506 4349 flatus
2535 4309 2640 4365 ego
2673 4290 2904 4347 faciam.
2934 4313 2952 4338 ιι
2981 4289 3103 4347 Vox
3144 4288 3243 4345 Dei
3294 4289 3480 4345 Patris
3510 4293 3616 4346 est.
3651 4288 3777 4344 Non

2118 4381 2281 4445 enim,
2307 4381 2364 4435 in
2399 4381 2825 4454 sempiternum
2856 4378 3119 4453 litigabo,
3157 4378 3215 4434 id
3261 4382 3370 4446 est,
3404 4377 3461 4432 in
3495 4383 3773 4434 aeternum

2117 4471 2359 4526 servabo
2381 4469 2528 4526 iram
2553 4486 2765 4537 meam,
2792 4486 2979 4541 neque
3002 4467 3291 4524 causabor
3310 4469 3583 4523 creatures
3612 4483 3769 4534 mem,

2116 4559 2215 4614 sed
2251 4557 2571 4632 percutiam
2595 4557 2654 4613 in
2683 4557 2977 4631 praesenti,
3004 4560 3069 4612 ut
3091 4555 3310 4613 salvcm
3340 4555 3397 4610 in
3419 4556 3633 4610 futuro.
3657 4555 3769 4611 Nec

2116 4665 2303 4719 usque
2331 4648 2400 4702 ad
2436 4647 2613 4702 finem
2645 4647 2883 4714 irascar,
2912 4645 2970 4701 id
3003 4649 3112 4714 est,
3138 4645 3287 4701 iram
3314 4660 3504 4699 meam
3528 4647 3582 4698 et
3604 4642 3769 4699 ultio-

2114 4830 2355 4881 sanctus
2379 4824 2709 4898 egredietur
2729 4842 2763 4879 a
2788 4824 2929 4880 facie
2961 4841 3113 4893 mea,
3138 4824 3238 4895 qui
3264 4826 3554 4879 sustentat
3572 4823 3767 4877 omnia

2114 4916 2172 4968 et
2202 4913 2301 4967 dat
2330 4911 2609 4968 omnibus
2638 4912 2843 4979 vitam,
2864 4914 2922 4967 et
2945 4912 3141 4981 ﬂatus,
3164 4910 3223 4966 id
3261 4915 3351 4968 est
3385 4910 3632 4976 animus,
3663 4926 3763 4981 ego

2113 5001 2347 5056 iaciam.
2380 5001 2460 5055 De
2491 5000 2602 5055 hoc
2633 5000 2773 5055 flatu
2807 4997 3022 5054 dicitur
3051 4999 3109 5054 in
3130 4998 3340 5056 Genesi
3371 5014 3420 5053 ;‹‹
3446 4998 3763 5054 Insufilavit

2114 5089 2395 5145 Dominus
2428 5089 2485 5143 in
2518 5090 2726 5160 Adam,
2761 5092 2819 5144 et
2851 5089 3039 5144 factus
3084 5092 3174 5144 est
3200 5087 3386 5151 homo
3419 5085 3476 5143 in
3508 5085 3760 5144 animam

2112 5176 2397 5233 viventem
2423 5177 2573 5249 (Gen.
2600 5181 2722 5242 11).»
2747 5179 2815 5232 Et
2836 5180 2925 5232 est
2951 5194 3162 5232 sensus
3186 5192 3198 5230 :
3223 5173 3404 5250 Igitur
3425 5173 3563 5247 quia
3594 5173 3762 5246 Spiri-

2113 5270 2210 5321 tus
2241 5284 2275 5321 a
2304 5266 2447 5321 facie
2488 5282 2618 5321 mea
2657 5265 3006 5339 egredietur,
3034 5265 3132 5337 qui
3186 5262 3439 5321 viviticat
3476 5262 3670 5323 omnia
3708 5265 3775 5320 et-

2109 5354 2422 5427 gubernat,
2452 5358 2509 5409 et
2538 5371 2778 5410 sensum
2812 5355 2912 5409 dat
2940 5358 2997 5410 et
3041 5352 3425 5421 intellectum,
3458 5368 3676 5409 necnon
3708 5355 3771 5407 et.

2110 5443 2367 5498 animam
2393 5460 2498 5515 ego
2534 5460 2665 5498 creo
2698 5442 2754 5497 in
2789 5442 3065 5499 omnibus
3089 5441 3241 5514 (Sep.
3262 5445 3355 5510 xv)
3378 5458 3390 5497 :
3416 5458 3529 5495 non
3559 5438 3754 5501 estdi-

2107 5549 2287 5605 gnum
2316 5536 2379 5586 ut
2398 5530 2746 5586 mtcrnalitcr
2774 5534 3035 5603 pereant,
3061 5532 3160 5587 sed
3196 5530 3289 5585 hic
3312 5530 3752 5602 percutiameos

2107 5625 2165 5677 et
2197 5619 2501 5693 ﬂagellabo
2524 5624 2589 5674 ut
2611 5620 2867 5699 sentiant
2888 5620 3035 5676 iram
3060 5636 3273 5689 meam,
3299 5623 3354 5675 et
3374 5606 3769 5699 corrigantur,.

2104 5713 2164 5765 et
2195 5709 2253 5763 in
2288 5692 2482 5767 tuturo
2529 5692 2853 5765 miserebor
2891 5726 3115 5766 eorum.
3150 5708 3280 5771 Haec
3330 5725 3454 5779 quae
3503 5692 3747 5792 dikimps
