3944 6408
402 317 506 372 235

1490 308 1846 369 ANGELOMI
1888 306 2341 371 LUXOVIENSIS
2370 314 2682 372 MONACHI

3729 309 3833 364 336

400 439 546 509 quia
566 435 1068 506 pulchritudinis.
1128 436 1257 492 Sive
1306 435 1683 507 Nephthalim
1732 448 1879 505 ager
1919 434 2061 489 irri-
2089 436 2135 494 Α
2173 438 2315 507 quia
2340 438 2467 509 ipse
2506 437 2787 511 populus,
2835 440 3159 508 postquam
3212 433 3494 488 universo
3537 430 3689 486 orbe
3720 430 3813 485 dis

400 542 583 597 guus;
610 530 930 597 utrumque
952 525 1113 580 enim
1136 525 1432 595 signiﬁcat
1462 525 1780 580 Hebraeum
1805 523 2061 579 verbum

400 616 745 686 nalasytva.
779 612 1085 683 Signiﬁcat
1114 620 1317 670 autem
1349 615 1516 687 quod
1548 630 1721 686 aquae
1755 612 1962 668 calidae
1999 612 2061 667 in

401 705 536 778 ipsa
563 706 899 760 nascuntur
923 703 1103 759 tribu.
1136 704 1267 759 Sive
1312 703 1478 777 quod
1508 718 1691 776 super
1717 703 1919 758 lacum
1951 704 2058 758 Ge-

400 794 676 850 nesareth
699 792 924 848 ﬂuenta
951 793 1229 849 Iordanis
1261 794 1486 863 irrigua
1515 794 1651 849 sint.
1695 791 1918 848 Hebraei
1955 807 2060 846 au-

399 888 521 941 tem
549 881 759 939 volunt
786 887 1032 955 propter
1052 882 1450 945 Tiberiadem,
1478 899 1614 954 quae
1634 881 1783 950 legis
1812 879 2058 935 videba-

399 976 496 1028 tur
521 971 745 1028 habere
776 970 1069 1039 notitiam,
1118 987 1333 1041 agrum
1397 972 1689 1040 irriguum
1738 975 1795 1025 et
1822 969 2061 1041 eloquia

398 1060 863 1135 pulchritudinis
911 1060 1280 1133 prophetari.
1316 1062 1541 1117 Cervus
1584 1064 1785 1114 autem
1816 1061 2059 1114 emissus

395 1152 639 1222 propter
675 1152 1098 1220 temporaneas
1123 1148 1343 1218 fruges,
1388 1153 1441 1203 et
1470 1147 1842 1204 velocitatem
1892 1152 2058 1201 terras

395 1237 689 1293 uberioris
732 1236 1010 1293 ostendit.
1067 1237 1182 1293 Sed
1231 1237 1465 1305 melius,
1522 1238 1569 1291 si
1614 1237 1694 1293 ad
1722 1236 2058 1291 doctrinam

395 1325 719 1383 Salvatoris
750 1330 966 1381 cuncta
993 1324 1352 1394 referamus;
1385 1326 1551 1398 quod
1568 1326 1650 1381 ibi
1671 1325 1765 1381 vel
1793 1325 2059 1380 maxime

395 1416 666 1473 docuerit
689 1414 977 1483 Salvator,
994 1420 1056 1472 ut
1076 1415 1137 1471 in
1162 1419 1319 1472 Evan
1329 1417 1481 1487 gelio
1494 1432 1739 1489 quoque
1769 1416 2057 1487 scriptum

396 1510 507 1561 est.

470 1594 645 1650 Vens.
677 1596 862 1649 22-26.
894 1623 966 1633 —
1006 1594 1199 1651 Filius
1225 1611 1386 1651 meus
1416 1594 1638 1665 Joseph
1697 1606 2053 1663 accressens,

395 1684 562 1753 ﬁlius
588 1697 753 1738 meus
785 1690 1119 1739 accresse'ns
1166 1689 1221 1740 et
1260 1683 1508 1740 decorus
1562 1690 1825 1753 aspectu.
1882 1684 2057 1739 Filia:

2170 542 2379 597 persus
2425 534 2535 591 est,
2569 528 2743 583 valde
2777 526 3130 581 imminutus
3159 530 3263 579 est.
3303 522 3417 579 Sed
3451 537 3645 595 quare
3692 521 3820 576 talia

2168 617 2402 684 meruit,
2448 618 2530 674 ita
2564 617 2838 688 subjecit,
2870 617 3011 686 quia
3042 614 3369 670 ascendisti
3395 611 3594 668 cubite
3631 611 3821 680 patri;

2169 706 2276 759 tui.
2302 705 2709 776 Primogenitie
2731 709 2931 761 autem
2963 703 3153 775 plebis
3174 701 3493 757 audaciam
3518 700 3832 772 praedicat.

2166 808 2301 865 qusr
2328 796 2597 849 ascendit
2628 794 2819 849 cubile
2852 792 3035 864 patris
3072 790 3182 857 sui,
3234 796 3291 845 et
3320 787 3649 844 maculavit
3683 794 3835 842 stra.

2166 885 2295 937 tum
2322 885 2471 953 ejus,
2502 884 2751 955 quando
2782 898 3001 953 corpus
3035 880 3433 949 Dominicum,
3468 880 3526 933 in
3555 894 3685 950 quo
3715 878 3836 949 ple-

2164 972 2376 1026 nitudo
2426 973 2746 1027 divinitatis
2787 970 3217 1043 requiescebat,
3263 974 3507 1040 raptum
3553 968 3618 1023 in
3654 976 3836 1022 cruce

2168 1062 2481 1132 suspendit
2510 1066 2567 1116 et
2598 1060 2752 1115 ferro
2782 1059 3269 1115 commaculavit.

2236 1150 2472 1203 Simeon
2503 1156 2555 1205 et
2586 1150 2730 1205 Levi
2752 1149 3002 1218 fratres,
3060 1162 3199 1201 vasa
3233 1146 3568 1216 iniquitatis
3599 1144 3835 1199 bellan-

2167 1237 2271 1293 tia.
2328 1238 2437 1292 Per
2475 1238 2814 1294 Simeonem
2845 1242 2902 1292 et
2946 1236 3074 1291 Levi
3106 1234 3319 1290 scribae
3348 1239 3406 1289 et
3436 1234 3744 1302 Pharisaei,
3779 1239 3837 1288 et

2168 1328 2507 1382 sacerdotes
2537 1326 2765 1383 Judaici
2787 1325 2995 1399 populi
3015 1324 3445 1392 intelliguntur.
3496 1328 3575 1378 De.
3608 1323 3837 1378 Simeo-

2164 1426 2240 1466 ne
2268 1412 2428 1466 enim
2458 1411 2678 1467 Scriba;
2699 1412 3042 1466 Judaeorum
3076 1412 3264 1465 erant.
3296 1411 3361 1463 Et
3388 1408 3463 1463 de
3493 1408 3657 1463 tribu
3686 1422 3835 1463 vero

2167 1504 2301 1559 Levi
2328 1504 2625 1577 principes
2644 1503 3048 1573 sacerdotum,
3069 1502 3170 1574 qui
3190 1501 3513 1557 concilium
3536 1501 3831 1567 fecerunt,

2165 1601 2229 1649 ut
2258 1596 2458 1650 lesum
2484 1596 2620 1650 dcto
2648 1599 2913 1651 tenerent
2949 1599 3004 1649 et
3028 1593 3385 1648 occiderent.
3422 1593 3500 1647 De
3528 1604 3652 1663 quo
3684 1604 3836 1645 con-

2165 1682 2293 1737 silio
2322 1683 2464 1739 dicit
2510 1701 2523 1738 :
2584 1686 2652 1738 In
2680 1684 2993 1738 consilium
3015 1694 3219 1737 eorum
3240 1694 3360 1735 non
3392 1683 3593 1735 veniat
3619 1682 3836 1736 anima

397 1774 816 1828 discurrerunt
859 1786 1040 1842 super
1087 1788 1325 1828 murum
1360 1788 1385 1844 ,'
1439 1774 1541 1829 sed
1589 1777 2054 1841 expectaverunt
2085 1796 2127 1850 Β
2162 1787 2309 1827 mea.
2345 1771 2632 1827 Horrebat
2655 1772 2815 1826 enim
2846 1776 3011 1826 tanta
3039 1770 3262 1824 scelera
3286 1770 3414 1840 jam
3446 1768 3837 1840 videre,quae

396 1870 549 1924 eum,
579 1867 635 1917 et
676 1862 922 1932 jurgati
948 1867 1108 1929 sunt,
1156 1862 1602 1933 invidentesque
1650 1862 1745 1917 itti
1775 1862 2055 1918 habentes

384 1952 797 2023 jacuta.Sedit
820 1952 884 2006 in
903 1952 1054 2021 forti
1092 1966 1271 2007 arcus
1305 1954 1451 2019 ejus,
1482 1954 1536 2007 et
1562 1953 1829 2007 desolata
1844 1952 2057 2023 [disso-

392 2040 542 2111 luta]
581 2046 722 2096 sunt
754 2042 1000 2096 vincula
1051 2040 1437 2096 brachiorum
1488 2046 1542 2097 et
1583 2056 1871 2097 manuum
1927 2045 2056 2110 ejus

385 2144 502 2200 per
527 2143 743 2185 manus
767 2131 1031 2199 potentis
1071 2129 1279 2186 Jacob.
1350 2130 1495 2186 Inde
1532 2136 1747 2199 pastor
1788 2144 2056 2200 egressus

393 2224 499 2287 est,
535 2220 689 2288 lapis
722 2220 932 2275 Israel.
962 2220 1006 2275 Ο
1039 2218 1120 2273 ﬁli
1146 2218 1391 2290 Joscph,
1424 2221 1527 2291 qui
1556 2224 1677 2275 tam
1698 2218 1946 2291 pulcher
1967 2236 2052 2283 es,

395 2312 460 2363 ut
488 2313 542 2363 te
581 2312 704 2363 tota
747 2306 843 2363 die
891 2307 966 2363 de
1015 2308 1202 2363 muris
1246 2314 1302 2363 et
1348 2308 1613 2363 turribus
1668 2324 1736 2364 ac
1785 2308 2057 2365 fenestris

392 2396 731 2470 puellarum
763 2397 1005 2470 Aigypti
1036 2397 1213 2453 turba
1258 2404 1661 2469 prospectant.
1712 2398 2058 2454 Inviderunt

393 2486 520 2553 tibi,
553 2490 609 2541 et
642 2485 720 2541 ad
750 2485 1129 2540 iracundiam
1162 2491 1643 2556 provocaverunt
1692 2487 1900 2541 fratres
1949 2486 2052 2554 tui,

393 2574 686 2630 habentes
736 2574 937 2630 livoris
972 2575 1218 2641 sagittas
1250 2579 1305 2628 et
1334 2575 1434 2629 zeli
1485 2574 1696 2644 juculis
1741 2574 2051 2631 vulnerati.

397 2663 623 2718 Verum
646 2678 855 2718 arcum
886 2668 1057 2718 tuum
1086 2668 1144 2718 et
1174 2680 1344 2718 arma
1382 2664 1695 2735 pugnandi
1722 2665 1978 2736 posuisti
1995 2666 2054 2721 in

397 2752 541 2822 Deo,
571 2752 674 2825 qui
701 2751 868 2807 fortis
890 2756 978 2807 est
996 2758 1430 2824 propugnator,
1460 2761 1513 2807 cl
1544 2754 1777 2809 vincula
1808 2761 1910 2811 tua
1930 2756 2057 2827 qni-

397 2839 515 2896 bus
540 2846 593 2896 te
623 2840 832 2897 fratres
860 2840 1199 2909 ligaverunt
1226 2841 1501 2896 absoluta
1528 2860 1552 2895 s
1578 2849 1661 2897 int
1693 2844 2053 2916 etdisrupta,

399 2934 464 2985 ut
495 2946 568 2985 ex
608 2934 707 2985 tuo
736 2930 961 2985 semine
1009 2928 1195 2985 tribus
1244 2938 1526 2986 nascatur
1559 2933 1835 3004 lipliraim
1867 2933 2053 3005 fortis,

399 3022 457 3074 et
493 3018 741 3089 stabilis,
776 3024 832 3073 et
858 3019 1046 3074 instar
1071 3018 1288 3091 lapidis
1315 3021 1569 3075 durioris
1601 3022 1838 3089 invicta,
1872 3022 2056 3096 impe-

395 3123 541 3162 rans
562 3123 806 3179 quoque
832 3107 1038 3163 decem
1071 3108 1347 3163 tribubus
1373 3110 1564 3164 Israel.

468 3199 634 3254 Vens.
665 3201 830 3253 27.—
844 3198 1169 3267 Benjamin
1199 3199 1395 3267 tupux
1416 3215 1634 3270 rapax,
1670 3214 1845 3257 mane
1872 3218 2054 3259 come-

396 3286 485 3342 dit
504 3287 807 3356 prwdam,
828 3292 882 3343 et
905 3302 1142 3357 vespere
1165 3287 1390 3343 dividet
1406 3292 1615 3357 spolia.
1640 3294 1680 3353 (ι
1691 3291 1787 3345 uia
1798 3291 1872 3346 de
1902 3293 2056 3346 Pan:-

394 3374 456 3431 lo
485 3375 762 3446 apostolo
788 3375 1280 3431 manifestissima
1304 3377 1378 3431 sit
1407 3380 1738 3449 pt'opiivliit,
1772 3380 2059 3435 omnibus

396 3468 558 3535 patet
584 3464 751 3536 quod
781 3466 841 3519 in
880 3464 1283 3519 adolescentia
1312 3473 1659 3537 persecutus
1710 3467 2057 3535 Ecclesiam,

395 3553 458 3609 in
490 3558 790 3609 senectute
806 3553 1163 3625 praedicator
1182 3555 1480 3621 Evangelii
1499 3555 1692 3611 fuerit.
1711 3557 1936 3612 Hebraei
1954 3572 2060 3613 au-

396 3645 519 3698 tem
539 3641 620 3698 ita
644 3642 944 3708 dixerunt,
961 3642 1169 3711 altare,
1192 3643 1249 3697 in
1280 3659 1405 3715 quo
1432 3643 1906 3700 immolobantur
1925 3646 2059 3702 hos-

396 3731 512 3798 tiae,
544 3736 600 3787 et
630 3731 1009 3788 victimarum
1029 3732 1277 3801 sanguis
1292 3732 1374 3788 ad
1404 3732 1615 3788 basem
1636 3734 1823 3806 ipsius
1850 3735 2059 3791 funde‘

392 3819 591 3887 batur,
622 3820 685 3876 in
712 3825 880 3893 parte
892 3821 1085 3877 tribus
1104 3821 1412 3891 Benjamin
1429 3820 1556 3878 fuit.
1577 3822 1722 3893 Hoc,
1753 3823 2054 3897 inquiunt,

396 3924 540 3981 ergo
569 3909 916 3981 signiﬁcans
937 3909 1104 3983 quod
1150 3910 1489 3967 sacerdotes
1523 3911 1839 3970 immolent
1876 3926 2058 3971 mane

394 3999 641 4065 hostias,
667 3999 747 4056 ad
766 4016 1084 4073 vesperam
1109 4000 1378 4057 dividant
1403 4016 1475 4056 ea
1498 4017 1636 4073 quas
1666 4001 1779 4058 sibi
1808 4018 1845 4059 a
1860 4018 2057 4076 popu-

393 4086 455 4143 lo
473 4102 547 4142 ex
573 4086 704 4157 lege
734 4088 983 4145 collecta
1008 4092 1166 4158 sunt,
1197 4087 1413 4160 lupum
1451 4090 1935 4160 sanguinarium,
1962 4092 2057 4149 lu-

393 4189 541 4247 pum
552 4191 832 4231 voracem
845 4190 1028 4248 super
1038 4175 1238 4232 altaris
1250 4176 1731 4249 interpretatione
1742 4184 2055 4255 ponentes,

389 4270 447 4321 et
458 4266 789 4339 spoliorum
804 4267 1157 4323 divisionem
1173 4283 1357 4340 super
1368 4267 1801 4332 sacerdotibus,
1818 4270 1923 4343 qui
1940 4288 2058 4327 ser-

388 4353 617 4411 vientes
627 4354 797 4412 altari
809 4354 1095 4412 vivuntde
1108 4354 1299 4412 altari.
1318 4358 1449 4411 Haec
1470 4360 1671 4411 autem
1685 4358 1978 4415 historice.

2163 1862 2504 1917 novissimis
2550 1861 2922 1934 temporibus
2952 1861 3163 1916 facturi
3193 1865 3364 1915 erant
3390 1858 3578 1915 ,ιιιάωί
3612 1877 3627 1927 ;
3683 1862 3838 1931 quia

2164 1952 2225 2005 in
2258 1952 2473 2020 furore
2493 1966 2600 2007 suo
2630 1953 2979 2007 occiderunt
3008 1952 3229 2015 virum,
3268 1948 3329 2003 id
3369 1954 3461 2003 est
3500 1948 3837 2016 Christum,

2164 2039 2237 2094 de
2264 2055 2386 2112 quo
2408 2040 2622 2095 dicitur
2646 2055 2658 2093 :
2679 2040 2834 2094 Ecce
2856 2040 2968 2101 vir,
2992 2039 3200 2094 Oriens
3223 2050 3434 2092 nomen
3465 2040 3594 2106 ejus
3618 2038 3836 2107 (Zach.

2164 2143 2249 2197 vr,
2286 2128 2467 2199 l2).Et
2488 2128 2629 2183 alibi
2675 2146 2688 2183 :
2747 2128 3001 2183 Femina
3031 2125 3426 2183 circumdabit
3451 2127 3646 2181 virum
3680 2127 3836 2196 (Jer.

2163 2233 2320 2283 xxxx,
2351 2218 2939 2286 22L—Su/foderunt
2962 2230 3226 2277 murum,
3259 2215 3318 2270 id
3350 2220 3437 2269 est
3462 2214 3632 2270 illum
3660 2215 3839 2287 spiri-

2163 2306 2343 2362 talem
2366 2306 2759 2362 fortissimum
2786 2320 3030 2361 murum
3051 2304 3157 2376 qui
3187 2302 3447 2359 custodit
3468 2303 3672 2369 Israel,
3705 2302 3841 2359 lan-

2164 2411 2270 2452 cea
2326 2396 2742 2452 confoderunt.
2785 2394 3147 2450 Matedictus
3196 2393 3380 2462 furor
3423 2406 3648 2463 eorum,
3683 2394 3838 2463 quia

2159 2487 2493 2555 pertinax;
2546 2486 2751 2561 utique
2781 2483 3053 2555 quando,
3093 2482 3293 2538 furore
3324 2481 3566 2537 accensi
3619 2486 3678 2537 et
3716 2482 3837 2551 ira,

2164 2574 2505 2629 obtulerunt
2532 2574 2834 2630 Christum
2865 2572 3076 2627 Pontio
3106 2571 3311 2637 Pilato,
3345 2570 3612 2626 dicentes
3644 2585 3659 2625 :
3690 2570 3841 2627 Gru-

2164 2665 2354 2734 ciﬁge,
2383 2665 2667 2733 cruciﬁge
2688 2664 2851 2733 (Luc.
2876 2677 3043 2728 nni,
3079 2661 3349 2732 2i).-—-Et
3381 2662 3724 2730 indignatio
3742 2677 3840 2717 eo-

2164 2770 2320 2822 rum,
2351 2754 2491 2823 quia
2520 2753 2677 2808 dura
2704 2765 2727 2823 ,'
2777 2753 2925 2806 dum
2958 2750 3292 2806 Barabbam
3344 2750 3637 2805 latronem
3670 2756 3841 2822 pete-

2163 2847 2312 2911 rent,
2335 2847 2392 2897 et
2417 2840 2750 2914 principem
2776 2841 2909 2895 vitae
2938 2837 3412 2907 cruciﬁgendum
3433 2838 3836 2910 postularent.

2170 2934 2434 2988 Dividam
2466 2940 2558 2987 eos
2589 2934 2650 2986 in
2672 2931 2879 2993 Jucob,
2913 2936 2967 2985 et
2996 2931 3339 2999 dispergam
3365 2928 3503 2985 illos
3533 2931 3835 3000 inlsrael,

2166 3021 2308 3093 quia
2333 3021 2605 3076 nonnulli
2636 3034 2708 3075 ex
2736 3020 2880 3092 ipsis
2910 3020 3310 3089 crediderunt,
3338 3018 3591 3091 quidam
3620 3019 3841 3075 ininﬁ-

2082 3134 2128 3199 ὀ
2167 3110 2404 3165 delitate
2430 3111 2910 3182 permanserunt.
2944 3108 3227 3163 Dicuntur
3252 3108 3413 3163 enim
3433 3108 3604 3179 divisi
3632 3106 3694 3163 bi
3725 3110 3840 3180 qui

2168 3199 2247 3255 ab
2276 3199 2359 3255 eis
2405 3203 2762 3271 separantur
2807 3202 2864 3253 et
2920 3198 3167 3253 veniunt
3214 3197 3293 3252 ad
3324 3197 3530 3253 ﬁdem.
3565 3198 3835 3270 Dispersi

2168 3293 2389 3356 autem,
2424 3304 2681 3360 quorum
2704 3288 2897 3359 patria
2929 3289 3271 3359 temploque
3289 3286 3599 3353 subverso,
3617 3300 3727 3359 per
3740 3303 3842 3343 or-

2164 3378 2307 3433 bem
2338 3382 2503 3433 terra!
2525 3376 2901 3431 incredulum
2926 3391 3116 3444 genus
3146 3376 3468 3447 spargitur.

2233 3467 2409 3531 Iuda,
2441 3472 2495 3521 te
2526 3468 2864 3522 laudabunt
2892 3466 3117 3534 fratres
3137 3466 3244 3519 tui.
3280 3465 3390 3520 Per
3418 3466 3578 3520 hunc
3608 3465 3838 3522 Judam

2165 3570 2340 3611 verus
2372 3556 2680 3611 confessor
2709 3554 3059 3624 exprimitur
3097 3554 3382 3624 Christus,
3421 3555 3527 3625 qui
3576 3568 3649 3609 ex
3700 3557 3838 3626 ejus

2166 3644 2325 3701 tribu
2355 3645 2689 3701 secundum
2718 3659 2960 3699 carnem
2992 3648 3082 3699 est
3113 3644 3366 3713 genitus.
3388 3647 3593 3715 ipsum
3619 3644 3837 3702 lauda-

2166 3734 2318 3789 bunt
2347 3734 2555 3789 fratres
2588 3734 2701 3799 sui,
2762 3732 3015 3805 apostoli
3053 3732 3273 3787 scilicet
3300 3738 3358 3788 et
3385 3745 3598 3788 omnes
3630 3736 3834 3790 cohae-

2164 3823 2338 3879 redes
2365 3822 2517 3893 ejus,
2547 3824 2649 3895 qui
2682 3836 2789 3893 per
2832 3821 3223 3893 adoptionem
3268 3821 3371 3876 ﬁlii
3401 3824 3521 3877 Deo
3559 3824 3723 3879 Patri
3753 3825 3837 3879 ef-

2166 3912 2301 3969 fecti
2331 3916 2491 3983 sunt,
2522 3917 2579 3968 et
2605 3912 2817 3968 Christi
2833 3910 3044 3967 fratres
3066 3910 3257 3967 effecti
3279 3912 3836 3986 pergratiam,quo-

2164 4018 2301 4059 rum
2330 4002 2457 4075 ipse
2486 4006 2574 4057 est
2602 4003 2886 4058 Dominus
2916 4016 3024 4074 per
3048 4006 3348 4058 naturam.
3380 4003 3599 4060 Manus
3625 4009 3749 4061 tua"
3768 4007 3835 4061 in

2166 4093 2492 4149 cervicibus
2523 4094 2899 4147 inimicorum
2933 4097 3193 4147 tuorum.
3223 4091 3419 4147 Isdem
3441 4093 3603 4148 enim
3631 4097 3837 4150 mani-

2161 4182 2298 4245 bus,
2340 4182 2403 4238 id
2428 4187 2518 4238 est
2557 4184 2749 4238 crucis
2779 4188 3025 4254 tropaeo,
3049 4187 3104 4237 et
3135 4196 3275 4238 suos
3307 4183 3833 4255 texitetinimicos,

2164 4276 2218 4328 et
2266 4272 2646 4328 adversaries
2678 4276 3001 4342 potestates
3032 4271 3324 4337 curvavit,
3371 4271 3544 4342 juxta
3573 4273 3744 4347 quod
3776 4278 3839 4332 et

2163 4364 2331 4417 Pater
2356 4361 2628 4434 promisit
2656 4361 2707 4416 ei
2739 4358 2979 4415 dicens:
3003 4361 3153 4416 Sede
3167 4359 3250 4416 ad
3274 4360 3587 4419 dexteram
3612 4377 3829 4432 meam,

468 4442 811 4513 Spiritaliter
831 4449 1032 4501 autem
1055 4444 1117 4500 in
1135 4445 1343 4500 Ruben
1362 4445 1575 4517 prioris
1591 4446 1799 4518 populi
1816 4446 2057 4502 Judueo-
2081 4492 2133 4519 ,ι
2165 4452 2350 4506 donec
2375 4464 2599 4519 ponam
2646 4451 2916 4505 inimicos
2949 4454 3079 4504 tuos
3104 4449 3431 4505 scabettum
3460 4451 3670 4519 pedem
3703 4459 3835 4508 tuo-

391 4545 527 4585 rum
557 4532 890 4589 ostendisse
912 4548 1259 4606 personam,
1292 4533 1385 4589 cui
1426 4548 1462 4589 a
1489 4533 1741 4590 Domino
1785 4550 1892 4606 per
1916 4552 2052 4606 pro-

387 4619 635 4692 phetam
664 4620 879 4677 dicitur
909 4637 923 4676 :
952 4622 1146 4677 Israel
1168 4623 1799 4691 primogenitusmeus.
1821 4623 2051 4679 Etenim

382 4709 558 4780 juxta
583 4709 749 4783 quod
766 4710 1179 4783 primogenitis
1190 4710 1741 4783 debebatur,ipsins
1754 4718 1878 4769 erat
1902 4713 2053 4768 acci-

386 4812 528 4869 pere
544 4800 946 4855 sacerdotium
968 4803 1025 4854 et
1044 4799 1584 4868 regnum.Additur
1601 4806 1664 4855 tu
1686 4803 1874 4857 virtus
1896 4816 2045 4871 mea,

385 4886 593 4959 utique
617 4889 761 4960 quia
786 4904 859 4945 ex
872 4888 1006 4961 ipso
1037 4888 1221 4944 virtus
1242 4889 1364 4957 Dei,
1395 4889 1499 4961 qui
1529 4895 1620 4945 est
1648 4891 1931 4962 Christus,
1949 4891 2053 4947 ad-

384 4974 887 5041 venit.Quomodo
905 4977 1247 5049 autemipse
1266 4978 1341 5034 sit
1361 4977 1721 5051 principium
1743 4979 2046 5051 dolorum,

385 5061 505 5118 nisi
529 5061 839 5121 dumPatri
859 5069 978 5121 Deo
1002 5081 1239 5139 semper
1261 5067 1553 5137 irrogaret
1574 5068 1879 5139 injuriam,
1898 5071 2048 5127 dum

385 5156 693 5210 convertat
718 5153 798 5209 ad
823 5169 963 5209 eum
995 5153 1245 5212 dorsum
1266 5163 1323 5213 et
1345 5172 1470 5214 non
1492 5157 1860 5216 faciemilste
1872 5164 2051 5231 prior

381 5243 448 5298 in
478 5240 671 5311 donis,
702 5243 848 5316 quia
892 5243 1158 5315 primum
1204 5245 1351 5318 ipsis
1383 5246 1606 5303 credita
1637 5254 1776 5305 sunt
1806 5250 2048 5323 eloquia

381 5330 505 5399 Dei,
527 5335 585 5387 et
602 5330 988 5403 legislatio,et
1007 5336 1449 5405 testamentum,
1473 5337 1594 5393 sive
1618 5339 2046 5412 promission-

380 5423 437 5476 te
448 5421 648 5489 major
673 5422 948 5493 imperio,
976 5421 1180 5495 utique
1215 5438 1325 5497 pro
1359 5427 1777 5497 magnitudine
1800 5428 2043 5499 virium,

377 5507 527 5581 quia
554 5510 812 5583 copiosis
839 5511 1067 5567 caeteris
1094 5512 1156 5568 in
1183 5514 1299 5569 hoc
1329 5514 1548 5573 saeculo
1578 5517 1842 5590 populus
1878 5518 2044 5573 idem

376 5597 672 5665 regnavit.
699 5600 947 5672 Effusas
974 5608 1059 5659 est
1088 5610 1285 5662 autem
1320 5607 1473 5662 sicut
1513 5621 1694 5678 aqua,
1725 5607 2042 5679 peccando

374 5686 440 5742 in
468 5684 720 5747 Christo.
755 5692 895 5756 Quae
917 5692 1160 5750 vasculo
1180 5710 1306 5751 non
1337 5700 1585 5764 tenetur,
1608 5696 1937 5753 voluntatis
1963 5696 2047 5752 ef-

370 5774 549 5833 fusus
579 5782 666 5835 est
684 5779 942 5854 impetu;
974 5782 1267 5842 etidcircc
1289 5784 1455 5842 addit
1468 5786 2034 5858 nitrancncmcas,

2081 4492 2137 4557 19

2165 4555 2295 4595 rum
2330 4540 2521 4605 (Psat.
2556 4552 2663 4601 cxx,
2708 4540 2749 4603 Ι,
2789 4542 2866 4609 ‘2).
2922 4569 2990 4577 —
3016 4539 3375 4594 Adorabunt
3407 4544 3461 4593 te
3482 4540 3603 4607 ﬁlii
3629 4543 3835 4609 patris

2165 4629 2257 4683 tui
2286 4646 2298 4695 ;
2342 4628 2634 4700 quoniam
2660 4628 2830 4683 multi
2879 4643 2951 4683 ex
2980 4628 3116 4683 ﬁliis
3148 4627 3333 4683 Jacob
3379 4627 3633 4684 adorent
3662 4645 3831 4699 eum,

2162 4732 2267 4791 per
2291 4718 2638 4774 electionem
2663 4719 2864 4787 gratiae
2892 4718 3038 4774 salvi
3062 4717 3485 4774 facti.Catutus
3507 4720 3693 4774 leonis
3721 4720 3836 4774 Ju-

2160 4808 2260 4877 da,
2305 4807 2555 4880 quando
2584 4807 2894 4863 nascendo
2944 4805 3231 4880 parvulus
3276 4806 3469 4863 factus
3500 4813 3593 4864 est
3621 4807 3827 4864 nobis.

2156 4895 2256 4952 Ad
2284 4897 2575 4966 praedam,
2598 4898 2692 4964 ﬁti
2720 4900 2817 4969 mi,
2848 4897 3188 4962 ascendisti,
3208 4894 3270 4951 id
3299 4901 3387 4952 est
3407 4896 3744 4953 ascendens
3766 4898 3834 4954 in

2159 5000 2419 5049 crucem,
2457 4985 2721 5057 captivos
2765 4985 3022 5057 populos
3068 4984 3392 5052 redemisti,
3440 4988 3498 5040 et
3545 5001 3703 5057 quos
3731 4984 3833 5044 ille

2157 5074 2491 5129 contrarius
2522 5074 2839 5141 invaserat,
2874 5078 2938 5128 tu
2968 5073 3231 5129 moriens
3261 5073 3835 5146 eripuisti.Denique

2154 5163 2391 5218 rediens
2426 5162 2503 5217 ab
2539 5162 2740 5217 inferis
2798 5161 3123 5217 ascendisti
3160 5162 3221 5216 in
3254 5161 3464 5231 altum,
3518 5162 3836 5234 captivam

2153 5248 2378 5306 duxisti
2401 5251 3224 5321 captivitatemﬂequiescens
3248 5251 3588 5307 accubuisti
3617 5257 3681 5306 ut
3713 5253 3828 5307 leo.

2152 5340 2620 5397 Manifestissime
2642 5340 2703 5395 in
2730 5340 3009 5411 passione
3036 5340 3299 5397 Christus
3319 5340 3616 5409 recubuit,
3633 5356 3837 5413 quan.

2151 5428 2230 5485 do
2262 5431 2552 5486 inclinato
2582 5432 2777 5499 capite
2793 5431 3047 5485 tradidit
3068 5432 3349 5499 spiritum
3378 5446 3391 5483 :
3418 5430 3544 5485 sive
3574 5431 3835 5503 quando

2148 5519 2212 5575 in
2242 5519 2516 5591 sepulcro
2543 5535 2810 5589 securus,
2836 5518 3000 5575 velut
3020 5519 3293 5593 quodam
3308 5520 3578 5592 corporis
3605 5536 3831 5578 somno

2147 5609 2393 5681 quievit.
2447 5608 2561 5665 Sed
2608 5624 2795 5681 quare
2848 5613 2915 5665 ut
2976 5611 3064 5665 leo
3115 5603 3171 5666 δι
3226 5608 3384 5665 velut
3430 5610 3675 5667 catulus
3712 5611 3835 5667 teco

2147 5700 2241 5752 nis
2268 5701 2296 5753 ?
2355 5701 2419 5753 In
2468 5713 2685 5753 somno
2716 5698 2877 5753 enim
2922 5712 3033 5753 suo
3078 5697 3173 5753 leo
3214 5696 3343 5769 fuit,
3393 5697 3539 5770 quia
3570 5711 3696 5755 non
3727 5714 3809 5755 ne

2150 5785 2443 5857 cessitate,
2480 5786 2586 5842 sed
2615 5790 2910 5858 potestate
2949 5787 3065 5843 hoc
3093 5786 3297 5860 ipsum
3343 5786 3640 5859 implevit,
3672 5789 3808 5846 sica
