3956 6410
224 459 381 522 1017

1266 457 1677 519 COMMENT.
1723 457 1801 518 IN
1848 457 2135 517 lSAl-AM.
2169 491 2245 500 -—
2276 458 2421 518 LIB.
2470 457 2573 519 Ill.

3479 457 3633 523 tOt-B

226 590 575 667 generaliter
594 591 887 666 pertinent
907 592 978 648 ad
999 608 1205 648 omnes
1238 588 1435 645 fideles
1457 588 1607 663 quia
1627 588 1873 645 Domino
1903 590 1957 657 Α
1985 586 2082 653 tis,
2108 587 2382 662 crucifige
2402 588 2579 645 talem
2598 587 2801 663 (Matth.
2820 588 2995 662 xxvn)
3016 606 3065 645 ;‹‹
3093 589 3381 647 ferventes
3402 591 3461 647 in
3484 590 3631 648 iram

228 681 619 755 ﬂagellantur,
640 680 971 754 specialiter
988 698 1121 736 vero
1144 681 1215 735 ad
1237 679 1471 735 JUdtDOS
1493 679 1564 732 de
1586 677 1801 750 quibus
1821 680 1878 732 et

229 771 505 827 subditur
537 788 550 826 :

301 883 328 910 ‹‹
359 861 598 932 Propter
619 858 989 932 iniquitatem
1013 857 1263 913 avaritiae
1285 857 1414 929 ejus
1439 857 1622 911 iratus
1645 872 1798 922 sum,
1822 858 1879 910 et

231 948 491 1022 percussi
516 965 707 1014 eum,»
733 948 789 1002 id
814 951 923 1017 est,
949 945 1230 1019 populum
1251 946 1586 1001 Juda‘orum
1620 944 1875 1017 primum

229 1037 514 1093 tradendo
544 1036 817 1108 Assyriis,
843 1036 1054 1089 deinde
1084 1034 1391 1105 Chaldmis,
1417 1052 1481 1088 ac
1516 1038 1876 1107 postremum

233 1124 533 1181 Romanis.
548 1124 770 1177 Avarus
790 1121 1023 1191 dicitur,
1039 1122 1205 1195 quasi
1228 1124 1433 1177 avidus
1455 1122 1679 1177 auri.Et
1694 1120 1877 1177 Judaci

231 1211 386 1267 avari
420 1215 587 1266 erant
615 1214 673 1266 et
709 1210 1212 1281 immisericordis,
1238 1212 1481 1283 ideoque
1513 1210 1707 1266 traditi
1742 1209 1894 1264 sunt

230 1298 503 1355 hostibus
535 1300 679 1353 suis.
709 1323 735 1347 ‹‹
761 1298 1049 1354 Abscondi
1074 1301 1147 1354 ah
1180 1299 1298 1367 illo,
1324 1323 1349 1347 η
1372 1300 1425 1355 id
1458 1304 1547 1355 est
1575 1317 1609 1355 a
1636 1298 1880 1355 Judaico

231 1387 446 1460 populo
474 1410 495 1435 -
531 1387 735 1444 faciem
762 1405 974 1454 meam,
1004 1410 1031 1437 ››
1052 1388 1108 1443 id
1142 1393 1251 1453 est,
1287 1390 1656 1461 praesentiam
1689 1404 1878 1443 meam

231 1480 290 1532 et
319 1475 603 1531 auxilium
635 1493 852 1544 meum,
879 1481 945 1531 ut
972 1494 1064 1532 me
1096 1476 1349 1549 amplius
1381 1478 1798 1547 desiderares,«
1826 1480 1882 1531 et

232 1564 577 1637 indignatus
601 1582 791 1634 sum,»
808 1565 1092 1621 subaudis
1109 1570 1312 1621 contra
1328 1566 1493 1633 te,vcl
1516 1570 1747 1639 propter
1765 1566 1883 1619 ido-

230 1652 547 1719 lolatriam,
564 1653 653 1708 vel
674 1658 911 1726 propter
930 1654 1392 1710 interfectionem
1416 1654 1519 1709 ﬁlii
1544 1654 1714 1721 mei,«
1738 1654 1883 1709 abiit

231 1758 437 1815 vagus,
465 1764 491 1790 n
516 1742 573 1796 id
606 1746 716 1809 est,
758 1759 962 1797 amens
993 1746 1050 1797 et
1089 1742 1213 1799 sine
1257 1760 1455 1809 sensu,
1489 1747 1556 1798 ut
1586 1743 1724 1799 Cain
1758 1766 1787 1793 ‹‹
1823 1743 1879 1799 in

228 1831 324 1886 via
354 1829 546 1886 cordis
576 1830 668 1885 sui
702 1853 728 1879 ››
759 1830 868 1886 hoc
901 1836 991 1885 est
1023 1831 1079 1885 in
1115 1832 1341 1888 actione
1373 1849 1480 1887 sua
1510 1849 1706 1904 prava.

309 1944 329 1967 ι
364 1918 503 1974 Vias
546 1920 675 1991 ejus
704 1918 841 1987 vidi,
875 1924 929 1974 et
962 1919 1160 1975 dimisi
1205 1938 1362 1986 eum,
1396 1925 1452 1976 et
1491 1920 1691 1976 reduxi
1722 1938 1876 1976 eum.

226 2007 299 2063 Et
328 2008 553 2062 reddidi
588 2007 1018 2063 consolationes
1056 2008 1191 2080 ipsi,
1219 2012 1275 2063 et
1306 2008 1641 2082 lugentibus
1672 2011 1820 2082 ejus,
1847 2031 1874 2059 ››

226 2095 285 2150 id
318 2100 429 2163 ost,
464 2095 806 2168 lugentibus
845 2096 1167 2153 Sion.Vias
1214 2098 1365 2170 ejus,
1396 2098 1453 2153 id
1494 2103 1583 2154 est
1621 2099 1879 2155 actiones

223 2184 412 2239 bonas
442 2183 673 2239 Judaici
706 2185 927 2258 populi,
952 2184 1067 2239 vidi
1099 2186 1241 2241 dum
1273 2186 1569 2259 plangeret
1600 2187 1659 2241 in
1689 2188 1879 2260 capti-

221 2273 402 2329 vitate
433 2277 671 2345 peccata
700 2290 827 2341 sua,
853 2278 909 2328 et
941 2273 1166 2328 reddidi
1196 2274 1647 2340 consolationes,
1679 2276 1736 2330 id
1766 2280 1877 2341 est,

223 2361 623 2418 haereditate!!!
674 2363 971 2434 pmpriam
1004 2361 1116 2434 ipsi
1148 2363 1363 2436 populo
1409 2363 1468 2419 in
1514 2364 1878 2436 principibus

224 2450 278 2507 ei
311 2448 652 2521 lugentibus
683 2449 842 2521 Sion,
871 2450 928 2506 id
979 2456 1087 2519 est,
1134 2452 1423 2522 aubjectis
1466 2454 1614 2522 ejus.
1649 2453 1828 2508 Aliter
1862 2471 1875 2508 :

225 2537 497 2593 Actiones
546 2539 731 2594 bonas
780 2538 977 2611 populi
1030 2541 1323 2596 credentis
1372 2541 1508 2607 vidi,
1543 2546 1600 2596 et
1651 2542 1878 2597 reddidi

225 2624 676 2693 consolationes,
700 2626 754 2681 id
778 2632 884 2693 est,
905 2627 1187 2699 Spiritum
1216 2632 1485 2684 sanctum
1509 2630 1608 2701 qui
1633 2630 1880 2702 appella-

222 2718 323 2772 tur
342 2713 689 2785 paracletus,
713 2714 767 2769 id
794 2720 901 2781 est,
922 2715 1272 2782 consolator,
1293 2733 1467 2788 quem
1494 2719 1747 2789 perdidit
1769 2719 1880 2791 pri-

223 2820 361 2859 mus
392 2820 605 2875 parens
638 2820 739 2875 per
780 2803 1256 2872 inobedientiam,
1283 2805 1511 2860 reddidi
1541 2805 1878 2878 lugentibus

223 2891 517 2948 Ecclesiae.

296 3004 322 3029 ‹‹
349 2979 544 3035 Creavi
578 2980 831 3034 fructum
862 2979 1153 3035 labiorum
1181 2997 1504 3048 meorum,»
1530 2982 1585 3038 id
1610 2988 1699 3038 est
1720 2985 1875 3056 quod

220 3068 465 3140 promisi
524 3085 626 3141 per
681 3068 1162 3141 Jeremiam{Cor.
1188 3088 1297 3125 xxv
1327 3074 1383 3125 et
1412 3075 1565 3139 xxxx)
1625 3072 1878 3145 prcphe-

218 3160 363 3224 tam,
399 3160 463 3211 ut
491 3160 624 3230 post
656 3157 1032 3230 septuaginta
1074 3175 1258 3213 annos
1297 3176 1395 3214 eos
1432 3160 1502 3215 de
1543 3160 1877 3233 captivitate

218 3244 600 3313 dimitterem,
645 3244 915 3301 velociter
973 3264 1145 3318 opere
1204 3247 1538 3320 adimplevi.
1571 3250 1641 3303 Et
1686 3250 1873 3304 creavi

1983 678 2053 732 ad
2090 677 2335 747 malum,
2361 678 2527 750 quasi
2563 696 2722 735 mare
2749 680 2974 734 fervens
3000 679 3156 752 quod
3186 679 3486 753 quiescere
3517 698 3631 738 non

1986 771 2199 839 potest,
2224 768 2323 821 sed
2357 784 2588 840 semper
2616 768 2675 822 in
2707 772 2867 823 motu
2893 772 3016 823 est:
3042 772 3097 824 et
3127 785 3377 841 quorum
3410 770 3636 825 malitia

1986 855 2105 910 sive
2138 855 2460 926 persecutio
2491 857 2857 923 redundavit,
2882 857 3035 913 sicut
3066 858 3397 913 redundant
3420 859 3635 917 fluctus

1988 944 2205 999 maris:
2232 961 2362 998 cum
2385 945 2649 1000 venerint
2680 946 2923 1001 Romani
2958 946 3015 1000 in
3050 946 3547 1003 conculcationem
3579 952 3636 1004 et

1988 1032 2203 1097 lutum,
2224 1033 2509 1087 subaudis
2540 1039 2711 1089 erunt
2730 1052 2743 1089 :
2766 1039 2821 1088 et
2842 1034 3343 1091 conculcabuntur
3361 1037 3433 1091 ab
3459 1037 3636 1093 hosti-

1987 1121 2097 1177 bus
2131 1121 2250 1176 sive
2279 1140 2313 1177 a
2342 1123 2740 1178 dmmonibus:
2763 1124 2935 1178 sicuti
2965 1124 3153 1178 lutum
3186 1142 3300 1196 quo
3331 1126 3635 1191 recedente

1988 1225 2023 1263 a
2052 1210 2492 1265 transeuntibus
2523 1210 2917 1265 conculcatur.
2940 1211 3103 1265 Sicut
3131 1228 3291 1266 mare
3312 1229 3544 1285 semper
3576 1214 3632 1268 in

1989 1302 2151 1352 motu
2175 1297 2436 1369 est,quia
2464 1298 2778 1370 aliquando
2808 1300 3105 1372 egreditur
3124 1304 3181 1355 et
3210 1299 3523 1373 aliquando
3557 1318 3637 1356 re-

1989 1386 2252 1457 greditur
2273 1391 2329 1441 et
2356 1387 2412 1441 in
2437 1388 2625 1442 reditu
2652 1405 2760 1443 sua
2781 1388 2918 1443 facit
2937 1387 3127 1443 lutum
3150 1389 3302 1460 quod
3330 1389 3634 1445 conculca-

1988 1477 2115 1528 tur:
2148 1475 2229 1529 sic
2259 1474 2341 1529 illi
2374 1476 2824 1545 egrediebantur
2852 1477 2923 1531 ad
2956 1476 3425 1548 iniquitatem,et
3454 1494 3639 1551 regre-

1991 1562 2301 1618 diebantur
2329 1564 2398 1618 ad
2424 1562 2746 1631 interitum,
2768 1568 2824 1619 et
2842 1564 3164 1620 ﬂuctuabat
3184 1582 3387 1621 eorum
3418 1565 3641 1622 malitia

1990 1650 2142 1707 sicut
2181 1652 2469 1707 ﬂuctuant
2524 1654 2692 1707 undae
2753 1652 2978 1709 maris:
3014 1652 3261 1725 ideoque
3315 1654 3639 1711 conculcati

1991 1740 2109 1795 sive
2141 1741 2210 1795 ad
2244 1739 2494 1795 nihilum
2524 1740 2741 1796 redacti
2776 1745 2937 1796 sunt.

2063 1852 2089 1878 ‹‹
2124 1829 2249 1883 Non
2281 1832 2369 1883 est
2399 1846 2506 1900 pax
2532 1828 2752 1900 impiis,
2787 1828 2933 1884 dixit
2968 1834 3120 1885 Deus
3164 1846 3351 1896 meus,
3380 1852 3408 1879 ››
3438 1829 3493 1885 id
3526 1834 3634 1898 est,

1994 1934 2109 1972 non
2141 1917 2454 1989 requiescit
2485 1916 2665 1972 Filius
2695 1916 2793 1973 Dei
2816 1918 2938 1990 (qui
2973 1916 3129 1973 dedit
3160 1935 3361 1990 pacem
3394 1920 3636 1990 mundo)

1986 2005 2046 2061 in
2081 2006 2279 2078 impiis
2308 2006 2548 2075 Judaais,
2573 2024 2761 2081 neque
2793 2006 2851 2063 in
2884 2008 3161 2065 omnibus
3192 2008 3433 2065 adversa
3462 2024 3635 2082 agen-

1987 2095 2167 2153 tibus.

2581 2186 2812 2243 CAPUT
2854 2187 3048 2243 LVIII;

2059 2298 2087 2323 «
2121 2273 2336 2342 Clama,
2372 2292 2443 2331 ne
2492 2292 2730 2331 cesses:
2768 2275 2937 2348 quasi
2992 2277 3139 2334 tuba
3194 2276 3382 2332 exalia
3438 2293 3638 2334 vocem

1987 2365 2173 2428 tuam,
2206 2367 2263 2417 et
2294 2365 2582 2419 annuntia
2612 2364 2825 2436 populo
2881 2382 3010 2420 meo
3061 2363 3280 2422 scelera
3328 2382 3551 2433 eorum,
3584 2368 3641 2421 et

1988 2452 2187 2507 domui
2211 2452 2391 2507 Jacob
2414 2458 2653 2525 peccata
2670 2470 2932 2508 eorum.»
2946 2453 3067 2508 Vox
3084 2455 3185 2509 Dei
3205 2455 3274 2510 ad
3296 2454 3639 2527 prephetam

1988 2541 2109 2597 sive
2138 2541 2210 2595 ad
2233 2540 2476 2596 chorum
2510 2541 2908 2613 apostolorum
2934 2538 3013 2597 :0
3043 2543 3327 2616 propheta
3357 2543 3474 2598 sive
3506 2542 3641 2600 cho-

1989 2647 2090 2684 rus
2120 2629 2539 2700 apostolorum,
2558 2629 2748 2684 clama
2770 2630 2895 2685 sine
2928 2630 3157 2696 timore,
3179 2648 3250 2687 ne
3272 2636 3500 2688 metuas
3523 2631 3643 2688 illo-

1988 2734 2120 2772 rum
2147 2717 2460 2785 insaniam,
2482 2734 2552 2773 ne
2576 2734 2770 2773 cesses
2801 2736 2836 2773 a
2861 2718 3477 2790 praedicationeouasi
3501 2720 3644 2776 tuba

1987 2804 2174 2860 exalia
2204 2821 2402 2860 vocem
2436 2809 2617 2873 tuam,
2655 2805 2712 2859 id
2744 2810 2853 2876 est,
2883 2822 3157 2879 magnam
3189 2824 3386 2862 vocem
3418 2807 3638 2875 emitte,

1988 2898 2053 2948 ut
2080 2894 2151 2947 ab
2183 2893 2461 2948 omnibus
2482 2893 2675 2965 possis
2699 2894 2889 2948 audiri
2915 2910 2927 2948 :
2953 2894 3314 2950 annuntians
3336 2895 3421 2950 eis
3453 2896 3643 2950 immi-

1987 2986 2221 3036 nentem
2254 2981 2650 3052 captivitatem
2685 2998 2719 3036 a
2751 2982 3050 3051 Romanis,
3084 2986 3142 3037 et
3185 2981 3430 3039 multam
3463 2983 3638 3041 inter-

1986 3069 2313 3123 fectionem.
2346 3070 2415 3124 Et
2446 3070 2732 3124 annuntia
2760 3070 2974 3142 populo
3005 3087 3135 3127 meo
3167 3070 3385 3126 scelera
3413 3088 3640 3141 eorum,

1987 3158 2041 3212 id
2073 3161 2163 3211 est
2192 3156 2477 3212 immania
2508 3162 2763 3229 peccata,
2790 3158 3182 3214 idololatriam
3212 3159 3502 3228 videlicet,
3534 3159 3638 3215 ho-

1986 3244 2311 3305 micidium.
2331 3249 2387 3301 et
2407 3245 2787 3302 exsecrabilis
2812 3244 3087 3314 facinora,
3108 3264 3236 3320 qua:
3259 3245 3418 3303 ultra
3435 3247 3641 3304 huma-

221 3357 250 3384 ‹‹
285 3350 487 3406 pacem
522 3333 594 3401 ei,
622 3334 721 3407 qui
753 3333 923 3408 longe
952 3339 1077 3391 erat
1110 3358 1135 3385 ››
1158 3340 1367 3391 aterra
1390 3337 1625 3409 propria
1650 3338 1707 3393 in
1740 3338 1871 3393 Hie-
1904 3323 1949 3387 C
1989 3351 2131 3388 num
2165 3334 2406 3388 modum
2441 3333 2551 3406 ipsi
2602 3338 2941 3405 operantur.
2964 3335 3035 3390 Et
3063 3335 3261 3391 domui
3318 3336 3499 3392 Jacob
3530 3354 3637 3393 an-

220 3421 504 3487 rusalem,
527 3445 553 3471 ‹‹
589 3426 645 3477 et
676 3423 873 3477 sanavi
897 3440 1030 3477 cum
1060 3446 1085 3471 ››
1111 3442 1143 3477 a
1167 3425 1440 3497 peccatis,
1462 3426 1557 3498 qui
1593 3426 1877 3497 paeniten-

220 3508 365 3565 tiam
387 3509 506 3583 egit
528 3510 585 3567 in
604 3511 958 3584 captivitate.
978 3511 1158 3567 Aliter
1176 3530 1189 3567 :
1204 3513 1400 3568 Creavi
1420 3515 1675 3570 fructum
1700 3514 1877 3571 labio-

221 3614 352 3653 rum
390 3615 655 3654 meorum
690 3616 892 3671 pacem
925 3599 975 3653 ei
1010 3601 1109 3672 qui
1144 3600 1313 3673 longe
1336 3608 1444 3668 est,
1469 3606 1524 3657 et
1552 3620 1751 3674 pacem
1776 3605 1876 3675 qui

221 3704 401 3759 prope
424 3687 665 3742 estzhoc
688 3692 776 3743 est
796 3689 947 3760 quod
973 3689 1215 3761 promisi
1240 3708 1341 3762 per
1367 3691 1679 3763 prophetas
1702 3693 1772 3747 de
1794 3692 1880 3748 Fi-

219 3773 299 3830 lio
323 3790 474 3839 meo,
498 3776 655 3847 quod
678 3776 1089 3848 redempturus
1112 3781 1267 3832 esset
1284 3794 1470 3848 genus
1500 3778 1830 3835 humanum
1860 3797 1872 3836 :

219 3878 393 3935 opere
410 3861 744 3935 adimplevi,
761 3867 1027 3920 statuens
1049 3882 1249 3937 pacem
1262 3866 1483 3921 Judzeis
1501 3868 1874 3924 credentibus

217 3949 321 4022 qui
371 3967 550 4023 prope
579 3955 765 4020 erant,
788 3956 843 4007 et
875 3954 1149 4025 gentibus
1180 3953 1281 4025 qui
1323 3953 1512 4026 longe.
1548 3956 1617 4010 Et
1674 3956 1874 4012 sanavi

216 4056 376 4106 eum,
402 4038 460 4093 id
503 4043 613 4107 est,
647 4044 961 4112 utrumque
1001 4040 1283 4113 populum
1319 4041 1377 4097 in
1409 4042 1509 4098 illo
1538 4044 1871 4100 credentem

214 4126 416 4183 sanavi
450 4143 485 4182 a
524 4131 779 4198 peccato,
801 4129 1035 4185 Judzeos
1066 4129 1332 4184 videlicet
1375 4129 1447 4185 ab
1505 4129 1868 4198 infidelitate,

212 4218 421 4288 gentes
453 4219 649 4271 autem
679 4216 751 4273 ah
783 4216 1150 4273 idololatria:
1176 4218 1248 4272 de
1270 4216 1485 4288 quibus
1516 4217 1659 4272 dicit
1687 4220 1869 4290 Apos-

210 4305 390 4373 tolus,
427 4328 453 4355 «
486 4304 602 4362 Vos
659 4306 759 4378 qui
818 4306 995 4362 eratis
1055 4306 1245 4379 longe,
1299 4306 1433 4361 facti
1492 4307 1635 4363 estis
1691 4324 1870 4380 prope

212 4394 431 4466 (Epiros.
456 4396 539 4463 ιι).
568 4416 595 4443 ››
614 4396 684 4450 Et
715 4394 860 4451 illud
888 4395 1178 4452 :Veniens
1216 4395 1625 4468 evangelizavit
1665 4413 1868 4469 pacem

210 4483 300 4539 eis
333 4483 431 4555 qui
463 4481 633 4556 longe
665 4486 851 4552 erant,
886 4483 942 4538 id
976 4488 1085 4552 est,
1106 4482 1427 4556 gentilibus
1457 4488 1743 4557 etvpaeem
1775 4485 1869 4542 his

211 4570 315 4643 qui
350 4588 550 4643 prope,
583 4570 692 4626 hoc
722 4576 814 4627 est
841 4572 1083 4627 Judaeis.

1986 3421 2195 3477 nuntia
2220 3426 2455 3494 peccata
2483 3439 2708 3493 eorum,
2728 3422 2787 3478 in
2821 3423 3038 3495 quibus
3068 3423 3418 3497 delinquunt
3438 3429 3641 3481 contra

1986 3511 2172 3566 Deum
2204 3516 2262 3566 et
2293 3512 2645 3583 proximum.
2665 3511 2868 3567 Adhuc
2920 3511 3204 3585 populum
3262 3530 3439 3570 suum
3470 3513 3638 3570 illum

1983 3604 2171 3664 vocat,
2206 3603 2271 3654 ut
2299 3600 2371 3654 ad
2406 3600 2807 3671 paenitentiam
2840 3617 2975 3655 eum
3010 3606 3299 3673 provocet.

2058 3712 2083 3737 ‹‹
2107 3689 2197 3743 Me
2229 3688 2444 3744 etenim
2471 3689 2541 3743 de
2562 3689 2656 3744 die
2686 3688 2744 3743 in
2778 3689 2932 3744 diem
2956 3694 3246 3762 quaerunt,
3260 3695 3317 3746 et
3345 3691 3492 3749 scire
3516 3693 3642 3751 vias

1986 3793 2149 3833 meas
2163 3776 2568 3843 volunt.Quasi
2587 3794 2732 3850 gens
2749 3794 2876 3849 quae
2890 3778 3185 3848 justitiam
3212 3779 3493 3846 fecerit,et
3511 3798 3638 3852 quae

1974 3865 2270 3936 judicium
2297 3864 2391 3919 Dei
2416 3866 2505 3921 sui
2539 3883 2653 3921 non
2686 3865 3123 3937 dereliquerit.»
3150 3867 3274 3922 Ilaec
3304 3867 3535 3940 proprie
3564 3869 3634 3924 ad

1982 3953 2215 4010 Judaeos
2264 3952 2576 4024 pertinent,
2604 3952 2703 4025 qui
2745 3952 3005 4025 quotidie
3045 3954 3116 4008 ad
3167 3953 3453 4025 templum
3486 3959 3545 4010 et
3576 3956 3637 4012 in

1983 4057 2309 4113 synagogas
2347 4041 2706 4096 conﬂuentes
2743 4040 2901 4113 leges
2940 4040 3040 4096 Dei
3082 4041 3537 4111 meditabantur,
3580 4047 3638 4099 et

1980 4132 2177 4184 tamen
2200 4127 2495 4200 justitiam
2531 4132 2587 4183 et
2609 4128 2905 4200 judicium
2943 4132 3167 4184 rectum
3200 4145 3316 4184 non
3349 4129 3632 4204 adimple-

1980 4216 2122 4271 bant
2155 4234 2167 4273 :
2203 4216 2345 4288 quia
2386 4216 2541 4272 idola
2572 4233 2673 4289 pro
2705 4216 2821 4272 Deo
2861 4216 3151 4272 colebant.
3188 4216 3298 4284 Me,
3324 4217 3536 4291 inquit,
3561 4220 3633 4277 de

1979 4304 2072 4360 die
2102 4305 2160 4360 in
2194 4304 2371 4375 diem,
2388 4307 2675 4377 quaerunt,
2697 4304 3104 4360 tantummodo
3125 4321 3262 4361 voce
3278 4309 3335 4360 et
3350 4306 3631 4365 veniendo

1979 4394 2052 4449 ad
2082 4393 2371 4465 templum
2402 4398 2577 4466 atque
2607 4410 2934 4466 synagogas
2959 4411 2971 4449 :
2995 4398 3052 4449 et
3080 4392 3227 4451 scire
3259 4394 3400 4463 vias,
3424 4395 3483 4451 id
3519 4400 3628 4466 est,

1978 4481 2236 4538 actiones
2268 4486 2326 4538 et
2353 4481 2686 4538 voluntates
2728 4498 2891 4537 meas
2919 4481 3143 4549 volunt,
3171 4499 3352 4554 quare
3384 4501 3497 4540 non
3532 4501 3627 4541 ex-

1977 4571 2212 4626 audiam
2237 4588 2356 4626 eos.
2374 4570 2547 4636 Quasi
2571 4586 2715 4642 gens
2736 4588 2867 4642 quae
2877 4569 3176 4641 justitiam
3202 4571 3420 4640 fecerit,
3439 4572 3496 4627 id
3517 4577 3625 4642 est,

285 4684 313 4710 «
342 4659 511 4732 Impii
543 4664 740 4715 autem
764 4661 932 4733 quasi
958 4677 1119 4717 mare
1142 4662 1369 4718 fervens
1391 4663 1547 4734 quod
1569 4662 1867 4734 quiescere
1896 4664 2042 4753 Βτιιι
2072 4660 2244 4714 modo
2285 4659 2485 4714 fideles
2515 4658 2573 4713 in
2612 4657 2870 4714 Ecclesia
2899 4662 3050 4714 recte
3078 4663 3137 4715 et
3158 4660 3319 4731 juste
3347 4661 3624 4731 viventes,

211 4766 331 4805 non
364 4751 577 4819 potest,
612 4753 669 4804 et
699 4750 1033 4805 redundant
1065 4750 1278 4806 fluctus
1309 4752 1437 4823 ejus
1468 4750 1527 4806 in
1558 4750 1867 4807 conculea-
1896 4746 1951 4767 Ἰ
1977 4751 2035 4802 et
2061 4747 2357 4802 Christum
2387 4748 2563 4802 Deum
2590 4751 2649 4802 et
2677 4746 2975 4803 hominem
3008 4748 3476 4805 confitentes.Vel
3497 4767 3625 4821 quae
3735 4820 3739 4825 ε

209 4837 435 4894 tionem
451 4836 1317 4911 etlutum.»Superiuslocutus
1335 4843 1422 4895 est
1439 4840 1509 4895 de
1525 4839 1863 4912 Judaeisqui
1964 4835 2261 4908 justitiam
2294 4836 2513 4903 fecerit,
2546 4835 2657 4891 hoc
2688 4839 2795 4906 est,
2820 4835 2975 4891 idola
3003 4852 3107 4921 pro
3137 4835 3252 4891 Deo
3284 4854 3397 4892 non
3431 4836 3623 4894 colue-

208 4925 269 4981 in
290 4924 624 4997 captivitate
645 4925 816 4996 positi
839 4926 1245 4998 paenitentiam
1266 4931 1683 4998 egerunt,quos
1700 4943 1866 4982 sana-
1974 4924 2067 4991 rit,
2086 4926 2187 4979 sed
2221 4925 2500 4979 mandata
2531 4941 2659 4980 mea
2690 4929 2841 4979 recte
2873 4941 3103 4997 semper
3130 4924 3553 4997 adimpleverit,
3569 4930 3627 4982 et

202 5013 293 5068 vit
322 5029 358 5068 a
385 5013 640 5085 peccatis
674 5013 1001 5069 reducendo
1034 5013 1165 5069 illos
1195 5012 1255 5069 in
1288 5014 1671 5082 Hierusalem,
1701 5019 1758 5069 et
1790 5015 1862 5070 de
1972 5029 2099 5085 quae
2121 5012 2437 5083 judicium,
2462 5013 2519 5067 id
2550 5016 2657 5080 est,
2681 5012 2867 5085 legem
2900 5013 3000 5068 Dei
3034 5013 3126 5069 sui
3157 5030 3271 5068 non
3304 5013 3627 5087 derelique-

203 5100 328 5169 illis
359 5100 534 5157 etiam
559 5100 659 5173 qui
680 5105 812 5173 post
833 5101 1062 5157 Domini
1089 5101 1422 5174 passionem
1448 5101 1856 5158 crediderunt:
1972 5099 2165 5167 rit,vel
2197 5118 2392 5156 veram
2426 5101 2599 5181 fidem
2632 5101 2886 5156 tenuerit
2938 5119 3006 5157 ex
3061 5119 3177 5174 qua
3225 5102 3432 5173 justus
3460 5102 3617 5158 vivit.

201 5205 363 5249 mmo
395 5190 466 5245 de
494 5188 612 5247 illis
641 5189 973 5262 specialiter
1000 5189 1262 5262 loquitur
1290 5190 1388 5263 qui
1424 5189 1483 5245 in
1514 5189 1860 5246 infidelitate
1971 5188 2366 5261 Spiritualiter
2395 5193 2590 5244 autem
2611 5189 2904 5260 justitiam
2928 5194 2985 5245 et
3004 5189 3297 5260 judicium
3320 5190 3618 5246 Christum

198 5266 314 5334 sua
332 5280 467 5350 post
480 5277 711 5334 Domini
737 5276 1138 5334 ascensionem
1162 5278 1856 5351 permanserunt,quibus

198 5352 436 5425 dicebat
456 5365 663 5421 beatus
686 5359 901 5423 Paulus
920 5383 932 5422 :
951 5365 1131 5423 Vobis
1155 5366 1394 5438 quidem
1417 5367 1720 5438 oportebat
1745 5366 1857 5437 pri-

196 5470 367 5509 mum
392 5452 553 5525 loqui
570 5453 809 5510 verbum
828 5453 949 5522 Dei,
966 5455 1065 5510 sed
1086 5454 1226 5526 quia
1243 5453 1522 5526 repellitis
1540 5453 1681 5508 illud
1702 5459 1759 5508 et
1773 5453 1855 5508 in-

195 5542 412 5615 dignos
433 5558 533 5597 vos
554 5542 841 5613 judicatis
870 5548 1094 5599 (eterna:
1122 5542 1248 5598 vita:
1273 5560 1287 5600 :
1313 5560 1444 5598 ecce
1462 5542 1857 5598 convertimur

196 5631 273 5704 ad
304 5633 509 5703 gentes
527 5630 659 5701 (Act.
681 5634 827 5699 XIII).
849 5631 1038 5704 Impii,
1068 5631 1417 5704 inquit,sive
1451 5629 1632 5702 iniqui
1666 5630 1851 5687 Judtei

198 5702 385 5799 quiin
399 5717 634 5775 Domini
651 5718 922 5790 passione
939 5702 1339 5776 clamaverunt
1359 5737 1407 5776 :«
1424 5719 1577 5775 Reus
1596 5722 1681 5773 est
1706 5735 1854 5775 mor-

1963 5278 2248 5333 debemus
2282 5276 2735 5349 intelligere,qui
2766 5276 3272 5349 estjustitia,quia
3301 5278 3426 5351 ipse
3447 5279 3625 5350 justi-

1965 5366 2099 5421 ﬁcat
2129 5366 2343 5421 electos
2373 5382 2547 5421 suos:
2578 5369 2634 5420 et
2663 5365 2766 5436 qui
2799 5370 2886 5422 est
2909 5365 3372 5438 judicium,quia
3397 5390 3424 5416 ‹‹
3451 5368 3621 5423 Pater

1963 5471 2077 5509 non
2102 5455 2332 5526 judicat
2379 5456 2883 5525 quemquam,sed
2921 5471 3094 5510 omne
3124 5454 3420 5525 judicium
3454 5457 3619 5511 dedit

1964 5543 2108 5599 Filio
2126 5547 2433 5611 (Joan.v).»
2452 5565 2479 5589 ‹‹
2500 5542 2728 5613 Rogant
2748 5542 3392 5618 mejudiciajustitize,»
3416 5545 3473 5599 id
3503 5548 3611 5612 est,

1963 5636 2170 5704 rogant
2201 5636 2266 5685 ut
2309 5634 2462 5686 recte
2488 5629 2749 5700 judicem
2780 5647 2900 5698 eos,
2935 5636 2992 5687 et
3034 5632 3266 5703 justum
3315 5632 3610 5705 judicium

1963 5721 2170 5776 faciam
2206 5736 2218 5775 :
2254 5719 2615 5775 ostendendo
2658 5735 2837 5792 quare
2881 5736 2997 5803 non
3055 5721 3374 5795 suscipiam
3407 5738 3609 5779 eorum
