3956 6462
346 456 512 543 ,1019

726 471 1139 532 HAYMONIS
1187 473 1727 533 HALBERSTAT.
1780 473 2023 534 EPISC.
2072 474 2247 537 OPP.
2299 479 2498 541 PARS
2546 481 2589 541 l.
2626 516 2703 526 —
2747 484 3159 545 COMMENT.
3210 486 3409 548 BIBL.

3622 474 3769 549 4020

354 621 550 677 opera.
584 626 613 654 «
646 602 1126 677 Appmpinquare
1157 602 1274 660 Deo
1305 603 1565 675 volunt,»
1597 605 1885 662 subaudis
1910 622 2011 661 vo-
2042 604 2099 674 Α
2129 612 2477 667 rens.Amat
2497 611 2653 670 Deus
2675 614 3049 688 omnipotens
3069 634 3138 673 ea
3158 602 3284 690 quae
3315 618 3586 691 superius
3617 637 3767 677 com-

354 713 439 762 ce,
474 711 588 750 non
617 711 811 766 opere.

2122 701 2487 770 memoravit,
2515 707 2693 776 caput
2721 703 2990 761 videlicet
3020 705 3324 775 inclinare,
3350 726 3583 765 saccum
3605 714 3659 766 et
3687 711 3769 766 ci-

426 787 661 851 «Quare
683 782 1106 854 jejunavimus,
1129 789 1185 840 et
1214 802 1330 840 non
1364 787 1699 858 aspexisti,»
1725 788 2011 846 subaudis
2122 805 2321 845 nerem
2354 795 2612 847 sternere
2638 810 2649 849 :
2676 792 2724 849 si
2756 811 2903 867 puro
2925 795 2995 850 de
3014 797 3186 851 corde
3217 802 3485 870 agantur,
3511 802 3565 854 et
3587 800 3769 855 maxi-

351 873 733 931 exaudiendo.
760 897 788 922 «
819 872 1272 930 Humiliavimus
1303 876 1561 931 animam
1596 882 1916 946 nostram,»
1949 879 2007 934 id

350 965 458 1029 est,
483 960 665 1016 vitam
700 965 961 1017 nostram
994 963 1322 1034 jejunando
1356 988 1383 1013 ‹‹
1417 968 1473 1027 et
1523 965 1806 1021 nescisti?
1863 968 2007 1023 Ecce

349 1052 408 1106 in
440 1049 531 1106 die
555 1051 769 1123 jejunii
802 1052 979 1107 vestri
1002 1051 1299 1107 invenitur
1319 1053 1589 1109 voluntas
1605 1060 1854 1123 vestra,»
1875 1059 2008 1113 sub-

348 1139 519 1195 audis
549 1140 822 1209 carnalis,
857 1165 882 1190 ‹‹
919 1146 975 1197 et
1015 1160 1219 1197 omnes
1265 1143 1556 1199 debitores
1600 1150 1820 1201 vestros
1853 1165 2003 1219 repe-

346 1230 539 1285 titis.»
573 1229 1011 1302 Proposuerunt
1040 1231 1224 1286 Judaii
1258 1232 1724 1305 Domino,quare
1757 1253 1869 1289 non
1903 1254 2004 1291 ex-

346 1320 623 1376 audiebat
650 1338 749 1376 cos
779 1337 915 1375 cum
946 1319 1329 1376 humiliarent
1357 1340 1421 1377 se
1443 1322 1722 1393 jejuniis;
1760 1325 1856 1380 sed
1892 1325 2001 1380 Do-

345 1409 544 1466 minus
576 1427 690 1467 non
721 1409 996 1482 reprobat
1018 1409 1267 1481 jejunis,
1288 1410 1388 1465 sed
1411 1428 1587 1482 opera
1617 1429 1744 1485 quae
1770 1413 1829 1468 in
1852 1415 2004 1486 jeju-

345 1500 443 1556 nio
477 1499 1202 1568 t'aciebant,dicens:Ecce
1236 1501 1294 1555 in
1328 1500 1421 1556 die
1452 1502 1664 1573 jejunii
1698 1505 1871 1559 vestri
1906 1504 1998 1559 in-

341 1589 573 1645 venitur
595 1589 866 1645 voluntas
888 1594 1100 1657 vestra,
1123 1589 1409 1645 subaudis
1432 1591 1706 1648 carnalis.
1726 1594 1805 1647 Ac
1837 1593 1886 1649 si
1919 1592 2002 1648 di-

341 1684 531 1736 ceret:
553 1681 687 1735 Ideo
720 1697 835 1734 non
857 1678 1123 1745 exaudio,
1140 1679 1280 1750 quia
1300 1678 1598 1750 jejunium
1620 1686 1879 1737 vestrum
1904 1700 1997 1739 ca-

340 1774 427 1825 ret
457 1769 877 1837 misericordia,
898 1774 954 1824 et
985 1768 1227 1840 insuper
1256 1786 1360 1840 pro
1391 1768 1564 1824 laude
1586 1774 1641 1825 et
1662 1771 1998 1829 adulatione

336 1859 649 1915 hominum
681 1858 825 1915 illud
868 1858 1063 1931 agitis.
1097 1857 1318 1913 Vacant
1362 1858 1549 1914 Judaei
1591 1860 1860 1931 jejuniis,
1894 1864 1995 1919 sed

2122 895 2215 933 me
2241 882 2502 952 tempore
2524 883 2891 940 necessitatis
2913 888 2971 939 et
2995 884 3392 943 tribulationis
3416 905 3430 943 :
3454 891 3520 943 ut
3540 888 3597 943 in
3619 888 3770 945 Nini-

2118 968 2274 1036 vitis,
2318 974 2375 1024 et
2422 971 2601 1029 David
2652 976 2827 1045 atque
2872 973 3063 1028 Achaz
3094 973 3379 1045 (Jonaem;
3411 976 3465 1031 II
3496 977 3616 1048 Reg.
3647 995 3764 1047 xm,

2117 1058 2203 1113 IlI
2234 1060 2356 1131 Reg.
2389 1060 2525 1133 xxx).
2551 1062 2609 1117 Si
2669 1067 2867 1117 autem
2926 1062 3145 1135 duplici
3210 1064 3407 1120 animo
3456 1066 3618 1134 ﬁant,
3652 1084 3765 1123 non

2117 1146 2281 1221 eligit
2312 1166 2499 1221 neque
2530 1152 2815 1223 approbat
2845 1169 2931 1207 ea.

2189 1262 2215 1286 ‹‹
2244 1239 2446 1294 Nonne
2467 1240 2576 1295 hoc
2606 1246 2695 1296 est
2727 1242 2916 1313 magis
2947 1241 3241 1314 jejunium
3265 1243 3417 1315 quod
3451 1242 3764 1317 elegi,»su-

2116 1326 2350 1395 baudis,
2367 1330 2522 1400 quod
2547 1346 2654 1403 ego
2685 1329 2958 1402 praecipio
2980 1330 3084 1386 tibi
3107 1332 3483 1387 custodire?«
3509 1332 3766 1390 Dissolve

2113 1415 2516 1489 colligationes
2548 1418 2890 1491 impietatis,
2913 1418 3068 1475 solve
3099 1419 3410 1476 fasciculos
3439 1420 3764 1494 deprimen-

2112 1508 2219 1558 tes.
2244 1528 2271 1554 »
2290 1506 2676 1580 Septuaginta
2706 1509 2967 1581 apertius
2998 1508 3714 1568 transtulerunt‘diccntes
3748 1529 3761 1568 :

2112 1594 2358 1650 Omnem
2410 1596 2761 1669 scripturam
2811 1597 3076 1670 iniquam
3127 1597 3460 1655 conscinde.
3487 1599 3611 1657 Mos
3640 1606 3765 1657 erat

2111 1682 2273 1739 illius
2303 1684 2526 1757 p0puli,
2550 1692 2615 1742 ut
2644 1686 2691 1742 si
2716 1686 2891 1742 alicui
2913 1685 3135 1759 aliquid
3161 1688 3561 1744 commodaret
3580 1688 3763 1745 chim-

2107 1773 2398 1845 graphum
2422 1774 2557 1830 inde
2584 1776 2883 1843 scriberet,
2909 1775 2967 1830 id
2998 1780 3107 1844 est,
3136 1776 3404 1832 chartam
3426 1780 3483 1832 et
3511 1779 3761 1850 scriptu-

2108 1880 2234 1918 ram
2268 1880 2571 1936 perquam
2605 1863 2688 1919 illi
2723 1863 3042 1937 requireret
3067 1881 3079 1920 :
3103 1864 3192 1920 vel
3225 1864 3401 1921 etiam
3424 1867 3761 1938 juramento

337 1952 579 2019 frustra,
629 1948 769 2022 quia
827 1966 943 2045 non
999 1946 1395 2045 generalibus.
1435 1949 1714 2045 Generale
1775 1953 1992 2008 etenim
2024 1980 2072 2045 B
2108 1952 2466 2027 colligebant
2514 1971 2612 2009 eos
2644 1954 2865 2045 quibus
2891 1953 3115 2045 aliquid
3168 1955 3542 2027 prmstabant,
3566 1960 3623 2012 et
3652 1956 3759 2012 ali-

326 2039 625 2111 jejunium
658 2043 748 2093 est
778 2037 1072 2093 abstinere
1110 2037 1183 2092 ab
1214 2037 1493 2094 omnibus
1534 2037 1775 2106 illicitis,
1800 2047 1857 2097 et
1886 2041 1995 2098 hoc
2025 2037 2068 2045 ”
2106 2043 2341 2113 quando
2373 2042 2522 2099 falsa
2538 2043 2929 2116 chirographa
2950 2043 3287 2099 scribebant
3310 2048 3515 2101 contra
3542 2063 3758 2119 paupe-

334 2146 451 2185 non
484 2146 588 2201 pro
618 2127 790 2185 laude
822 2125 1128 2199 temporali
1170 2143 1362 2200 agere.
1395 2127 1554 2193 Quod
1599 2132 1795 2184 autem
1828 2128 1990 2199 dicit,

332 2219 392 2275 in
422 2220 516 2275 die
537 2217 751 2292 jejunii
776 2217 948 2273 vestri
971 2216 1267 2272 invenitur
1286 2216 1559 2271 voluntas
1580 2222 1773 2274 vestra
1796 2235 1995 2275 carna-

330 2308 681 2382 lis,quidam
714 2306 943 2363 codices
972 2305 1191 2362 habent
1217 2322 1230 2360 ε
1258 2305 1587 2361 invenietur
1605 2306 1876 2365 voluntas
1898 2327 1990 2364 ve-

330 2403 474 2467 stra,
490 2397 548 2453 id
570 2395 1018 2465 est,delectatio,
1032 2395 1091 2450 in
1109 2395 1415 2450 sumendis
1432 2394 1699 2451 videlicet
1720 2396 1991 2468 pluribus

330 2492 388 2544 et
413 2486 768 2544 lautioribus
797 2483 937 2541 cibit
984 2489 1117 2556 post
1156 2483 1476 2556 jejunium.
1501 2484 1739 2551 Omnes,
1772 2486 1984 2558 inquit,

329 2577 625 2633 debitores
641 2579 863 2649 vestros
885 2570 1169 2646 repetitis,
1189 2572 1244 2627 id
1263 2578 1353 2628 est
1373 2572 1604 2645 exigitis
1625 2576 1987 2632 contentiose

327 2667 402 2723 ab
435 2664 554 2721 illis
585 2664 803 2737 quibus
834 2662 1058 2735 aliquid
1091 2662 1505 2718 commodasis.
1531 2662 1663 2719 Ideo
1691 2664 1847 2720 enim
1881 2664 1984 2719 ali-

327 2756 564 2829 quando
578 2753 949 2827 jejunabant,
971 2756 1035 2807 ut
1063 2751 1307 2808 liberius
1340 2758 1581 2825 possent
1604 2770 1744 2810 suos
1767 2754 1984 2811 debito-

326 2864 420 2902 res
450 2849 730 2917 repetere,
753 2843 909 2915 quod
943 2859 1057 2897 non
1090 2845 1283 2915 potest
1308 2842 1436 2897 sine
1464 2843 1835 2900 contentione
1865 2844 1981 2917 agi.

400 2959 428 2987 «
459 2936 604 2990 Ecce
635 2934 708 2989 ad
740 2932 872 2989 lites
902 2937 960 2988 et
991 2930 1394 2988 contentiones
1421 2932 1736 3004 jejunatis,
1769 2938 1825 2988 et
1856 2951 1983 3005 per-

324 3025 525 3082 cutitis
556 3040 753 3097 pugno
786 3021 1023 3095 impie.»
1046 3021 1115 3076 Et
1144 3026 1234 3076 est
1261 3038 1508 3077 sensus:
1540 3022 1672 3078 Ideo
1696 3023 1983 3094 jejunatis

324 3119 391 3171 ut
422 3112 556 3170 lites
586 3117 644 3169 et
673 3111 1079 3168 contentiones
1127 3109 1336 3183 agatis,
1364 3114 1440 3177 et,
1466 3111 1621 3182 quod
1671 3111 1841 3183 pejus
1871 3116 1979 3181 est,

323 3220 612 3278 pauperes
643 3205 702 3256 et
729 3200 1069 3256 innocentes
1101 3216 1298 3272 pugno
1338 3198 1664 3271 percutitis,
1699 3200 1825 3256 sine
1856 3200 1977 3272 pie-

321 3296 441 3349 tate
472 3291 768 3364 exigentes
808 3290 882 3345 ab
930 3288 1048 3345 illis
1097 3306 1225 3360 quae
1286 3306 1402 3344 non
1451 3289 1891 3356 commodastis,
1927 3294 1983 3345 et

2105 2136 2291 2199 res,et
2313 2132 2387 2187 ab
2409 2131 2527 2187 illis
2551 2131 2651 2204 qui
2674 2131 2820 2187 nihil
2853 2132 3149 2188 habebant
3180 2150 3315 2188 cum
3339 2132 3617 2190 violontia
3640 2136 3758 2191 exi-

2102 2220 2320 2293 gebant
2350 2222 2505 2293 quod
2558 2220 2677 2277 illis
2708 2238 2824 2277 non
2864 2222 3304 2278 commiserant.
3339 2223 3760 2296 Hujuscemodi

2101 2309 2334 2365 chartas
2357 2313 2414 2366 et
2443 2310 2766 2383 scripturas
2797 2309 3054 2383 appellat
3076 2309 3480 2384 cclligationes
3502 2316 3559 2368 et
3588 2313 3759 2370 fasci-

2100 2398 2266 2454 culos
2288 2398 2685 2471 deprimentes
2707 2415 2720 2453 :
2741 2398 2881 2471 quia
2902 2398 3187 2472 ligabant,
3214 2400 3270 2455 id
3294 2404 3383 2455 est
3403 2402 3759 2476 constringe-

2098 2489 2241 2544 bant
2261 2505 2364 2560 pcr
2385 2505 2453 2543 ea
2473 2505 2763 2560 pauperes
2779 2493 2835 2543 et
2857 2487 3587 2563 opprimebant:prmcepit
3606 2497 3671 2547 ut
3692 2510 3759 2548 ea

2098 2575 2499 2632 dissolverent.
2516 2575 2574 2631 Si
2597 2576 2753 2633 enim
2778 2575 3048 2648 impietas
3069 2579 3156 2631 est
3169 2580 3258 2645 (ut
3281 2578 3343 2632 B.
3368 2577 3759 2652 Hieronymus

2097 2665 2261 2735 dicit)
2284 2665 2355 2721 ab
2378 2665 2461 2721 eis
2485 2665 2745 2721 debitum
2781 2666 3226 2722 accomodatum
3258 2666 3485 2739 exigere
3508 2668 3610 2741 qui
3640 2688 3754 2726 non

2094 2758 2345 2829 possunt
2361 2754 2770 2826 reddere,quia
2787 2772 2901 2811 non
2918 2754 3141 2810 habent
3153 2756 3338 2811 unde:
3360 2763 3591 2828 quanta:
3610 2757 3754 2815 illud

2094 2843 2416 2917 impietatis
2447 2848 2535 2900 est
2566 2845 2721 2916 quod
2763 2843 2909 2900 falso
2953 2843 3314 2916 requiritur?
3359 2844 3757 2917 Spiritualiter

2093 2938 2291 2989 autem
2315 2937 2373 2989 et
2404 2932 2707 2989 moraliter
2728 2931 3133 3006 colligationcs
3157 2936 3214 2988 et
3246 2933 3555 2991 fasciculos
3577 2936 3753 2992 debe-

2094 3040 2228 3079 mus
2260 3020 2584 3095 intelligere
2615 3026 2872 3094 peccata,
2896 3038 3025 3094 qua:
3053 3021 3430 3095 praecipimur
3457 3023 3753 3081 dimittere

2092 3111 2358 3185 proximo
2382 3110 2441 3166 in
2458 3111 2552 3166 die
2566 3110 2802 3183 jejunii,
2818 3110 3068 3166 Domino
3082 3111 3344 3168 dicente:
3366 3111 3624 3170 Dissolve
3640 3114 3752 3170 col-

2092 3200 2400 3274 ligationes
2423 3199 2764 3273 impietatis,
2780 3203 2891 3256 etc.
2915 3200 2995 3255 Ac
3018 3199 3066 3255 si
3090 3199 3343 3256 diceret:
3372 3201 3601 3257 Dimitte
3623 3221 3751 3276 pro~

2090 3290 2248 3346 ximo
2272 3289 2331 3345 in
2354 3294 2409 3345 te
2432 3288 2693 3360 peccanti
2717 3305 2843 3360 qua:
2867 3292 3071 3344 contra
3092 3292 3146 3344 te
3168 3290 3305 3362 egit,
3331 3294 3396 3345 ut
3421 3289 3527 3347 tibi
3549 3290 3746 3347 dimit-

318 3381 499 3439 vultis
529 3350 600 3437 ut
624 3378 935 3436 exaudiam
964 3350 1421 3449 vos?Sequitur,
1447 3401 1473 3427 ‹‹
1496 3378 1685 3433 Nolite
1711 3350 1978 3450 jejunare
2010 3350 2054 3418 C
2092 3384 2252 3434 tatur
2273 3350 2659 3450 quod-contra
2688 3350 2872 3431 Deum
2899 3350 3305 3448 deliquistijet
3332 3376 3525 3449 possis
3556 3378 3746 3434 dicere

321 3472 476 3528 sicut
503 3485 691 3540 usque
740 3468 812 3523 ad
862 3466 1015 3521 hanc
1048 3466 1227 3535 diem,
1250 3469 1316 3521 ut
1349 3466 1625 3522 audiatur
1660 3465 1720 3521 in
1753 3466 1978 3523 excelso

320 3559 545 3616 clamor
557 3560 806 3612 vester.»
820 3554 1138 3610 SolebantJ
1146 3554 1292 3609 udsei
1314 3553 1375 3609 in
1393 3555 1602 3610 diebus
1610 3555 1974 3626 jejuniorum

226 3660 233 3671 ‘
324 3648 382 3703 in
416 3644 651 3717 angulis
683 3643 1011 3716 platearum
1056 3660 1243 3709 orare,
1276 3642 1549 3714 expansis
1598 3644 1875 3700 manibus
1905 3647 1975 3701 ad

323 3734 558 3801 ccelum,
575 3739 635 3789 et
655 3732 713 3788 in
738 3732 930 3788 medio
952 3731 1171 3803 templo
1197 3731 1471 3787 similiter
1489 3749 1623 3787 cum
1646 3732 1900 3790 clamore
1922 3739 1980 3790 et

322 3823 566 3897 ejulatu,
592 3828 657 3879 ut
686 3823 758 3878 ab
787 3821 1166 3878 audientibus
1186 3838 1286 3877 eos
1308 3826 1367 3876 et
1387 3822 1763 3878 cernentibus
1783 3823 1980 3879 lauda-

321 3912 747 3984 rentur(Mauh.
769 3914 951 3977 XXIII).
979 3910 1142 3966 Sicut
1188 3914 1243 3966 et
1294 3909 1392 3966 ille
1441 3911 1770 3969 Pharisceus
1802 3913 1899 3985 qui
1946 3930 1981 3969 a

320 4003 569 4061 Domino
600 4001 658 4057 in
699 3999 1011 4075 Evangelio
1041 4000 1458 4067 contemnitur,
1484 3999 1731 4074 ideoque
1762 4002 1981 4057 dicitur

321 4094 392 4149 ad
443 4110 542 4148 eos
574 4092 723 4164 (Luc.
748 4096 907 4159 xvm)
934 4107 947 4145 ε
974 4114 1000 4139 ‹‹
1036 4090 1224 4146 Nolite
1264 4091 1537 4161 jejunare
1586 4090 1741 4146 sicut
1789 4108 1978 4163 usque

320 4183 393 4238 ad
422 4181 574 4237 hanc
605 4181 785 4249 diem,
811 4203 838 4229 ››
871 4179 1159 4235 subaudis
1196 4179 1420 4251 absque
1466 4179 1888 4248 misericordia,
1923 4185 1980 4236 et

321 4276 387 4327 ut
407 4271 701 4327 debitores
724 4286 859 4324 cum
883 4268 982 4323 lite
1004 4273 1061 4323 et
1081 4268 1448 4324 contentione
1482 4269 1782 4339 repetatis,
1798 4274 1860 4324 ut
1882 4287 1978 4325 au-

321 4361 519 4417 diatur
547 4359 772 4415 clamor
800 4361 991 4413 vester
1020 4356 1079 4411 in
1111 4356 1359 4425 excelso,
1394 4357 1503 4412 hoc
1534 4362 1623 4412 est
1667 4358 1725 4413 in
1759 4358 1977 4430 templo

320 4450 439 4505 sive
471 4450 531 4504 in
565 4447 795 4520 plateis,
830 4450 887 4501 et
917 4463 1052 4501 cum
1083 4446 1335 4502 clamore
1365 4445 1563 4502 oretis.

392 4563 417 4587 ‹‹
436 4536 713 4610 Nunquid
739 4535 854 4591 tale
871 4535 1269 4607 estjejunium
1291 4536 1446 4608 quod
1469 4535 1978 4608 elegi,»subaudis

319 4627 492 4700 quale
512 4643 613 4682 vos
634 4624 847 4699 agitis?
865 4646 892 4675 ε(
926 4625 1032 4680 Per
1054 4623 1230 4693 diem,
1251 4624 1351 4679 nid
1384 4630 1474 4681 est
1505 4629 1627 4683 tota
1658 4625 1749 4681 die
1771 4650 1798 4675 «
1824 4626 1976 4682 aftli-

318 4732 454 4789 gere
484 4714 781 4770 hominem
814 4713 1075 4769 animam
1107 4730 1339 4780 suam,»
1361 4714 1671 4784 subaudis,
1692 4719 1749 4770 et
1779 4720 1980 4787 postea
2005 4721 2055 4788 Ι)

319 4803 509 4860 multa
539 4808 873 4875 perpetrare
904 4802 1128 4868 illicita,
1152 4801 1239 4857 vel
1279 4803 1428 4859 cibis
1465 4802 1849 4861 immoderate
1881 4823 1973 4862 re-

319 4894 504 4965 pleri?
526 4892 673 4959 Quid
709 4908 846 4964 ergo
878 4892 1109 4964 prolicit
1140 4908 1352 4963 corpus
1384 4897 1709 4965 temperare
1741 4911 1774 4949 a
1803 4893 1971 4962 cibis,

319 4984 430 5038 nisi
464 4985 821 5052 temperetur
851 4998 886 5037 a
915 4980 1116 5035 vitiis?
1168 4981 1329 5036 Istud
1383 4981 1497 5037 tale
1531 4982 1828 5054 jejunium
1860 5001 1973 5038 non

317 5070 605 5143 approbat
634 5070 809 5137 Deus,
843 5070 945 5125 sed
987 5068 1131 5125 illud
1161 5071 1317 5141 quod
1369 5070 1638 5143 generale
1671 5077 1760 5127 est
1813 5078 1870 5128 et
1915 5073 1974 5127 in

316 5157 653 5214 humilitate
709 5157 1113 5214 misericordia
1170 5158 1545 5232 adimpletur.
1573 5160 1899 5233 «Nunquid
1946 5185 1973 5209 ››

317 5245 608 5302 subaudis
636 5245 782 5320 elegi
808 5269 833 5296 «
861 5251 1246 5319 contorquere
1279 5247 1447 5319 quasi
1479 5248 1765 5304 circulum
1798 5255 1976 5322 caput

314 5350 517 5399 suum,
537 5356 563 5381 ››
582 5334 637 5390 id
662 5341 751 5392 est
769 5339 947 5408 caput
969 5352 1034 5389 ac
1056 5337 1233 5408 pedes
1260 5337 1542 5393 inclinare
1562 5361 1588 5385 «
1608 5342 1665 5393 et
1687 5356 1923 5395 saccum
1947 5363 1973 5388 ››

314 5420 562 5476 induere
586 5444 614 5471 «
636 5430 695 5481 et
723 5424 981 5481 cinerem
1005 5426 1302 5481 sternere?
1325 5426 1604 5497 Nunquid
1630 5427 1786 5483 istud
1808 5445 1972 5483 voca-

309 5507 403 5561 bis
417 5507 719 5575 jejunium
739 5518 797 5570 et
813 5512 971 5567 diem
990 5513 1407 5584 acceptabilem
1422 5514 1739 5570 Domino?»
1754 5517 1975 5571 Subau-

307 5594 424 5655 (ἷίξδν
451 5606 566 5646 non
598 5603 709 5656 erit
738 5602 789 5657 ei
814 5602 1122 5669 acceptum
1144 5601 1257 5657 tale
1279 5602 1599 5675 jejunium,
1626 5605 1764 5676 quia
1785 5604 1974 5660 humi-

296 5676 537 5767 litgtetll
557 5688 890 5767 pretendis
913 5688 1330 5757 exstrinsecus,
1359 5696 1417 5747 et
1438 5697 1667 5747 tumore
1688 5694 1974 5765 superbiai

293 5755 535 5813 inﬂaris
554 5763 917 5833 intrinsecus
937 5787 951 5825 :
970 5770 1207 5834 laudem
1223 5778 1546 5836 humanam
1563 5780 1771 5837 exinde
1788 5783 1975 5853 requi‘

2088 3467 2274 3523 libera
2293 3471 2487 3522 mente
2507 3482 2519 3519 :
2541 3464 2775 3521 Dimitte
2797 3464 2987 3532 nobis,
3004 3464 3158 3520 sicut
3181 3468 3239 3520 et
3260 3482 3366 3521 nos
3390 3465 3745 3523 dimittimus

2090 3556 2255 3612 fratri
2275 3554 2625 3625 (Matth.v1).«
2648 3552 2889 3609 Dimitte
2909 3570 3008 3609 eos
3025 3553 3127 3626 qui
3150 3554 3429 3610 confracti
3447 3559 3585 3611 sunt
3606 3555 3745 3612 libe-

2090 3662 2205 3711 ros,
2235 3647 2292 3701 et
2320 3660 2492 3700 omne
2522 3661 2672 3698 onus
2713 3642 3003 3715 dirumpe.
3023 3665 3050 3691 ››
3078 3643 3240 3715 Saepe
3279 3646 3539 3717 tempore
3571 3645 3741 3702 famis

2089 3733 2404 3789 tradebant
2434 3750 2495 3787 se
2526 3732 2768 3803 quidam
2790 3731 3128 3787 Judmorum
3160 3749 3444 3805 pauperes
3472 3733 3746 3806 principi-

2089 3823 2200 3879 bus
2232 3826 2289 3877 et
2310 3820 2585 3876 divitibus
2608 3820 2667 3875 in
2690 3820 3053 3890 servitutem,
3071 3819 3253 3894 aliqui
3278 3825 3341 3876 ut
3361 3839 3464 3894 per
3484 3823 3742 3895 spatium

2089 3915 2312 3983 septem
2344 3926 2636 3966 annorum
2685 3909 2769 3965 eis
2820 3909 3123 3978 servirent,
3157 3908 3336 3982 aliqui
3375 3910 3532 3983 plus,
3562 3910 3741 3984 aliqui

2090 4000 2289 4055 minus
2313 4016 2326 4053 :
2354 3996 2451 4053 alii
2476 3997 2650 4053 etiam
2676 4015 2863 4069 usque
2884 3997 2957 4052 ad
2980 4015 3202 4053 annum
3222 3998 3556 4055 Jubilzeum.
3580 4000 3743 4056 Unde

2089 4088 2426 4162 praecipitur
2459 4086 2594 4154 illis,
2621 4088 2687 4141 ut
2734 4086 2880 4142 tales
2929 4085 3231 4142 dimittant
3277 4104 3310 4143 a
3360 4088 3633 4144 servitute
3681 4088 3762 4145 in.

2087 4178 2418 4234 libertatem
2445 4194 2457 4231 :
2485 4175 2624 4248 quia
2644 4174 2958 4247 aliquando
2983 4175 3296 4248 plusquam
3320 4175 3417 4232 illo
3439 4178 3742 4233 statuisset

2090 4268 2431 4324 detinebant
2452 4283 2610 4330 eum,
2634 4265 2733 4337 qui
2759 4282 2821 4320 se
2843 4265 3226 4320 concriderat.
3250 4265 3484 4321 Dimitte
3504 4266 3742 4339 (inquit)

2089 4375 2188 4413 eos
2218 4355 2433 4411 liberos
2462 4353 2564 4427 qui
2609 4354 2889 4410 confracti
2922 4357 3081 4423 sunt,
3106 4354 3161 4408 id
3197 4360 3287 4409 est
3333 4353 3433 4427 qui
3483 4359 3741 4427 tempore

2089 4445 2264 4503 famis
2292 4449 2349 4501 et
2381 4443 2748 4500 necessitatis
2798 4442 3078 4509 instante,
3104 4460 3137 4498 a
3167 4440 3433 4500 libertate
3481 4444 3738 4500 tradide-

2090 4539 2230 4592 runt
2260 4552 2320 4591 se
2352 4534 2457 4589 tibi
2491 4533 2551 4590 in
2583 4532 2945 4599 servitutem,
2974 4537 3031 4587 ct
3062 4549 3235 4588 omne
3264 4550 3412 4589 onus
3442 4531 3738 4589 servitutis

2086 4625 2173 4681 vel
2206 4623 2429 4697 peccati
2463 4623 2592 4678 diru
2602 4638 2754 4694 mpe.

2157 4738 2183 4763 (ι
2209 4715 2431 4785 Frange
2454 4710 2731 4767 esurienti
2759 4728 2971 4783 panem
2994 4715 3187 4780 tuum,
3210 4715 3267 4767 et
3296 4728 3509 4785 egenos
3530 4727 3736 4783 vagos-

2086 4821 2199 4877 que
2226 4804 2403 4858 induc
2425 4801 2483 4855 in
2504 4801 2746 4856 domum
2767 4800 3506 4872 tuam.»Notandum,quia
3525 4817 3737 4873 panem

2084 4898 2255 4948 tuum
2275 4890 2421 4947 dixit
2438 4907 2553 4946 non
2571 4888 2828 4945 alienum
2846 4907 2859 4945 :
2877 4906 2947 4943 ne
2960 4894 3203 4945 conetur
3221 4888 3435 4961 aliquis
3451 4907 3519 4944 cx
3535 4888 3738 4960 rapina

2085 4982 2516 5053 eleemosynam
2539 4978 2869 5044 facere.Qui
2900 4978 3057 5033 enim
3090 4979 3161 5034 de
3191 4978 3588 5050 rapina'oli‘ert
3621 4978 3735 5033 Deo

2087 5070 2442 5127 sacriﬁcium
2463 5072 2521 5124 et
2547 5065 3033 5133 misericordiam,
3053 5067 3221 5138 quasi
3246 5066 3345 5139 qui
3376 5065 3640 5121 immolat
3669 5066 3732 5119 ﬁ-

2086 5159 2231 5215 lium
2261 5162 2395 5214 ante
2425 5161 2651 5230 patrem
2674 5157 2837 5225 (Eccl.
2862 5160 3053 5224 xxxv).
3077 5153 3475 5229 Spiritualiter
3503 5171 3605 5227 per
3635 5171 3732 5225 pa-

2087 5266 2220 5304 nem
2253 5262 2573 5321 possumus
2604 5244 2930 5317 intelligere
2951 5245 3126 5299 ﬁdem
3158 5243 3394 5315 Christi,
3419 5243 3519 5315 qui
3549 5241 3729 5298 dixit:

2090 5361 2114 5388 ιι
2150 5339 2267 5411 Ego
2295 5352 2428 5392 sum
2460 5334 2630 5407 panis
2659 5333 2962 5405 vivus,qui
2996 5332 3066 5389 de
3096 5332 3239 5388 coelo
3266 5330 3537 5389 descendi
3556 5331 3730 5399 (Joan.

2083 5429 2225 5496 νὴ.»
2240 5427 2454 5481 Panem
2472 5423 2629 5480 enim
2646 5420 2976 5495 frangimus
2996 5419 3541 5493 esurienti,quando
3560 5418 3730 5474 fidem

2085 5514 2299 5571 Christi
2324 5530 2502 5586 quam
2524 5502 2813 5567 habemus
2836 5509 3297 5583 simplicioribus
3319 5507 3596 5564 fratribus
3617 5524 3733 5562 ma—

2087 5605 2455 5660 nifestamus.
2492 5600 2775 5657 Similiter
2804 5617 2907 5671 per
2937 5616 3147 5671 panem
3181 5614 3496 5671 possumus
3522 5594 3729 5650 intelli-

2084 5710 2219 5768 gere
2243 5707 2472 5749 sacram
2494 5688 2879 5761 Scripturam,
2900 5706 3016 5761 qua
3047 5687 3306 5744 reficitur
3325 5686 3555 5742 anima:
3582 5684 3731 5739 sicut

2084 5799 2298 5857 corpus
2321 5778 2565 5837 diversis
2586 5777 2799 5851 epulis.
2814 5778 2998 5845 Quem
3021 5793 3233 5851 panem
3252 5779 3389 5833 tunc
3410 5772 3729 5845 frangimus
