3956 6400
191 448 216 513 1
229 443 347 502 029

1232 438 1638 501 COMMENT.
1688 440 1764 500 IN
1810 439 2096 503 ISAIAM.
2139 476 2216 487 —
2260 442 2402 504 LIB.
2452 444 2556 505 Ill.

3446 450 3601 513 5030

191 574 595 631 resuscitando
622 590 754 629 cum
780 590 813 629 a
835 572 1102 628 mortuis.
1128 572 1198 627 Et
1229 577 1316 627 est
1350 580 1558 628 sensus
1583 591 1595 628 :
1619 573 1839 628 Judmis
1867 576 1922 640 Α
1952 575 2247 629 occidente
2278 579 2335 630 et
2364 580 2494 632 ortu
2528 575 2667 632 solis
2690 576 2983 634 timebunt
3004 595 3216 635 nomen
3240 580 3471 637 Domini
3506 583 3606 640 Pa-

190 665 252 721 in
285 663 631 719 inﬁdelitate
679 662 1183 734 permanentibus,
1209 662 1357 717 Deus
1388 662 1556 716 Pater
1597 662 1844 718 salvabit

191 753 301 809 sibi
326 752 536 809 Filium
565 769 739 808 suum
764 769 796 807 a
820 752 1221 823 persecutione
1243 750 1497 818 illorum,
1522 756 1577 805 et
1599 750 1846 805 salvabit

191 842 365 897 etiam
390 842 448 897 in
474 842 671 897 futuro
696 858 708 895 :
734 846 791 896 et
812 840 1048 912 justitia
1070 840 1219 911 ejus,
1246 840 1298 893 id
1328 844 1434 905 est,
1459 840 1637 894 Filius
1662 840 1841 904 illius,

193 930 289 1003 qui
315 931 606 1003 justiﬁcat
635 948 839 985 omnes
870 928 1105 995 electos,
1132 929 1253 999 ipse
1283 929 1653 982 conﬁrmabit
1684 946 1840 994 eum,

191 1020 299 1075 hoc
331 1024 437 1087 est,
474 1018 795 1074 lwtiﬁcabit
839 1019 910 1072 de
951 1016 1139 1071 salute
1176 1018 1459 1087 gentium.
1484 1017 1757 1071 Dicamus
1786 1022 1843 1071 et

192 1108 397 1164 aliter:
424 1108 547 1163 Illis
569 1107 904 1163 nolentibus
925 1106 1178 1161 converti
1210 1107 1279 1160 ad
1315 1104 1714 1177 pomitentiam
1747 1123 1840 1159 ve-

193 1198 509 1266 ram,Deus
541 1197 710 1255 Pater
740 1196 981 1251 salvavit
1014 1194 1123 1249 sibi
1147 1196 1446 1250 credentes
1472 1212 1537 1249 ex
1568 1195 1842 1265 gentibus
1887 1216 1890 1220 ’

191 1303 294 1359 per
324 1285 534 1342 Filium
569 1302 765 1352 suum,
790 1290 845 1339 et
868 1285 1104 1357 justitia
1134 1284 1261 1355 ejus
1293 1284 1410 1339 sive
1443 1283 1843 1339 misericordia

190 1378 277 1444 (ut
300 1375 681 1448 Septuaginta
702 1373 1145 1439 transtulerunt}
1167 1373 1294 1444 ipsa
1316 1374 1685 1429 confirmabit
1706 1393 1840 1431 eum

192 1464 290 1536 qui
323 1463 571 1518 voluerit
602 1464 674 1518 ab
705 1480 901 1518 errore
924 1463 1202 1529 converti,
1228 1466 1289 1517 ut
1320 1481 1434 1517 non
1468 1464 1591 1518 suis
1619 1466 1842 1521 meritis

192 1553 290 1607 sed
324 1552 483 1607 illius
516 1552 919 1606 misericordia
965 1550 1239 1606 salvetur.
1273 1551 1513 1606 Justitia
1543 1554 1697 1608 enim
1731 1560 1838 1621 est,

192 1646 255 1696 ut
287 1642 524 1697 Greater
570 1645 846 1697 creaturze
880 1658 998 1695 sum
1031 1644 1249 1712 parcat,
1283 1657 1409 1711 qua)
1442 1642 1567 1695 suis
1615 1643 1842 1700 meritis

193 1747 308 1785 non
340 1733 565 1802 poterat
595 1728 825 1785 salvari.

262 1842 289 1868 ‹‹
326 1819 573 1874 Indutus
604 1822 694 1874 est
714 1817 951 1888 justitia
979 1821 1042 1872 ut
1071 1816 1270 1884 lorica,
1295 1822 1349 1872 et
1378 1818 1603 1891 galeam
1636 1821 1845 1879 habuit

193 1908 251 1963 in
283 1908 491 1981 capite,
520 1931 546 1956 »
570 1908 803 1980 quando
832 1906 1045 1962 electos
1077 1925 1214 1962 suos
1260 1908 1316 1962 in
1366 1925 1427 1962 se
1474 1910 1776 1966 credentes
1810 1930 1843 1967 a

192 1997 593 2069 persecutione
616 1997 953 2069 iniquorum
973 1995 1258 2064 liberavit,
1276 2000 1592 2069 pugnando
1615 2018 1716 2071 pro
1734 2002 1839 2069 eis,

190 2091 247 2141 et
277 2085 735 2141 misericordiam
761 2102 928 2140 suam
952 2085 1107 2139 circa
1130 2084 1259 2140 illos
1286 2086 1601 2142 fundendo.
1624 2088 1837 2145 Aliter:

188 2176 367 2231 Juxta
393 2174 711 2229 vindictam
745 2190 924 2245 quam
955 2192 1059 2246 per
1104 2173 1397 2229 Romanos
1428 2176 1635 2230 etl‘udit
1666 2196 1843 2250 super

187 2265 444 2332 Judzeos,
463 2263 561 2335 qui
597 2263 679 2317 ita
697 2267 980 2317 venerunt
1006 2262 1212 2333 parati,
1240 2264 1566 2335 appellatur
1590 2266 1758 2337 galea
1787 2271 1845 2322 et

190 2353 414 2408 lorica:
450 2351 590 2424 quia
618 2352 742 2423 ipse
792 2351 851 2405 in
902 2351 1047 2423 ipsis
1095 2351 1251 2405 venit
1292 2352 1610 2408 vindictam
1671 2373 1842 2410 suam

190 2458 463 2497 exercens
493 2458 561 2496 ex
585 2440 807 2496 Judzeis
853 2457 954 2511 per
992 2457 1204 2495 manus
1238 2441 1655 2497 Romanorum.
1683 2470 1709 2492 α
1746 2445 1845 2499 ln~

191 2530 371 2584 dutus
398 2532 488 2584 est
508 2528 876 2584 vestimentis
909 2528 1206 2595 ultionis,»
1232 2530 1516 2585 subaudis
1538 2532 1692 2587 sicut
1724 2551 1840 2601 rex,

188 2623 246 2673 et
274 2617 401 2673 suis
444 2616 733 2672 militibus
767 2617 1066 2681 Romanis,
1094 2641 1119 2666 ‹‹
1155 2622 1210 2672 et
1243 2624 1482 2690 opertus
1532 2625 1621 2675 est
1672 2623 1841 2693 quasi

190 2706 366 2779 pallio
398 2705 527 2772 zeli,
554 2727 581 2754 »
618 2705 672 2760 id
707 2710 795 2760 est
832 2705 1093 2759 ultionis.

261 2818 287 2843 α
314 2794 477 2850 Sicut
499 2794 569 2848 ad
592 2793 967 2856 vindictam,»
996 2794 1281 2849 subaudis
1302 2795 1547 2867 quilibet
1571 2815 1664 2852 rex
1694 2817 1842 2871 prm-

189 2886 449 2955 paratur,
469 2882 554 2937 ita
575 2886 664 2937 est
684 2881 780 2937 ille
809 2881 1054 2937 indutus
1077 2883 1201 2937 suis
1226 2884 1465 2955 armis,»
1492 2890 1547 2940 et
1571 2888 1734 2958 quasi
1770 2889 1841 2943 ad

189 2971 634 3026 retributionem
666 2970 1092 3042 indignationis
1122 2970 1392 3028 hostibus
1420 2973 1601 3041 suis,»
1626 2976 1843 3031 subau-

187 3061 279 3115 dis
310 3059 551 3126 Judaais,
577 3064 641 3114 ut
672 3059 873 3131 qualia
904 3060 1185 3123 fecerunt,
1210 3061 1351 3116 talia
1382 3063 1760 3134 reciperent.«
1787 3070 1845 3120 et

184 3147 653 3204 vicissitudinem
685 3147 943 3203 inimicis
975 3149 1168 3217 suis,»
1195 3150 1499 3217 subaudis,
1523 3151 1679 3206 venit
1709 3154 1842 3207 rcd-

186 3239 341 3293 dere.
358 3237 710 3293 Occiderunt
731 3237 1043 3309 prephetas
1063 3238 1162 3310 qui
1187 3239 1498 3294 adventum
1524 3240 1681 3295 illius
1706 3259 1843 3313 prm-

1954 664 2080 729 tris,
2101 665 2182 718 vel
2208 664 2451 735 gloriam
2486 666 2606 721 sive
2630 666 2839 721 Filium
2864 667 3044 735 illius,
3070 669 3214 724 dicit
3234 670 3520 728 Dominus
3544 672 3601 727 in

1954 752 2259 823 Evangelio
2294 771 2306 809 :

2025 864 2049 889 ‹‹
2078 840 2241 895 Multi
2274 843 2505 898 venient
2534 844 2606 898 ab
2637 843 2868 900 Oriente
2914 850 2969 900 et
3009 845 3382 914 Occidente,»
3406 853 3464 904 et
3493 868 3599 905 ca:-

1954 933 2093 983 tera.
2120 931 2186 984 Et
2218 932 2450 1002 quando
2481 933 2770 988 timebunt
2802 950 3013 988 nomen
3050 935 3329 991 Domini?
3349 940 3491 993 Cum
3514 957 3601 994 ve-

1955 1018 2104 1071 nerit
2136 1018 2256 1089 ipse
2294 1019 2472 1074 Filius
2514 1020 2612 1075 Dei
2653 1039 2755 1094 per
2784 1022 3203 1079 incarnationis
3252 1027 3598 1097 mysterium

1954 1105 2010 1159 in
2046 1108 2355 1175 mundum,
2387 1108 2473 1163 vel
2508 1127 2641 1164 cum
2674 1111 2894 1166 venerit
2923 1112 2995 1166 ad
3027 1116 3230 1184 gentes
3260 1131 3363 1185 per
3390 1116 3598 1188 prtedi-

1952 1194 2237 1249 cationem
2271 1203 2327 1250 et
2357 1197 2680 1253 orationem
2712 1200 3110 1271 apostolorum
3138 1217 3152 1257 :
3188 1203 3353 1274 quasi
3388 1204 3599 1261 ﬂuvius

1950 1282 2251 1350 violentos,
2273 1285 2379 1339 hoc
2403 1291 2490 1340 est
2510 1287 2780 1342 velociter
2798 1293 2855 1343 et
2880 1306 3012 1343 cum
3038 1289 3315 1346 violentia
3335 1309 3598 1360 currens,

1952 1389 2124 1443 quem
2160 1373 2413 1444 Spiritus
2445 1374 2675 1429 Domini
2701 1374 2853 1447 cogit
2874 1376 3068 1432 venire
3089 1378 3161 1433 ad
3191 1380 3599 1436 redimendum

1952 1477 2137 1530 genus
2168 1460 2495 1518 humanum
2544 1480 2556 1519 :
2605 1468 2662 1518 et
2686 1464 2908 1519 venerit
2949 1466 3108 1533 Sion,
3142 1466 3201 1522 id
3244 1473 3355 1537 est,
3389 1470 3601 1542 populo

1950 1549 2287 1604 Judzeorum
2322 1549 2378 1604 in
2412 1570 2473 1605 se
2518 1553 2787 1608 credendi
2816 1552 2902 1608 vel
2954 1554 3223 1610 Ecclesiae
3274 1559 3605 1631 redemptor

1951 1636 2253 1694 Christus:
2281 1644 2337 1693 et
2368 1640 2453 1695 eis
2486 1640 2661 1695 etiam
2694 1641 2916 1697 venerit
2957 1643 3056 1714 qui
3107 1644 3355 1700 redeunt
3384 1646 3455 1701 ab
3486 1646 3603 1702 ini-

1952 1726 2173 1797 quitate
2207 1727 2571 1783 inﬁdelitatis
2627 1734 2685 1785 et
2742 1731 3069 1802 negationis
3108 1733 3179 1787 ad
3236 1734 3436 1801 Jacob,
3460 1735 3603 1792 dicit

1952 1814 2257 1883 Dominus,
2278 1815 2386 1871 hoc
2418 1822 2506 1872 est
2535 1818 2606 1872 ad
2642 1818 2773 1873 illos
2794 1819 2891 1891 qui
2921 1819 3304 1893 supplantant
3328 1821 3487 1877 vitia.
3512 1823 3601 1879 Fi-

1952 1902 2064 1957 lius
2083 1903 2181 1957 Dei
2203 1905 2375 1960 fluvio
2392 1908 3225 1980 comparatur,quiadoctrinae
3244 1928 3360 1965 suae
3384 1912 3605 1968 ﬂuenta

1954 1992 2121 2046 nobis
2154 1993 2332 2060 dedit,
2357 1999 2413 2048 et
2445 1996 2621 2050 corda
2650 1996 2967 2052 electorum
2997 2015 3240 2054 suorum
3268 2016 3422 2071 aqua
3449 1999 3605 2056 salu-

1950 2080 2059 2134 tari
2095 2082 2287 2147 satiat,
2315 2083 2370 2137 id
2404 2087 2511 2150 est,
2539 2084 2792 2155 Spiritus
2838 2087 3023 2140 sancti
3067 2087 3256 2159 gratia
3293 2087 3496 2160 replet,
3530 2089 3604 2144 de

1952 2184 2067 2238 quo
2098 2168 2220 2238 ipse
2246 2168 2387 2223 dicit
2411 2186 2457 2223 :u
2485 2171 2544 2225 Si
2572 2171 2704 2242 quis
2736 2172 2879 2239 sitit,
2902 2173 3097 2229 veniat
3127 2175 3200 2230 ad
3233 2191 3327 2230 me
3355 2179 3414 2230 et
3442 2175 3606 2231 bibat

1951 2260 2134 2323 (Juan.
2160 2262 2281 2327 vn),
2312 2281 2338 2307 »
2368 2262 2425 2312 et
2465 2264 2689 2315 cmtera.
2713 2260 3017 2316 Violentus
3074 2262 3423 2335 appellatur,
3464 2263 3607 2336 quia

1952 2349 2140 2398 totum
2172 2347 2461 2401 mundum
2488 2348 2637 2403 inter
2658 2349 2910 2421 spatium
2934 2350 3113 2413 trium
3136 2368 3420 2407 annorum
3445 2359 3500 2407 et
3522 2369 3607 2408 se-

1954 2433 2066 2487 mis
2099 2440 2332 2505 peracta
2362 2454 2470 2490 sua
2502 2437 2794 2507 passione,
2820 2439 3161 2494 redimendo
3190 2440 3301 2495 sibi
3334 2442 3603 2513 subegit:

1954 2523 2107 2578 sicut
2140 2540 2452 2595 resurgens
2474 2542 2508 2579 a
2530 2526 2777 2580 mortuis
2798 2526 2963 2595 dixit,
2983 2551 3010 2576 «
3037 2527 3184 2583 Data
3205 2533 3295 2584 est
3323 2529 3470 2584 mihi
3491 2547 3611 2585 om-

1956 2611 2046 2665 nis
2081 2616 2339 2682 potestas
2372 2613 2429 2667 in
2463 2613 2605 2668 c0310
2630 2619 2685 2669 et
2712 2614 2773 2673 in
2806 2620 2958 2670 terra
2980 2615 3183 2687 (Matth.
3206 2620 3464 2686 xxvm).»
3488 2618 3611 2690 Spi-

1956 2699 2132 2754 ritum
2169 2705 2365 2755 autem
2402 2702 2653 2766 Domini,
2682 2702 2781 2774 qui
2814 2720 2949 2758 eum
2982 2705 3171 2776 coegit
3208 2705 3280 2760 ad
3314 2705 3608 2761 redimen-

1955 2789 2095 2842 dum
2130 2806 2315 2861 genus
2338 2789 2687 2858 humanum,
2713 2790 2994 2862 Spiritum
3024 2797 3291 2847 sanetum
3326 2794 3608 2849 debemus

1954 2877 2247 2947 accipere:
2274 2877 2344 2931 de
2367 2894 2483 2948 quo
2504 2877 2658 2933 idem
2680 2877 3102 2950 prophetajam
3128 2868 3396 2951 superius
3418 2881 3566 2936 dixit
3590 2897 3604 2936 :

1954 2988 1980 3014 ‹‹
2004 2965 2348 3035 Requiescet
2370 2983 2550 3038 super
2570 2982 2704 3021 eum
2725 2966 2978 3036 Spiritus
2995 2966 3367 3037 Domini(lsa.
3382 2968 3607 3041 x1).»Ne

1954 3057 2185 3123 putaret
2216 3058 2410 3108 autem
2453 3053 2668 3125 aliquis
2699 3071 2904 3109 omnes
2935 3054 3246 3111 salvandos
3285 3057 3387 3129 qui
3429 3058 3606 3113 ﬁdem

1954 3142 2164 3197 habere
2195 3142 2486 3211 videntur,
2511 3144 2610 3197 sed
2642 3156 2818 3215 opera
2849 3144 3003 3199 bona
3034 3160 3148 3199 non
3180 3144 3397 3202 habent
3429 3163 3443 3204 :
3474 3146 3606 3204 ideo

1953 3230 2117 3295 dixit,
2145 3254 2171 3279 ‹‹
2199 3235 2253 3286 et
2274 3231 2494 3287 venerit
2516 3232 2601 3286 eis
2626 3232 2978 3304 Redemptor
2999 3233 3098 3304 qui
3130 3234 3377 3290 redemit
3397 3237 3470 3292 ab
3504 3237 3610 3293 ini-

189 3326 561 3392 nuntiabant,
585 3330 643 3382 et
673 3308 867 3398 ipsum
900 3308 1239 3398 caput‘cum
1272 3328 1554 3400 apostolis
1580 3308 1725 3397 suis,
1760 3324 1842 3384 in-
1871 3308 1915 3375 C
1955 3320 2173 3390 (Ιυίίδίθ
2205 3321 2275 3374 ad
2307 3320 2507 3385 JaCOb:
2531 3321 2675 3375 die“
2704 3320 3048 3377 Dominus”
3071 3323 3351 3395 ἓείιιτίίυι*
3384 3342 3397 3381 ε

189 3413 414 3470 tert'ecti
454 3418 595 3469 sunt
632 3418 688 3469 et
724 3413 837 3486 ipsi
869 3432 903 3470 a
932 3415 1234 3471 Romanis.
1261 3440 1287 3467 ‹‹
1327 3416 1562 3483 Insulis,
1589 3442 1613 3466 ‹‹
1643 3416 1698 3472 id
1732 3424 1839 3486 est,

186 3502 524 3559 civitatibus
570 3503 906 3559 Judmorum
934 3526 962 3555 ‹‹
991 3504 1174 3560 vicem
1223 3506 1422 3560 reddet
1460 3529 1485 3554 »
1515 3505 1757 3562 delendo
1787 3512 1843 3563 et

187 3592 547 3647 destruendo
578 3609 677 3647 eas
707 3608 810 3664 per
838 3592 1154 3648 adventum
1185 3593 1606 3651 Romanorum.

251 3703 279 3727 «ι
301 3679 372 3733 Et
400 3678 695 3733 timebunt
718 3679 817 3751 qui
852 3679 923 3734 ab
947 3680 1249 3735 occidente
1273 3698 1483 3737 nomen
1507 3682 1761 3752 Domini,
1785 3690 1842 3741 et

177 3766 282 3839 qui
316 3767 388 3821 ab
420 3771 550 3822 ortu
581 3766 721 3823 solis
752 3766 996 3840 gloriam
1040 3770 1168 3839 ejus
1203 3785 1217 3823 :
1252 3786 1385 3824 cum
1419 3772 1641 3827 venerit
1672 3775 1839 3845 quasi

177 3856 395 3912 ﬂuvius
412 3855 702 3911 violentus
725 3873 898 3929 quem
924 3857 1171 3928 spiritus
1194 3858 1365 3929 cogit,
1382 3863 1439 3913 et
1458 3862 1680 3916 venerit
1699 3862 1836 3918 Sion

177 3945 534 4016 redemptor,
569 3949 626 3999 et
655 3945 740 3999 eis
773 3944 873 4016 qui
907 3946 1153 4001 redeunt
1184 3947 1255 4001 ab
1295 3947 1604 4019 iniquitate
1635 3951 1706 4005 ad
1738 3952 1835 4007 Ja-

174 4034 309 4103 cob,
342 4032 483 4088 dicit
526 4034 831 4089 Dominus.
862 4057 889 4083 »
914 4034 1196 4106 Superius
1228 4034 1460 4091 locutus
1501 4042 1591 4094 est
1641 4056 1835 4096 sermo

174 4121 555 4195 propheticus
586 4122 656 4178 de
700 4122 1105 4178 interfectione
1139 4123 1499 4192 Judzeorum,
1525 4143 1651 4197 qua:
1683 4128 1836 4184 facta

173 4215 268 4266 est
288 4228 323 4266 a
346 4210 646 4279 Romanis,
666 4211 724 4266 in
748 4212 967 4284 quibus
989 4212 1272 4269 Dominus
1294 4212 1450 4268 venit
1472 4222 1834 4287 praeparatus

175 4301 250 4355 ad
285 4300 602 4356 vindictam
636 4305 841 4356 contra
872 4318 1009 4356 suos
1047 4300 1339 4369 inimicos,
1366 4302 1611 4359 indutus
1654 4305 1835 4362 lorica

165 4387 418 4460 justitize
449 4392 507 4444 et
535 4387 702 4462 galea
732 4377 941 4445 salutis
965 4406 977 4443 :
1004 4406 1161 4445 nunc
1181 4407 1314 4445 vero
1337 4391 1407 4445 de
1431 4392 1543 4447 ﬁde
1568 4394 1832 4465 gentium

171 4476 593 4550 loquitur,quze
606 4495 639 4533 a
652 4482 904 4550 quatuor
920 4479 1124 4534 mundi
1145 4480 1411 4550 partibus
1424 4481 1833 4540 conﬂuxerunt

2022 3432 2049 3457 ‹‹
2086 3409 2204 3463 Iloc
2236 3409 2426 3463 fcedus
2455 3426 2674 3476 meum,
2702 3432 2728 3458 »
2752 3409 2809 3464 id
2858 3414 2965 3479 est,
2999 3415 3237 3484 pactum
3286 3414 3374 3470 vel
3423 3418 3602 3473 testa-

1951 3502 2219 3553 mentum
2245 3522 2271 3549 ‹‹
2305 3516 2439 3554 cum
2473 3500 2578 3569 eis,
2604 3498 2743 3555 dicit
2774 3500 3081 3570 Dominus,
3109 3524 3137 3551 ››
3170 3503 3478 3574 subaudis,
3500 3505 3604 3578 qui

1951 3587 2392 3643 declinaverunt
2442 3588 2516 3644 ab
2573 3587 2913 3661 iniquitate,
2973 3594 3039 3645 ut
3097 3592 3446 3650 redimerem
3507 3612 3609 3652 eos

1951 3693 2079 3732 meo
2114 3677 2421 3750 sanguine,
2455 3682 2512 3733 et
2542 3677 2877 3751 evangelica
2905 3685 3196 3754 praecepta
3224 3700 3354 3755 qua:
3394 3684 3480 3739 eis
3509 3685 3609 3741 de-

1949 3766 2087 3820 dero
2122 3784 2295 3839 opere
2325 3767 2708 3839 adimpleant,
2742 3772 2800 3823 et
2831 3785 3065 3842 semper
3093 3770 3152 3825 in
3184 3788 3388 3827 eorum
3419 3773 3607 3828 cordi-

1948 3854 2060 3909 bus
2092 3859 2418 3909 versentur.
2445 3855 2608 3910 Unde
2639 3860 2696 3910 et
2726 3856 2995 3926 sequitur
3019 3874 3067 3914 ;‹‹
3093 3859 3348 3930 Spiritus
3377 3876 3605 3927 meus,»

1948 3943 2004 3997 id
2032 3946 2142 4008 est,
2163 3942 2416 4014 Spiritus
2439 3947 2681 3997 sanctus
2704 3966 2731 3991 ‹‹
2758 3944 2860 4014 qui
2893 3950 2982 3999 est
3012 3945 3068 3998 in
3099 3949 3215 4013 te,»
3238 3962 3272 3999 0
3293 3946 3603 4018 Propheta,

1946 4048 2048 4103 per
2076 4048 2252 4102 quem
2285 4032 2485 4086 futura
2515 4031 2783 4103 praedicis
2817 4048 2864 4086 ει
2896 4037 2953 4086 et
2970 4032 3146 4086 verba
3175 4050 3308 4089 mea
3339 4051 3605 4108 quaepo-

1944 4120 2035 4174 sui
2069 4120 2128 4173 in
2161 4136 2257 4173 ore
2287 4122 2387 4173 tuo
2409 4136 2524 4173 non
2549 4119 2816 4174 recedent
2839 4120 2909 4174 de
2939 4136 3038 4175 ore
3064 4125 3185 4189 tuo,
3210 4127 3268 4176 et
3288 4123 3360 4178 de
3382 4140 3480 4179 ore
3512 4141 3604 4181 se-

1944 4207 2123 4262 minis
2156 4206 2260 4275 tui,
2287 4207 2431 4261 dixit
2452 4206 2756 4274 Dominus,
2781 4209 2992 4263 amodo
3014 4214 3069 4264 et
3094 4226 3280 4281 usque
3308 4210 3365 4265 in
3389 4213 3605 4285 sempi.

1944 4300 2238 4352 ternum.»
2263 4300 2472 4351 Semen
2516 4295 2678 4351 illius
2709 4297 2993 4353 debemus
3039 4298 3364 4372 intelligere
3395 4318 3604 4358 omnes

1943 4402 2311 4441 successores
2342 4386 2492 4456 ejus,
2518 4385 2618 4457 qui
2650 4386 2855 4441 eodem
2889 4386 3110 4458 Spiritu
3151 4394 3353 4444 sancto
3399 4390 3603 4462 repleti

1944 4476 2274 4543 fuerunt,ut
2297 4475 2408 4529 fuit
2430 4473 2800 4541 Jeremias,et
2816 4475 3008 4530 cmteri
3028 4481 3161 4533 ante
3183 4477 3601 4549 captivitatem,

174 4566 250 4638 ad
274 4565 473 4633 ﬁdem,
498 4565 800 4622 audientes
829 4566 1299 4638 praedicationem
1324 4569 1743 4639 apostolorum.
1764 4574 1833 4628 Et
1939 4565 2203 4621 Ezechiel
2226 4570 2284 4621 et
2306 4565 2504 4621 Daniel
2530 4566 2588 4620 in
2611 4567 3600 4641 captivitate,Aggasus,Zacharias,

79 4671 84 4677 ’
170 4654 491 4721 timebunt,
517 4654 730 4725 inquit,
757 4654 964 4710 timore
995 4660 1197 4710 sancto
1243 4660 1299 4711 et
1331 4656 1608 4726 ﬁliorum,
1630 4662 1729 4731 qui
1762 4663 1835 4718 ab
1866 4675 1913 4740 D
1945 4672 2011 4710 ac
2041 4654 2359 4710 Malachias
2389 4660 2521 4727 post
2551 4655 2971 4727 captivitatem,
2996 4662 3052 4711 et
3083 4658 3295 4713 deinde
3324 4660 3601 4731 apostoli,
3644 4690 3659 4701 ι

170 4743 479 4801 occidente
500 4747 639 4799 sunt
660 4761 871 4799 nomen
896 4743 1149 4811 Domini,
1170 4744 1228 4799 id
1253 4749 1361 4812 est,
1388 4763 1598 4803 nomen
1625 4749 1832 4820 Patris,

169 4833 244 4888 de
267 4848 384 4904 quo
402 4830 543 4886 dicit
566 4831 748 4887 Filius
764 4839 811 4886 tu
831 4832 1019 4899 Pater,
1036 4833 1402 4889 manifestavi
1427 4852 1640 4891 nomen
1663 4842 1833 4895 tuum

170 4919 519 4976 hominibus
552 4922 727 4989 (Joan.
754 4925 914 4989 xvn).
942 4944 969 4969 »
992 4922 1060 4975 Et
1091 4922 1191 4993 qui
1224 4923 1298 4977 ab
1319 4928 1451 4978 ortu
1490 4925 1630 4981 solis
1671 4932 1830 4995 sunt,

166 5009 469 5065 timebunt
499 5008 747 5082 gloriam
781 5010 931 5080 ejus,
958 5009 1149 5064 Flium
1177 5010 1437 5067 videlicet
1469 5013 1568 5068 Dei
1603 5014 1791 5071 Patris
1817 5034 1830 5072 :

166 5098 272 5169 qui
308 5098 466 5152 venit
512 5099 572 5152 in
621 5098 857 5153 nomine
890 5098 1079 5170 ipsius
1111 5099 1204 5153 cui
1237 5099 1378 5154 dicit
1433 5100 1557 5173 ipse
1618 5103 1784 5159 Pater
1817 5122 1829 5160 :

166 5209 196 5235 «
220 5186 507 5259 Exsurge,
525 5185 711 5258 gloria
732 5203 920 5242 mea.»
936 5187 1059 5242 Duo
1083 5192 1223 5243 sunt
1246 5189 1488 5245 timores
1512 5208 1525 5245 :
1550 5196 1639 5246 est
1660 5192 1837 5249 timor

167 5266 425 5341 servilis,
461 5292 576 5346 quo
620 5276 787 5330 timet
834 5293 1036 5332 servus
1067 5276 1373 5331 dominum
1425 5296 1622 5349 suum,
1659 5297 1729 5336 ne
1761 5282 1833 5338 ab

165 5362 277 5435 illo
310 5362 656 5436 ﬂagelletur.
681 5365 784 5419 Est
830 5360 1010 5420 timor
1046 5364 1265 5421 amoris
1295 5383 1410 5438 quo
1462 5367 1629 5423 timet
1674 5369 1834 5427 ﬁlius

162 5456 403 5524 patrem
425 5468 497 5507 ne
514 5453 587 5507 ab
610 5451 709 5507 illo
726 5452 1220 5519 exhaaredetur,de
1239 5472 1354 5526 quo
1373 5455 1616 5513 dicitur:
1634 5458 1836 5514 Timor

163 5540 408 5599 Domini
433 5546 634 5598 castus
660 5547 980 5614 permanet.
1000 5544 1088 5611 Et,
1111 5567 1139 5594 «
1168 5544 1406 5599 Initium
1434 5546 1734 5617 sapientiae
1760 5548 1833 5602 ti-

162 5622 304 5703 mor
323 5620 699 5686 Domini.»Et
723 5647 771 5684 :«
798 5631 1013 5687 Beatus
1032 5631 1122 5687 vir
1145 5633 1243 5704 qui
1267 5633 1434 5689 timet
1455 5634 1832 5708 Dominum,»

160 5719 385 5795 timore
406 5722 608 5795 sancto
634 5736 647 5779 :
672 5719 745 5777 de
766 5735 882 5798 quo
904 5723 962 5780 et
981 5718 1076 5778 hic
1102 5720 1336 5780 dicitur.
1359 5721 1441 5779 De
1461 5721 1593 5782 istis
1625 5725 1723 5802 qui
1758 5726 1830 5784 ab

1946 4748 2254 4815 martyres,
2288 4760 2613 4816 omnesque
2651 4744 2920 4800 doctores
2961 4751 3177 4801 sanctas
3209 4746 3500 4813 Ecclesiae,
3531 4749 3604 4804 de

1945 4850 2197 4905 quorum
2231 4850 2327 4888 ore
2358 4833 2643 4905 processit
2672 4833 2939 4889 doctrina
2966 4833 3193 4891 Veteris
3229 4839 3288 4890 et
3318 4836 3458 4890 Novi
3492 4837 3601 4892 Te-

1945 4922 2242 4976 stamenti.
2269 4922 2524 4994 Spiritus
2555 4922 2710 4977 enim
2744 4927 2985 4979 sanctus
3016 4924 3116 4995 qui
3141 4924 3341 4979 docuit
3364 4925 3599 4992 Isaiam,

1944 5010 2212 5065 transivit
2244 5028 2346 5081 per
2375 5028 2746 5067 successores
2777 5012 2849 5066 ad
2891 5011 3208 5085 apostolos.
3238 5013 3369 5069 Ideo
3400 5018 3600 5069 autem

1944 5098 2104 5165 dicit,
2138 5100 2347 5154 amodo
2387 5104 2443 5155 et
2489 5116 2677 5171 usque
2727 5100 2787 5155 in
2834 5101 3279 5173 sempiternum,
3314 5102 3602 5159 subaudis

1944 5205 2062 5243 non
2091 5189 2361 5244 recedent
2380 5189 2555 5244 verba
2577 5205 2710 5243 mea
2729 5189 2799 5244 de
2822 5206 2919 5244 ore
2941 5196 3039 5245 tuo
3061 5195 3117 5246 et
3137 5191 3208 5247 de
3229 5206 3327 5246 ore
3354 5191 3600 5247 seminis

1944 5277 2027 5331 tui
2066 5293 2079 5331 :
2114 5277 2254 5348 quia
2280 5276 2589 5349 Evangelia
2621 5294 2734 5333 non
2768 5278 3044 5334 succedet
3071 5277 3187 5334 alia
3214 5278 3323 5335 lex.
3350 5277 3514 5335 Unde
3541 5283 3601 5335 et

1943 5365 2200 5420 Joannes
2248 5364 2606 5438 evangelista
2635 5365 2778 5420 dicit
2824 5383 2886 5421 se
2915 5366 3132 5423 vidisse
3179 5365 3455 5440 angelum
3489 5366 3599 5423 ha-

1943 5455 2177 5510 bentem
2210 5453 2588 5527 Evangelium
2611 5459 2891 5510 aeternum
2921 5455 3099 5527 (Apoc.
3120 5457 3257 5527 xxv).
3285 5455 3393 5523 Qui
3419 5472 3597 5529 ange-

1943 5543 2036 5598 lus
2087 5544 2500 5615 praeﬁgurabat
2556 5542 2872 5598 Dominum
2903 5544 3106 5600 Jesum
3139 5542 3438 5600 Christum
3493 5545 3596 5618 qui

1944 5633 2115 5688 nobis
2163 5632 2537 5688 credentibus
2567 5631 2727 5687 dedit
2774 5632 3180 5705 Evangelicam
3228 5633 3593 5705 doctrinam;

1944 5723 2013 5783 de
2044 5738 2161 5798 qua
2215 5720 2342 5799 ipse
2397 5720 2543 5777 dixit
2574 5737 2625 5777 :«
2658 5719 2880 5778 Caelum
2918 5726 2977 5779 et
3022 5726 3178 5780 terra
3233 5721 3593 5795 transibunt,
