3956 6440
336 451 485 512 1031

768 453 1172 513 HAYMONIS
1204 450 1747 512 HALBEHSTAT.
1783 446 2027 509 EPISC.
2063 448 2234 509 OPP.
2268 451 2471 512 PARS
2504 450 2551 511 Ι.
2585 484 2663 495 —
2691 451 3098 514 COMMENT.
3133 450 3343 513 BIBL.»

3604 454 3628 511 1
3639 453 3752 512 032

336 586 511 643 verba
558 589 755 641 autem
805 600 937 639 mea
984 600 1099 638 non
1148 582 1488 639 transibunt
1516 581 1721 651 (Matth.
1754 582 1930 650 xx1v).
1959 602 1986 630 ››
2022 582 2074 650 Α
2103 582 2423 654 gationem,
2448 600 2622 657 surge
2645 601 2749 657 per
2766 601 2963 642 veram
2995 585 3584 651 Confessionemﬂuaa
3608 586 3753 641 ceci-

975 724 1206 781 CAPUT
1246 724 1358 780 LX.

408 876 434 902 ‹‹
462 852 667 924 Surge,
692 849 1049 918 illuminare,
1073 849 1423 917 Jerusalem,
1447 849 1585 921 quia
1605 850 1761 906 venit
1792 849 1990 905 lumen

337 946 525 1005 tuum,
559 945 619 994 et
647 938 834 1011 gloria
863 938 1095 994 Domini
1137 957 1315 1012 super
1353 943 1407 994 te
1448 945 1575 994 orta
1605 943 1713 994 est.
1744 963 1771 988 ››
1802 939 1989 995 Judaei

338 1028 482 1085 falso
517 1045 711 1084 errore
751 1028 998 1100 decepti,
1032 1031 1090 1084 et
1126 1030 1398 1101 quazdam
1427 1046 1577 1085 vanu
1616 1028 1848 1084 somnia
1877 1029 1990 1084 sibi

335 1120 643 1192 ﬁngentes,
667 1120 927 1174 referunt
954 1118 1076 1174 hac
1106 1117 1306 1174 omnia
1336 1120 1409 1174 ad
1436 1122 1671 1191 tempus
1704 1117 1862 1173 mille
1896 1135 1994 1173 un-

334 1223 567 1277 norum,
588 1226 704 1280 quo
729 1208 936 1263 dicunt
965 1226 1026 1264 se
1056 1212 1401 1281 regnaturos
1434 1225 1569 1264 cum
1602 1207 1830 1263 Christo
1863 1224 1994 1263 suo-

335 1313 512 1369 quem
534 1313 643 1353 nos
662 1296 1092 1352 Antichristum
1114 1297 1401 1353 dicimus:
1425 1301 1481 1353 et
1502 1315 1606 1371 per
1626 1296 1990 1353 Hierusalem

335 1387 509 1442 istam
539 1386 744 1442 volunt
779 1384 1104 1459 intelligere
1134 1386 1295 1442 illam
1339 1404 1575 1442 auream
1610 1390 1667 1442 et
1697 1390 1986 1455 ornatam,

336 1491 513 1548 quam
546 1481 857 1530 autumant
886 1476 1237 1531 descendere
1266 1476 1337 1531 de
1358 1474 1522 1543 coelo,
1544 1477 1714 1547 cujus
1734 1476 1991 1532 Joannes

334 1563 694 1637 evangelista
732 1564 871 1620 facit
928 1563 1286 1620 mentionem
1337 1564 1396 1620 in
1444 1565 1791 1637 Apocalypsi
1824 1566 1986 1636 (Cap.

333 1653 449 1726 χιιι)
475 1670 487 1709 :
513 1670 690 1725 super
710 1671 888 1725 quam
925 1670 1032 1708 nos
1056 1658 1322 1708 sanctam
1365 1653 1684 1709 Ecclesiam
1718 1653 1990 1726 intelligi-

335 1759 624 1815 mus,quaa
646 1748 734 1798 est
756 1747 961 1798 ornata
982 1743 1158 1798 variis
1187 1743 1494 1799 ordinibus
1527 1748 1582 1799 et
1603 1743 1848 1798 diversis
1881 1743 1991 1799 vir-

332 1832 580 1888 tutibus.
597 1831 810 1887 Dicunt
825 1832 1001 1888 etiam
1026 1832 1136 1904 ipsi
1159 1831 1454 1905 lalsiloqui
1475 1832 1697 1906 gravati
1720 1849 1989 1889 sermone

331 1920 737 1992 erroris,quod
763 1937 970 1976 omnes
990 1925 1196 1999 gentes
1218 1926 1359 1976 tunc
1382 1922 1662 1993 temporis
1692 1921 1986 1976 servitura:
2018 1959 2067 2025 B

330 2009 453 2065 sint
482 2008 588 2078 eis,
614 2014 671 2065 et
703 2008 911 2065 cameli
934 2025 1000 2065 ac
1032 2010 1343 2066 dromades
1376 2010 1609 2065 Madian
1641 2014 1696 2065 et
1725 2009 1888 2083 Epha
1919 2011 1990 2066 de

330 2098 485 2154 Saba
516 2099 836 2165 venientes,
862 2115 1073 2154 aurum
1107 2099 1369 2155 deferant
1399 2104 1457 2154 et
1488 2098 1663 2155 thus:
1697 2105 1754 2154 et
1785 2117 1990 2155 omnes

328 2204 466 2243 oves
495 2187 681 2243 Ccdar
738 2191 1187 2260 congregentur,
1231 2193 1288 2243 et
1328 2188 1538 2244 arietes
1595 2188 1881 2245 Nabaiotb
1916 2190 1988 2245 ad

329 2277 691 2332 oil'erendum
729 2282 838 2333 Deo
871 2294 1049 2348 super
1107 2277 1291 2333 altare
1348 2278 1549 2349 templi
1581 2280 1737 2350 quod
1769 2278 1853 2333 illi
1887 2296 1990 2334 cx-

330 2370 693 2432 struxerunt,
716 2370 772 2421 et
798 2371 1004 2420 caetera
1034 2372 1281 2422 ventura
1311 2367 1430 2422 sint
1455 2367 1539 2422 eis
1572 2386 1697 2439 qua:
1732 2367 1824 2423 hic
1855 2386 1988 2423 nar-

329 2459 558 2509 rantur.
594 2455 706 2510 Sed
740 2453 861 2509 hinc
891 2455 1091 2509 omnia
1130 2472 1236 2510 nos
1269 2455 1588 2512 falsissima
1637 2460 1695 2511 et
1741 2456 1989 2512 vanissi-

329 2560 428 2598 ma
452 2543 822 2615 deputantes,
850 2544 923 2598 ad
955 2542 1277 2598 Ecclesiam
1311 2543 1667 2615 primitivam
1700 2562 1769 2600 ea
1799 2545 1994 2601 referi-

330 2649 487 2699 mus,
512 2650 639 2704 qua:
662 2630 902 2687 collecta
923 2636 1014 2687 est
1044 2648 1113 2687 ex
1132 2632 1374 2700 Judazis,
1398 2632 1458 2687 in
1492 2633 1773 2706 apostolis
1794 2634 1993 2690 videli-

327 2726 421 2777 cet
450 2720 552 2794 qui
584 2726 720 2777 ante
763 2722 1099 2794 passionem
1144 2722 1374 2778 Domini
1416 2723 1807 2792 crediderunt,
1842 2733 1899 2780 et
1930 2725 1989 2780 in

324 2810 449 2866 illis
478 2810 577 2882 qui
611 2815 745 2882 post
774 2809 936 2866 illius
959 2810 1444 2867 resurrectionem
1469 2813 1992 2885 ascensionemque

325 2899 400 2955 ad
437 2898 635 2968 oculos,
680 2898 1140 2971 prmdicantibus
1194 2901 1475 2972 apostolis
1525 2901 1701 2958 ﬁdem
1755 2902 1990 2957 Domini

325 2992 751 3061 perceperunt:
779 2988 849 3044 de
879 2989 1098 3061 quibus
1130 2990 1273 3045 dicit
1304 2990 1491 3045 Lucas
1516 3008 1529 3045 :
1557 2992 1718 3056 Quod
1753 3009 1869 3047 uno
1899 2991 1991 3046 die

324 3076 706 3134 crediderunt
748 3078 864 3134 tria
912 3077 1099 3134 millia
1120 3080 1254 3147 (Act.
1279 3084 1445 3149 11),ct
1474 3086 1680 3136 caatera
1718 3098 1845 3153 quae
1896 3098 1990 3136 se-

326 3172 615 3241 quuntur.
632 3168 745 3223 Sed
769 3173 826 3223 et
845 3167 954 3224 hoc
976 3170 1470 3225 considerandum
1494 3174 1601 3239 est,
1628 3170 1765 3242 quia
1790 3170 1992 3225 llieru-

326 3257 513 3313 salem
546 3261 800 3329 quatuor
828 3259 1018 3313 modis
1058 3257 1408 3332 intelligitur
1436 3259 1495 3314 in
1528 3276 1692 3316 sacro
1736 3259 1988 3332 eloquio.

328 3346 593 3402 Primum
625 3346 979 3419 intelligitur
1008 3348 1081 3403 ad
1110 3365 1352 3403 sensum
1387 3348 1594 3403 litterae
1627 3348 1989 3404 Hierusalem
2013 3332 2056 3399 C

326 3436 537 3491 civitas
559 3453 927 3508 magna,quze
947 3436 1086 3491 olim
1109 3437 1277 3492 Jebet
1296 3442 1353 3492 et
1373 3436 1508 3493 inde
1525 3438 1719 3493 Salem
1741 3437 1991 3509 appella-

329 3530 392 3580 ta
420 3529 511 3579 est
541 3522 600 3578 in
633 3528 831 3579 monte
862 3524 1000 3579 Sion
1031 3524 1119 3579 vel
1165 3525 1350 3581 Moria
1394 3526 1528 3594 sita,
1564 3526 1662 3580 ubi
1694 3526 1989 3582 Abraham

328 3611 545 3669 obtulit
568 3611 923 3684 ﬁlium(Gen.
941 3613 1142 3680 x11),de
1164 3630 1281 3685 qua
1306 3614 1592 3669 Dominus
1612 3615 1754 3669 dicit
1771 3631 1820 3670 τι(
1842 3615 1987 3671 Cum

330 3700 594 3757 videritis
615 3701 969 3758 circumdari
1001 3702 1074 3757 ab
1107 3703 1361 3758 exercitu
1393 3703 1756 3760 Hierusalem
1782 3705 1985 3777 (Matth.

328 3793 541 3859 xxxv),-
567 3795 625 3846 et
655 3796 883 3847 caetera.
912 3792 1181 3848 Secundo
1213 3792 1429 3848 dicitur
1457 3790 1709 3849 cmlestis
1736 3794 1991 3850 beatitu-

330 3882 425 3949 do,
452 3880 552 3935 ubi
575 3880 889 3937 multitudo
911 3881 1252 3954 angelorum
1276 3888 1333 3938 et
1354 3883 1681 3940 cmlestium
1702 3885 1987 3941 virtutum

331 3969 572 4043 agmina
602 3969 956 4037 consistunt,
983 3976 1041 4026 et
1072 3971 1302 4027 sociata}
1334 3978 1392 4027 et
1428 3974 1649 4045 junctae
1682 3979 1823 4030 sunt
1870 3974 1989 4030 illis

330 4058 541 4116 animae
574 4063 937 4127 sanctorum,
960 4061 1031 4116 de
1063 4077 1183 4132 qua
1221 4061 1361 4117 dicit
1406 4062 1677 4135 egregius
1707 4064 1987 4136 praedica-

330 4152 425 4204 tor
447 4164 499 4202 ει(
526 4148 631 4204 Illa
660 4154 857 4204 autem
890 4166 1016 4222 quae
1039 4168 1278 4206 sursum
1311 4155 1402 4207 est
1430 4151 1783 4222 Jerusalem,
1807 4153 1992 4209 libera

330 4241 421 4293 est
440 4238 580 4309 (Gal.
604 4239 802 4311 x1.11).»
822 4239 1019 4294 Tertio
1059 4240 1232 4295 modo
1262 4241 1595 4314 appellatur
1624 4242 1989 4299 Hierusalem

333 4340 592 4398 praesens
649 4326 926 4399 Ecclesia,
960 4327 1015 4383 id
1062 4332 1152 4382 est
1207 4330 1582 4402 congregatio
1642 4331 1903 4387 ﬁdelium
1936 4337 1993 4389 et

330 4413 651 4471 electorum
685 4415 744 4470 in
778 4431 920 4487 pace
949 4417 1174 4471 Domini
1200 4418 1544 4485 constituta,
1568 4424 1625 4475 et
1655 4420 1713 4475 in
1746 4419 1987 4490 visione,

331 4508 388 4560 et
417 4502 914 4575 contemplatione
946 4504 1107 4561 illius
1139 4522 1376 4562 sursum
1408 4506 1650 4578 elevata,
1679 4510 1749 4565 de
1772 4527 1888 4583 qua
1909 4511 1992 4567 di-

333 4592 487 4650 citur
518 4610 580 4648 :«
606 4593 932 4650 Jerusalem
985 4611 1112 4666 quae
1143 4596 1468 4651 aediﬁcatur
1497 4601 1561 4652 ut
1590 4596 1794 4654 civitas
1816 4601 1988 4669 (Psal.

2103 671 2239 727 disti
2273 672 2331 727 in
2361 672 2537 740 vitiis,
2564 691 2737 746 surge
2764 673 2820 728 in
2853 673 3189 729 virtutibus.
3218 675 3289 729 Et
3318 680 3629 746 postquam
3659 692 3753 730 ex-

2102 761 2447 829 surrexeris,
2477 760 2834 831 illuminare,
2859 762 2917 817 id
2949 767 3060 828 est,
3085 762 3283 836 accipe
3313 763 3486 818 ﬁdem
3520 762 3750 830 Christi,

2101 849 2241 920 quia
2270 850 2426 905 venit
2457 849 2656 906 lumen
2688 856 2877 918 tuum,
2902 852 3059 923 quod
3090 851 3192 906 tibi
3226 869 3431 908 omnes
3461 852 3753 925 prophetae

2103 939 2852 1009 promittebantventurum
2884 940 2956 995 ad
2989 940 3450 1013 redemptionem
3483 945 3663 997 tuam.
3687 940 3756 996 Il-

2100 1027 2200 1081 lud
2226 1028 2732 1102 (inquam)lumen
2757 1030 2915 1085 venit
2946 1028 3048 1084 tibi
3079 1030 3236 1101 quod
3260 1053 3285 1079 «
3311 1029 3608 1084 illuminat
3629 1046 3753 1085 om-

2103 1133 2235 1171 nem
2270 1116 2568 1173 hominem
2600 1118 2926 1173 venientem
2959 1118 3019 1173 in
3058 1117 3217 1174 hunc
3245 1118 3531 1173 mundum
3562 1122 3748 1187 (Joan.

2102 1207 2161 1277 1).
2200 1227 2226 1254 ››
2253 1205 2520 1262 Christus
2546 1206 2833 1277 videlicet,
2867 1207 3008 1280 quia
3052 1207 3200 1263 dixit
3230 1225 3288 1264 :u
3321 1209 3439 1281 Ego
3467 1223 3599 1263 sum
3654 1206 3749 1262 lux

2081 1295 2309 1350 'mundi
2330 1295 2514 1368 (Joan.
2538 1295 2874 1368 V111).»Jam
2906 1297 3067 1353 venit
3095 1297 3364 1353 Christus
3414 1314 3517 1370 per
3562 1296 3747 1352 incar-

2101 1383 2358 1440 nationis
2389 1385 2756 1457 mysterium,
2784 1403 2818 1441 a
2857 1403 2971 1459 quo
3012 1385 3462 1455 illuminaberis,
3495 1385 3545 1441 si
3576 1385 3747 1441 ﬁdem

2100 1475 2230 1545 ejus
2260 1473 2610 1546 susceperis.
2634 1475 2705 1530 Et
2735 1474 2923 1548 gloria
2941 1474 3173 1531 Domini
3205 1492 3382 1548 super
3403 1479 3458 1531 te
3483 1478 3610 1531 orta
3637 1480 3744 1543 est,

2099 1579 2132 1617 ο
2164 1561 2442 1630 Ecclesia,
2477 1563 2631 1618 sicut
2661 1562 2747 1618 sol
2788 1564 2976 1619 oritur
3015 1568 3073 1619 et
3109 1562 3408 1618 illuminat
3438 1563 3745 1628 mundum,

2099 1666 2228 1723 quae
2260 1653 2558 1723 quondam
2582 1650 2728 1707 Mosi
2758 1652 2818 1707 in
2843 1653 3073 1709 deserto
3096 1652 3388 1708 dedicanti
3416 1652 3753 1707 tabernacu-

2098 1740 2245 1811 lum,
2277 1747 2334 1797 ct
2385 1741 2683 1798 Salomoni
2742 1742 3035 1816 dedicanti
3092 1742 3377 1816 templum
3409 1742 3467 1797 in
3500 1742 3745 1814 ﬁguram

2097 1830 2392 1904 apparuit.
2428 1831 2726 1904 Legimus,
2759 1832 2913 1904 quod
2948 1832 3183 1904 quando
3224 1831 3414 1887 Moses
3449 1830 3752 1886 aediﬁcavit

2098 1919 2569 1988 tabernaculum,
2597 1927 2655 1977 et
2677 1921 2951 1977 Salomon
2980 1920 3291 1994 templum,
3308 1919 3493 1994 gloria
3521 1918 3751 1976 Domini

2100 2015 2337 2066 ostensa
2366 2014 2455 2066 est
2476 2009 2559 2065 eis
2582 2028 2710 2083 qua:
2740 2010 3154 2083 praeﬂgurabat
3172 2009 3382 2066 Filium
3414 2008 3641 2081 Dei,qui
3663 2012 3757 2064 est

2100 2098 2289 2172 gloria
2319 2098 2542 2155 Patris:
2574 2099 2727 2155 sicut
2758 2100 2912 2155 idem
2945 2100 3114 2155 Pater
3142 2100 3287 2155 dixit
3315 2098 3367 2154 ei
3391 2116 3443 2153 :«
3476 2099 3752 2171 Exsurge,

2100 2187 2285 2263 gloria
2307 2206 2495 2245 mea.»
2514 2190 2584 2244 Et
2605 2189 2906 2261 respondit
2929 2188 3009 2244 illi
3029 2187 3213 2262 gloria
3235 2204 3342 2243 sua
3360 2204 3408 2243 ;‹‹
3435 2188 3755 2259 Exsurgam

2101 2277 2421 2334 diluculo.»
2433 2277 2534 2332 Vel
2558 2279 2736 2333 etiam
2760 2295 2863 2349 per
2878 2278 2991 2333 hoc
3012 2279 3164 2349 quod
3188 2276 3374 2349 gloria
3396 2275 3623 2333 Domini
3644 2279 3756 2343 est,

2101 2367 2390 2439 quidquid
2420 2365 2686 2421 mirabile
2717 2354 2780 2421 ﬁt
2810 2366 2869 2421 in
2893 2365 3035 2422 cmlo
3063 2370 3120 2422 et
3151 2366 3209 2420 in
3241 2370 3415 2431 terra,
3440 2380 3757 2438 possumus

2100 2461 2157 2511 et
2186 2455 2295 2511 hoc
2327 2456 2540 2511 referre
2570 2456 2641 2510 ad
2676 2454 2923 2528 gloriam
2955 2453 3371 2510 miraculorum
3396 2453 3601 2527 ipsius.
3623 2452 3754 2508 Glo-

2103 2546 2190 2601 ria
2210 2546 2366 2602 enim
2386 2544 2618 2600 Domini
2640 2544 2996 2617 l'uitquando
3015 2562 3167 2616 aqua
3185 2544 3242 2599 in
3258 2543 3454 2599 vinum
3478 2558 3754 2598 conversa

2100 2641 2209 2703 est,
2245 2635 2461 2691 mortui
2496 2639 2643 2689 sunt»
2684 2633 2975 2701 suscitati,
3010 2633 3223 2706 leprosi
3256 2632 3539 2701 mundati,
3585 2646 3753 2702 para-

2100 2723 2261 2797 lytici
2294 2723 2508 2792 sanati,
2533 2723 2765 2795 aliaque
2786 2722 2955 2796 signa
2984 2728 3042 2778 et
3070 2721 3352 2778 miracula
3375 2738 3499 2794 quae
3524 2721 3593 2775 ab
3624 2718 3752 2792 ipso

2102 2818 2244 2869 sunt
2270 2817 2493 2885 parata.
2522 2836 2549 2861 ‹‹
2580 2811 2775 2869 Gloria
2798 2812 3031 2885 (inquit)
3064 2812 3291 2867 Domini
3337 2828 3514 2883 super
3544 2815 3596 2865 te
3625 2815 3753 2864 orta

2102 2906 2393 2971 est(Joan.
2420 2906 2543 2970 11),»
2567 2900 2626 2955 id
2648 2906 2758 2969 est,
2785 2901 2966 2957 Filius
2987 2901 3087 2956 Dei
3111 2902 3240 2972 jam
3272 2900 3345 2956 ad
3379 2906 3433 2955 te
3465 2898 3753 2954 redimen-

2102 2992 2238 3047 dam
2273 2995 2448 3047 natus
2502 2994 2610 3058 est,
2640 2994 2696 3046 et
2724 2990 2911 3063 gloria
2940 2988 3361 3045 miraculorum
3394 2990 3524 3060 ejus
3580 3002 3756 3058 super

2102 3068 2159 3138 te
2192 3084 2320 3137 orta
2347 3085 2456 3148 est,
2483 3087 2547 3137 ut
2578 3084 2639 3136 tu
2671 3080 3035 3153 gloriﬁceris.
3060 3079 3377 3151 Sequitur:

2177 3194 2205 3223 α
2224 3170 2371 3238 Quia
2392 3188 2523 3227 ecce
2548 3170 2855 3237 tenebrae,»
2875 3168 3159 3224 subaudis
3181 3166 3604 3234 inﬁdelitatis,c
3628 3182 3756 3238 ope-

2103 3261 2253 3317 rient
2282 3266 2497 3316 terram
2523 3283 2550 3310 ››
2582 3259 2692 3315 hoc
2722 3263 2830 3326 est,
2880 3258 3134 3331 Judgeos,
3168 3262 3402 3313 terrena
3450 3254 3754 3311 solumodo

2098 3356 2424 3423 quaerentes
2454 3354 2511 3405 et
2530 3353 2767 3405 terrena
2802 3347 3117 3420 sapientes,
3151 3345 3468 3402 carnaliter
3498 3344 3640 3400 illud
3674 3345 3757 3398 in-

2098 3439 2429 3512 telligentes
2450 3456 2500 3494 :u
2529 3439 2588 3495 Si
2613 3436 2921 3493 audieritis
2951 3454 3065 3508 me,
3089 3437 3241 3492 bona
3278 3440 3445 3490 terrm
3483 3434 3751 3489 comede-

2098 3530 2178 3585 tis
2198 3530 2326 3600 (Isa.
2354 3532 2456 3598 1).»
2485 3552 2511 3579 ‹‹
2538 3529 2607 3583 Et
2629 3526 2868 3600 caligo,n
2894 3526 2954 3581 id
2985 3530 3075 3582 est
3098 3524 3329 3580 caecitas
3358 3528 3749 3596 peccatorum,

2100 3643 2128 3669 ‹‹
2163 3617 2472 3691 populos,»
2495 3616 2781 3673 subaudis
2802 3615 3040 3688 aperiet.
3074 3613 3318 3669 Domino
3350 3616 3662 3685 apparentc
3692 3610 3750 3665 in

2101 3707 2345 3774 mundo,
2377 3711 2433 3763 et
2461 3705 2723 3779 fulgente
2763 3721 2868 3777 per
2898 3704 3073 3760 ﬁdem
3105 3703 3165 3759 in
3195 3702 3467 3758 cordibus
3519 3704 3749 3773 aposto-

2100 3796 2290 3852 lorum
2314 3796 2683 3867 aliorumque
2709 3794 3094 3862 credentium,
3116 3793 3364 3849 tenebrae
3390 3789 3749 3845 inﬁdelitatis

2099 3890 2457 3960 operuerunt
2488 3884 2745 3951 Judazos,
2779 3888 3011 3939 terrena
3048 3880 3414 3937 solummodo
3444 3879 3750 3935 commoda

2099 3979 2442 4049 appetentes
2476 3991 2490 4029 :
2524 3974 2665 4045 quia
2692 3973 2953 4029 videntes
2998 3972 3127 4044 ejus
3184 3968 3466 4026 miracula
3520 3968 3751 4024 credere

2101 4065 2437 4121 noluerunt.
2470 4063 2632 4119 Unde
2663 4067 2720 4117 et
2756 4062 2881 4135 ipse
2918 4061 3203 4117 Dominus
3246 4059 3387 4116 dicit
3414 4060 3595 4132 (Joan.
3623 4057 3701 4125 ιιι)
3732 4073 3747 4112 :

2102 4178 2131 4205 ‹‹
2155 4156 2276 4227 Ego
2307 4154 2379 4209 ad
2409 4152 2519 4208 hoc
2549 4151 2681 4208 veni
2714 4152 2772 4206 in
2804 4151 3119 4220 mundum,
3145 4154 3209 4205 ut
3236 4149 3498 4204 videntes
3526 4163 3642 4202 non
3669 4144 3751 4200 vi-

2104 4244 2298 4312 deant,
2322 4246 2379 4299 et
2409 4242 2511 4316 qui
2540 4242 2740 4298 vident
2771 4240 2906 4296 caeci
2930 4242 3130 4296 ﬁant.»
3153 4262 3181 4290 «
3208 4240 3396 4310 Super
3424 4241 3477 4293 te
3498 4240 3749 4300 autem,»

2102 4352 2134 4389 o
2166 4331 2425 4389 Ecclesia
2453 4330 2771 4404 primitiva,
2799 4353 2827 4381 ‹‹
2849 4330 3069 4388 orietur
3098 4328 3381 4384 Dominus
3405 4349 3432 4375 ››
3455 4325 3609 4381 sicut
3638 4323 3753 4379 ori-

2102 4427 2204 4478 tur
2250 4420 2358 4488 sol,
2393 4425 2459 4476 ut
2494 4424 2552 4476 te
2593 4418 2909 4490 illuminat,
2942 4442 2969 4469 ‹‹
2999 4423 3057 4473 et
3095 4415 3281 4490 gloria
3318 4416 3466 4487 ejus,
3488 4432 3515 4464 ι
3552 4413 3608 4467 id
3640 4414 3749 4478 est,

2101 4511 2380 4584 splendor
2404 4508 2824 4564 miraculorum
2850 4508 2979 4578 ejus
3001 4528 3029 4557 ‹‹
3052 4506 3112 4560 in
3132 4510 3188 4561 te
3209 4502 3499 4561 videbitur
3514 4524 3542 4551 »
3564 4499 3749 4556 oculis

2102 4600 2362 4673 corporis
2402 4603 2460 4654 et
2496 4597 2683 4655 oculis
2724 4596 2960 4652 mentis.
2993 4600 3071 4651 De
3110 4610 3227 4667 qua
3263 4591 3449 4668 gloria
3488 4590 3700 4646 dicitur
3730 4605 3746 4644 :

332 4687 540 4773 cxxD.»
566 4682 905 4773 Etilludgz<<
938 4684 1411 4741 Fundamentum
1443 4686 1573 4756 ejus
1598 4686 1658 4741 in
1691 4690 1994 4750 montibus
2022 4709 2069 4773 D
2103 4714 2130 4771 (τ
2160 4689 2431 4744 Vidimus
2488 4686 2735 4759 gloriam
2792 4686 2920 4756 ejus
2972 4683 3142 4755 quasi
3205 4680 3487 4773 unigeniti
3517 4696 3550 4734 a
3580 4678 3747 4773 Datre

333 4771 575 4837 sanctis,
593 4770 789 4844 diligit
809 4771 1097 4828 Dominus
1127 4779 1325 4846 portas
1348 4774 1486 4829 Sion
1509 4776 1679 4844 (Psal.
1707 4781 1988 4852 LXXXVI)»

333 4861 551 4924 Quarto
567 4860 742 4915 etiam
773 4861 946 4916 modo
965 4861 1326 4917 Hierusalem
1348 4863 1681 4936 appellatur
1711 4884 1987 4941 unaquae-

332 4965 447 5021 que
468 4949 669 5004 anima
691 4949 1033 5021 ﬁdelis,quae
1054 4951 1115 5005 in
1137 4956 1332 5007 monte
1349 4953 1634 5022 Sion,hoc
1650 4957 1826 5023 cst,in
1850 4976 1987 5013 con-

331 5036 715 5109 templatione
746 5040 963 5094 mentis
996 5039 1522 5097 consistit.Dicitur
1551 5059 1687 5116 ergo
1721 5046 1987 5104 Ecclesiae

334 5124 644 5197 primitivze
669 5143 737 5181 ex
759 5127 980 5184 Judaeis
1002 5129 1285 5200 apostolis
1308 5129 1573 5185 videlicet
1603 5132 1850 5205 aliisque
1872 5154 1991 5193 cre-

334 5214 613 5269 dentibus
634 5232 682 5270 :«
705 5217 913 5289 Surge,
946 5217 1301 5289 illuminare,
1333 5219 1683 5275 Jerusalem.
1708 5225 1989 5280 nCadenti

334 5302 419 5357 vel
434 5302 657 5372 jacenti
680 5305 983 5376 dicitur,ut
1005 5311 1230 5379 surgat.
1250 5308 1317 5361 Et
1340 5308 1440 5363 illa
1461 5315 1759 5365 corruerat
1782 5311 1839 5366 in
1864 5314 1988 5368 inﬁ-

335 5388 591 5457 delibus,
605 5397 659 5447 et
671 5394 909 5465 jacebat
931 5394 987 5449 in
1008 5394 1184 5462 vitiis,
1205 5395 1454 5468 ideoque
1469 5397 1686 5452 dicitur
1706 5399 1755 5453 ei
1773 5416 1786 5453 :
1804 5401 1989 5474 Surge

335 5492 441 5545 per
471 5475 643 5534 ﬁdem
676 5483 747 5537 ad
790 5482 945 5538 bona
1000 5500 1177 5555 opera
1225 5486 1472 5557 agenda,
1494 5502 1526 5541 ο
1558 5487 1853 5558 primitiva
1883 5491 1987 5545 Ec-

335 5559 536 5646 clesia.
570 5568 704 5632 Qua:
752 5571 1017 5627 cecidisti
1067 5589 1170 5644 per
1217 5572 1646 5641 inﬁdelitatem,
1673 5592 1801 5646 qua:
1840 5580 1988 5633 ceci-

334 5645 475 5738 ξίἱθξί
506 5646 564 5738 ip
597 5657 931 5732 synagogis,
955 5676 1130 5733 surge
1160 5660 1218 5715 in
1250 5660 1543 5719 Ecclesiis.
1560 5645 1709 5728 Quae
1726 5666 1988 5723 cecidisti

330 5728 394 5782 in
427 5728 666 5816 Judmis,
689 5728 864 5820 surge
895 5745 956 5801 in
980 5728 1282 5820 gentibus.
1306 5752 1440 5818 Quae
1466 5750 1732 5810 cecidisti
1762 5770 1992 5826 perne-

2098 4767 2286 4851 (Joan.
2321 4777 2382 4850 1).
2408 4776 2523 4831 nln
2555 4775 2838 4848 apostolis
2894 4773 3187 4846 siquidem
3217 4772 3341 4826 visa
3397 4773 3485 4825 est
3540 4766 3744 4840 gloria,

2098 4870 2239 4942 quia
2267 4867 2385 4921 illis
2416 4865 2749 4921 videntibus
2782 4862 3068 4918 miracula
3098 4862 3250 4917 fecit.

2170 4982 2197 5007 ‹‹
2214 4959 2283 5012 Et
2299 4953 2687 5011 ambulabunt
2710 4958 2911 5026 gentes
2925 4951 2985 5007 in
3003 4951 3227 5007 lumine
3242 4954 3438 5018 tuo,»o
3454 4945 3749 5020 primitiva

2098 5045 2379 5113 Ecclesia,
2396 5042 2503 5099 hoc
2522 5046 2610 5097 est
2629 5041 2688 5097 in
2708 5043 2818 5098 ﬁde
2836 5040 3047 5108 tua,vel
3068 5040 3124 5094 in
3146 5038 3373 5094 Christo
3390 5043 3490 5092 tuo
3506 5053 3540 5091 a
3554 5052 3668 5107 quo
3683 5041 3748 5088 tu

2099 5136 2160 5191 ill
2172 5133 2475 5191 uminaris:
2496 5149 2623 5204 qum
2639 5137 2811 5187 antea
2823 5127 3276 5185 ambulabantin
3290 5124 3545 5183 tenebris
3558 5140 3754 5197 pecca-

2098 5229 2349 5280 torum.«
2365 5223 2435 5277 Et
2448 5226 2622 5293 ‘regcs
2646 5220 2702 5274 in
2726 5218 3033 5291 splendore
3048 5216 3311 5273 ortustui
3332 5213 3594 5286 nquando
3615 5215 3752 5267 nata

2100 5332 2162 5369 es
2186 5314 2244 5367 in
2271 5312 2383 5366 ﬁde
2406 5308 2647 5376 Christi,
2669 5313 2727 5363 et
2749 5325 2817 5363 ex
2842 5324 2996 5380 aqua
3018 5312 3074 5361 ct
3102 5304 3325 5379 Spiritu
3346 5306 3569 5373 sancto,
3583 5302 3754 5372 juxta

2099 5402 2243 5457 illud
2281 5417 2344 5455 ;‹‹
2370 5398 2494 5455 Nisi
2540 5397 2673 5469 quis
2705 5401 2947 5453 renatus
2996 5394 3173 5450 fuerit
3202 5410 3272 5450 ex
3302 5408 3455 5465 aqua
3481 5395 3537 5446 et
3567 5387 3753 5461 Spiri-

2098 5496 2161 5547 tu
2195 5494 2398 5547 sancto
2428 5493 2616 5557 (Joan.
2643 5490 2751 5556 111),
2783 5491 2934 5543 etc.»
2962 5486 3071 5541 Et«
3096 5486 3384 5556 quotquot
3412 5480 3753 5553 receperunt

2097 5598 2255 5647 eum,
2285 5578 2447 5634 dedit
2476 5577 2561 5632 eis
2593 5580 2941 5647 potestatem
2974 5573 3124 5630 ﬁlios
3156 5574 3257 5628 Dei
3288 5569 3413 5627 ﬁeri
3444 5570 3622 5641 (10M.
3646 5566 3750 5636 1).»

2100 5670 2286 5742 Reges
2317 5665 2413 5723 bic
2444 5663 2756 5737 dupliciter
2785 5663 3218 5736 intelliguntur,
3244 5659 3332 5717 vel
3361 5674 3524 5733 reges
3552 5653 3749 5713 sa:an

2098 5758 2279 5832 hujus
2297 5744 3745 5827 utConstaatinus,Heraclius,Theodosius,aliique
