3956 6384
279 467 440 526 1033

1325 468 1730 529 ΠΗΜΜΕΝΤ.
1783 468 1853 526 ΙΝ
1903 468 2191 528 ΙΒᾹΙΛΜ.
2243 505 2318 514 -
2362 471 2509 530 LIB.
2559 471 2662 531 lll.

3533 475 3693 536 103‘

274 596 813 670 quamplurimiqni
832 599 1004 654 tidem
1027 598 1239 654 Christi
1263 600 1727 657 halmerunt.Vel
1751 603 1930 657 etiam
1962 609 2015 675 Α
2046 600 2242 655 lateris
2268 601 2400 656 Adae
2433 603 2681 658 formata
2708 607 2798 658 est
2829 604 2981 675 (Gen.
3016 606 3123 672 III).
3159 603 3324 670 Quod
3346 603 3428 660 ita
3445 608 3536 660 est
3555 615 3692 663 con-

271 703 442 756 reges
472 691 612 741 sunt
643 689 828 742 sancti
861 687 962 760 qui
997 688 1100 742 lilii
1149 690 1299 760 regis
1348 690 1682 755 existentes,
1715 696 1928 746 semet-

2029 690 2306 759 jnnctum
2335 695 2397 746 ut
2419 709 2607 762 neque
2628 709 2782 763 aqua
2803 692 2930 746 sine
2954 691 3239 764 sanguine
3261 692 3560 764 possimus
3581 692 3692 751 sal-

271 775 440 846 ipsos
471 775 618 831 bene
663 781 956 844 rexerunt,
991 778 1062 832 de
1092 779 1308 848 quilms
1341 778 1556 833 dicitur
1588 796 1600 834 :
1637 803 1664 830 ‹‹
1695 780 1806 834 Cor
1837 798 1928 835 re-
2037 777 2180 843 vari,
2217 795 2400 849 neque
2432 779 2718 850 sanguine
2748 779 2875 833 sine
2906 797 3079 851 aqua.
3113 781 3234 834 Nisi
3279 779 3437 836 enim
3472 781 3690 838 Christi

270 865 367 936 gis
393 863 452 920 in
483 882 664 921 manu
697 866 818 932 Dei,
852 867 925 920 ad
958 869 1348 938 quodcunque
1381 868 1626 923 voluerit
1657 874 1836 923 vertet
1860 869 1925 923 il-

271 951 375 1008 lud
409 955 590 1024 (Prov.
626 958 764 1023 XXI).
797 979 824 1004 υ
849 956 965 1011 Nos
995 973 1200 1010 omnes
1231 962 1287 1011 et
1319 975 1482 1026 reges
1532 962 1590 1012 et
1633 964 1836 1029 gentes
1865 959 1924 1013 in

269 1041 500 1099 lumine
537 1044 934 1116 apostolorum
987 1045 1387 1112 ambulamus,
1419 1051 1476 1101 et
1509 1047 1564 1100 in
1614 1047 1925 1118 splendore

268 1137 438 1188 ortus
470 1131 649 1201 illius,
678 1133 818 1204 quia
863 1135 1132 1190 eamdem
1179 1136 1355 1190 {idem
1401 1135 1709 1204 habemus,
1741 1141 1799 1191 et
1828 1154 1925 1204 eo-~

268 1221 407 1275 dem
442 1222 797 1294 baptismate
824 1224 1208 1278 renascimur.

344 1332 372 1358 «ι
411 1309 559 1366 Leva
589 1311 648 1365 in
682 1311 932 1367 circuitu
955 1311 1155 1368 oculos
1184 1318 1314 1367 tuos
1333 1317 1390 1368 et
1409 1314 1567 1380 vide;
1596 1332 1802 1370 omnes
1825 1315 1920 1370 isti

265 1399 607 1470 congregati
641 1405 801 1466 sunt,
822 1405 1104 1456 venerunt
1130 1401 1256 1456 tibi.
1281 1425 1307 1449 υ
1328 1401 1593 1456 Ecclesim
1619 1403 1920 1474 primitisz

264 1485 488 1540 dicitur
517 1503 530 1542 :
559 1487 604 1542 Ο
635 1487 893 1544 Ecclesia
937 1489 1250 1560 primitiva,
1285 1490 1407 1544 leva
1454 1491 1655 1546 oculos
1706 1494 1920 1547 mentis

265 1574 326 1628 in
353 1573 600 1630 circuitu
636 1581 737 1631 tuo
770 1593 784 1631 :
817 1581 874 1632 et
901 1577 1049 1642 vide,
1084 1578 1194 1633 hoc
1223 1583 1330 1642 est,
1355 1580 1679 1634 considera.
1704 1582 1919 1636 Omnes

265 1661 364 1716 isti
394 1665 730 1735 congregati
762 1667 921 1730 sunt,
954 1671 1238 1720 venerunt
1271 1666 1469 1733 tibi,id
1493 1668 1678 1736 est,ad
1704 1667 1810 1721 hoc
1831 1685 1916 1722 vc-

265 1755 485 1806 nerunt
515 1757 580 1806 ut
609 1752 714 1807 tibi
747 1752 1046 1808 sectentur
1074 1754 1131 1808 in
1165 1755 1387 1808 unitate
1431 1755 1586 1820 tidei,
1619 1756 1705 1810 vel
1739 1760 1801 1809 ut
1833 1757 1916 1810 tui

262 1838 368 1892 filii
391 1839 533 1895 sint.
549 1839 630 1896 De
651 1840 770 1897 illis
790 1840 1054 1914 loquitur
1074 1843 1144 1897 de
1166 1843 1381 1914 quibus
1402 1843 1635 1914 scripsit
1658 1845 1916 1900 Lucasin

259 1927 511 1984 Actibus
540 1929 937 2001 apostolorum
962 1931 1101 2002 (cap.
1125 1933 1186 2002 ιι)
1207 1949 1220 1986 :
1241 1931 1381 2002 quia
1401 1955 1426 1980 ‹‹
1452 1935 1618 1987 erant
1642 1933 1700 1987 in
1721 1933 1918 1988 Hieru-

493 1983 594 2001 ηι
632 1983 822 1985 ,
1644 1983 1895 1988 ---νη-

258 2015 446 2072 salem
475 2017 586 2072 viri
613 2017 802 2074 Judaei
835 2017 1092 2090 religiosi
1124 2036 1193 2074 ex
1214 2020 1370 2074 omni
1396 2019 1629 2076 natione
1651 2038 1778 2092 quae
1801 2023 1912 2078 sub
1943 1983 1991 2048 Β

255 2104 404 2161 caelo
427 2110 572 2173 est,»
597 2107 834 2178 quando
856 2107 1111 2178 Spiritus
1139 2113 1382 2163 sanctus
1411 2125 1588 2180 super
1617 2109 1913 2180 apostolos

255 2195 319 2250 in
344 2193 568 2267 linguis
587 2195 776 2268 igneis
798 2195 1100 2267 requievit.
1118 2197 1220 2250 Vel
1244 2197 1448 2252 aliter:
1481 2199 1907 2270 Leva,(inquit),

250 2300 286 2338 ο
319 2283 580 2339 Ecclesia
626 2285 945 2356 primitiva,
978 2285 1180 2341 oculos
1227 2290 1379 2353 tuos,
1411 2290 1469 2340 et
1498 2287 1805 2343 considera
1836 2289 1910 2343 ab

249 2371 478 2428 oriente
508 2376 566 2428 et
593 2373 895 2428 occidente
927 2373 1324 2445 omnibusque
1355 2376 1559 2429 mundi
1593 2376 1859 2446 partibus
1893 2393 1906 2432 :

249 2477 462 2517 omnes
491 2460 588 2518 isti
619 2461 867 2534 gentiles
916 2461 974 2517 in
1023 2461 1274 2518 circuitu
1327 2468 1428 2518 tuo
1477 2471 1909 2520 commorantes

251 2550 772 2622 congregabuntur
802 2551 873 2605 ad
899 2551 1076 2606 fidem
1103 2556 1288 2616 tuam,
1321 2558 1378 2607 et
1408 2553 1644 2608 venient
1684 2555 1812 2620 tibi,
1845 2559 1911 2609 ut

251 2637 340 2692 tui
373 2638 492 2693 sint
522 2637 650 2692 ﬁlii.
683 2639 765 2694 De
796 2639 904 2694 hoc
936 2639 1049 2695 alio
1083 2639 1142 2694 in
1175 2639 1301 2695 loco
1333 2641 1550 2696 dicitur
1579 2658 1594 2696 :
1625 2665 1652 2691 ‹‹
1685 2644 1908 2710 Gaude,

254 2726 383 2782 ﬁlia
411 2726 572 2793 Sion,
605 2727 745 2798 quia
769 2744 900 2784 ecce
929 2728 1097 2784 venio
1120 2733 1176 2784 et
1197 2729 1472 2784 habitabo
1499 2730 1558 2784 in
1584 2731 1774 2786 medio
1799 2732 1904 2800 tui,

252 2819 314 2870 et
343 2815 576 2870 venient
605 2820 808 2888 gentes
839 2816 1038 2872 multis
1069 2818 1142 2872 ad
1175 2822 1230 2873 te
1257 2819 1472 2888 (Ezech.
1504 2823 1684 2888 xum).
1721 2843 1750 2868 ››

324 2925 354 2953 κ
389 2903 520 2959 Filii
552 2904 639 2960 tui
669 2904 739 2960 de
770 2903 940 2978 longe
965 2906 1220 2976 venient,
1251 2912 1310 2962 et
1341 2906 1473 2962 tiliae
1521 2913 1634 2962 tua:
1679 2907 1767 2964 lac
1806 2926 1904 2964 su-

253 2997 419 3065 gent.
453 3015 482 3042 »
515 2991 764 3060 Quidam
795 2995 1024 3050 codices
1053 2994 1295 3060 habent,
1329 2996 1460 3050 filia:
1493 3001 1605 3051 tua:
1635 2997 1705 3051 de
1730 2996 1906 3052 latere

247 3080 681 3152 surgent,quod
711 3098 817 3137 nec
847 3081 905 3136 in
928 3081 1202 3138 bebraica
1221 3081 1461 3137 veritate
1482 3099 1670 3154 neque
1692 3083 1750 3138 in
1773 3085 1908 3154 Sep-

250 3169 526 3241 tuaginta
543 3169 963 3242 interpretibus
981 3169 1488 3242 invenitur,neque
1511 3189 1720 3226 sensus
1738 3189 1906 3243 expo-

249 3257 485 3314 sitionis
516 3257 668 3313 beati
701 3258 1035 3332 Hieronymi
1086 3261 1158 3314 ad
1209 3277 1278 3314 ea
1325 3259 1661 3315 inclinatur.
1691 3259 1818 3316 Filii
1845 3265 1905 3316 et

2037 866 2370 936 passionem
2401 873 2457 922 et
2489 867 2972 923 resurrectionem
3021 867 3464 935 crediderimus,
3497 873 3554 924 et
3585 887 3689 941 pro

2037 959 2236 1009 nostra
2267 956 2666 1028 redemptione
2707 974 2843 1010 eum
2870 955 2992 1010 haec
3021 957 3221 1012 omnia
3266 974 3396 1012 esse
3442 973 3686 1029 passum

2034 1045 2499 1114 cognoverimus,
2533 1063 2651 1100 non
2680 1044 3061 1110 salvabimur,
3077 1044 3210 1101 licet
3229 1045 3686 1118 baptizemnr.Si

2031 1149 2163 1188 vero
2205 1133 2626 1188 crediderimus
2675 1135 2804 1204 eius
2853 1134 3186 1204 passionem
3219 1137 3278 1188 et
3307 1135 3684 1192 resurrectio-

2032 1238 2188 1288 nem,
2221 1226 2278 1276 et
2305 1226 2566 1278 nostram
2599 1222 3058 1294 redemptionem
3091 1240 3192 1294 per
3210 1222 3524 1279 hmc'nobis
3543 1223 3686 1279 all'u-

2033 1314 2226 1366 turam
2262 1327 2275 1366 :
2312 1329 2425 1366 non
2461 1311 2819 1366 merebimur
2847 1311 3082 1379 salvari,
3116 1311 3231 1367 nisi
3258 1311 3534 1384 baptizati
3557 1313 3680 1368 fus-

2031 1399 2216 1454 rimus
2247 1399 2304 1454 in
2335 1400 2572 1455 nomine
2600 1404 2814 1455 sancte
2846 1398 3172 1456 Trinitatis.

2102 1511 2128 1536 ‹‹
2163 1489 2328 1542 Tunc
2359 1488 2583 1543 videbis
2615 1492 2672 1544 et
2698 1489 2926 1558 at'tlues,
2961 1493 3020 1544 et
3049 1487 3361 1544 mirabitur
3390 1492 3448 1544 et
3469 1487 3680 1543 dilatu-

2031 1575 2190 1630 bitur
2219 1594 2319 1632 cor
2351 1581 2519 1632 tuum
2545 1593 2557 1632 :
2583 1577 2820 1648 quando
2852 1594 3132 1633 conversa
3162 1577 3338 1633 fuerit
3367 1577 3441 1632 ad
3462 1577 3684 1633 temul-

2029 1663 2218 1718 titudo
2251 1666 2454 1732 maris,
2477 1665 2755 1720 fortitudo
2783 1665 3049 1735 gentium
3071 1665 3292 1721 venerit
3315 1665 3440 1721 tibi.
3467 1687 3495 1714 υ
3515 1667 3682 1721 Tune

2026 1752 2262 1824 (inquit)
2278 1771 2411 1808 cum
2437 1752 2716 1810 levaveris
2736 1753 2936 1810 oculos
2960 1753 3293 1821 tuos,ettilii
3310 1753 3395 1810 tui
3415 1755 3487 1810 de
3509 1752 3680 1826 longe

2027 1842 2304 1910 venerint,
2341 1842 2587 1914 ﬁliaeque
2617 1846 2728 1898 tua:
2759 1842 2848 1898 lac
2878 1842 3164 1908 suxerint,
3187 1841 3416 1898 videbis
3445 1841 3520 1897 ab
3547 1852 3676 1898 om-

2027 1930 2198 1985 nibus
2219 1932 2424 1986 mundi
2447 1931 2714 2004 partibus
2729 1930 2922 1987 venire
2941 1930 3046 1987 tibi
3063 1929 3302 1999 tilios,et
3315 1931 3412 1987 aftl
3421 1947 3522 1986 ues
3539 1931 3678 1987 [lde-

2021 2017 2175 2074 libus
2197 2019 2369 2076 sicuti
2391 2019 2603 2075 ﬂuvius
2622 2019 2890 2092 aquis.Et
2909 2019 3226 2076 mirabitur
3243 2035 3345 2075 cor
3365 2022 3534 2074 tuum
3555 2036 3674 2091 pra

2020 2107 2400 2163 multitudine
2421 2107 2920 2182 populorum,imo
2933 2107 3673 2181 dilatabitursiveampliﬁh

2019 2197 2250 2252 cabitur
2278 2215 2378 2252 cor
2398 2202 2565 2252 tuum
2589 2197 2648 2252 in
2672 2197 2984 2252 latitudine
3007 2196 3363 2268 lmtitize,pr1e
3384 2195 3676 2268 magnitu-

2019 2286 2154 2340 dine
2185 2287 2406 2358 gaudii.
2439 2286 2602 2342 Sicut
2632 2287 2790 2342 enim
2822 2286 2924 2358 qui
2954 2285 3013 2341 in
3045 2285 3288 2342 tristitia
3309 2290 3398 2342 est
3418 2285 3670 2358 positus,

2018 2375 2188 2445 quasi
2219 2377 2655 2446 quodammodo
2685 2375 3218 2446 coangustatur,ita
3246 2374 3348 2447 qui
3379 2374 3441 2429 in
3471 2373 3674 2431 latitia

2018 2463 2306 2530 consistit,
2335 2463 2504 2535 quasi
2535 2463 2837 2519 dilatatur.
2861 2464 2940 2519 De
2972 2463 3081 2519 hac
3101 2462 3441 2520 dilatatione
3461 2466 3520 2519 et
3536 2463 3676 2520 lati-

2019 2552 2102 2607 tia
2131 2553 2274 2607 dicit
2299 2552 2615 2624 Apostolus
2648 2569 2662 2608 :
2697 2576 2724 2603 «
2761 2555 2896 2620 Qum
2921 2556 3012 2608 est
3041 2551 3200 2608 enim
3227 2568 3442 2608 corona
3461 2555 3519 2608 et
3537 2569 3676 2625 gau-

2017 2639 2181 2695 dium
2209 2648 2702 2706 nostrum,nonne
2723 2659 2822 2696 vos
2845 2641 2990 2696 estis
3013 2641 3074 2696 in
3095 2640 3408 2697 Domino?»
3435 2641 3481 2714 (ι
3495 2641 3672 2697 Thess.

2017 2733 2104 2796 ιι.)
2136 2731 2204 2784 Et
2233 2729 2378 2785 illud
2413 2748 2426 2785 :
2455 2754 2482 2779 ‹‹
2518 2731 2596 2785 Os
2626 2747 2823 2785 meum
2855 2732 3014 2800 patet
3041 2730 3116 2784 ad
3143 2745 3268 2798 vos,
3301 2747 3335 2786 ο
3365 2727 3672 2796 Corinthii,

2015 2834 2115 2872 cor
2143 2835 2341 2872 meum
2373 2817 2684 2873 dilatatam
2713 2822 2804 2873 est
2823 2816 2884 2872 in
2908 2817 3093 2886 vobis,
3117 2817 3450 2888 iterumque
3472 2815 3670 2872 dilati-

2015 2905 2159 2961 mini
2189 2910 2246 2960 et
2274 2923 2376 2961 vos
2407 2907 2480 2976 (Il
2507 2913 2633 2964 Cor.
2665 2909 2767 2974 v1).
2801 2928 2832 2955 »
2863 2907 2986 2972 Quo
3017 2908 3282 2978 tempore
3325 2908 3521 2961 autem
3559 2904 3674 2962 ista

2013 2998 2256 3050 ventura
2283 2998 2480 3050 essent
2508 2993 2778 3050 Ecclesia
2809 2993 3138 3066 primitivze,
3163 2992 3502 3049 manifestat
3530 3009 3668 3050 eum

2013 3083 2155 3138 dicit
2189 3101 2202 3140 :
2231 3107 2258 3133 ‹‹
2293 3084 2458 3138 Tunc
2489 3082 2766 3155 (inquies)
2796 3081 3108 3138 mirabitur
3128 3087 3187 3138 et
3205 3081 3550 3138 dilatabitur
3566 3098 3670 3138 eor

2012 3176 2202 3236 tuum,
2226 3172 2462 3244 quando
2485 3188 2763 3228 conversa
2784 3169 2959 3226 fuerit
2978 3171 3051 3226 ad
3073 3174 3128 3226 te
3150 3187 3253 3243 per
3273 3171 3450 3228 ﬁdem
3472 3170 3672 3227 multi-

2013 3261 2157 3316 tudo
2174 3260 2379 3331 maris,
2397 3282 2423 3308 ››
2439 3259 2497 3315 id
2515 3265 2836 3328 est,omnes
2855 3259 3124 3314 nationes
3146 3258 3319 3316 istius
3337 3258 3544 3316 mundi
3563 3259 3669 3332 qui

248 3346 381 3401 filim
402 3347 707 3418 primitiva:
725 3347 994 3404 Ecclesiae
1013 3349 1084 3404 de
1105 3348 1273 3420 longe
1292 3349 1756 3418 venientes,sunt
1771 3365 1907 3420 gen-
1935 3348 1978 3414 C
2017 3348 2365 3420 intelligitur
2385 3366 2488 3420 per
2507 3364 2690 3414 mare,
2706 3348 2985 3405 fortitudo
3007 3347 3275 3421 gentium
3296 3346 3518 3405 venerit
3535 3346 3668 3420 tibi,

248 3434 386 3491 tiles
414 3435 513 3506 qui
546 3435 718 3508 longe
747 3453 782 3492 a
811 3437 928 3492 Deo
959 3441 1320 3492 recesserant
1349 3454 1454 3508 per
1488 3437 1904 3506 idololatriam,

249 3540 368 3578 non
387 3521 512 3579 loco
530 3525 634 3580 sed
653 3524 969 3581 merito.De
982 3525 1198 3598 quibus
1215 3527 1356 3582 dicit
1375 3526 1686 3598 Apostolus
1705 3543 1719 3582 :
1741 3549 1768 3578 ‹‹
1789 3526 1906 3584 Vos

249 3610 354 3683 qui
383 3611 563 3668 eratis
585 3611 921 3685 longe,facti
951 3614 1094 3670 estis
1123 3632 1322 3688 prope.
1358 3637 1386 3665 »
1421 3620 1716 3682 Quantum
1747 3615 1905 3672 enim

249 3698 527 3772 quisquis
557 3705 778 3773 peccat,
811 3705 972 3759 tanto
1022 3702 1255 3775 longius
1282 3721 1316 3760 a
1341 3703 1458 3759 Deo
1506 3705 1742 3760 recedit.
1776 3704 1905 3760 Filii

249 3805 391 3860 ergo
421 3787 727 3860 primitivaa
759 3790 1027 3846 Ecclesia:
1058 3796 1197 3848 sunt
1234 3809 1440 3848 omnes
1482 3795 1782 3848 credentes
1813 3811 1904 3849 ro-

247 3876 546 3934 bustiores
576 3877 635 3932 in
667 3878 782 3934 fide
799 3882 856 3936 et
875 3878 1304 3952 intellectu,qui
1331 3898 1434 3952 per
1454 3900 1514 3937 se
1536 3883 1607 3937 de
1625 3883 1797 3954 longe
1817 3899 1905 3938 ve-

246 3963 444 4031 niunt,
473 3969 530 4020 et
554 3966 626 4021 ad
661 3967 837 4022 fidem
869 3975 1302 4040 congregantur
1334 3987 1348 4025 :
1377 3971 1448 4025 de
1497 3971 1714 4042 quibus
1760 3971 1906 4026 dicit

245 4052 564 4124 Apostolus
597 4071 610 4109 :
635 4077 664 4105 «
688 4056 759 4110 Et
777 4055 828 4110 si
849 4056 1069 4113 multos
1091 4057 1320 4113 habetis
1353 4063 1549 4130 patres
1580 4060 1904 4114 secundum

245 4158 509 4210 carnem,
541 4145 738 4199 tamen
760 4160 864 4215 per
885 4145 1267 4218 Evangelium
1289 4163 1396 4218 ego
1417 4164 1516 4202 vos
1539 4147 1763 4218 genui(l
1779 4148 1902 4204 Cor.

245 4234 350 4298 ιγ).
385 4252 415 4280 n
448 4230 602 4286 Filia:
634 4248 768 4288 vero
798 4231 888 4288 lac
917 4239 1196 4306 sugentes
1228 4235 1436 4290 anima:
1468 4240 1611 4291 sunt
1642 4235 1905 4291 fidelium

246 4317 560 4391 utriusque
589 4337 784 4387 sexus,
813 4321 1114 4391 lactentes,
1141 4323 1199 4378 id
1221 4328 1328 4392 est,
1350 4323 1679 4395 simplicem
1705 4322 1905 4380 cibum

246 4412 598 4480 quaerentes,
631 4409 850 4481 quibus
881 4410 1024 4467 dicit
1053 4411 1356 4484 apostolus
1389 4411 1604 4469 Paulus
1637 4429 1650 4467 :
1685 4435 1712 4462 «
1745 4413 1906 4468 Tan-

247 4512 429 4568 quam
462 4496 725 4568 parvulis
749 4497 810 4552 in
841 4498 1074 4555 Christo
1105 4499 1194 4555 lac
1216 4501 1379 4556 vobis
1401 4506 1607 4572 potum
1631 4501 1764 4556 dedi
1789 4518 1905 4557 non

245 4601 472 4654 escam,
501 4586 765 4642 nondum
795 4586 952 4642 enim
985 4589 1263 4660 poteratis
1293 4590 1344 4660 (Ι
1372 4590 1494 4644 Cor.
1529 4592 1637 4660 ιιι).
1665 4612 1692 4638 ››
1715 4591 1785 4644 Et
1804 4590 1904 4645 Pe-

247 4677 380 4728 trus
406 4689 420 4726 :
445 4697 472 4723 ‹‹
498 4673 676 4740 Quasi
707 4676 882 4730 modo
911 4675 1093 4748 geniti
1123 4677 1398 4742 infantes,
1423 4676 1512 4733 lae
1541 4678 1906 4749 concupisei-
1938 4715 1984 4778 Β

249 4761 328 4816 tis
358 4762 406 4833 (Ι
430 4763 578 4818 Petr.
603 4765 691 4830 ιι).
717 4785 746 4812 ››
777 4763 967 4820 Tener
996 4765 1211 4821 etenim
1234 4766 1403 4821 cibus
1424 4770 1512 4821 est
1533 4767 1788 4838 cognitio
1807 4767 1912 4822 hu-

250 4849 554 4906 manitatis
583 4851 706 4906 Dei.
740 4851 976 4909 Solidus
1003 4871 1159 4923 vero,
1187 4855 1258 4909 de
1283 4855 1410 4925 ejus
1433 4855 1910 4910 divinitate.Dici-

247 4943 348 4994 tur
373 4955 511 5011 ergo
541 4939 846 5011 primitisz
896 4942 1164 4998 Ecclesiae
1193 4959 1207 4998 :
1244 4943 1372 4998 Filii
1422 4943 1506 4998 tui
1558 4942 1807 5015 gentiles
1838 4944 1908 4998 de

245 5026 421 5100 longe
447 5029 681 5084 venient
709 5029 782 5085 ad
810 5035 865 5086 te
892 5047 996 5104 per
1034 5032 1210 5087 {idem
1258 5033 1332 5086 ab
1379 5031 1716 5088 idololatria
1746 5049 1908 5088 rece-

247 5116 464 5186 deudo,
489 5122 547 5173 et
566 5117 700 5173 filiae
724 5123 837 5174 tuae
869 5120 1079 5175 animai
1113 5121 1375 5175 fidelium
1411 5119 1772 5192 simplicium
1793 5121 1902 5191 lae,

245 5203 306 5260 id
337 5209 447 5274 est,
481 5206 812 5278 simplicem
843 5208 1171 5264 doctrinam
1195 5211 1604 5281 sugent.Quod
1631 5210 1680 5264 si
1701 5209 1904 5265 dixeri-

244 5310 402 5363 mus,
435 5299 492 5350 et
519 5295 650 5351 ﬁliae
670 5300 784 5352 tute
807 5297 882 5354 de
897 5297 1078 5353 latere
1101 5299 1530 5370 surgent,quod
1552 5298 1794 5370 quidam
1817 5315 1905 5354 co-

244 5381 406 5438 dices
436 5379 676 5453 habent,
711 5386 794 5441 ita
839 5385 954 5442 erit
1000 5385 1451 5458 intelligendum
1485 5403 1498 5441 :
1537 5387 1813 5459 Legimus
1844 5388 1902 5442 in

243 5471 558 5544 Evangelia
577 5473 824 5530 Joannis
845 5475 1108 5548 (cap.x1v)
1124 5477 1279 5547 quod
1295 5493 1495 5530 «unus
1514 5475 1768 5531 militum
1787 5475 1907 5531 la‘n—

245 5575 349 5616 cea
369 5559 527 5616 latus
549 5561 764 5618 Christi
789 5565 1036 5636 aperuit,
1065 5586 1092 5612 »
1116 5564 1434 5636 statimque
1461 5564 1736 5636 profluxit
1768 5581 1905 5620 san-

247 5647 384 5720 guis
399 5649 820 5722 redemptionis
842 5656 903 5708 et
919 5669 1072 5724 aqua
1093 5651 1526 5724 baptismatis,e
1541 5653 1758 5725 quibus
1777 5653 1910 5709 tedi-

248 5735 426 5795 ﬁcata
441 5740 531 5796 est
545 5738 805 5798 Ecclesia
823 5757 838 5798 :
857 5741 1012 5799 sicut
1025 5742 1143 5800 Eva
1164 5746 1352 5800 mater
1368 5741 1636 5799 omnium
1657 5759 1728 5800 ex
1747 5746 1909 5802 costa

573 5867 839 5931 ΡΑτιιοι..
884 5867 1084 5930 CXVI.

2014 3454 2179 3510 reges
2199 3436 2789 3510 videticet,principes
2810 3453 2876 3492 ac
2897 3440 3219 3508 potestates
3239 3435 3420 3508 hujus
3439 3435 3665 3493 seculi.

2084 3549 2112 3576 ‹‹
2148 3525 2479 3595 Inundatio,
2515 3548 2544 3575 u
2592 3525 2652 3580 id
2700 3528 2792 3582 est
2837 3525 3203 3582 abundantia
3244 3547 3274 3577 α
3302 3523 3668 3582 camelorum

2013 3615 2234 3688 operiet
2279 3619 2336 3672 te
2367 3638 2396 3665 ››
2429 3615 2550 3671 sive
2596 3613 2920 3681 exornabit,
2955 3637 2984 3665 «
3027 3613 3381 3672 dromedarii
3431 3613 3670 3671 Madim

2013 3708 2072 3759 et
2101 3703 2283 3776 Epha.
2308 3705 2524 3761 Omnes
2541 3705 2612 3759 de
2643 3703 2797 3760 Saba
2823 3702 3076 3771 venient,
3103 3720 3315 3760 aurum
3337 3707 3398 3760 et
3415 3704 3558 3771 thus
3578 3704 3673 3760 de-

2013 3793 2283 3860 terentes,
2311 3797 2370 3848 et
2400 3792 2635 3848 laudem
2666 3791 2916 3848 Domino
2947 3791 3388 3848 annuntiantes.
3413 3813 3442 3840 η
3465 3792 3668 3847 Came-

2015 3879 2106 3934 lus
2149 3879 2366 3935 animal
2411 3884 2500 3936 est
2547 3878 2882 3952 gibbosum,
2915 3895 3096 3934 onera
3143 3883 3464 3936 assuetum.
3495 3877 3663 3932 ferre.

2014 3969 2265 4040 Ideoque
2291 3985 2394 4040 per
2425 3967 2681 4023 camelos
2726 3983 2844 4022 non
2890 3965 3214 4038 incongrue
3259 3963 3670 4038 intelliguntur.

2013 4056 2222 4111 divites
2249 4055 2431 4126 hujus
2460 4054 2681 4121 seaculi,
2706 4053 2808 4126 qui
2830 4070 3008 4110 onera
3035 4053 3376 4108 divitiarum
3395 4057 3455 4110 et
3469 4062 3672 4126 pecea-

2013 4149 2207 4200 torum
2239 4148 2494 4216 portant,
2520 4147 2586 4198 ut
2619 4142 2851 4214 possint
2879 4141 3070 4198 dicere
3115 4157 3252 4198 cum
3301 4141 3616 4198 Psalmista
3644 4159 3660 4199 :

2017 4255 2046 4284 ι(
2077 4234 2362 4300 Quoniam
2394 4231 2732 4304 iniquitates
2753 4247 2892 4287 meze
2915 4245 3308 4304 supergressus
3328 4233 3471 4286 sunt
3489 4233 3672 4303 caput

2015 4340 2235 4390 meum,
2267 4321 2424 4378 sicut
2451 4337 2602 4378 onus
2645 4336 2820 4392 grave
2867 4323 3116 4393 gravata:
3159 4323 3301 4376 sunt
3347 4330 3527 4391 super
3571 4318 3668 4375 me

2015 4412 2189 4482 (Psal.
2221 4411 2458 4484 xxxvn).
2493 4432 2522 4460 »
2553 4410 2634 4466 De
2661 4408 2797 4465 istis
2824 4407 3068 4466 camelis
3098 4408 3208 4464 fuit
3229 4407 3539 4468 Matthinus
3564 4405 3668 4480 qui

2017 4501 2089 4556 de
2139 4499 2455 4556 teloneario
2503 4500 2693 4555 factus
2740 4502 2830 4554 est
2884 4495 3180 4570 Evangelii
3238 4495 3585 4569 prmdie‘ator
3610 4499 3669 4552 et

2015 4589 2285 4661 scriptor,
2318 4593 2376 4644 et
2403 4587 2620 4660 Joseph
2652 4587 2726 4644 ab
2771 4584 3118 4653 Arimathia,
3149 4589 3210 4640 et
3237 4583 3322 4641 illi
3349 4585 3420 4640 de
3449 4583 3668 4656 quibus

2017 4677 2304 4734 Dominus
2323 4677 2499 4734 dixit:
2521 4700 2548 4727 «
2577 4675 2830 4732 Facilius
2849 4678 2938 4730 est
2959 4673 3252 4732 cametum
3273 4690 3377 4746 per
3405 4673 3668 4729 foramen

2019 4783 2160 4822 acus
2189 4766 2462 4838 transire,
2493 4781 2673 4838 quam
2707 4763 2945 4820 divitem
2967 4763 3186 4819 intrare
3205 4762 3268 4818 in
3294 4777 3544 4835 regnum
3566 4761 3668 4816 Dei

2018 4855 2222 4924 (Matth.
2253 4860 2396 4924 xxx.)
2426 4877 2454 4905 ››
2489 4853 2922 4922 Dromedarius,
2957 4851 3048 4909 vel
3075 4852 3311 4908 dromas
3341 4849 3666 4906 dromadis.

2017 4945 2174 5017 quod
2203 4949 2520 5016 utrumque
2547 4943 2704 5010 facit,
2729 4941 2946 4998 animal
2981 4946 3072 4998 est
3093 4940 3292 4996 minus
3313 4939 3668 5008 camelo,sed

2015 5033 2551 5104 velocius.ldeoque
2579 5049 2682 5104 per
2709 5030 3110 5086 dromedarios
3139 5029 3424 5086 debemus
3452 5027 3668 5086 intelli-

2017 5139 2152 5194 gere
2180 5121 2448 5195 gentiles,
2463 5122 2562 5193 qui
2587 5120 2862 5176 velociter
2881 5119 2955 5175 ad
2977 5120 3154 5174 ﬁdem
3177 5117 3410 5174 Domini
3431 5130 3673 5173 concup-

2017 5217 2239 5267 rerunt.
2275 5211 2509 5266 Madian
2542 5215 2599 5266 et
2626 5209 2793 5281 Epha
2838 5209 3106 5282 regiones
3153 5212 3295 5265 sunt
3333 5211 3498 5263 trans
3527 5207 3668 5262 Ara—

2015 5298 2196 5364 biam,
2229 5297 2600 5353 abundantes
2643 5295 2883 5352 camelis
2908 5311 2976 5351 ac
3007 5294 3414 5361 dromedariis,
3443 5294 3669 5350 omnis-

2015 5404 2128 5458 que
2185 5385 2481 5459 provincia
2535 5383 2863 5457 appellatur
2918 5383 3092 5453 Saba,
3139 5384 3214 5440 de
3272 5399 3387 5456 que
3440 5382 3558 5439 fuit
3611 5387 3672 5440 et

2017 5476 2216 5548 regina
2265 5474 2439 5540 Saba,
2470 5490 2598 5546 quas
2645 5471 2802 5528 venit
2847 5472 3052 5528 audire
3105 5471 3458 5544 sapientiam
3499 5469 3670 5528 Salo-

2017 5566 2230 5622 monis.
2292 5565 2399 5620 Per
2453 5579 2602 5634 quas
2663 5561 2930 5634 regiones
2986 5561 3451 5634 signiﬁcabatur,
3494 5557 3668 5634 quod

2017 5669 2220 5710 omnes
2267 5655 2470 5726 gentes
2499 5655 2556 5706 et
2600 5649 2868 5724 regiones
2890 5651 2962 5706 ad
2995 5645 3228 5706 Demini
3272 5649 3451 5706 ﬁdem
3499 5645 3668 5707 erant

2013 5746 2292 5802 venturae.
2344 5741 2460 5800 Nec
2514 5744 2682 5799 vacat
2709 5757 2744 5798 a
2771 5739 3070 5818 mysterio,
3124 5739 3283 5818 quod
3339 5734 3554 5800 aurum
3593 5742 3672 5804 et

3269 5867 3348 5933 33
