3956 6392
362 455 518 520 1035

793 458 1197 520 HAYMONIS
1232 454 1773 518 IIALBERS'I‘AT.
1804 453 2046 515 EPISC.
2082 452 2257 515 OPP.
2290 452 2495 515 PARS
2530 453 2575 516 Ι.
2610 490 2687 498 -—-
2716 452 3128 517 COMMENT.
3162 456 3360 518 BIBL.

3626 456 3796 520 1036

357 592 497 647 thus
527 592 809 647 dicuntur
830 592 1056 646 offerre.
1091 590 1197 645 Per
1225 607 1438 645 aurum
1470 589 1764 661 siquidem
1795 586 2013 643 intelli-
2042 586 2097 655 Α
2126 603 2229 657 per
2258 586 2668 659 imitationem,
2701 605 2880 660 super
2910 588 3194 661 placabile
3239 588 3420 646 altare
3467 605 3691 658 meum,
3728 591 3791 646 id

354 681 515 752 gitur
542 696 754 735 sensus
785 679 939 745 ﬁdei,
972 698 1074 751 per
1104 680 1242 734 thus
1264 680 1558 735 orationes
1582 678 1837 746 mundzc,
1863 676 2017 733 sicut

353 767 665 824 Psalmista
705 764 970 823 declarat
1003 785 1015 822 :
1048 792 1073 817 ‹‹
1110 767 1409 839 Dirigatur
1453 767 1637 821 oratio
1686 783 1837 829 mea,
1864 765 2017 819 sicut

355 855 661 909 incensum
694 854 754 909 in
785 859 1101 926 conspectu
1136 859 1258 909 tuo.
1290 878 1316 904 ››
1365 855 1597 909 Madian
1628 856 1895 925 iniquitas
1924 853 2013 907 in-

356 946 741 1013 terpretatur;
770 943 936 1015 Epha
966 944 1235 999 resolutus
1266 942 1352 997 vel
1385 944 1705 1015 effundens;
1737 943 1909 1006 Saba,
1930 959 2018 997 m-

345 1032 567 1105 pa'vitas
585 1030 673 1087 vel
690 1032 1216 1103 eonversioﬂreges
1234 1032 1416 1104 igitur
1433 1030 1793 1087 camelorum
1811 1036 1869 1085 et
1890 1032 2018 1085 dro-

349 1120 766 1188 medariorum,
788 1121 846 1177 id
872 1126 963 1177 est
983 1121 1193 1177 divites
1213 1121 1393 1193 hujus
1417 1120 1614 1176 saeculi
1637 1125 1695 1175 et
1725 1124 2012 1191 potentes,

354 1225 677 1283 omnesque
697 1209 959 1282 gentiles
990 1210 1090 1282 qui
1122 1210 1397 1265 velociter
1450 1211 1521 1265 ad
1571 1209 1788 1264 Christi
1839 1210 2016 1264 ﬁdem

352 1305 660 1366 venerunt,
692 1299 968 1356 resolutis
998 1300 1251 1355 vinculis
1273 1299 1604 1372 iniquitatis
1626 1298 1855 1353 animas
1878 1315 2017 1353 suas

355 1388 691 1444 effuderunt
719 1389 990 1455 Domino,
1022 1392 1079 1444 et
1110 1405 1315 1444 omnes
1347 1392 1701 1443 revertentes
1731 1387 1803 1441 de
1833 1383 2016 1457 capti-

355 1476 533 1533 vitate
562 1476 781 1532 diaboli
811 1482 869 1532 et
890 1495 1009 1531 suae
1040 1476 1503 1533 conversationis
1529 1493 1749 1531 munus
1771 1474 2018 1530 Domino

358 1564 688 1632 offerentes,
721 1566 779 1621 id
810 1569 899 1621 est
928 1583 1032 1637 per
1062 1566 1239 1621 ﬁdem
1266 1582 1474 1638 puram
1507 1582 1635 1636 quae
1664 1580 1768 1637 per
1805 1578 2017 1619 aurum

357 1653 722 1726 designatur,
755 1658 812 1709 et
841 1654 1133 1711 orationes
1165 1654 1421 1709 mundas
1451 1671 1579 1725 qua:
1610 1652 2021 1723 intelliguntur

356 1742 631 1814 perthus,
644 1747 932 1798 venerunt
946 1744 1018 1797 ad
1034 1742 1301 1798 Ecclesiae
1325 1742 1633 1814 primitisz
1657 1741 2017 1805 societatem,

355 1834 415 1886 et
442 1835 871 1888 exornaverunt
902 1848 1031 1887 eam
1062 1832 1190 1888 suis
1221 1831 1589 1887 orationibus
1611 1835 1669 1886 et
1689 1831 1815 1887 suis
1834 1830 2018 1886 virtu-

355 1919 541 1976 tibus.
573 1919 690 1976 Nec
722 1936 832 1976 sua
879 1920 1252 1977 solummodo
1302 1920 1492 1976 salute
1543 1924 1686 1975 sunt
1736 1919 2017 1986 contenti,

355 2009 459 2064 sed
491 2008 621 2064 aliis
660 2008 897 2065 laudem
947 2010 1179 2065 Domini
1233 2009 1717 2082 prmdicaverunt,
1751 2008 1862 2063 hoc
1911 2012 2019 2075 est,

356 2097 676 2154 Dominum
709 2098 913 2154 Jesum
945 2097 1248 2153 Christum
1281 2097 1495 2153 Filium
1528 2097 1628 2151 Dei
1678 2097 1864 2152 Patris
1893 2112 2023 2151 esse

357 2186 653 2254 dixerunt,
673 2187 774 2259 qui
805 2191 895 2241 est
920 2186 1051 2242 laus
1072 2192 1129 2242 et
1149 2186 1337 2259 gloria
1357 2186 1629 2257 ipsius,et
1651 2187 2021 2257 majestatem

359 2274 599 2344 Christi,
632 2275 691 2330 id
721 2280 810 2331 est
839 2275 1125 2331 miracula
1154 2280 1212 2330 et
1254 2276 1499 2331 virtutes
1548 2292 1699 2347 quas
1748 2278 2023 2345 operatus

361 2368 476 2430 est,
507 2367 566 2419 et
592 2364 886 2436 quomodo
918 2381 1022 2436 per
1051 2364 1247 2436 ipsum
1274 2364 1475 2419 omnia
1503 2364 1657 2418 Deus
1686 2364 1851 2417 Pater
1872 2363 2023 2417 fece-

364 2453 464 2517 rit,
498 2451 630 2507 aliis
660 2453 1080 2525 patefecerunt.

372 2576 379 2581 -
436 2562 467 2591 ‹‹
502 2540 687 2597 Omne
733 2557 913 2613 pecus
944 2541 1130 2596 Cedar
1153 2542 1606 2613 eongregabitur
1652 2542 1780 2606 tibi,
1815 2544 2025 2596 arietes

365 2628 655 2685 Nabaioth
687 2629 1105 2685 ministrabant
1135 2631 1262 2685 tibi.
1292 2652 1318 2678 ››
1351 2633 1647 2696 Quantum
1671 2632 1743 2685 ad
1768 2630 2025 2685 litteram

362 2717 638 2790 pertinet,
663 2735 843 2791 pecus
873 2718 1129 2790 appellat
1159 2737 1293 2774 oves
1315 2725 1371 2774 et
1395 2736 1733 2791 eapras,per
1755 2736 1902 2792 quas
1926 2720 2023 2775 de-

363 2807 579 2863 bemus
609 2806 933 2879 intelligere
965 2807 1264 2879 simpliees
1311 2825 1597 2879 quosque.
1632 2809 1818 2863 Cedar
1867 2808 2026 2864 tilius

361 2894 475 2951 fuit
496 2895 845 2961 Ismaelis,et
861 2896 935 2952 ab
952 2895 1049 2952 illo
1074 2897 1230 2967 regio
1256 2896 1413 2951 illius
1435 2914 1648 2953 nomen
1680 2896 2028 2969 sumpsit,ut

358 2984 548 3041 Cedar
560 2985 991 3053 vocaretur,ubi
1010 2986 1184 3041 modo
1203 2986 1476 3041 Saraceni
1496 2986 2028 3052 habitant,descen-

360 3074 573 3130 dentes
602 3074 675 3130 de
705 3073 865 3130 illius
900 3074 1191 3146 prosapia.
1225 3075 1473 3142 Arietcs,
1498 3074 1711 3146 inquit,
1735 3074 2025 3130 Nabaioth

361 3160 789 3219 ministrabant
806 3163 1053 3219 tibi.Per
1074 3163 1286 3219 arietes
1308 3164 1408 3235 qui
1433 3163 2027 3235 dueatum,pracstant

364 3250 644 3325 gregibus
668 3250 1081 3322 intelliguntur
1112 3252 1407 3323 principes
1438 3257 1496 3307 et
1524 3253 1703 3307 duces
1736 3252 2022 3324 gentium.

2054 1963 2101 2028 B

2124 678 2295 730 estin
2329 676 2440 731 [ide
2472 680 2625 732 recta
2655 695 2784 749 qua:
2816 677 3005 750 placet
3050 678 3188 745 Deo,
3219 678 3307 734 vel
3342 683 3408 733 ut
3436 678 3642 734 altario
3678 680 3791 734 de-

2124 764 2400 832 serviant,
2435 766 2591 821 sicut
2617 765 2700 821 illi
2733 767 2834 839 qui
2868 766 3128 839 episcopi
3161 766 3420 834 fuerunt,
3447 772 3513 823 ut
3541 784 3576 824 a
3604 767 3793 823 Paulo

2124 852 2357 908 oblatus
2388 858 2477 908 est
2502 854 2673 910 Titus
2704 859 2762 909 et
2791 854 3160 923 Timotheus,
3184 860 3298 911 eta
3327 854 3496 911 Petro
3528 856 3791 922 Marcus,

2125 940 2342 1013 aliique
2368 946 2655 1014 martyres
2686 947 2743 998 et
2774 943 3044 999 doctores
3075 959 3447 999 successores
3469 960 3691 999 eorum.
3717 945 3793 999 Et

2124 1030 2391 1097 domum,
2424 1030 2642 1103 inquit,
2679 1031 3009 1103 majestatis
3040 1048 3183 1087 mea:
3213 1031 3638 1105 gloriﬁcabo,id
3671 1037 3790 1104 est,

2124 1117 2445 1174 Ecclesiam
2476 1135 2670 1175 meam
2705 1120 3103 1176 honoriﬁcabo
3136 1120 3195 1176 in
3227 1119 3467 1176 talibus.
3494 1121 3655 1177 Sicut
3684 1139 3794 1193 per

2126 1223 2313 1262 unum
2345 1206 2530 1262 altare
2560 1208 2761 1264 omnia
2790 1207 3018 1274 altaria,
3051 1208 3134 1264 ita
3165 1225 3269 1281 per
3311 1225 3488 1265 unam
3539 1209 3789 1265 domum

2126 1311 2331 1350 omnes
2363 1295 2642 1351 ecclesias
2673 1296 2958 1352 debemus
2988 1295 3333 1369 intelligere.

2198 1407 2225 1434 ‹‹
2261 1384 2369 1450 Qui
2402 1390 2544 1440 sunt
2574 1384 2692 1453 isti,
2724 1385 2825 1457 qui
2858 1390 2925 1441 ut
2949 1385 3137 1441 nubes
3166 1384 3383 1453 volant,
3416 1391 3475 1442 et
3503 1387 3671 1459 quasi
3695 1403 3793 1443 co-

2126 1470 2343 1527 lumbae
2373 1474 2444 1527 ad
2478 1474 2769 1528 fenestras
2809 1478 2990 1530 suas?
3023 1495 3052 1524 »
3083 1473 3205 1530 Vox
3254 1475 3548 1547 prophetae
3594 1476 3789 1531 admi-

2127 1561 2315 1615 rantis
2341 1562 2412 1616 de
2442 1561 2766 1633 gentilibus
2815 1561 3214 1629 credentibus,
3248 1567 3305 1619 et
3336 1563 3410 1619 ad
3460 1564 3635 1620 ﬁdem
3681 1564 3787 1621 Dei

2127 1648 2402 1704 velociter
2432 1650 2948 1718 currentibus.Qui
2979 1654 3122 1707 sunt
3151 1650 3247 1707 isti
3298 1650 3543 1724 gentiles
3589 1652 3691 1725 qui
3724 1657 3790 1709 ut

2128 1738 2317 1795 nubes
2347 1738 2565 1808 volant,
2599 1740 2856 1812 pluendo
2885 1738 3099 1807 verbis,
3127 1741 3489 1797 coruscando
3532 1742 3787 1799 miracu-

2128 1825 2224 1893 lis,
2257 1832 2315 1882 et
2342 1828 2416 1883 ad
2448 1826 2710 1883 ccelestia
2737 1845 2841 1900 per
2869 1827 3423 1901 contemplationem
3474 1830 3687 1887 mentis
3719 1845 3782 1887 se

2134 1915 2541 1972 sublevando?
2571 1916 2850 1989 Sequitur
2881 1934 2895 1974 :
2929 1918 3000 1973 Et
3029 1917 3200 1990 quasi
3230 1917 3513 1974 columbae
3541 1920 3612 1975 ad
3631 1919 3783 1977 fene-

2133 2009 2288 2061 stras
2320 2022 2460 2063 suas
2477 2006 2505 2061 ‘I
2535 2006 2701 2062 Sicut
2731 2005 3018 2062 columbae
3041 2006 3113 2061 ad
3137 2006 3421 2064 fenestras
3442 2024 3579 2064 suas
3599 2013 3780 2078 stant,

2132 2099 2200 2149 ut
2228 2096 2288 2149 in
2319 2111 2429 2150 sua
2456 2094 2734 2151 cubicula
2762 2095 2984 2151 intrent
3013 2112 3026 2150 :
3062 2096 3145 2151 ita
3186 2095 3287 2151 isti
3335 2113 3438 2168 per
3486 2097 3658 2152 fidem
3689 2113 3784 2153 ve-

2133 2184 2381 2251 nientes,
2415 2189 2682 2239 sanctam
2719 2185 3085 2240 intraverunt
3130 2184 3469 2240 Eeclesiam.
3493 2184 3592 2241 Vel
3634 2184 3789 2241 sicut

2134 2272 2418 2328 columbae
2448 2274 2520 2328 ad
2544 2274 2830 2329 fenestras
2861 2277 3021 2329 stant
3050 2272 3259 2341 sancti,
3285 2273 3425 2345 quia
3462 2274 3784 2346 gaudentes

2134 2361 2533 2434 simplicitate,
2551 2361 2814 2434 quinque
2838 2362 3101 2435 corporis
3121 2379 3331 2419 sensus
3353 2362 3465 2418 sibi
3488 2362 3780 2431 muniunt,

2134 2456 2201 2505 ut
2229 2451 2301 2505 ad
2334 2467 2434 2506 eos
2466 2467 2624 2506 mors
2655 2450 2874 2507 intrare
2920 2468 3036 2507 non
3088 2451 3294 2524 possit,
3327 2452 3688 2507 attendentes
3721 2451 3787 2506 il-

2135 2538 2236 2594 lud
2272 2555 2285 2594 :
2322 2562 2349 2590 ‹‹
2384 2541 2580 2594 Estote
2612 2540 2932 2611 prudentes
2963 2539 3117 2595 sicut
3146 2543 3469 2613 serpentes,
3489 2543 3546 2595 et
3565 2538 3789 2612 simpli-

2135 2644 2233 2683 ces
2264 2628 2419 2683 sicut
2449 2628 2735 2684 columbae
2761 2628 2987 2698 (Matth.
3018 2631 3099 2698 x).
3135 2651 3164 2678 ››

2210 2740 2239 2769 ‹‹
2270 2718 2360 2773 Me
2390 2718 2547 2773 enim
2580 2717 2787 2773 insulae
2811 2722 3168 2790 exspectant,
3199 2739 3229 2770 »
3263 2718 3321 2774 id
3351 2721 3441 2775 est
3468 2722 3666 2791 gentes
3698 2717 3785 2774 di-

2133 2823 2332 2875 versa),
2366 2807 2693 2862 secundum
2723 2805 2869 2861 illud
2899 2806 3081 2862 Jacob
3112 2806 3264 2879 (Gen.
3296 2810 3451 2876 xux)
3483 2823 3497 2862 :
3530 2807 3652 2863 Non
3684 2807 3786 2863 de-

2135 2896 2291 2951 ficiet
2342 2895 2616 2968 princeps
2661 2912 2730 2950 ex
2778 2895 2955 2963 Juda,
2987 2899 3122 2963 ete.,
3165 2912 3375 2968 usque,
3406 2900 3463 2952 et
3508 2895 3630 2968 ipse
3676 2895 3790 2951 erit

2135 2983 2488 3056 exspectatio
2516 2984 2804 3055 gentium.
2838 3007 2866 3033 «
2899 2984 2969 3039 Et
2993 3001 3170 3041 naves
3202 2984 3401 3053 maris,
3436 3006 3463 3034 »
3495 2984 3554 3039 id
3583 2989 3672 3040 est
3691 2984 3792 3039 Ec-

2136 3073 2324 3129 clesiae
2356 3073 2538 3144 hujus
2568 3072 2776 3128 mundi
2808 3096 2836 3124 «
2871 3072 2931 3128 in
2955 3073 3266 3147 principio,
3292 3096 3321 3124 ››
3344 3073 3626 3130 subaudis
3649 3073 3786 3129 fidei

2136 3179 2279 3230 suae,
2312 3184 2340 3212 ‹‹
2376 3178 2470 3218 me
2527 3165 2889 3234 exspectant,
2930 3165 2996 3218 ut
3042 3163 3330 3219 adducam
3389 3161 3542 3218 filios
3590 3166 3720 3218 tuos
3756 3184 3786 3211 ιο

2135 3249 2385 3324 gentiles
2417 3274 2445 3300 ‹‹
2479 3252 2551 3306 de
2580 3250 2771 3324 longe,
2808 3273 2836 3300 ››
2867 3268 2900 3307 o
2925 3250 3185 3308 Ecclesia
3213 3250 3528 3324 primitiva,
3562 3250 3670 3307 hoc
3699 3254 3790 3306 est

364 3339 655 3395 Nabaioth
687 3357 844 3396 unus
870 3338 980 3394 fuit
1008 3340 1264 3395 ﬁliorum
1297 3340 1581 3396 Ismaelis.
1605 3342 2027 3413 Interpretatur
2056 3333 2100 3400 C
2139 3341 2209 3396 de
2235 3340 2585 3397 idololatria.
2610 3363 2639 3390 «
2664 3341 2988 3413 Argentum
3018 3356 3244 3411 eorum,
3266 3361 3295 3389 »
3316 3340 3373 3395 id
3396 3344 3485 3396 est
3503 3339 3788 3396 confessio

366 3431 567 3485 autem
596 3427 783 3484 Cedar
812 3427 1049 3485 tenebrae
1078 3426 1167 3485 vel
1196 3446 1432 3495 mearor;
1464 3428 1751 3484 Nabaioth
1788 3429 2025 3501 prophe-

366 3518 467 3574 tia.
496 3516 614 3588 Ipsi
644 3516 748 3587 qui
777 3515 1049 3587 superius
1080 3515 1356 3587 appellati
1400 3522 1540 3573 sunt
1569 3517 1775 3573 cameli
1807 3522 1865 3572 et
1892 3519 2025 3572 dro-

367 3603 640 3670 medarii,
672 3603 786 3675 ipsi
819 3608 987 3659 erant
1034 3620 1213 3675 pecus
1258 3605 1461 3671 Ccdar,
1495 3605 1554 3659 id
1585 3610 1693 3672 est,
1723 3606 1828 3660 filii
1864 3611 2028 3661 tene-

363 3692 607 3749 brarum
628 3696 687 3748 et
708 3692 997 3759 maeroris,
1025 3692 1243 3763 quibus
1265 3693 1581 3766 Apostolus
1605 3693 1747 3748 dicit
1771 3711 1785 3749 :
1813 3717 1840 3744 «
1868 3694 2029 3750 Fuis-

366 3782 447 3838 tis
466 3780 785 3853 aliquando
818 3781 1090 3848 tenebrae,
1125 3799 1282 3837 nune
1315 3787 1512 3838 autem
1544 3782 1643 3838 lux
1674 3782 1735 3837 in
1780 3783 2027 3839 Domino

366 3869 591 3943 (Ephes.
640 3870 717 3942 v).
750 3892 779 3921 ››
832 3871 947 3925 Et:
983 3893 1011 3919 ‹‹
1064 3873 1247 3936 Quem
1309 3872 1567 3927 fructum
1616 3871 1911 3928 habuistis
1968 3873 2027 3928 in

364 3959 506 4022 illis,
540 3959 601 4015 in
634 3959 854 4031 quibus
886 3975 1042 4015 nunc
1086 3959 1476 4016 erubescitis?
1510 3983 1537 4009 »
1569 3962 1744 4028 (Rom.
1778 3964 1879 4030 v1.)
1913 3961 2029 4033 Ipsi

366 4048 550 4105 etiam
584 4047 935 4105 exstiterunt
963 4048 1174 4105 arietes
1203 4048 1515 4115 Nabaioth,
1537 4050 1594 4104 id
1627 4054 1718 4105 est
1747 4051 2031 4122 praedica-

373 4143 532 4195 tores
562 4141 621 4194 et
649 4136 754 4192 filii
786 4136 1227 4209 prophetarum,
1260 4138 1399 4210 quia
1430 4154 1497 4193 ea
1527 4139 1856 4194 docuerunt
1902 4157 2031 4211 qua:

369 4225 462 4284 lex
490 4231 547 4282 et
574 4225 869 4299 prophetae
913 4230 1050 4281 ante
1094 4226 1489 4298 praedixerunt
1532 4227 1602 4282 de
1633 4227 1883 4283 Christo.
1914 4227 2033 4299 Ipsi

370 4315 858 4372 ministraverunt
885 4313 1176 4382 Ecclesiae,
1194 4314 1339 4386 quia
1364 4332 1432 4370 ex
1454 4316 1600 4387 ipsis
1617 4316 1867 4372 ordinati
1893 4321 2036 4372 sunt

371 4403 653 4477 episcopi,
698 4402 1044 4475 presbyteri,
1096 4401 1312 4475 aliique
1362 4404 1617 4459 ministri
1668 4404 1936 4461 Ecclesiae
1980 4410 2036 4461 et

374 4493 665 4561 doctores,
699 4491 803 4563 qui
850 4490 938 4546 vel
988 4494 1127 4545 tunc
1175 4492 1739 4548 administraverunt
1788 4494 2036 4549 Domino

375 4582 616 4655 quando
646 4598 862 4654 corpus
893 4584 952 4635 et
980 4580 1331 4652 sanguinem
1364 4581 1523 4636 illius
1554 4581 1830 4637 fidelibus
1857 4582 2037 4638 tradi-

2135 3430 2292 3498 fidci,
2340 3428 2430 3485 vel
2483 3428 2792 3501 sapientia,
2826 3428 2947 3485 sive
2996 3427 3403 3501 intelligentia,
3438 3451 3467 3479 ‹‹
3497 3431 3555 3485 et
3582 3445 3790 3484 aurum

2133 3535 2338 3575 eorum
2370 3534 2505 3573 cum
2536 3517 2642 3585 eis,
2678 3539 2708 3569 «
2738 3517 2847 3573 hoc
2878 3521 2986 3585 est,
3019 3533 3229 3574 sensus
3261 3517 3429 3585 fidei;
3463 3517 3619 3572 unde
3651 3515 3787 3572 dici-

2136 3611 2235 3663 tur
2265 3623 2279 3662 :
2315 3630 2345 3657 ‹‹
2377 3606 2561 3663 Corde
2593 3604 2852 3662 creditur
2882 3606 2955 3662 ad
2982 3604 3296 3678 justitiam,
3323 3622 3423 3662 ore
3444 3610 3639 3661 autem
3662 3621 3788 3661 con-

2136 3694 2312 3751 fessio
2346 3696 2413 3750 fit
2443 3695 2517 3750 ad
2549 3694 2800 3751 salutem
2832 3694 3006 3768 (Rmn.
3038 3694 3116 3767 x).
3148 3717 3178 3744 υ

2212 3807 2240 3836 ‹‹
2270 3783 2502 3840 Nemini
2552 3784 2653 3840 Dei
2704 3783 2814 3850 tui,
2844 3788 2903 3840 et
2949 3788 3152 3840 saneto
3200 3782 3395 3851 Israel,
3431 3804 3460 3832 ››
3501 3783 3783 3839 subaudis

2136 3873 2495 3944 veniet,quia
2522 3872 2878 3945 gloriﬁeabit
2901 3876 2958 3929 te
2988 3889 3092 3945 per
3117 3871 3306 3928 illos.«
3324 3871 3393 3926 Et
3412 3870 3781 3927 aedificabunt

2140 3961 2247 4017 filii
2280 3960 2741 4034 peregrinorum,
2776 3978 2979 4018 muros
3009 3965 3164 4033 tuos,
3194 3964 3251 4017 et
3277 3975 3440 4033 reges
3463 3976 3667 4016 eorum
3688 3959 3784 4015 mi-

2141 4050 2481 4107 nistrabunt
2508 4049 2637 4107 tibi.
2672 4066 2701 4099 ››
2730 4051 2853 4105 lloc
2882 4054 2940 4105 et
2968 4048 3350 4106 historialiter
3378 4052 3436 4105 et
3464 4046 3779 4122 spirituali-

2142 4143 2231 4195 ter
2250 4139 2434 4211 accipi
2466 4142 2677 4211 potest.
2714 4138 2890 4195 Filios
2922 4137 3382 4211 peregrinorum,
3406 4141 3687 4211 quantum
3713 4135 3778 4192 ad

2143 4229 2399 4284 litteram
2430 4227 2702 4301 pertinet,
2737 4227 2994 4300 appellat
3024 4227 3176 4284 filios
3206 4226 3491 4300 gentium,
3523 4231 3581 4283 et
3627 4241 3779 4298 reges

2141 4316 2411 4374 videlicet
2457 4320 2515 4372 et
2564 4315 2860 4389 principes
2918 4332 2984 4371 ac
3038 4319 3323 4388 potentes,
3357 4313 3459 4388 qui
3516 4312 3780 4371 ecclesias

2144 4406 2359 4463 Christi
2409 4404 2844 4461 asdiﬁcaverunt
2900 4421 3004 4477 per
3064 4404 3403 4460 universum
3461 4403 3677 4469 orbem,
3725 4404 3785 4457 ut

2144 4494 2560 4551 Constantinus
2591 4493 2901 4550 duodecim
2928 4492 3206 4550 ecclesias
3256 4493 3449 4550 Romae
3498 4490 3784 4548 fabricavit

2145 4583 2205 4638 in
2258 4583 2477 4638 honore
2528 4582 2840 4638 duodecim
2898 4581 3318 4654 apostolorum,
3361 4580 3575 4653 aliique
3627 4578 3785 4636 multi

380 4671 615 4739 derunt,
646 4670 733 4725 vel
766 4670 1003 4741 quando
1033 4670 1275 4725 verbum
1309 4669 1586 4725 doctrina:
1630 4672 1759 4742 ejus
1804 4671 2037 4744 impen-
2071 4700 2116 4764 Ι)
2149 4671 2437 4745 plurimas
2468 4672 2880 4740 fundaverunt,
2903 4670 3106 4743 eisque
3133 4688 3261 4743 quae
3286 4669 3615 4726 necessaria
3630 4671 3784 4724 erant

379 4760 613 4816 derunt.
643 4782 670 4809 «
705 4758 1081 4814 Offerentur»
1117 4758 1227 4829 ipsi
1263 4759 1475 4814 arietes
1499 4781 1527 4808 ‹‹
1549 4777 1726 4831 super
1756 4759 2039 4832 placabile

381 4847 565 4903 altare
615 4863 834 4914 meum,
867 4850 926 4899 et
974 4846 1219 4900 domum
1271 4847 1599 4918 majestatis
1632 4865 1773 4903 mem
1819 4848 2039 4920 glorifi-

380 4937 544 4993 cabo.
580 4959 609 4985 »
648 4935 844 4991 Altarc
902 4934 960 4989 in
1017 4934 1127 4989 hoc
1182 4934 1307 4989 loco
1357 4935 1669 5007 dupliciter
1721 4955 2039 5009 possumus

380 5024 666 5098 accipere,
696 5023 783 5079 vel
818 5025 992 5078 ﬁdem
1025 5024 1083 5077 in
1116 5040 1231 5095 quo
1282 5025 1613 5079 offeruntur
1660 5026 1814 5081 bona
1861 5044 2038 5098 opera

380 5113 515 5170 Deo.
542 5112 644 5168 Vel
679 5130 779 5184 per
818 5129 1004 5166 unum
1055 5112 1259 5178 altare,
1294 5113 1495 5167 omnia
1541 5113 1749 5170 altaria
1791 5116 1849 5170 in
1900 5116 2037 5171 uni-

378 5217 544 5258 verso
576 5202 736 5269 orbe,
770 5201 828 5255 in
870 5200 1085 5272 quibus
1135 5200 1378 5255 offertur
1425 5219 1639 5274 corpus
1686 5209 1745 5259 et
1792 5206 2036 5276 sanguis

381 5289 563 5346 illius.
593 5290 761 5346 Sicut
788 5288 942 5344 enim
983 5306 1101 5344 una
1144 5289 1290 5343 fides
1323 5289 1381 5343 in
1410 5295 1615 5346 sancta
1646 5292 1922 5359 Ecclesia,
1954 5295 2038 5349 ita

381 5391 567 5432 unum
597 5378 801 5435 altare.
836 5378 1000 5433 Sicut
1031 5378 1214 5432 Isaias
1245 5377 1611 5434 demonstrat
1641 5381 1879 5435 dicens:
1911 5383 2034 5437 Erit

382 5463 443 5518 in
471 5464 677 5524 diebus
708 5466 825 5522 illis
854 5466 1035 5522 altare
1068 5467 1295 5521 Domini
1330 5467 1388 5521 in
1439 5471 1590 5522 terra
1642 5470 1891 5541 ngypti,
1924 5470 2032 5526 hoc

382 5555 471 5608 est
498 5552 559 5607 in
594 5556 836 5621 mundo,
870 5554 972 5625 qui
1020 5554 1371 5627 intelligitur
1419 5573 1522 5628 per
1567 5562 1896 5631 ngyptum,
1929 5560 2031 5631 qui

382 5633 797 5708 interpretatur
853 5642 1083 5697 tenebrae
1130 5645 1217 5698 vel
1277 5660 1495 5699 mazror.
1547 5646 1896 5717 Otl‘ercntur,
1944 5650 2033 5704 in-

376 5717 533 5794 quit,
564 5731 795 5800 arietes,
828 5730 887 5784 id
918 5734 1006 5786 est
1035 5731 1320 5801 doctores,
1354 5736 1412 5789 et
1457 5732 1559 5787 filii
1611 5735 2032 5810 prophetarum

2150 4760 2673 4816 mimistraverunt.
2709 4758 3106 4831 Spiritualiter
3134 4775 3267 4815 vero
3297 4758 3448 4814 filios
3478 4756 3790 4829 peregrino-

2148 4866 2281 4905 rum
2312 4853 2369 4903 et
2399 4864 2564 4919 rcges
2596 4865 2799 4904 eorum
2830 4847 3087 4920 appellat
3125 4852 3410 4920 martyres
3440 4852 3496 4903 et
3524 4846 3784 4918 praedica-

2147 4943 2303 4993 tores
2332 4937 2621 5010 gentium,
2656 4954 2911 5009 quorum
2944 4936 3059 4992 fide
3089 4942 3146 4992 et
3179 4935 3498 4991 virtutibus
3546 4932 3785 4990 Ecclesia

2147 5031 2352 5082 sancta
2384 5027 2628 5081 fundata
2656 5031 2767 5081 est.
2790 5026 2902 5081 «In
2926 5025 3328 5099 indignatione
3349 5024 3505 5081 enim
3527 5040 3654 5078 mea
3674 5038 3787 5096 per-

2147 5116 2305 5171 cussi
2338 5120 2414 5183 te,
2448 5120 2505 5170 et
2535 5114 2595 5170 in
2645 5114 3119 5171 reconciliatione
3167 5131 3298 5171 mea
3345 5113 3617 5169 misertus
3661 5128 3781 5167 sum

2144 5204 2252 5261 tui.
2280 5226 2306 5253 »
2330 5204 2416 5259 Ad
2438 5203 2759 5259 Ecclesiam
2780 5202 3232 5276 loquitur.Saepe
3254 5204 3408 5259 Deus
3430 5201 3781 5273 omnipotens

2146 5293 2400 5364 percutit
2431 5290 2648 5347 electos
2676 5296 2912 5360 suos,ut
2940 5292 3192 5364 corrigat
3223 5309 3343 5348 eos.
3376 5288 3664 5347 Percussit
3684 5288 3781 5345 Ju-

2144 5384 2299 5437 dazos
2330 5381 2566 5453 quando
2598 5381 2766 5435 duxit
2802 5380 2934 5436 illos
2968 5381 3027 5436 in
3060 5381 3477 5454 captivitatem,
3512 5377 3783 5451 percussit

2142 5469 2463 5525 Ecclesiam
2495 5486 2599 5541 per
2629 5475 2909 5542 tyrannos
2958 5469 3141 5541 hujus
3188 5468 3407 5535 saeculi,
3440 5473 3504 5523 ut
3532 5466 3784 5539 probaret

2144 5560 2305 5615 illam
2336 5566 2391 5614 et
2421 5559 2784 5614 emendaret.
2818 5559 2931 5615 Sed
2965 5564 3169 5631 postea
3201 5558 3478 5615 misertus
3528 5560 3619 5611 est
3645 5556 3781 5628 ejus,

2144 5665 2247 5722 per
2261 5647 2795 5703 reconciliationem
2814 5664 2942 5719 quas
2960 5648 3114 5703 facta
3130 5652 3219 5704 est
3234 5646 3519 5720 sanguine
3536 5644 3660 5701 Filii
3681 5644 3780 5701 sui.

2214 5762 2241 5790 ‹‹
2277 5738 2349 5794 Et
2393 5736 2752 5811 aperientur,
2789 5760 2819 5786 »
2852 5736 2909 5795 id
2945 5742 3055 5808 est,
3091 5738 3375 5813 patebunt
3405 5758 3435 5789 «
3467 5738 3641 5809 porta:
3682 5737 3782 5793 tua
