3944 6408
112 346 207 408 237

1490 330 1841 405 αΟΜΜΕΝτ.
1883 340 1951 398 IN
1992 332 2152 398 GEN.

3433 338 3545 401 338

115 472 229 550 ipse
258 472 397 530 dicit
432 492 445 529 :
475 467 666 532 Nemo
708 472 865 531 tollit
919 476 1185 532 animam
1237 489 1450 545 meam,
1504 465 1609 531 sed
1664 487 1770 542 ego
1803 474 1849 525 A
1882 467 2062 537 videt,
2090 466 2152 523 et
2180 470 2402 524 terram
2428 467 2744 541 optimam,
2779 474 2918 522 cum
2946 463 3203 537 simplex
3246 465 3545 535 gentilitas

106 582 255 637 pono
285 580 411 621 eam
444 567 645 636 (Joan.
678 582 736 633 x,
779 564 884 632 18).
918 565 1087 629 Quod
1116 581 1259 620 vero
1287 564 1538 629 addidit,
1601 566 1654 619 et
1702 567 1769 616 ut

112 652 335 711 catulus
362 655 577 710 leonis.
612 653 755 711 Inde
782 655 943 710 enim
971 659 1247 710 mortuus
1271 659 1356 709 est
1392 651 1554 708 unde
1586 655 1644 707 et
1666 667 1771 707 na-

112 748 220 800 tus.
253 745 407 799 Bene
443 743 714 799 Christus
743 749 807 799 ut
832 743 926 799 leo
956 744 1269 816 requievit,
1297 742 1401 816 qui
1428 757 1551 797 non
1570 738 1768 796 solum

112 833 312 888 mortis
343 832 739 889 acerbitatem
767 848 886 889 non
924 833 1137 902 timuit,
1172 833 1277 888 sed
1303 834 1481 887 etiam
1520 832 1580 886 in
1634 830 1768 902 ipsa

112 926 292 978 morte
327 922 540 978 mortis
578 923 903 995 imperium
932 924 1091 979 vicit.
1128 921 1299 988 Quod
1353 926 1555 977 autem
1603 919 1765 986 dicit,

114 1011 247 1078 Quis
276 1010 591 1067 suscitabit
632 1027 761 1069 eum
796 1010 823 1067 ἰ)
861 1013 1005 1085 quia
1052 1010 1254 1067 nullus
1284 1008 1399 1067 nisi
1428 1010 1555 1083 ipse
1576 1008 1718 1064 dicit
1751 1025 1763 1062 :

109 1101 328 1157 Solvite
354 1101 644 1171 templum
683 1101 812 1167 hoc,
848 1108 901 1157 et
932 1104 994 1157 in
1029 1105 1073 1157 t1
1090 1101 1229 1157 iduo
1256 1100 1553 1156 suscitabo
1584 1096 1762 1154 illud.

110 1190 305 1245 —Non
332 1190 577 1259 deﬁciat
608 1191 740 1247 dux
768 1191 843 1247 de
869 1191 1045 1251 Juda.
1080 1198 1136 1245 et
1164 1188 1416 1264 reliqua.
1452 1188 1552 1245 llic
1577 1186 1765 1243 mani-

111 1278 418 1335 festissime
446 1278 527 1335 ad
554 1278 775 1336 Judam
806 1281 1075 1336 refertur.
1109 1281 1218 1335 Diu
1242 1279 1402 1336 enim
1427 1276 1535 1334 fuit
1584 1293 1653 1333 ex
1679 1293 1768 1332 se-

109 1369 261 1425 mine
290 1369 450 1424 illius
478 1369 837 1425 intemerata
865 1370 1032 1443 apud
1060 1370 1299 1425 Judteos
1318 1367 1619 1424 successio
1640 1380 1767 1437 reg-

1881 555 2104 612 idcirco
2136 558 2215 613 ad
2246 557 2431 613 robur
2484 557 2625 613 boni
2667 555 2868 630 operis
2928 564 2991 611 se
3036 554 3226 625 erigit,
3266 555 3413 627 quia
3463 556 3546 614 ad

1881 650 2118 701 aeternae
2146 646 2278 702 vitae
2305 647 2563 720 patriam
2597 646 2801 702 tendit.
2839 642 3006 701 Unde
3035 643 3218 700 etiam
3266 648 3324 700 et
3366 647 3544 715 ponit

1881 735 2197 793 humerum
2233 752 2406 792 suum
2428 736 2511 792 ad
2527 734 2917 806 portandum,
2951 733 3098 806 quia
3122 733 3271 790 dum
3291 734 3371 791 ad
3400 749 3542 808 pro-

1880 826 2129 881 missam
2161 826 2429 898 requiem
2463 826 2776 898 pervenire
2798 823 3102 880 desiderat
3130 829 3347 881 cuncta
3372 838 3543 881 man-

1878 913 2159 970 datorum
2189 931 2375 971 onera
2403 915 2654 971 libenter
2683 918 2898 987 portat.
2935 914 3100 969 Unde
3140 917 3197 969 et
3221 914 3425 983 factus
3455 921 3542 972 est

1880 1001 2120 1059 tributis
2146 1005 2426 1071 serviens,
2460 1005 2574 1059 hoc
2595 1009 2702 1070 est,
2736 1003 2877 1073 Regi
2908 1007 2964 1058 et
3013 1002 3245 1059 Christo
3304 1018 3415 1058 suo
3466 1004 3539 1059 ﬂ-

1876 1090 1974 1146 dei
2012 1092 2193 1160 dona,
2224 1108 2600 1166 operumque
2632 1091 2934 1148 bonorum
2966 1104 3223 1147 munera
3251 1091 3536 1150 offerens.

1946 1182 2213 1239 Zabulon
2243 1185 2307 1239 in
2342 1184 2544 1239 littore
2570 1184 2757 1238 maris
2785 1181 3102 1253 habitabit,
3134 1188 3191 1239 et
3219 1185 3282 1237 in
3332 1187 3539 1239 statio-

1876 1280 1952 1329 ne
1978 1274 2251 1330 navium.
2284 1273 2574 1338 Zabulon,
2607 1271 2712 1344 qui
2750 1271 3172 1344 interpretatur
3229 1272 3539 1330 habitacu-

1876 1359 2000 1419 lum
2028 1362 2429 1432 fortitudinis,
2462 1362 2783 1418 Ecclesium
2806 1360 3123 1431 signiﬁcat,
3146 1360 3536 1418 fortissimam

1874 1450 1954 1507 ad
1974 1464 2219 1508 omnem
2253 1452 2629 1509 tolerantiam
2661 1450 2984 1524 passionis.
3032 1452 3170 1506 HEBO
3224 1451 3285 1505 in
3340 1450 3535 1507 littore

1875 1540 2058 1597 maris
2084 1542 2333 1612 habitat,
2364 1546 2421 1598 et
2445 1542 2508 1597 in
2531 1542 2781 1597 statione
2811 1539 3060 1596 navium
3094 1557 3107 1605 ;
3144 1545 3208 1596 ut
3249 1539 3537 1595 credenti-

108 1458 186 1523 ni,
216 1458 408 1514 donec
435 1458 703 1513 Christus
730 1463 1094 1514 nasceretur.
1128 1461 1194 1514 Et
1232 1459 1347 1514 hoc
1378 1472 1563 1530 supra
1619 1456 1766 1512 dixi-

109 1562 258 1602 mus.
286 1547 577 1619 Alligans
621 1548 705 1604 ad
743 1549 979 1604 vineam
1026 1549 1271 1617 pullum
1312 1564 1505 1603 suum.
1566 1545 1764 1602 Pullus

108 1652 244 1691 suus
265 1636 535 1709 populus
564 1642 653 1692 est
677 1652 750 1692 ex
776 1637 1074 1706 gentibus,
1101 1638 1198 1692 cui
1224 1636 1424 1693 adhuc
1445 1651 1763 1708 nunquam
1870 1629 1988 1686 bus
2020 1632 2094 1687 sit
2120 1631 2419 1702 refugium
2447 1636 2504 1688 et
2527 1630 3004 1704 periclitantibus
3045 1630 3420 1686 demonstret
3465 1630 3534 1685 ﬁ-

107 1724 290 1781 fuerat
313 1725 468 1795 legis
492 1742 649 1782 onus
674 1726 1046 1798 impositum.
1108 1729 1274 1782 Hunc
1324 1725 1628 1799 copulavit
1684 1726 1763 1780 ad
1871 1716 1969 1776 dei
1994 1727 2259 1794 portum.
2288 1724 2420 1777 Haec
2437 1726 2648 1778 contra
2667 1734 2881 1777 omnes
2905 1720 3173 1777 turbines
3194 1720 3396 1776 saeculi
3425 1720 3535 1777 im-

107 1814 333 1869 vineam
361 1814 807 1887 apostolorum,
835 1815 939 1887 qui
967 1831 1038 1870 ex
1065 1814 1285 1870 Judueis
1318 1821 1475 1872 sunt.
1502 1816 1659 1871 Nam
1682 1814 1763 1869 vi-
1795 1833 1834 1887 Β
1872 1811 2080 1867 mobili
2107 1817 2163 1867 et
2191 1812 2554 1869 inconcussa
2595 1812 2877 1868 ﬁrmitate
2928 1808 3187 1867 solidata
3229 1814 3535 1884 exspectat

106 1920 209 1959 nea
242 1905 490 1960 Domini
519 1904 789 1960 Sabaoth
813 1904 1023 1960 domus
1066 1905 1259 1961 Israel
1288 1911 1371 1962 est
1407 1906 1546 1975 (Isa.
1595 1921 1652 1970 v,
1682 1908 1757 1975 7).
1871 1900 2260 1972 naufragium
2289 1902 2655 1969 Judteorum,
2688 1906 2745 1957 et
2767 1900 3181 1957 haereticorum
3212 1900 3531 1974 procellas,

106 1994 246 2048 —Et
266 1994 346 2050 ad
367 1996 554 2050 vitem
581 1996 814 2049 asinam
839 2009 1030 2050 suam.
1068 1998 1200 2066 Ipse
1233 1993 1417 2050 dixit:
1476 1994 1606 2064 Ego
1631 2008 1761 2048 sum
1869 1988 1975 2063 qui
2005 1991 2507 2047 circumferuntur
2531 1992 2697 2047 omni
2727 1996 2907 2047 vento
2936 2006 2949 2046 :
2974 2004 3237 2063 quorum
3254 1990 3367 2047 etsi
3393 1995 3531 2047 tum

1869 2078 2029 2136 ditur
2046 2078 2349 2148 ﬂuctibus,
2380 2081 2600 2152 frangit
2628 2085 2833 2138 tamen
2870 2080 3064 2153 ipsius
3114 2081 3353 2149 ﬂuctus,
3404 2086 3534 2136 non

1868 2166 2185 2241 frangitur,
2217 2185 2328 2227 nec
2358 2170 2519 2227 illius
2546 2170 2845 2228 haereseos
2866 2168 3327 2243 tempestatibus
3352 2166 3531 2240 cedit,

1868 2256 2104 2316 neeulli
2134 2265 2313 2316 vento
2355 2260 2755 2316 schismatum
2806 2263 3113 2316 commota
3169 2259 3528 2317 succumbit.

1868 2346 2181 2405 Pertendit
2213 2355 2411 2406 autem
2444 2364 2627 2421 usque
2656 2349 2738 2406 ad
2766 2348 3069 2419 Sidonem,
3088 2349 3204 2405 hoc
3223 2352 3312 2405 est
3336 2358 3531 2422 usque

1870 2434 1949 2494 ad
1978 2438 2183 2509 gentes
2213 2440 2500 2511 pervenit.
2562 2438 2800 2508 Legitur
2852 2437 3032 2494 etiam
3092 2437 3152 2493 in
3204 2436 3532 2507 Evangelia

1867 2522 2009 2582 inde
2034 2530 2383 2599 essumptos
2408 2526 2643 2599 aliquos
2676 2526 3111 2599 apostolorum,
3159 2529 3217 2582 et
3267 2526 3330 2582 in
3384 2525 3533 2599 ipsis

1867 2614 2015 2671 locis
2050 2615 2371 2671 Dominum
2404 2632 2564 2689 saepe
2586 2616 2884 2684 docuisse,
2910 2616 3061 2672 sicut
3082 2616 3373 2689 scriptum
3399 2619 3530 2672 est:

1878 2704 2064 2763 Terra
2114 2706 2407 2774 Zabulon,
2439 2714 2494 2764 et
2539 2712 2705 2764 terra
2740 2707 3160 2779 Nephthalim,
3206 2709 3306 2764 via
3345 2706 3534 2763 maris

1870 2801 2042 2854 trans
2071 2795 2399 2855 Iordanem
2435 2798 2710 2855 Galilteae
2739 2799 3028 2870 gentium.
3076 2797 3372 2869 Populus,
3428 2798 3537 2869 aui

1868 2888 2104 2943 sedebat
2134 2890 2197 2943 in
2225 2885 2500 2956 tenebris,
2542 2886 2693 2945 vidit
2735 2889 2926 2946 lucem
2957 2900 3241 2959 magnam
3269 2888 3412 2956 (Isa.
3449 2896 3531 2956 ix,

107 2084 233 2137 vilis
260 2098 403 2139 vera
438 2084 646 2153 (Joan.
676 2098 777 2153 xv,
815 2087 884 2149 1).
917 2082 1006 2138 Ad
1036 2083 1194 2139 hanc
1217 2099 1362 2151 ergo
1412 2082 1589 2138 vitem
1614 2081 1762 2154 galli-

107 2176 199 2241 gat
224 2174 466 2230 asinam
498 2188 700 2243 suam,
734 2174 1121 2245 Synagogam
1168 2172 1578 2243 tardigradam
1614 2172 1761 2228 scili-

105 2265 205 2326 cet,
234 2265 291 2316 et
317 2260 492 2329 gravi
521 2260 673 2331 legis
704 2260 971 2332 pondere
996 2262 1376 2333 depressam.
1412 2261 1669 2317 Lavabit
1696 2263 1755 2315 in

106 2351 232 2405 vino
256 2352 480 2407 stolam
508 2365 703 2412 suam,
741 2350 865 2405 sive
891 2366 1137 2406 carnem
1164 2364 1359 2417 suam,
1384 2352 1444 2406 in
1467 2351 1759 2421 sanguine

105 2440 391 2510 passionis
428 2456 444 2507 ;
479 2439 602 2495 sive
626 2444 898 2495 sanctam
930 2439 1278 2509 Ecclesiam,
1301 2440 1402 2496 illo
1434 2440 1571 2496 vino
1600 2444 1759 2511 quod

99 2543 205 2596 pro
222 2530 431 2585 multis
462 2529 813 2599 e/fundetur
839 2530 903 2584 in
926 2531 1325 2586 remissionem
1349 2537 1754 2599 peccatorum.

104 2618 241 2674 -Et
271 2620 331 2674 in
355 2621 665 2689 sanguine
692 2634 823 2674 uvz
843 2620 1105 2688 pallium
1135 2636 1327 2675 suum.
1349 2619 1600 2675 Pallium
1619 2635 1760 2689 gen-

107 2710 183 2761 tes
210 2714 367 2779 sunt,
399 2724 566 2781 quas
600 2708 837 2780 corpori
868 2725 979 2763 suo
1006 2709 1223 2778 junxit,
1258 2709 1409 2765 sicut
1433 2708 1710 2765 scribitur
1743 2726 1755 2764 :

118 2796 243 2852 Vivo
271 2813 398 2868 ego,
424 2798 591 2854 dixit
623 2798 936 2867 Dominus,
969 2798 1081 2852 nisi
1108 2798 1224 2853 hoc
1254 2814 1465 2853 omnes
1506 2797 1758 2854 induam

108 2885 243 2941 sicut
269 2888 728 2943 vestimentum.
761 2886 1154 2943 Pulchriores
1203 2888 1367 2943 oculi
1411 2890 1539 2958 ejus
1598 2890 1757 2944 vino.

107 2974 258 3031 Oculi
284 2976 505 3033 Christi
531 2975 790 3048 apostoli
828 2981 966 3031 sunt
991 2981 1045 3032 et
1072 2976 1468 3046 evangelistte,
1517 2978 1623 3050 qui
1668 2976 1759 3031 lu-
1874 2977 2027 3048 1,2).

108 3076 232 3119 men
261 3066 531 3121 scientiae
578 3062 853 3121 Ecclesiae
902 3070 1189 3138 praestant
1219 3083 1233 3121 :
1287 3080 1550 3139 quorum
1605 3078 1761 3139 prre-
1939 3068 2075 3122 Dan
2078 3066 2386 3137 jmlicabit
2404 3067 2698 3137 populum
2719 3081 2915 3135 suum,
2940 3066 3097 3124 sicut
3123 3068 3181 3123 et
3198 3067 3327 3123 alia
3341 3066 3534 3124 tribus

108 3159 266 3227 cepta
295 3155 714 3211 austeritatem
735 3155 852 3210 vini
885 3157 1095 3227 priscae
1120 3148 1264 3225 legis
1291 3156 1762 3229 superant,quia
1792 3193 1833 3250 C
1869 3152 2081 3213 Israel.
2110 3156 2250 3212 Fiat
2282 3158 2417 3213 Dan
2450 3155 2695 3212 coluber
2721 3157 2785 3212 in
2811 3157 2931 3227 via,
2960 3156 3015 3212 et
3045 3159 3300 3213 cerastes
3339 3157 3404 3213 in
3443 3166 3534 3214 se-

109 3240 269 3315 longe
295 3243 557 3300 clariora
583 3247 727 3299 sunt
755 3258 939 3317 quam
972 3245 1189 3300 Veteris
1221 3244 1762 3302 Testamentiman-
1798 3240 1833 3250 “”
1860 3249 2041 3317 πλέαι,
2072 3251 2181 3301 etc.
2217 3245 2329 3301 Alii
2360 3246 2568 3301 dicunt
2597 3243 3027 3301 Antichristum
3050 3258 3160 3319 per
3188 3245 3316 3302 haec
3348 3245 3536 3303 verba

108 3329 256 3388 data.
282 3330 357 3390 Et
386 3334 599 3390 dentes
633 3328 790 3389 lacte
826 3334 1222 3390 candidiores.
1259 3337 1471 3391 Dentes
1500 3350 1762 3408 prmcep-
1870 3336 2116 3408 praedici
2146 3335 2219 3392 de
2240 3336 2353 3392 ista
2381 3336 2542 3392 tribu
2571 3334 2840 3392 futurum
2870 3354 2883 3405 ;
2916 3334 3016 3391 alii
3041 3334 3116 3391 de
3144 3336 3318 3405 Juda,
3346 3348 3383 3393 a
3408 3342 3535 3409 quo

110 3424 249 3477 tores
279 3428 419 3479 sunt
452 3421 674 3485 sancti,
698 3422 801 3495 qui
829 3422 1166 3495 praecidunt
1196 3423 1274 3479 ab
1302 3424 1603 3479 erroribus
1650 3420 1761 3480 ho-
1873 3427 2124 3484 traditus
2155 3430 2242 3482 est
2271 3426 2561 3491 Christus,
2592 3422 2721 3481 haec
2754 3426 2974 3499 scripta
3011 3424 3427 3500 pronuntiant,
3478 3424 3537 3483 et

108 3510 303 3581 mines,
326 3515 384 3569 et
413 3529 523 3569 eos
554 3512 735 3583 quasi
767 3511 1144 3569 comedendo
1174 3515 1236 3568 in
1268 3512 1479 3569 Christi
1540 3526 1761 3587 corpus
1873 3518 2135 3590 equitem
2159 3521 2339 3589 atque
2372 3531 2597 3589 equum
2613 3515 2939 3572 Dominum
2970 3532 3111 3572 cum
3133 3528 3314 3572 carne
3336 3530 3539 3572 susce-

109 3603 495 3658 transmvtant
530 3600 730 3673 [Cod.,
761 3600 1210 3677 transmittunt].
1254 3602 1503 3659 Nomine
1561 3608 1762 3659 autem
1868 3613 1973 3681 pta
2002 3606 2318 3676 designare
2344 3604 2569 3662 volunt.
2599 3606 2945 3661 Retrorsum
2975 3609 3179 3662 autem
3208 3605 3447 3676 cadere,
3470 3604 3539 3663 ut

113 3688 269 3747 lactis
296 3690 582 3748 doctrina
614 3690 762 3761 legis
815 3691 1205 3761 signiﬁcatur,
1265 3709 1401 3765 quae
1458 3691 1759 3749 carnalem
1870 3699 1932 3752 in
1957 3700 2177 3752 terram
2208 3699 2601 3752 reverteretur
2629 3695 2790 3751 unde
2816 3694 3094 3768 sumptus
3126 3690 3360 3752 est.Sed
3386 3708 3538 3769 quo-

109 3779 384 3850 populum
409 3786 714 3853 tanquam
740 3780 1020 3853 parvulos
1052 3780 1272 3854 poculo
1315 3780 1485 3837 lactis
1542 3781 1760 3838 alebat.
1871 3787 2037 3842 niam
2081 3784 2177 3841 die
2207 3787 2377 3843 tertia
2427 3786 2789 3853 resurrexitr
2817 3783 3074 3858 ideoque
3118 3784 3199 3842 ait
3246 3784 3537 3844 Salutare

109 3866 272 3940 Cujus
300 3870 558 3943 quidem
587 3868 970 3926 candidiores
997 3868 1185 3926 effecti
1238 3874 1377 3928 sunt
1405 3868 1761 3945 praedicato-
1873 3882 2042 3932 tuum
2075 3875 2450 3945 exspectabo,
2481 3876 2752 3931 Domine.
2784 3873 2944 3932 Sicut
2987 3879 3044 3930 et
3062 3888 3171 3947 per
3200 3870 3389 3930 David
3441 3868 3534 3930 di-

107 3971 189 4011 res
218 3960 515 4029 Ecclesiae,
550 3958 701 4031 quia
732 3957 945 4015 fortem
977 3965 1034 4015 et
1059 3958 1327 4016 validum
1366 3961 1530 4016 verbi
1558 3961 1763 4017 cibum
1872 3966 1949 4021 cit
1980 3983 1993 4021 :
2019 3966 2157 4022 Non
2189 3966 2565 4036 derelinques
2617 3966 2882 4021 animam
2937 3978 3129 4021 meam
3172 3965 3237 4019 in
3290 3958 3536 4034 inferno

107 4046 387 4105 mandunt
413 4052 606 4122 atque
634 4047 1007 4104 distribuunt
1033 4066 1046 4117 ;
1076 4049 1149 4103 de
1176 4049 1399 4122 quibus
1419 4050 1562 4107 dicit
1576 4056 1765 4123 Apos-
1874 4052 2059 4127 (Psal.
2089 4070 2191 4124 xv,
2228 4056 2336 4122 10).
2370 4056 2500 4109 Huic
2532 4053 2784 4126 quidam
2810 4053 2892 4109 ita
2913 4057 3242 4127 exponunt.
3265 4051 3376 4108 Alii
3392 4064 3537 4108 vero

107 4136 245 4191 tolus
273 4138 335 4194 in
364 4136 642 4212 Epistola
672 4137 752 4193 ad
766 4137 1081 4194 Hebraeos:
1116 4136 1531 4209 Per/ectorum
1562 4144 1762 4196 autem
1868 4144 2027 4200 hanc
2067 4144 2445 4217 prophetiam
2477 4140 2556 4198 ad
2585 4142 3010 4199 Antichristum
3037 4136 3421 4199 transferunt.
3453 4140 3538 4199 De

107 4231 178 4279 est
206 4228 427 4284 solidus
449 4230 626 4285 cibus
655 4226 858 4299 (Hebr.
892 4242 949 4300 v,
988 4230 1036 4295 1,
1059 4229 1134 4300 4).
1172 4231 1237 4285 Et
1262 4220 1417 4285 bene
1459 4226 1765 4286 candidio-
1870 4233 2031 4289 tribu
2062 4232 2222 4289 enim
2255 4232 2381 4288 Dan
2412 4232 2612 4288 venire
2642 4230 3071 4289 Antichristum
3102 4232 3299 4289 ferunt
3326 4244 3437 4306 pro
3464 4244 3537 4290 eo

104 4329 187 4369 res
212 4315 358 4373 lacte
389 4318 612 4374 dentes
642 4318 773 4389 ejus
804 4316 964 4374 dicit.
1000 4320 1221 4373 Omnes
1248 4318 1409 4375 enim
1465 4318 1570 4391 qui
1627 4332 1763 4391 per-
1871 4322 2040 4396 quod
2061 4322 2176 4377 hoc
2204 4320 2338 4377 loco
2361 4322 2489 4377 Dan
2517 4325 2572 4377 et
2593 4321 2838 4379 coluber
2857 4321 3141 4379 asseritur
3157 4327 3213 4379 et
3234 4321 3535 4380 mordens.

107 4400 225 4460 fecti
251 4413 407 4471 sunt,
442 4412 503 4464 et
531 4406 645 4481 qui
673 4405 1115 4480 Scripturarum
1148 4408 1315 4463 cibos
1347 4407 1761 4481 explanantes,
1876 4410 2041 4467 Unde
2072 4416 2129 4467 et
2148 4426 2273 4466 non
2302 4408 2625 4480 immerito,
2657 4409 2806 4466 dum
2861 4406 3217 4468 lsraeliticus
3269 4406 3537 4486 populus

108 4494 372 4553 subtilem
400 4500 459 4554 et
490 4497 804 4553 minutum
829 4496 1215 4565 intellectum,
1240 4499 1343 4571 qui
1376 4498 1658 4571 spiritalis
1680 4497 1765 4553 di-
1790 4542 1835 4607 Β
1874 4505 2093 4556 terram
2120 4498 2184 4555 in
2214 4506 2547 4556 castrorum
2582 4498 2900 4573 partitione
2924 4500 3275 4574 susciperet,
3300 4502 3539 4575 primus

111 4583 242 4607 ,Λικι-
319 4586 607 4607 ﬁx-l-m:x_
676 4586 905 4607 Α,....-..ξ
990 4586 1442 4607 μ,-1.μ.-ξ..3μμ-μι
1530 4584 1759 4607 -___.j:_12
1879 4592 1975 4607 n,.
2083 4590 2099 4607 1
2140 4588 2317 4607 -i.,.!I,
2518 4592 2689 4607 ,x,n,__
2750 4594 2867 4607 ‘_,_.
2918 4595 2929 4607 Δ
2990 4606 2993 4607 ,
3070 4598 3089 4607 Α
3138 4590 3155 4607 Δ
3214 4587 3373 4607 ιηκνΑΑ
3474 4586 3512 4607 ,1

109 4583 261 4653 citur,
318 4586 607 4643 Ecclesiae
669 4586 907 4658 corpori
987 4586 1465 4653 subministrant,
1521 4583 1835 4644 candidi”
1877 4592 2003 4647 Dan
2026 4590 2102 4647 ad
2130 4588 2478 4663 aquilonem
2506 4592 2707 4646 castra
2749 4594 3008 4647 metatus
3066 4590 3157 4646 est
3211 4587 3384 4645 illum
3431 4586 3542 4645 βοὶ-

110 4686 226 4731 esse
256 4675 480 4733 debent
506 4682 567 4734 et
590 4674 754 4750 puri,
786 4678 965 4750 atque
987 4677 1065 4733 ab
1108 4672 1275 4733 omni
1303 4672 1541 4735 macula
1571 4670 1762 4734 liberi.

173 4765 417 4824 Isachar
436 4768 653 4823 asinus
681 4767 880 4837 fortis.
914 4766 1177 4833 lsachar,
1212 4768 1317 4841 qui
1347 4764 1767 4842 interpretatur

114 4868 332 4927 merces,
360 4854 443 4914 ad
464 4854 774 4931 populum
796 4857 1085 4927 gentium,
1114 4872 1298 4929 quem
1318 4858 1605 4914 Dominus
1632 4872 1767 4913 san-

115 4943 287 5011 guinis
317 4947 409 5003 sui
435 4948 638 5020 pretio
670 4950 970 5002 mercatus
997 4948 1124 5018 [est,
1156 4946 1447 5020 refertur].
1483 4946 1587 5003 Hic
1643 4950 1764 5003 lsa‘

116 5031 241 5089 char
264 5036 475 5092 asinus
506 5034 681 5093 fortis
714 5035 1015 5104 scribitur,
1047 5037 1192 5110 quia
1210 5036 1379 5110 prius
1402 5032 1635 5108 gentilis
1658 5052 1766 5110 po-

116 5120 294 5191 pulus,
326 5124 511 5199 quasi
540 5124 793 5181 brutum
827 5120 1056 5181 animal
1088 5130 1144 5183 ct
1185 5124 1585 5183 luxuriosum‘
1618 5129 1764 5192 erat,

117 5209 378 5288 nullaque
403 5215 647 5272 ratione
675 5212 1011 5273 subsistens
1043 5232 1056 5283 ;
1085 5232 1250 5272 nunc
1275 5230 1417 5273 vero
1443 5216 1609 5273 fortis
1652 5221 1764 5290 est,

122 5299 511 5379 Redemptoris
545 5303 823 5360 dominio
848 5303 1001 5363 colla
1044 5306 1390 5378 subjiciens,
1442 5312 1499 5365 et
1545 5310 1766 5381 jugum

124 5386 422 5467 disciplinae
450 5393 828 5465 evangelicae
856 5395 1182 5468 perferens.
1218 5398 1318 5453 Hic
1342 5396 1645 5455 accubans
1676 5400 1767 5455 in-

1870 4680 2007 4738 licet
2030 4680 2378 4751 signiﬁcans
2411 4682 2515 4753 qui
2545 4679 2608 4735 in
2638 4676 2819 4736 corde
2873 4696 2984 4735 suo
3012 4679 3245 4735 dixerat
3274 4692 3287 4733 :
3313 4674 3539 4734 Sedebo

1872 4771 1934 4827 in
1970 4777 2170 4828 monte
2213 4766 2570 4837 testamenti,
2606 4771 2671 4825 in
2730 4766 3017 4828 lateribus
3057 4766 3400 4841 Aquilonis,
3448 4776 3541 4823 asa-

1873 4860 2124 4917 cendam
2182 4874 2365 4930 super
2419 4858 2801 4915 altitudinem
2856 4856 3105 4913 nubium
3164 4856 3379 4911 similis
3438 4868 3541 4914 ero

1872 4946 2178 5007 Altissimo
2206 4946 2349 5021 (Isa.
2382 4963 2504 5019 xiv,
2540 4949 2625 5010 13)
2655 4949 2735 5002 De
2764 4960 2887 5018 quo
2914 4948 2971 5001 et
3012 4956 3122 5017 per
3177 4940 3541 5018 Prophetam

1873 5034 2131 5096 dicitur:
2167 5040 2214 5094 A
2278 5038 2412 5094 Dan
2448 5036 2693 5093 auditus
2734 5033 3018 5105 fremitus
3075 5047 3362 5107 equorum
3412 5036 3542 5107 ejus

1874 5128 2021 5199 (Jer.
2053 5140 2179 5197 vin,
2217 5130 2326 5193 16).
2353 5124 2465 5193 Qui
2487 5136 2612 5181 non
2644 5121 2842 5179 solum
2880 5122 3147 5192 coluber,
3198 5118 3305 5180 sed
3361 5120 3543 5183 etiam

1875 5222 2133 5276 cerastes
2199 5219 2469 5273 vocatur.
2516 5214 2775 5269 Cerastae
2849 5212 3010 5270 enim
3055 5216 3252 5271 Graece
3309 5226 3545 5273 cornua

1875 5302 2174 5374 dicuntur,
2202 5314 2572 5379 serpensque
2593 5302 2690 5359 hic
2707 5306 2996 5359 cornutus
3018 5318 3151 5359 esse
3170 5298 3542 5378 perhibetur.

1876 5398 1987 5453 Per
2040 5411 2223 5471 quem
2276 5394 2458 5465 digne
2506 5390 2801 5449 adventus
2846 5388 3187 5449 Antichristi
3240 5390 3544 5464 asseritur,

127 5480 201 5533 ter
251 5488 533 5542 terminos
589 5482 744 5541 vidit
786 5487 1069 5557 requiem,
1105 5487 1265 5559 quod
1314 5493 1459 5543 esset
1507 5488 1681 5562 bona,
1713 5494 1769 5547 et

131 5570 286 5636 terra,
316 5576 477 5647 quod
495 5575 755 5645 optima.
784 5577 940 5631 Inter
968 5577 1261 5632 terminos
1284 5592 1552 5650 namque
1597 5595 1773 5635 accu-

134 5652 249 5715 bare
273 5670 355 5721 est
382 5664 745 5739 praestolato
775 5665 989 5721 mundi
1018 5666 1139 5723 tine
1168 5667 1569 5739 requiescere,
1602 5668 1775 5725 nihil-

136 5758 230 5817 que
254 5750 321 5809 de
346 5754 438 5811 his
465 5770 611 5828 quae
634 5768 799 5810 nunc
828 5760 1150 5813 versantur
1175 5756 1236 5812 in
1267 5756 1488 5828 medio,
1548 5774 1777 5832 quaere-

137 5844 203 5899 re,
229 5842 325 5900 sed
354 5845 570 5902 ultima
596 5842 966 5903 desiderare.
992 5847 1058 5902 Et
1084 5844 1250 5904 fortis
1275 5846 1485 5906 asinus
1504 5849 1777 5923 requiem

1878 5486 1982 5563 qui
2033 5490 2244 5543 contra
2263 5483 2449 5541 vitam
2504 5481 2774 5539 ﬁdelium
2801 5498 2942 5540 cum
2987 5496 3196 5540 morsu
3251 5481 3547 5557 pestifera

1879 5575 2323 5653 praedicationis
2354 5571 2691 5631 armabitur
2742 5572 2923 5630 etiam
2965 5570 3251 5631 cornibus
3282 5576 3549 5647 potesta-

1882 5668 1973 5726 tis.
2034 5665 2177 5733 Quis
2229 5669 2433 5722 autem
2496 5662 2723 5719 nesciat
2775 5658 3053 5718 semitam
3136 5660 3552 5733 angustiorem

1886 5773 2013 5814 esse
2043 5771 2231 5831 quam
2256 5752 2417 5811 viam
2445 5750 2474 5810 ?
2502 5750 2591 5809 Fit
2636 5764 2780 5823 ergo
2833 5750 2959 5808 Dan
3012 5746 3264 5809 coluber
3315 5750 3377 5807 in
3429 5750 3552 5821 via,

1889 5848 2035 5922 quia
2062 5847 2125 5903 in
2147 5843 2459 5920 praisentis
2491 5842 2628 5901 vita:
2654 5836 3031 5899 latitudinem
3085 5854 3188 5898 eos
3238 5837 3558 5897 ambulare
