3956 6384
259 475 417 534 1037

1358 478 1770 541 COMMENT.
1817 481 1893 542 IN
1940 482 2232 545 ISAIAM.
2288 489 2429 549 LIB.
2479 490 2583 552 Ill.

3516 504 3667 566 1038

240 606 491 677 jugiter,
527 606 620 659 die
651 610 708 661 et
757 611 924 662 nocte
969 626 1082 663 non
1135 610 1500 675 claudentur,
1538 617 1599 665 ut
1630 614 1909 669 afferetur
1937 616 1990 682 Α
2022 635 2150 687 qum
2168 620 2239 673 ab
2264 621 2405 692 ipsis
2427 628 2515 677 est
2537 625 2948 684 fundata.ldeo
2972 634 3166 687 autem
3192 635 3439 706 apostoli
3461 640 3519 691 et
3536 653 3672 707 prie-

249 695 323 749 ad
356 700 410 749 te
442 695 721 750 fortitudo
752 696 1037 766 gentium,
1072 702 1129 751 et
1162 716 1325 767 reges
1356 716 1556 754 carum
1600 702 1904 755 adducan-

248 787 350 837 tur
375 805 401 831 »ι
452 784 737 838 subaudis
795 784 900 839 tibi
962 801 1065 856 per
1108 787 1303 840 fidem.
1346 790 1480 854 Qua)
1534 795 1673 843 sunt
1727 794 1903 861 porta}

246 870 519 924 Ecclesia:
552 888 678 943 quis
713 888 946 943 semper
972 874 1211 944 patent?
1239 874 1505 946 Episcopi
1540 882 1595 930 et
1638 879 1905 931 sacerdo-

247 964 627 1031 tes,quorum
652 958 979 1014 ministerio
1001 960 1435 1016 introducimur
1466 964 1617 1018 intra
1639 970 1903 1019 sanctam

244 1048 593 1103 Ecclesiam.
626 1047 733 1114 Qui
772 1048 899 1101 ideo
932 1048 1212 1103 dicuntur
1260 1068 1494 1122 semper
1516 1057 1734 1123 patere,
1767 1053 1909 1124 quia

246 1136 435 1209 parati
470 1140 609 1191 sunt
639 1138 710 1191 ad
745 1136 1135 1208 suscipientes
1167 1140 1469 1193 credentes
1518 1141 1575 1194 in
1626 1141 1904 1210 Ecclesia.

228 1226 351 1280 rDie
372 1243 438 1280 ac
470 1225 781 1293 nocte,hoc
810 1230 920 1289 est,
951 1226 1087 1280 etin
1119 1227 1504 1298 prosperitate
1532 1234 1590 1282 et
1622 1230 1678 1283 in
1713 1230 1909 1283 adver-

243 1314 443 1368 sitate.
487 1314 555 1367 Et
602 1329 783 1385 quare
834 1312 979 1367 hoc?
1017 1314 1085 1368 Ut
1136 1316 1413 1368 offeratur
1459 1316 1529 1370 ad
1585 1317 1902 1373 Ecclesium

243 1402 527 1457 fortitudo
572 1401 859 1473 gentium,
895 1400 1187 1473 principes
1213 1402 1481 1457 videlicet
1513 1421 1577 1458 ac
1620 1410 1904 1475 potentes,

239 1491 329 1546 vel
376 1495 662 1562 martyres
705 1490 882 1545 fortes
942 1489 1001 1544 in
1054 1492 1188 1553 fide,
1242 1495 1300 1545 et
1362 1509 1526 1562 reges
1586 1510 1811 1557 earum,
1844 1499 1910 1547 ut

236 1578 663 1635 Constantinus
690 1579 820 1644 fuit,
850 1577 937 1633 vel
980 1579 1165 1633 sancti
1219 1580 1317 1650 qui
1360 1582 1707 1651 semetipsos
1760 1582 1906 1636 bene

238 1671 477 1740 regunt,
511 1667 885 1722 adducantur
913 1667 985 1721 ad
1022 1668 1194 1721 fidem
1228 1670 1376 1736 ejus.

234 1786 240 1792 -
314 1779 341 1805 ‹‹
369 1756 521 1811 Deus
540 1754 720 1821 enim,
740 1777 765 1802 ››
791 1755 1080 1810 subaudis
1097 1755 1456 1819 Judmorum,
1476 1780 1501 1805 ‹‹
1522 1763 1577 1811 ct
1600 1775 1905 1827 regnum,»

238 1845 352 1900 hoc
383 1848 491 1911 est,
526 1842 687 1915 regia
737 1847 1000 1915 potestas
1030 1866 1057 1892 ‹‹
1094 1860 1221 1914 qua:
1272 1861 1386 1898 non
1429 1846 1691 1899 servierit
1736 1846 1838 1900 tibi
1876 1869 1904 1895 ››

236 1933 519 1989 servitute
548 1935 753 1987 sancta
785 1947 890 2003 per
914 1932 1090 1986 ﬁdem
1124 1936 1181 1987 et
1212 1934 1679 2004 operationem,o
1712 1934 1903 1989 Eccle—

235 2024 328 2078 sia
359 2021 674 2094 primitiva,
694 2044 721 2069 «
742 2020 1005 2093 peribit»
1032 2020 1091 2075 in
1125 2021 1218 2075 die
1241 2022 1450 2090 judicii
1480 2022 1747 2076 cumillis
1772 2024 1897 2093 qui-

234 2113 350 2166 bus
400 2110 628 2165 dicetur
658 2126 671 2165 :
709 2132 737 2159 ‹‹
773 2109 876 2175 Ite,
911 2108 1229 2173 maledicti,
1265 2110 1324 2164 in
1375 2110 1568 2181 ignem
1612 2116 1902 2165 mternum

230 2199 442 2268 (Matth.
474 2202 627 2264 xxv).
646 2221 673 2246 ι)
697 2221 724 2247 ‹‹
755 2198 823 2251 Et
853 2202 1077 2270 gentes,
1104 2219 1131 2247 η
1159 2199 1444 2252 subaudis
1471 2216 1602 2269 qua)
1634 2217 1748 2253 non
1774 2216 1897 2287 ser:

229 2288 446 2345 vierint
466 2286 594 2352 tibi,
610 2310 638 2336 «
664 2285 979 2341 solitudine
999 2288 1406 2351 vastabuntur,
1427 2309 1453 2334 »
1488 2287 1543 2341 id
1569 2285 1897 2359 est,pagani

232 2380 295 2434 in
325 2375 669 2432 infidelitate
693 2380 1101 2445 permanentes
1126 2375 1469 2429 deserantur
1489 2392 1521 2429 a
1543 2376 1682 2440 Deo,
1698 2381 1756 2430 et
1777 2381 1900 2431 vas‘

235 2467 523 2521 tabuntur
552 2480 587 2518 a
615 2463 847 2518 diabolo
878 2463 1079 2518 traditi
1113 2464 1473 2518 cruciatibus
1506 2464 1805 2533 gehennaz.

309 2578 338 2603 «
373 2552 570 2608 Gloria
592 2552 797 2607 Libani
829 2553 898 2606 ad
932 2557 988 2606 te
1018 2553 1228 2620 veniet,
1246 2553 1405 2606 abies
1436 2558 1493 2606 et
1524 2554 1715 2608 buxus
1737 2555 1895 2625 etpi-

235 2660 352 2699 nus
370 2640 545 2696 simul
569 2640 641 2695 ad
660 2640 990 2695 ornandum
1013 2639 1204 2694 locum
1232 2640 1712 2695 sanctificationis
1731 2658 1894 2707 meae,

231 2736 290 2788 et
311 2730 505 2785 locum
525 2730 740 2800 pedum
756 2745 1020 2784 meorum
1040 2728 1396 2799 glorificabo.
1412 2751 1439 2775 υ
1456 2729 1712 2783 Libanus
1727 2747 1897 2784 mons

235 2823 330 2876 est
350 2817 639 2874 thnicis
671 2822 729 2872 et
760 2816 1097 2881 Palaestina},
1124 2816 1181 2869 in
1219 2816 1471 2870 confinio
1504 2821 1667 2871 terrm
1701 2834 1894 2888 repro-
1928 2848 1943 2860 -

238 2906 565 2974 missionis,
582 2923 650 2961 ex
671 2922 787 2977 quo
810 2904 1164 2960 ministravit
1181 2905 1372 2959 Hiram
1394 2906 1691 2976 quondam
1716 2905 1893 2960 David

236 2997 312 3052 ad
337 2994 621 3068 palatium
644 3010 841 3061 suum,
862 2999 918 3049 et
939 2993 1235 3048 Salomoni
1262 2994 1330 3047 ad
1354 2992 1638 3064 templum
1662 2994 1891 3048 Domini

233 3084 719 3150 construendum,
752 3082 911 3153 ligna
932 3080 1177 3153 pulchra
1206 3087 1262 3135 et
1291 3081 1892 3152 imputribilia.Cujus

233 3172 424 3245 gloria
452 3176 541 3227 est
569 3170 815 3226 altitudo
846 3171 1214 3235 arborum,ct
1244 3168 1550 3223 diversitas
1580 3187 1647 3224 ac
1684 3170 1891 3225 multi-

232 3261 379 3316 tudo
400 3259 743 3315 bestiarum.
760 3259 866 3313 Per
878 3258 1166 3313 Libanum
1185 3274 1321 3328 ergo
1341 3258 1685 3329 intelligitur
1706 3258 1890 3312 istoin

1934 1982 1981 2045 Β

2014 705 2303 760 dicatores
2327 711 2499 779 pedes
2512 712 2739 768 Domini
2757 717 2888 771 dicu
2900 719 3201 791 ntur,quia
3218 705 3289 776 ab
3304 722 3388 778 eis
3403 728 3672 795 portatus

2012 799 2099 883 est
2122 813 2223 866 per
2243 798 2579 855 universum
2602 804 2822 870 orbem,
2830 805 2999 875 juxta
3020 809 3175 879 quod
3198 825 3301 882 per
3319 811 3666 883 prophetam

2014 882 2151 937 olim
2185 885 2405 940 dixerat
2433 905 2446 942 :
2481 912 2507 936 ‹‹
2539 890 2880 949 lnhabitabo
2922 894 2980 949 in
3026 895 3164 962 illis,
3193 902 3249 952 et
3278 882 3661 955 inambulabo

2016 971 2091 1035 (II
2116 972 2235 1026 Cor.
2269 977 2369 1040 v1).
2408 998 2433 1023 η
2484 976 2647 1031 Unde
2695 980 2869 1036 etiam
2930 982 3082 1037 alius
3135 985 3422 1056 prepheta
3478 987 3662 1043 dicit:

2019 1060 2172 1114 Beati
2208 1063 2382 1131 pedes
2414 1081 2636 1135 pacem,
2661 1067 2716 1121 id
2750 1073 2857 1135 est,
2890 1070 3189 1127 Christum
3214 1077 3513 1144 portantes
3535 1077 3665 1145 (Isa.

2018 1146 2132 1217 ιιι).
2168 1147 2265 1200 Vel
2303 1149 2471 1204 aliter
2502 1168 2516 1206 :
2555 1153 2731 1208 Pedes
2763 1156 2993 1212 Domini
3026 1158 3305 1215 dicuntur
3333 1164 3670 1234 praedicato-

2017 1251 2125 1299 res,
2153 1236 2290 1306 quia
2321 1239 2492 1293 sicuti
2529 1245 2718 1297 totum
2750 1260 2963 1316 corpus
2994 1252 3168 1317 pedes
3199 1254 3452 1320 portant,
3475 1251 3557 1307 ita
3581 1251 3664 1307 illi

2018 1323 2334 1379 Ecclesiam
2368 1326 2492 1381 suis
2522 1329 2807 1386 doctrinis
2838 1332 3255 1407 miraculisque
3293 1342 3351 1393 et
3385 1339 3668 1413 exemplis

2016 1410 3018 1491 sustinent.Locum(inquit)pedum
3033 1440 3295 1479 meorum
3308 1410 3664 1497 gloriﬁcabo,

2018 1498 2072 1551 id
2105 1505 2193 1553 est
2224 1501 2540 1557 Ecclesiam
2565 1521 2738 1575 quam
2764 1507 3157 1566 fundaverunt
3173 1513 3419 1584 apostoli
3437 1531 3668 1571 eorum-

2016 1602 2129 1657 que
2159 1605 2547 1657 successores,
2565 1594 2941 1651 multitudine
2963 1599 3329 1656 credentium
3355 1604 3667 1660 exornabo.

2089 1696 2115 1721 ‹‹
2152 1676 2220 1728 Et
2248 1679 2477 1731 venient
2510 1680 2582 1733 ad
2617 1684 2690 1747 te,
2722 1704 2748 1729 ι)
2771 1684 3059 1741 subaudis
3089 1703 3194 1757 per
3215 1689 3462 1755 ﬁdem,o
3482 1691 3673 1747 Eccle-

2016 1759 2121 1825 sia,
2146 1784 2174 1811 «
2197 1764 2416 1829 curvi,»
2434 1766 2491 1821 id
2514 1774 2621 1831 est,
2646 1770 2908 1826 inclinati
2938 1777 2995 1828 et
3016 1774 3271 1831 humiles
3299 1797 3328 1827 ‹‹
3348 1777 3666 1847 filiorum,»

2015 1851 2300 1907 subaudis
2331 1863 2769 1925 persecutorum
2794 1881 2821 1909 ‹‹
2842 1860 2941 1931 qui
2964 1861 3427 1921 humiliaverunt
3446 1870 3503 1921 te
3524 1888 3554 1917 »
3584 1867 3668 1924 in-

2014 1939 2350 1995 terficiendo
2368 1948 2601 1999 sanctos
2622 1950 2754 2001 tuos
2774 1948 3200 2021 praedicatores,
3218 1973 3246 2002 ‹‹
3263 1955 3321 2007 et
3335 1954 3667 2011 adorabunt

2010 2027 2253 2097 vestigia
2267 2031 2373 2100 ped
2384 2048 2481 2085 um
2511 2037 2745 2089 tuorum
2760 2052 2964 2092 omnes
2978 2038 3079 2109 qui
3092 2040 3476 2098 detrahebant
3494 2043 3662 2111 tibi,»

2008 2113 2065 2167 id
2090 2119 2639 2181 est,venerabuntur
2658 2122 2827 2194 signa
2846 2129 2902 2179 et
2922 2142 3098 2197 opera
3119 2127 3513 2199 apostolorum
3536 2136 3666 2189 tuo-

2010 2219 2163 2267 rum,
2188 2206 2486 2275 qui,sicut
2538 2211 2809 2281 superius
2858 2211 3134 2279 diximus,
3169 2216 3343 2287 pedes
3392 2218 3661 2275 Ecclesia)

2009 2291 2263 2347 fuerunt.
2324 2294 2503 2350 Valde
2556 2297 3015 2356 humiliaverunt
3067 2303 3254 2358 Judaei
3315 2304 3658 2374 Ecclesiam,

2008 2382 2245 2449 quando
2270 2383 2702 2440 decollaverunt
2721 2388 3005 2443 Jacobum
3030 2390 3268 2447 fratrem
3290 2394 3662 2468 Domini,qui

2008 2473 2132 2521 erat
2148 2468 2231 2523 eis
2257 2471 2329 2524 ab
2352 2473 2631 2544 apostolis
2652 2476 2963 2548 episcopus
2994 2478 3323 2549 ordinatus,
3346 2486 3403 2537 et
3424 2485 3661 2555 quando

2008 2554 2415 2627 lapidaverunt
2443 2562 2829 2633 Stephanum.
2865 2566 2975 2620 Sed
3028 2573 3230 2637 postea
3277 2586 3381 2641 per
3428 2554 3659 2629 Domini

2006 2645 2256 2713 gratiam
2288 2648 2584 2703 venientes
2617 2651 2688 2705 ad
2722 2653 2895 2707 ﬁdem
2928 2655 3058 2723 ejus
3090 2654 3381 2712 humiliati
3414 2664 3571 2727 sunt,
3606 2665 3664 2716 et

2005 2735 2438 2790 venerabuntur
2458 2739 2626 2809 signa
2647 2742 2704 2793 et
2726 2741 3010 2797 miracula
3027 2744 3518 2815 apostolorum,ut
3534 2749 3663 2804 bea-

2006 2823 2102 2872 tus
2126 2821 2339 2877 Paulus
2361 2825 2514 2883 fecit.
2539 2828 2638 2896 qui
2664 2829 2890 2883 fortiter
2911 2829 3240 2886 humiliavit
3259 2849 3387 2888 eam
3412 2851 3657 2890 consen-

2005 2907 2156 2962 tiens
2187 2909 2412 2964 civibus
2440 2914 2586 2977 suis,
2618 2920 2676 2969 et
2706 2915 2790 2969 illi
2821 2917 2891 2970 de
2923 2918 3140 2988 quibus
3175 2920 3415 2992 scripsit
3443 2923 3652 2987 Lucas,

2002 2996 2156 3066 quod
2182 2997 2367 3052 multa
2387 3001 2560 3055 turba
2580 3004 2947 3060 sacerdotum
2969 3007 3277 3063 obediebat
3298 3009 3453 3065 ﬁdei.
3480 3011 3655 3068 Simi-

2002 3082 2134 3137 liter
2148 3087 2394 3155 gentiles
2410 3088 2574 3144 valde
2595 3089 3052 3148 humiliaverunt
3069 3094 3651 3171 Ecclesiam,quando

2001 3172 2377 3229 succiderunt
2410 3177 2640 3232 Petrum
2682 3180 2969 3235 excelsam
3000 3183 3264 3251 cedrum,
3295 3186 3398 3242 sed
3446 3192 3654 3259 postea

2000 3259 2289 3315 humiliati
2312 3263 2784 3333 glorificaverunt
2800 3268 3112 3326 Dominum
3137 3271 3195 3327 in
3219 3274 3495 3344 operibus
3519 3292 3655 3348 apo-

222 3349 364 3405 .loco
388 3350 736 3414 mundus,et
761 3364 862 3419 per
883 3346 1127 3419 gloriam
1154 3345 1311 3400 illius
1336 3347 1549 3400 montis
1565 3346 1811 3400 altitudo
1832 3351 1889 3401 et
1918 3340 1961 3406 C
2000 3348 2283 3404 stolarum
2316 3353 2464 3422 ejus.
2499 3354 2779 3425 Sequitur
2810 3374 2823 3411 :
2858 3380 2885 3406 «
2921 3358 2989 3412 Et
3020 3340 3311 3415 vocabunt
3358 3340 3651 3420 civitatem

231 3437 572 3495 sublimitas
603 3436 777 3492 istius
795 3436 997 3490 mundi
1024 3452 1038 3489 ε
1064 3452 1191 3506 qua:
1215 3435 1467 3489 maxime
1493 3434 1548 3489 in
1575 3435 1809 3506 regibus
1832 3439 1889 3489 et

231 3526 602 3600 principibus
618 3525 907 3591 consistit,
930 3524 1028 3596 qui
1048 3524 1116 3578 ad
1143 3523 1459 3578 Ecclesiam
1483 3541 1585 3595 per
1602 3524 1734 3577 ﬁdei
1757 3541 1887 3578 con-

232 3614 547 3671 fessionem
580 3617 885 3669 venerunt.
903 3612 1010 3667 Per
1038 3612 1453 3683 abictem,qua3
1487 3612 1646 3666 mirae
1670 3612 1892 3683 magni-

228 3703 458 3760 tudinis
488 3719 554 3758 ac
584 3700 949 3775 proceritatis
977 3701 1150 3755 arbor
1178 3706 1288 3767 est,
1319 3700 1732 3771 intelliguntur
1752 3701 1893 3756 divi-

228 3800 322 3851 tes
353 3792 438 3849 vel
470 3792 824 3866 philosophi,
852 3791 954 3864 qui
986 3790 1087 3846 alti
1120 3791 1366 3846 erantin
1399 3791 1684 3863 sapientia
1716 3808 1888 3846 mun-

232 3885 408 3950 dana,
429 3887 495 3938 ut
525 3879 1891 3954 fuitCyprianus,Hilarius,Ambrosius,Augus-

230 3970 908 4037 tinus,excelszearbores
921 3969 1218 4041 quondam
1241 3969 1300 4022 in
1328 3968 1886 4033 saeculoexistentes,

229 4061 336 4117 sed
367 4060 438 4115 ad
478 4059 796 4114 Ecclesiam
843 4057 1161 4124 venientes,
1195 4074 1323 4112 eam
1361 4057 1487 4112 suis
1519 4057 1801 4111 doctrinis
1834 4062 1891 4112 et

232 4147 549 4203 virtutibus
567 4150 940 4202 ornaverunt.
957 4146 1062 4200 Per
1082 4145 1287 4217 pinum
1304 4162 1435 4199 vero
1458 4151 1514 4199 et
1538 4146 1888 4217 buxum,qui

230 4236 527 4292 viriditate
547 4235 825 4307 gaudent,
858 4233 1271 4305 intelliguntur
1299 4233 1383 4287 illi
1434 4234 1533 4305 qui
1573 4236 1887 4305 postquam

233 4323 505 4381 Ecclesia:
527 4328 666 4378 sunt
686 4321 1144 4393 sociati,virides
1167 4321 1225 4375 in
1260 4322 1371 4378 fide
1407 4322 1751 4376 exstiterint.
1786 4321 1884 4377 Di-

218 4412 480 4470 .versitas
511 4410 667 4467 enim
695 4412 972 4466 arborum
1001 4409 1261 4465 diversos
1291 4410 1525 4465 ordines
1573 4410 1886 4481 signiﬁcat,

231 4519 305 4558 ex
330 4500 549 4574 quibus
579 4500 855 4555 omnibus
902 4503 1108 4555 sancta
1153 4498 1436 4553 adornata
1483 4502 1572 4554 est
1608 4498 1885 4556 Ecclesia.

213 4590 535 4646 .Venerunt
554 4588 845 4662 siquidem
859 4606 927 4644 ex
948 4588 1185 4660 regibus
1202 4588 1271 4642 ad
1292 4603 1420 4642 eam
1434 4591 1489 4640 et
1502 4586 1886 4659 principibus,

228 4681 520 4735 venerunt
574 4694 642 4733 ex
696 4677 998 4743 divitibus,
1030 4681 1318 4731 venerunt
1374 4692 1443 4729 ex
1486 4675 1885 4771 philosophis,
1919 4705 1965 4771 Β

230 4767 630 4838 omnibusque
662 4765 793 4821 aliis
824 4765 1153 4830 ordinibus,
1174 4782 1277 4836 per
1315 4781 1463 4836 quos
1484 4762 1648 4819 locus
1680 4764 1890 4819 sancti-

230 4854 526 4911 ficationis
555 4855 685 4925 ejus
715 4855 1035 4909 adornatus
1066 4859 1174 4919 est,
1198 4853 1254 4907 id
1293 4858 1402 4916 est,
1426 4853 1681 4908 Ecclesia
1710 4870 1887 4924 quam

228 4944 358 5016 ipse
374 4942 1057 5014 sanctiﬁcavitsanguiue
1081 4941 1497 5011 redemptionis
1517 4946 1575 4995 et
1595 4942 1887 5013 baptismo

232 5030 817 5087 ablutionis.Dicitur
855 5046 992 5101 ergo
1035 5028 1302 5083 Ecclesia:
1340 5028 1664 5100 primitivaa,
1695 5031 1890 5085 Gloria

235 5120 465 5185 Libani,
489 5120 547 5174 id
578 5123 667 5174 est
697 5136 861 5190 reges
890 5122 947 5171 et
978 5116 1270 5188 principes
1304 5118 1481 5187 hujus
1512 5119 1715 5172 mundi
1740 5120 1809 5173 ad
1835 5124 1888 5174 te

214 5208 469 5265 .venient
497 5225 600 5280 per
628 5205 1004 5273 ﬁdem,abies
1035 5206 1322 5271 videlicet,
1350 5206 1404 5259 id
1437 5211 1546 5269 est,
1579 5206 1787 5262 divites
1834 5213 1891 5263 et

220 5295 776 5369 ophilosophi,pinus
793 5300 850 5350 et
870 5293 1195 5359 buxus,hoc
1208 5299 1296 5348 est
1316 5293 1399 5348 illi
1423 5294 1523 5365 qui
1536 5293 1888 5351 viriditatem

233 5385 370 5440 ﬁdei
404 5384 642 5451 habent,
666 5388 722 5438 et
751 5384 1048 5438 ornabunt
1078 5387 1133 5436 te
1165 5383 1289 5437 suis
1321 5383 1601 5438 doctrinis
1630 5389 1688 5437 et
1708 5385 1889 5439 virtu-

233 5474 418 5529 tibus.
451 5474 735 5545 Quodque
766 5472 1054 5544 sequitur,
1071 5475 1128 5526 et
1159 5470 1349 5548 locum
1376 5472 1589 5542 pedum
1624 5489 1888 5529 meorum

233 5561 786 5635 glorificabo,iidem
818 5561 1204 5624 designantur
1236 5576 1338 5631 per
1358 5561 1532 5631 pedes
1565 5567 1620 5615 et
1651 5579 1887 5617 rursum

177 5630 186 5637 ‘
234 5630 339 5725 per
370 5650 620 5705 abietem
638 5654 695 5705 et
715 5648 1209 5721 buxum,apostoli
1231 5630 1497 5703 videlicet
1519 5653 1576 5703 ct
1606 5651 1888 5719 praedica-

233 5746 393 5800 tores
414 5743 472 5796 et
490 5755 774 5814 sequaces
796 5755 1022 5810 eorum,
1038 5753 1289 5811 quorum
1312 5735 1476 5795 locus
1497 5742 1587 5796 est
1607 5739 1883 5811 Ecclesia,

1997 3438 2227 3492 Domini
2260 3440 2397 3494 Sion
2427 3442 2612 3496 sancti
2648 3444 2842 3499 Israel.
2868 3468 2894 3493 ››
2916 3446 2999 3500 Ad
3024 3447 3342 3504 Ecclesiam
3365 3449 3649 3524 loquitur.

1996 3526 2209 3581 Civitas
2241 3545 2275 3582 a
2302 3532 2715 3588 communione
2736 3533 2953 3590 dicitur
2972 3536 3210 3605 civium,
3230 3541 3289 3593 et
3318 3545 3523 3596 sancta
3554 3542 3655 3597 Ec—

1997 3615 2176 3671 clesia
2195 3619 2398 3673 civitas
2415 3620 2762 3692 appellatur,
2778 3624 2918 3695 quia
2949 3641 3068 3679 una
3087 3630 3176 3680 est
3196 3627 3475 3685 omnibus
3502 3628 3563 3685 in
3585 3645 3656 3687 ea

1998 3705 2404 3763 habitantibus
2434 3709 2600 3776 ﬁdes,
2627 3727 2812 3766 unum
2835 3713 3152 3785 baptisma,
3171 3731 3293 3770 una
3322 3716 3576 3773 Charitas
3595 3723 3656 3775 et

1998 3811 2117 3849 una
2134 3796 2465 3851 concordia.
2493 3797 2653 3852 Unde
2674 3804 2730 3854 et
2752 3801 2938 3854 Lucas
2961 3801 3103 3857 dicit
3125 3802 3183 3857 in
3207 3803 3444 3859 Actibus
3475 3820 3650 3876 apos-

1997 3882 2249 3937 tolorum
2284 3900 2297 3937 :
2333 3906 2359 3933 ‹‹
2383 3884 2776 3942 Multitudinis
2798 3893 2996 3943 autem
3023 3890 3385 3945 credentium
3408 3896 3532 3947 erat
3551 3908 3654 3950 cor

1997 3987 2181 4024 unum
2213 3975 2270 4025 et
2299 3970 2497 4026 anima
2528 3990 2644 4027 una
2665 3974 2911 4043 (Αει.ἰν).
2941 3996 2969 4024 ››
2990 3976 3060 4029 Et
3090 3976 3204 4030 ista
3225 3981 3312 4031 est
3337 3977 3562 4047 civitas,
3578 3980 3652 4036 de

1997 4076 2114 4129 qua
2132 4058 2272 4113 dicit
2297 4060 2574 4116 Dominus
2600 4061 2656 4115 in
2679 4062 2988 4133 Evangelio
3014 4080 3026 4116 :
3048 4064 3173 4118 Non
3213 4068 3404 4136 potest
3445 4067 3650 4126 civitas

1997 4147 2275 4202 abscondi
2307 4165 2484 4219 super
2513 4150 2771 4204 montem
2805 4150 2994 4221 posita
3013 4151 3216 4223 (Matth,
3240 4153 3317 4224 v),
3342 4154 3400 4209 id
3432 4160 3524 4211 est
3551 4158 3652 4214 Ec-

1996 4235 2173 4291 clesia
2195 4234 2255 4290 in
2286 4236 2517 4292 Christo
2540 4237 2802 4293 fundata.
2820 4238 3046 4294 Dicitur
3067 4256 3204 4313 ergo
3224 4241 3496 4298 Ecclesia;
3523 4260 3538 4299 :
3561 4243 3648 4300 illi

1997 4324 2097 4396 qui
2128 4323 2423 4396 (inquam)
2444 4325 2828 4381 detrahebant
2843 4326 3141 4393 tibi,curvi
3162 4333 3221 4385 et
3242 4328 3499 4387 humiles
3512 4348 3649 4404 pos-
3714 4321 3730 4334 i

1996 4417 2091 4468 tea
2118 4411 2739 4481 venientes,vocabunt
2760 4419 2816 4470 te
2847 4414 3141 4471 civitatem
3166 4417 3399 4474 Domini
3420 4418 3649 4486 Sion,id

1998 4506 2087 4556 est
2117 4500 2561 4572 speculatricem
2591 4503 2778 4558 sancti
2813 4503 3010 4559 Israel.
3044 4504 3260 4561 Omnes
3311 4505 3410 4578 qui
3462 4508 3649 4564 renati

1998 4594 2137 4645 sunt
2164 4608 2232 4645 ex
2261 4607 2418 4661 aqua
2446 4594 2503 4645 et
2531 4590 2751 4663 Spiritu
2783 4592 2990 4659 sancti,
3023 4593 3083 4648 in
3114 4592 3273 4662 Sion,
3308 4595 3415 4651 hoc
3462 4601 3552 4651 est
3584 4596 3648 4652 in

1998 4677 2489 4749 contemplatione
2537 4685 2595 4734 et
2644 4679 3040 4752 speculatione
3069 4681 3305 4753 mentis,
3330 4683 3651 4741 consistere

1998 4766 2233 4821 debent.
3590 4782 3591 4785 ‘

2068 4876 2097 4903 «ι
2132 4853 2237 4908 Pro
2267 4870 2333 4909 eo
2364 4856 2520 4926 quod
2564 4855 2727 4910 fuisti
2779 4855 3051 4913 derelicta
3093 4861 3151 4913 ct
3179 4858 3310 4913 odio
3340 4858 3561 4927 habita,
3592 4865 3650 4915 et

1998 4960 2111 4996 non
2136 4947 2258 4996 erat
2278 4944 2376 5014 qui
2403 4961 2503 5015 per
2522 4949 2577 4998 te
2594 4944 2890 5009 transiret,
2906 4962 3118 5016 ponam
3142 4952 3199 5001 te
3223 4947 3280 5001 in
3309 4948 3647 5020 superbiam

1998 5030 2367 5095 saeculorum,
2387 5038 2443 5085 ct
2465 5033 2747 5101 gaudium
2773 5032 2832 5085 in
2854 5033 3228 5104 generatione
3242 5039 3299 5090 et
3320 5036 3646 5107 generatio-

1996 5136 2151 5174 nem.
2182 5143 2207 5167 »
2228 5120 2481 5174 Ecclesia
2497 5119 2773 5175 derelicta
2792 5121 2910 5175 sive
2932 5122 3162 5177 deserta
3189 5123 3300 5177 fuit
3337 5124 3395 5178 iu
3426 5124 3648 5181 Judaais

2000 5208 2334 5262 infidelibus
2364 5213 2421 5263 et
2452 5208 2727 5279 gentibus
2757 5208 3175 5280 idololatris,et
3195 5211 3327 5266 odio
3349 5210 3551 5268 habita
3574 5213 3646 5268 ab

1998 5300 2246 5368 utroque
2277 5296 2709 5367 populo.Juda:i
2736 5296 2950 5351 idcirco
2972 5296 3132 5352 illam
3164 5299 3297 5354 odio
3327 5297 3647 5367 habebant,

2000 5385 2137 5457 quia
2160 5386 2331 5439 fidem
2354 5384 2569 5439 Christi
2590 5384 2824 5439 tenebat
2838 5390 2896 5439 et
2924 5385 3276 5457 praedicabat
3307 5388 3647 5458 tenendam,

2001 5492 2175 5546 quem
2192 5473 2303 5545 ipsi
2326 5474 2753 5528 contemnendo
2775 5474 3202 5529 crucifixerant.
3219 5476 3433 5532 Gentes
3454 5480 3651 5534 autem

1997 5563 2125 5617 ideo
2148 5579 2381 5618 exesam
2406 5561 2565 5616 illam
2588 5560 3050 5634 habebant,quia
3070 5563 3226 5619 idola
3252 5564 3484 5621 dicebat
3503 5565 3662 5630 nihil

1996 5668 2145 5716 esse,
2159 5668 2288 5721 qua:
2310 5650 2420 5722 ipsi
2444 5649 2733 5717 colebant,
2748 5653 2805 5705 et
2826 5667 3030 5707 eorum
3049 5651 3408 5709 vanissimos
3426 5669 3653 5711 errores

1996 5755 2099 5815 pro
2129 5736 2310 5796 nihilo
2331 5737 2598 5797 ducebat.
2615 5738 2685 5795 Et
2700 5738 2936 5811 quando
2956 5738 3243 5800 Dominus
3262 5738 3420 5801 venit
3445 5756 3548 5818 per
3567 5741 3657 5809 In-
