3956 6434
328 430 485 493 1043

697 429 1101 492 HAYMONIS
1146 429 1688 491 HALBERSTA'I‘.
1735 427 1985 490 EPlSC.
2030 425 2204 489 OPP.
2253 428 2454 489 PARS
2498 427 2549 488 Ι.
2596 460 2673 471 -
2716 424 3130 489 COMMENT.
3176 425 3373 487 BIBL.

3588 426 3763 487 1044

399 584 427 612 ‹‹
461 560 536 618 Ut
564 560 938 634 praedicarem
968 577 1190 616 annum
1238 560 1585 632 placabilem
1617 560 1887 628 Domino,
1922 563 1979 615 et
2005 558 2062 626 Α
2092 559 2270 615 fortes
2292 561 2363 615 ad
2385 559 2682 632 justitiam
2716 559 3065 626 faciendam,
3088 561 3147 614 et
3166 557 3532 614 vocabuntur
3562 559 3759 614 etiam

331 652 485 708 diem
535 649 774 707 ultionis
820 651 938 706 Deo
1000 655 1246 706 nostro:
1285 654 1350 705 ut
1393 650 1729 706 consolarer
1774 667 1979 704 omnes

330 741 617 814 lugentes,
649 744 707 795 et
754 755 1030 811 ponerem
1086 739 1427 811 lugentibus
1474 739 1634 806 Sion,
1677 744 1736 793 et
1779 740 1980 793 darem

331 830 415 887 eis
445 845 719 885 coronam
756 845 857 900 pro
887 828 1103 884 cinere.
1138 828 1341 884 Oleum
1400 828 1599 900 gaudii
1650 844 1754 900 pro
1793 826 1980 892 luctu,

332 917 575 992 pallium
606 917 802 973 laudis
831 934 937 989 pro
968 917 1179 990 spiritu
1212 917 1494 973 maeroris.
1536 940 1564 966 »
1595 918 1830 971 Annum
1859 914 1981 987 pla-

331 1006 577 1063 cabilem
604 1004 852 1062 Domino
875 1006 1206 1078 specialiter
1225 1007 1511 1062 debemus
1542 1006 1803 1077 accipere
1837 1010 1982 1060 tem-

331 1113 442 1169 pus
472 1094 908 1168 praadicationis
939 1095 1179 1163 Christi,
1222 1096 1377 1166 quod
1413 1093 1697 1167 placabile
1730 1094 1842 1148 fuit
1874 1084 1984 1148 Deo

333 1184 508 1254 Patri,
570 1183 711 1256 quia
768 1184 988 1239 multos
1045 1184 1309 1240 salvavit.
1362 1182 1725 1240 Generaliter
1787 1186 1984 1238 autem

333 1292 507 1331 omne
538 1279 775 1347 tempus
806 1291 841 1329 a
879 1274 1112 1329 Domini
1168 1273 1469 1329 nativitate
1509 1290 1698 1345 usque
1727 1274 1799 1327 ad
1829 1272 1984 1327 diem

323 1363 557 1435 judicii,
591 1363 749 1435 quod
806 1362 1081 1419 similiter
1137 1366 1440 1434 acceptum
1499 1367 1590 1417 est
1637 1363 1753 1417 Deo
1784 1360 1983 1415 Patri:

333 1452 476 1520 quia
502 1451 822 1508 multitudo
856 1450 1117 1506 ﬁdelium
1149 1451 1561 1522 praedicatione
1589 1449 1985 1522 apostolorum

334 1557 657 1612 eorumque
673 1539 1015 1613 sequacium
1037 1539 1261 1596 salvata
1280 1545 1371 1595 est
1390 1558 1494 1611 per
1514 1541 1776 1605 ﬁdem,et
1795 1539 1987 1594 salva-

337 1631 517 1687 bitur.
542 1629 623 1685 De
645 1645 760 1701 quo
782 1633 1042 1700 tempore
1063 1628 1204 1683 dicit
1223 1628 1537 1701 Apostolus
1564 1646 1577 1684 :
1613 1651 1640 1677 ‹‹
1667 1630 1811 1683 Ecce
1833 1644 1989 1681 nunc

335 1724 571 1791 tempus
602 1716 978 1788 acceptabile,
1003 1733 1134 1772 ecce
1164 1718 1290 1773 dies
1320 1718 1531 1773 salutis
1562 1718 1636 1786 (II
1668 1718 1789 1773 Cor.
1821 1717 1922 1788 γι).
1960 1739 1988 1765 ››

334 1808 403 1864 Et
432 1825 548 1864 non
592 1806 786 1863 solum
841 1805 1177 1879 praedicavit
1222 1823 1444 1862 annum
1494 1806 1839 1879 placabilem
1872 1807 1988 1861 Do-

335 1898 495 1954 mino
554 1895 711 1952 Patri
770 1913 840 1952 ex
895 1895 989 1951 his
1046 1896 1147 1968 qui
1203 1896 1600 1963 crediderunt,
1649 1896 1751 1951 sed
1810 1894 1988 1951 etiam

334 1987 492 2043 diem
548 1984 793 2041 ultionis
843 1984 963 2040 sive
1006 1985 1407 2042 damnationis
1464 1986 1825 2051 Judazorum,
1859 2002 1988 2056 quae

331 2075 491 2132 venit
514 2091 620 2146 per
650 2074 945 2130 Romanos
982 2079 1114 2146 post
1144 2074 1547 2129 ascensionem
1595 2075 1744 2145 ejus,
1781 2074 1987 2145 praedi-

333 2163 486 2220 cavit
506 2162 735 2219 dicens:
779 2162 1076 2218 «Venient
1110 2162 1236 2218 dies
1257 2163 1314 2218 in
1338 2167 1415 2229 te,
1449 2168 1507 2218 et
1533 2163 1990 2218 circumdabunt

335 2257 392 2311 te
421 2250 645 2307 inimici
677 2250 763 2307 tui
799 2251 971 2307 vallo.
998 2274 1026 2301 »
1056 2253 1127 2306 Et
1173 2269 1308 2307 cum
1340 2250 1604 2307 videritis
1632 2252 1704 2306 ab
1732 2251 1987 2306 exercitu

334 2340 689 2398 circumdari
713 2340 1135 2408 Hierusalem,«
1151 2341 1356 2396 scitote
1377 2341 1517 2420 quia
1538 2358 1716 2412 prope
1730 2341 1992 2396 estdeso-

333 2430 474 2488 latio
505 2431 635 2501 ejus
665 2430 816 2503 (Luc.
848 2448 964 2495 xxx,
997 2430 1135 2501 xxx).
1172 2452 1200 2478 ››
1232 2431 1302 2485 Et
1330 2429 1438 2484 hoc
1490 2429 1817 2498 sciendum,
1851 2428 1992 2500 quia

334 2518 802 2592 superius,sicut
831 2535 899 2573 ex
932 2536 1183 2590 persona
1213 2517 1599 2573 humanitatis
1626 2517 1859 2574 locutus
1879 2522 1990 2585 est,

338 2608 545 2665 dicens
560 2623 574 2662 :
589 2626 610 2657 ι
627 2605 882 2679 Spiritus
903 2607 1135 2662 Domini
1159 2625 1336 2679 super
1357 2624 1449 2661 me
1466 2625 1478 2674 ;
1497 2630 1523 2656 n
1549 2606 1630 2662 ita
1651 2613 1707 2661 et
1726 2607 1822 2661 hic
1854 2625 1988 2661 cum

338 2696 502 2765 dicit,
523 2700 590 2752 ut
618 2695 996 2770 praedicarem
1029 2695 1185 2750 diem
1219 2695 1461 2751 ultionis
1491 2697 1607 2751 Deo
1638 2701 1834 2751 nostro
1869 2696 1988 2768 pla-

336 2784 585 2843 cabilem
620 2802 633 2841 :
667 2784 809 2858 quia
837 2784 1123 2841 Dominus
1174 2785 1328 2841 Deus
1361 2784 1518 2841 illius
1545 2789 1634 2841 est
1664 2786 1989 2840 secundum

337 2872 792 2929 humanitatem.
827 2870 1137 2928 Placabilis
1166 2876 1363 2928 autem
1394 2873 1505 2927 fuit
1535 2873 1651 2927 Deo
1684 2873 1834 2927 Patri
1867 2872 1991 2928 dies

334 2960 617 3019 ultionisJ
627 2961 1071 3031 udaeorum,non
1086 2962 1240 3032 quod
1258 2962 1775 3032 gauderetmalitia
1786 2979 1988 3017 eorum

336 3050 458 3107 sive
505 3048 867 3105 desolatione
898 3066 911 3104 :
947 3049 1047 3105 sed
1098 3066 1261 3105 more
1319 3054 1518 3105 nostro
1576 3049 1855 3121 loquitur,
1888 3050 1987 3121 qui

335 3140 666 3213 gaudemus
724 3139 957 3211 quando
989 3156 1096 3193 nos
1128 3138 1471 3194 ulciscimur
1498 3139 1568 3193 de
1598 3138 1856 3195 inimicis
1888 3157 1988 3194 no-

338 3227 498 3285 stris.
530 3228 615 3284 Ad
647 3227 756 3283 hoc
793 3228 970 3283 etiam
1027 3226 1191 3282 misit
1247 3245 1340 3283 me
1371 3233 1435 3282 ut
1464 3227 1815 3293 consolarer,
1848 3228 1987 3283 sub-

2092 647 2373 719 plantatio
2395 647 2624 703 Domini
2652 665 2664 702 :
2694 647 2793 719 qui
2826 648 2897 702 ab
2926 647 3053 718 ipso
3085 651 3225 703 sunt
3253 647 3481 703 fundati
3512 648 3573 703 in
3610 649 3760 713 ﬁde,

2092 736 2152 792 in
2186 737 2461 804 Ecclesia,
2495 737 2567 792 ad
2598 736 3047 809 gloriﬁcandum
3079 737 3406 792 Creatorem
3431 755 3634 793 suum.

2170 850 2191 874 ιι
2220 827 2288 881 Et
2308 827 2683 881 azdiﬁcabunt
2703 826 2935 881 deserta
2955 842 2988 880 a
3008 824 3240 893 saeculo,
3273 830 3329 880 et
3360 826 3561 882 ruinas
3593 829 3761 882 anti-

2094 932 2242 986 quas
2287 914 2531 987 erigent,
2566 921 2625 970 et
2672 914 3090 970 instaurabunt
3142 914 3401 971 civitates
3457 916 3757 977 desertas.

2094 1005 2435 1077 dissipatas,
2470 1004 2527 1058 in
2562 1003 2936 1076 generatione
2995 1008 3054 1059 et
3111 1004 3566 1077 generationem.
3604 1028 3631 1052 ››
3671 1005 3760 1061 De

2096 1093 2376 1165 apostolis
2406 1110 2565 1148 nunc
2597 1109 2789 1147 sermo
2821 1092 3355 1164 agitur.Postquam
3389 1093 3570 1165 igitur
3586 1094 3759 1165 plan-

2094 1183 2199 1237 tati
2248 1182 2468 1237 fuerint
2496 1181 2745 1253 apostoli
2779 1199 2812 1236 a
2842 1181 3109 1249 Domino,
3139 1180 3198 1235 in
3230 1182 3341 1237 ﬁde
3374 1182 3429 1236 in
3464 1182 3752 1249 Ecclesia,

2096 1276 2154 1327 et
2182 1271 2636 1343 gloriﬁcaverint
2665 1288 2801 1327 eum
2832 1270 2890 1326 in
2936 1270 3061 1326 suis
3107 1270 3339 1342 opibus,
3372 1271 3757 1329 anditicabunt

2098 1379 2205 1416 sua
2238 1361 2648 1432 praedicatione
2678 1365 2737 1415 et
2767 1358 3057 1432 baptismo
3106 1360 3335 1415 deserta
3362 1378 3397 1415 a
3424 1361 3538 1416 Deo
3567 1363 3756 1417 corda

2097 1450 2361 1521 gentium
2386 1448 2667 1517 aseculo,
2694 1449 2749 1503 id
2775 1448 3143 1504 estabinitio.
3167 1449 3445 1505 Etruinas
3469 1450 3756 1523 antiquas

2097 1539 2343 1610 erigant,
2367 1539 2477 1593 hoc
2507 1542 2597 1593 est
2626 1538 2781 1610 quod
2812 1537 3023 1593 cecidit
3052 1537 3109 1592 in
3141 1537 3451 1611 synagogis
3479 1556 3583 1612 per
3608 1539 3751 1595 inﬁ-

2099 1628 2418 1694 delitatem,
2448 1629 2868 1684 restaurabunt
2895 1626 2956 1681 in
2984 1626 3102 1682 illis
3132 1625 3231 1699 qui
3279 1627 3655 1684 crediderunt
3683 1647 3754 1684 ex

2098 1717 2338 1773 Judaeis.
2359 1719 2429 1772 Et
2456 1717 2611 1789 quod
2645 1715 2856 1772 cecidit
2876 1716 2948 1772 ab
2970 1715 3203 1771 exordio
3236 1716 3440 1772 mundi
3468 1717 3525 1772 in
3556 1720 3752 1790 genti-

2100 1807 2212 1863 bus
2252 1823 2355 1879 per
2404 1806 2819 1869 idololatriam,
2852 1806 3269 1861 restaurabunt
3297 1809 3353 1861 et
3380 1806 3601 1879 erigent
3632 1808 3751 1880 ipsi

2020 1929 2067 1993 B
2101 1913 2204 1967 per
2260 1895 2555 1951 culturam
2614 1893 3036 1966 omnipotentis
3079 1894 3201 1949 Dei.
3234 1895 3304 1949 Et
3330 1895 3753 1951 instaurabunt

2098 1984 2362 2039 civitates
2394 1985 2653 2040 desertas
2670 1984 2852 2050 aDeo,
2873 1983 2929 2038 id
2961 1987 3051 2039 est
3079 1982 3353 2039 ecclesias
3384 1984 3749 2040 diversarum

2098 2075 2383 2145 gentium,
2417 2074 2507 2129 vel
2540 2073 2799 2145 quinque
2848 2073 3110 2146 corporis
3158 2090 3368 2129 sensus
3398 2073 3495 2146 qui
3526 2074 3746 2130 intelli-

2098 2169 2321 2235 guntur
2351 2180 2452 2235 per
2482 2162 2746 2218 civitates
2793 2180 2921 2234 quae
2953 2161 3247 2235 dissipatae
3278 2163 3524 2225 fuerant.
3554 2164 3614 2218 in
3647 2180 3749 2236 ge-

2100 2251 2398 2307 neratione
2427 2252 2788 2317 Judaaorum,
2822 2256 2880 2308 et
2908 2252 3344 2324 generationem
3373 2252 3751 2325 gentium,in-

2099 2340 2380 2396 ﬁdelitate
2409 2346 2466 2397 et
2497 2340 2846 2397 idololatria.

2173 2452 2201 2478 ‹‹
2233 2430 2302 2483 Et
2332 2430 2575 2485 stabunt
2615 2429 2813 2498 alieni,
2844 2433 2902 2485 et
2931 2434 3173 2502 pascent
3202 2445 3407 2502 pecora
3436 2434 3645 2487 vestra.
3678 2430 3751 2486 Et

2102 2516 2203 2571 ﬁlii
2224 2518 2658 2590 peregrinorum
2686 2517 2951 2590 agricolae
2964 2518 3303 2575 etvinitores
3313 2519 3484 2575 vestri
3497 2523 3689 2574 erunt.
3712 2542 3745 2568 ν

2097 2606 2282 2662 Alieni
2317 2607 2688 2679 appellantur
2716 2606 2964 2681 gentiles
2992 2611 3050 2663 et
3077 2607 3753 2681 peregrini,quia’eogni-

2100 2695 2259 2751 tione
2289 2697 2387 2752 Dei
2421 2696 2592 2751 alieni
2624 2701 2811 2763 erant,
2843 2696 3014 2767 longe
3045 2697 3380 2752 recedentes
3407 2697 3479 2752 ab
3510 2696 3609 2751 illo
3639 2712 3749 2768 per

2099 2784 2628 2840 idololatriam.Sed
2647 2788 2959 2857 postquam
2980 2785 3665 2851 crediderunt,steterunt
3684 2785 3745 2840 in

2100 2875 2213 2928 ﬁde
2245 2879 2300 2927 et
2326 2874 2494 2929 bonis
2525 2874 2803 2946 operibus
2834 2872 2995 2928 recti.
3024 2873 3198 2928 Juxta
3240 2874 3392 2945 quod
3434 2873 3745 2946 Apostolus

2100 2962 2362 3034 praecipit
2391 2979 2404 3016 :
2440 2986 2467 3013 ‹‹
2502 2964 2660 3018 State
2712 2963 2769 3017 in
2828 2963 2939 3017 ﬁde
2970 2962 3017 3030 (I
3043 2961 3163 3017 Cor.
3197 2964 3331 3029 xvx).
3366 2984 3393 3012 »
3426 2964 3496 3018 Et
3528 2979 3541 3019 :
3571 2986 3597 3011 ‹‹
3634 2963 3742 3028 Qui

2100 3056 2217 3107 stat
2274 3052 2465 3107 videat
2513 3068 2583 3107 ne
2634 3053 2806 3107 cadat
2854 3052 2900 3121 (l
2927 3050 3048 3107 Cor.
3078 3049 3155 3122 x).
3191 3072 3219 3101 »
3272 3050 3480 3106 Pecora
3508 3067 3738 3123 quoque

2100 3140 2499 3211 apostolorum
2531 3145 2672 3196 sunt
2700 3140 2997 3212 simplices
3024 3143 3082 3195 et
3110 3140 3498 3208 mansueti,de
3527 3140 3740 3212 quibus

2101 3229 2386 3283 Dominus
2416 3230 2560 3284 dicit
2592 3230 2758 3284 Petro
2787 3234 2845 3285 et
2874 3229 2934 3283 in
2967 3227 3065 3284 illo
3096 3228 3369 3284 omnibus
3412 3228 3686 3301 apostolis
3719 3246 3733 3283 ε

334 3316 507 3373 audis
538 3316 595 3372 in
624 3317 893 3388 praesenti
951 3316 1039 3371 vel
1099 3316 1276 3371 etiam
1318 3316 1378 3370 in
1409 3316 1629 3387 futuro,
1662 3333 1868 3371 omnes
1898 3314 1985 3369 lu-
2019 3298 2063 3364 C
2101 3340 2128 3366 ‹‹
2166 3317 2343 3373 Pasce
2373 3333 2507 3371 oves
2541 3334 2702 3372 meas
2732 3318 2912 3387 (Joan.
2945 3317 3084 3387 xxx),
3115 3337 3144 3366 »
3177 3316 3295 3372 sive
3326 3332 3507 3388 agnos
3554 3333 3732 3373 meos.
3766 3384 3769 3385 ν

333 3409 537 3478 gentes
561 3422 671 3461 sua
689 3408 747 3460 et
765 3404 1015 3460 aliorum
1056 3409 1313 3476 peccata.
1349 3404 1429 3459 De
1462 3406 1680 3476 quibus
1712 3405 1767 3459 in
1803 3405 1985 3459 Evan-

333 3493 486 3566 gelio
508 3492 755 3547 dicitur:
780 3491 983 3547 «Beati
1015 3491 1116 3564 qui
1143 3490 1366 3564 lugent,
1390 3491 1671 3563 quoniam
1702 3492 1815 3563 ipsi
1848 3509 1983 3546 con-

330 3580 684 3637 solabuntur
710 3579 935 3646 (Matth.
959 3583 1038 3647 v).
1062 3601 1089 3627 ››
1112 3580 1182 3633 Et
1208 3596 1508 3650 ponerem,
1541 3580 1752 3651 inquit,
1789 3580 1986 3651 lugen-

328 3668 492 3729 tibus
513 3666 966 3732 Sion,subaudis
993 3684 1270 3723 coronam
1292 3667 1352 3722 in
1379 3667 1680 3739 capite,vel
1699 3668 1983 3741 gaudium

328 3761 557 3815 aeternas
589 3753 887 3811 felicitatis
932 3756 1303 3812 infunderem
1352 3755 1411 3811 in
1441 3774 1645 3813 eorum
1683 3757 1981 3814 cordibus.

328 3846 622 3919 Lugentes
655 3844 794 3901 Sion
826 3843 1081 3917 appellat
1108 3843 1424 3916 apostolos,
1445 3846 1544 3917 qui
1568 3846 1848 3918 lugebant
1877 3864 1979 3919 pro

326 3934 516 3992 salute
548 3932 688 3991 Sion
738 3932 858 3990 sive
904 3933 1266 4001 Judaeorum,
1302 3938 1366 3988 ut
1392 3934 1598 3989 beatus
1630 3934 1845 3991 Paulus
1877 3936 1978 4007 qui

324 4022 556 4079 dicebat
586 4040 600 4079 ε
633 4046 661 4073 ‹‹
696 4022 964 4079 Tristitia
1009 4020 1156 4077 mihi
1203 4027 1293 4077 est
1336 4022 1544 4095 ingens
1573 4027 1631 4078 et
1658 4024 1979 4079 continuus

322 4110 489 4167 dolor
535 4129 639 4184 pro
689 4110 971 4167 fratribus
1001 4110 1149 4166 meis
1179 4112 1352 4179 (Rom.
1386 4116 1482 4179 xx).
1524 4134 1551 4161 ››
1584 4113 1654 4167 Et
1686 4129 1698 4168 :
1734 4136 1760 4161 ‹‹
1794 4113 1973 4185 Opta-

320 4201 458 4256 bam
480 4216 586 4273 ego
610 4199 927 4256 anathema
947 4216 1075 4256 esse
1097 4216 1201 4271 pro
1224 4199 1504 4257 fratribus
1536 4200 1705 4257 meis.
1730 4224 1756 4249 ››
1790 4202 1974 4272 (Ibid)

318 4289 390 4367 Et
420 4289 494 4343 ad
524 4288 634 4344 hoc
666 4288 843 4344 etiam
876 4288 1040 4344 misit
1070 4305 1183 4355 me,
1221 4293 1284 4344 ut
1312 4289 1511 4343 darem
1545 4290 1650 4357 eis,
1685 4290 1973 4345 subaudis

319 4377 423 4450 qui
476 4376 761 4450 lugebant
804 4376 1047 4444 Judaeis,
1082 4393 1357 4432 coronam
1387 4394 1491 4448 pro
1522 4378 1736 4445 cinere,
1772 4379 1828 4433 id
1860 4383 1968 4446 est,

317 4464 850 4522 remunerationem
882 4464 1175 4522 caelestem
1199 4482 1302 4537 pro
1325 4466 1969 4537 poenitentiaetlabore,

317 4572 496 4627 quem
527 4558 980 4626 assumpserunt
1027 4571 1130 4627 pro
1180 4554 1460 4610 fratribus
1488 4556 1634 4610 suis.
1669 4556 1738 4610 Et
1767 4556 1967 4611 darem

315 4642 511 4699 oleum
534 4641 733 4717 gaudii
764 4659 868 4714 pro
895 4642 1079 4713 luctu,
1114 4641 1173 4697 id
1208 4645 1316 4708 est,
1351 4660 1454 4714 pro
1476 4643 1718 4698 tristitia
1738 4648 1796 4699 et
1828 4662 1966 4698 moe-
1995 4663 2046 4729 Β

315 4747 445 4787 rore
464 4730 747 4804 gaudium
771 4734 830 4786 et
848 4730 1211 4785 laetitiam.Et
1232 4735 1296 4785 ut
1325 4732 1525 4785 darem
1558 4731 1803 4803 pallium
1836 4731 1967 4787 lau-

314 4819 406 4876 dis
426 4837 530 4892 pro
554 4819 765 4891 spiritu
793 4819 1081 4885 maeroris,
1104 4818 1161 4873 id
1186 4823 1294 4885 est,
1313 4818 1726 4874 vestimentum
1749 4822 1966 4891 jucun-

313 4906 517 4963 ditatis
547 4924 650 4979 pro
681 4906 918 4978 lugubri
946 4906 1315 4962 vestimento.
1335 4908 1500 4962 Tunc
1531 4908 1777 4980 apostoli
1804 4927 1965 4965 coro-

312 5012 451 5051 nam
483 4999 834 5067 acceperunt
877 5012 979 5067 pro
1028 4994 1243 5063 cinere,
1276 4999 1333 5050 et
1362 4995 1605 5066 pallium
1639 4996 1831 5053 laudis
1864 5017 1966 5070 pro

310 5082 548 5158 lugubri
579 5083 1192 5154 vestimento,quando
1224 5083 1496 5139 viderunt
1526 5084 1963 5141 multitudinem

308 5172 649 5227 Judaeorum
702 5175 762 5226 et
818 5171 1260 5226 multitudinem
1316 5173 1580 5243 gentium
1640 5175 1835 5230 venire
1892 5176 1965 5231 ad

311 5258 510 5323 ﬁdem,
545 5259 837 5328 praecincti
870 5260 1085 5331 gaudio
1115 5264 1173 5313 et
1204 5259 1612 5316 exsultatione.
1647 5286 1673 5311 ‹‹
1694 5265 1760 5318 Et
1790 5282 1962 5319 voca-

309 5344 607 5402 bunturin
626 5352 682 5403 te
714 5347 893 5402 fortes
916 5347 1183 5418 jxxstitiaz,
1211 5370 1238 5396 ››
1261 5348 1318 5403 id
1340 5353 1449 5415 est,
1484 5352 1663 5405 fortes
1685 5353 1754 5406 ad
1779 5353 1961 5422 justi-

307 5431 481 5486 tiam:
507 5433 835 5503 «plantatio
856 5435 1085 5489 Domini
1113 5436 1184 5490 ad
1206 5436 1678 5507 gloriﬁcandum.
1705 5462 1732 5489 »
1768 5441 1959 5497 Eccle-

307 5516 458 5569 siam
489 5518 810 5593 alloquitur
840 5539 1031 5578 sermo
1066 5526 1461 5597 propheticus.
1499 5527 1813 5599 Postquam
1846 5532 1958 5599 (in-

305 5601 539 5685 quiens)
561 5608 856 5680 acceperis
878 5611 1160 5678 gaudium
1184 5630 1287 5684 pro
1317 5614 1577 5685 tristitia,
1592 5618 1961 5674 vocabuntur

304 5683 363 5735 in
398 5689 453 5735 te
485 5696 729 5754 apostoli
765 5698 823 5747 et
857 5701 1143 5766 martyres
1190 5683 1408 5771 aliique
1458 5683 1694 5772 perfecti
1731 5705 1787 5759 in
1824 5707 1955 5773 ﬁde,

2098 3408 2253 3471 Quos
2311 3405 2720 3477 praedicatores
2776 3405 3042 3477 gentium
3095 3408 3152 3459 et
3200 3408 3482 3476 martyres
3511 3408 3599 3473 (ut
3628 3404 3735 3459 fuit

2097 3494 2433 3567 Gregorius,
2492 3493 2859 3560 Ambrosius,
2911 3493 3182 3557 llilarius,
3213 3493 3600 3566 Augustinus,
3631 3494 3733 3565 Cy-

2096 3583 2359 3655 prianus,
2394 3582 2610 3654 aliique
2670 3581 3315 3655 quamplurimi)verbo
3374 3581 3627 3654 simplici
3678 3586 3734 3637 et

2095 3672 2363 3726 doctrina
2389 3671 2679 3743 spirituali
2713 3674 3018 3742 paverunt.
3044 3670 3158 3742 Ipsi
3189 3674 3473 3741 martyres
3503 3674 3560 3725 et
3588 3686 3732 3741 prae-

2094 3760 2379 3815 dicatores
2439 3759 2539 3814 ﬁlii
2600 3759 3064 3832 peregrinorum,
3095 3758 3150 3814 id
3183 3763 3270 3814 est
3299 3757 3402 3812 ﬁlii
3445 3758 3727 3830 gentium,

2090 3850 2330 3904 fuerunt
2350 3848 2615 3921 agricolae
2648 3854 2705 3904 et
2735 3848 2988 3904 cultores
3014 3846 3274 3905 Ecclesiae
3294 3851 3351 3901 et
3380 3847 3728 3902 caementarii

2090 3943 2147 3992 et
2174 3936 2451 3993 vinitores
2504 3942 2562 3992 et
2591 3939 2865 3993 custodes
2901 3954 2913 3993 :
2952 3937 3087 4009 quia
3142 3934 3251 4007 ipsi
3302 3934 3729 3990 andiﬁcaverunt

2088 4025 2431 4095 Ecclesiam,
2464 4032 2521 4082 et
2550 4026 2661 4097 ipsi
2693 4025 3075 4082 excolucrunt
3121 4024 3294 4081 corda
3347 4023 3722 4079 credentium.

2089 4114 2340 4187 lllosque
2358 4132 2506 4186 quos
2527 4131 2909 4184 praecessores
2931 4130 3132 4170 eorum
3154 4112 3399 4184 apostoli
3422 4112 3482 4166 in
3503 4112 3721 4167 vineam

2089 4203 2313 4258 Domini
2328 4202 2657 4258 introduxex
2672 4204 2878 4273 ant(.le
2892 4201 3488 4274 quadicitpropheta:
3512 4219 3532 4247 ι
3552 4199 3722 4255 Vinea

2085 4291 2318 4347 Domini
2332 4291 2578 4346 sabaoth
2599 4292 2812 4347 domus
2826 4290 3001 4347 Israel
3015 4296 3105 4346 est
3118 4291 3167 4362 ››)
3182 4289 3291 4362 ipsi
3307 4289 3715 4345 custodierunt.

2085 4381 2334 4435 Econtra
2382 4378 2523 4434 mali
2571 4379 2928 4435 eaementarii
2957 4384 3016 4435 et
3044 4378 3183 4434 mali
3214 4377 3492 4434 vinitores
3522 4381 3578 4433 et
3604 4377 3716 4432 cul-

2082 4474 2237 4523 tores
2256 4471 2491 4524 fuerunt
2507 4467 2710 4523 scribae
2727 4473 2784 4523 et
2800 4467 3095 4537 Pharisaei,
3110 4468 3180 4523 de
3203 4465 3418 4540 quibus
3449 4464 3718 4522 Dominus

2081 4557 2199 4612 illis
2220 4557 2596 4613 audientibus
2618 4556 2675 4610 in
2705 4558 2820 4611 ﬁne
2842 4555 3129 4629 parabolae
3155 4555 3359 4611 dicit:«
3376 4554 3556 4610 Malos
3576 4554 3715 4609 male

2082 4647 2303 4719 perdet.
2329 4669 2357 4697 ››
2382 4647 2470 4712 Et,
2497 4670 2524 4695 ‹‹
2553 4646 2865 4717 Propterea
2901 4646 3199 4701 auferetur
3227 4661 3262 4700 a
3291 4644 3453 4700 vobis
3483 4656 3711 4714 regnum

2080 4734 2201 4802 Dei,
2236 4739 2294 4790 et
2325 4734 2562 4789 dabitur
2590 4735 2749 4807 genti
2781 4733 3015 4790 facienti
3075 4734 3303 4789 fructus
3346 4732 3473 4803 ejus
3521 4730 3708 4799 (Matth.

2077 4825 2215 4895 xxx).
2254 4847 2280 4871 ››

2150 4937 2176 4962 ‹‹
2213 4913 2328 4967 Vos
2360 4918 2556 4969 autem
2591 4914 2924 4968 sacerdotes
2959 4911 3189 4968 Domini
3217 4908 3582 4976 vocabimini,
3612 4906 3707 4962 mi-

2077 5001 2244 5056 nistri
2287 5002 2385 5057 Dei
2416 5002 2599 5059 nostri
2623 5002 2851 5057 dicetur
2879 5000 3064 5056 vobis.
3093 5023 3120 5050 ››
3156 5001 3270 5055 lloc
3300 4998 3605 5070 dupliciter
3630 4997 3708 5051 in-

2076 5090 2257 5163 telligi
2273 5095 2560 5162 potest,ut
2582 5092 2788 5146 beatus
2814 5089 3200 5161 Hieronymus
3220 5084 3641 5151 dicit,videlicet
3655 5088 3710 5138 ut

2076 5177 2147 5231 ad
2186 5177 2595 5248 praedicatores
2614 5194 2683 5231 ex
2703 5177 2983 5248 gentibus
3020 5177 3327 5241 referatur,
3363 5173 3461 5245 qui
3492 5173 3709 5227 fuerunt

2076 5264 2176 5318 filii
2214 5264 2676 5335 peregrinorum,
2712 5265 2800 5320 vel
2834 5266 2907 5320 ad
2940 5263 3234 5337 apostolos
3283 5263 3354 5318 de
3400 5260 3608 5333 quibus
3636 5260 3707 5315 di-

2074 5352 2244 5417 citur,
2272 5377 2298 5401 ‹‹
2330 5353 2591 5424 reliquiae
2632 5353 2803 5409 salvae
2830 5356 2969 5409 ﬁent
2989 5355 3160 5425 (Rom.
3186 5352 3262 5423 ιχ)
3288 5369 3301 5407 :
3330 5374 3357 5399 ι)
3388 5357 3453 5405 ut
3481 5348 3587 5421 ipsi
3615 5367 3701 5421 ap-

2074 5441 2364 5513 pellentur
2391 5443 2724 5497 sacerdotes
2755 5441 2987 5497 Domini
3018 5441 3118 5513 qui
3152 5438 3392 5511 majoris
3422 5437 3702 5511 dignitatis

2070 5530 2418 5597 erant,sicut
2447 5532 2517 5586 de
2552 5530 2687 5585 liliis
2718 5532 2894 5586 David
2931 5532 3164 5596 dicitur,
3192 5530 3345 5601 quod
3379 5552 3406 5578 ‹‹
3436 5532 3595 5583 erant
3621 5544 3700 5581 sa~

2070 5621 2333 5675 cex-dotes
2382 5620 2441 5674 in
2492 5620 2666 5675 domo
2726 5620 2959 5675 Domini
3016 5621 3088 5690 (II
3135 5621 3256 5690 Reg.
3295 5618 3439 5687 vxxx).
3476 5638 3502 5665 ››
3535 5617 3600 5670 Et
3625 5620 3699 5671 est

2070 5727 2289 5763 sensus
2311 5708 2398 5762 vel
2429 5709 2570 5763 ordo
2608 5725 2619 5762 :
2655 5710 2800 5763 Cum
2860 5708 2962 5763 ﬁlii
3025 5706 3463 5780 peregrinorum
3506 5703 3699 5759 fuerint
