3956 6398
258 468 407 528 HW.)

1290 472 1696 533 COMMENT.
1743 466 1821 528 IN
1864 464 2164 527 ISAI’AM.
2195 500 2273 512 —
2319 472 2464 532 LIB.
2511 474 2617 537 Ill.

3506 445 3659 537 1050

257 624 283 648 ‹‹
319 600 699 667 Hierusalem,
730 627 754 647 η
780 603 832 657 id
875 609 959 658 est.
993 604 1306 659 Ecclesiam
1351 621 1542 669 suam,
1575 607 1630 655 et
1663 625 1688 650 ‹‹
1722 605 1897 671 ponat
1926 593 1981 660 Α
2014 601 2255 655 medunt
2277 607 2332 656 et.
2365 603 2571 659 bibunt
2603 605 2657 660 in
2691 605 2964 676 Ecclesia,
2999 605 3308 663 laudantes
3331 607 3660 665 Creatorem

258 690 304 743 ei
340 689 569 746 laudem
603 691 658 745 in
694 697 866 754 terra,
897 716 921 738 ι»
945 694 1028 747 vel
1077 700 1140 747 ut
1184 695 1307 764 ipsa
1349 694 1540 746 laudet.
1574 693 1899 745 Creatorem

259 797 427 834 suum
455 797 555 852 per
578 798 810 836 omnem
841 785 1124 836 mundum
1155 782 1508 844 dilatata,ch
1537 787 1591 835 ut
1621 782 1692 833 ab
1715 780 1901 833 muni-

259 871 367 923 bus
398 871 670 938 gentibus
703 872 828 942 ipsa
863 872 1151 926 laudetur.
1178 873 1457 925 CllSitltlt‘S
1485 890 1781 925 murorum
1817 871 1903 924 al-

260 957 516 1030 loquitur
546 977 736 1013 sermo
769 961 1022 1025 divinus,
1058 966 1118 1014 ut
1157 961 1260 1030 ipsi
1296 961 1390 1031 qui
1443 961 1668 1014 Domini
1703 961 1901 1013 volun-

256 1048 430 1100 tatem
457 1047 650 1101 sciunt
673 1052 729 1101 et
752 1064 950 1100 muros
973 1049 1264 1101 custodire
1288 1049 1518 1112 debent,
1541 1066 1652 1100 non
1679 1051 1905 1099 taceant

259 1151 289 1188 a
322 1135 592 1206 precibus
631 1140 687 1190 et
731 1136 1026 1198 laudibus,
1054 1154 1240 1207 neque
1283 1139 1336 1191 in
1387 1136 1678 1208 prosperis
1721 1153 1903 1207 neque

257 1223 314 1277 in
343 1225 621 1279 adversis.
657 1226 936 1296 Sequitur
969 1243 980 1280 :

329 1338 354 1361 ‹‹
380 1313 606 1367 Juravit
638 1315 919 1368 Dominus
954 1315 1007 1368 in
1044 1318 1275 1369 dextera
1305 1335 1430 1380 sua,
1452 1340 1476 1362 ››
1500 1321 1554 1371 et
1587 1317 1642 1370 in
1669 1316 1904 1370 brachio

259 1400 618 1456 fortitudinis
650 1421 787 1456 sum.
823 1405 1074 1457 nflnmis
1116 1423 1306 1459 sermo
1347 1405 1766 1476 omnipotentis
1807 1400 1904 1458 Dei

259 1507 360 1560 pro
384 1491 720 1560 juramcnto
751 1492 933 1563 accipi
981 1494 1171 1558 debet,
1198 1495 1334 1565 quia
1367 1513 1597 1565 semper
1623 1513 1792 1548 verus
1819 1498 1908 1547 est

257 1583 311 1632 et
335 1597 638 1650 nunquam
665 1580 832 1634 fallit.
856 1585 1094 1635 Dextera
1123 1588 1314 1636 autem
1340 1589 1395 1637 et.
1419 1584 1722 1637 brachium
1750 1582 1907 1636 forti-

263 1668 485 1722 tudinis
513 1668 672 1722 illius
697 1669 877 1724 Filius
900 1675 1305 1742 est,perquem
1331 1673 1528 1726 omnia
1550 1672 1911 1732 fecit,sccun-

263 1757 400 1810 dum
427 1757 570 1812 illud
594 1775 605 1812 :
629 1758 837 1812 Omnia
869 1760 1184 1831 peripsum
1220 1762 1368 1815 facta
1390 1765 1584 1815 sunt.«
1608 1761 1664 1814 Si
1700 1762 1909 1815 dedero

262 1846 520 1901 triticum
555 1851 722 1901 tuum
747 1846 898 1901 ultra
921 1849 1114 1902 cibum
1149 1849 1402 1903 inimicis
1429 1849 1564 1914 tuis,
1590 1849 1718 1903 etsi
1751 1849 1908 1904 bibe-

262 1933 375 1988 rint
400 1934 501 1989 ﬁlii
529 1935 702 1990 alieni
721 1936 922 1991 vinum
947 1937 1208 2002 tuum,in
1231 1954 1344 2007 quo
1369 1937 1703 1992 laborasti.»
1725 1937 1912 1991 Eccle-

257 2023 403 2078 siam
440 2023 780 2095 alloquitur.
815 2027 976 2096 Smpe
1022 2030 1170 2078 Deus
1209 2026 1907 2098 omnipotens,quantum

255 2112 324 2166 ad
346 2112 596 2166 litteram
625 2112 892 2184 pertinet,
912 2114 1107 2184 fruges
1125 2114 1460 2168 Judmorum
1479 2114 1636 2168 dedit
1654 2114 1908 2168 inimicis

254 2217 479 2258 eorum.
517 2201 570 2255 id
606 2206 695 2255 est
729 2202 987 2256 triticum
1022 2206 1077 2256 et
1119 2203 1315 2256 vinum
1347 2219 1358 2256 :
1386 2203 1535 2257 sicut
1565 2203 1814 2273 legimus
1848 2203 1904 2257 in

252 2287 400 2342 libro
433 2289 708 2344 Judicum
747 2290 883 2360 (cap.
907 2293 1029 2359 vn),
1051 2291 1200 2361 quod
1231 2314 1256 2338 ‹‹
1293 2291 1618 2345 Madianitre
1651 2298 1907 2363 tempore

259 2379 471 2432 messis
503 2379 802 2433 venientes
834 2381 1057 2433 fructus
1079 2397 1276 2433 eorum
1304 2379 1677 2449 collegerunt,
1703 2386 1759 2436 et
1789 2387 1906 2435 tam

257 2465 313 2519 in
347 2485 487 2519 suos
512 2484 685 2538 quam
713 2468 768 2522 in
795 2468 1168 2522 inimicorum
1200 2487 1437 2523 suorum
1467 2488 1611 2524 usus
1634 2473 1910 2541 expende-

256 2559 448 2608 runt.»
469 2556 562 2610 Sic
593 2557 1032 2628 etiam,quando
1049 2558 1205 2611 ducti
1242 2563 1379 2612 sunt
1407 2559 1464 2613 in
1488 2560 1906 2630 captivitatem,

256 2645 490 2713 quando
514 2644 775 2698 collocati
803 2650 941 2698 sunt.
965 2646 1039 2699 ibi
1065 2647 1418 2701 Samaritani
1441 2647 1907 2720 alienigenequi

256 2751 457 2788 eorum
493 2734 873 2787 comederunt
906 2736 1122 2803 fruges.
1158 2736 1264 2788 Sed
1311 2736 1420 2788 isto
1456 2737 1510 2789 in
1552 2736 1676 2788 loco
1710 2738 1904 2791 cibum

254 2818 524 2874 Ecclesim
551 2818 861 2890 dupliciter
893 2838 1210 2891 possumus
1237 2821 1578 2893 intelligere,
1607 2824 1660 2876 id
1688 2829 1775 2877 est
1803 2825 1911 2878 vir-

254 2912 409 2962 tutes
437 2913 495 2962 et
518 2908 669 2961 bona
687 2909 971 2978 opera,vel
991 2909 1164 2962 etiam
1185 2913 1240 2963 et
1258 2927 1470 2981 corpus
1491 2915 1545 2964 et
1562 2912 1907 2984 sanguinem

252 2995 410 3050 illius
425 2997 580 3067 quod
601 2996 862 3066 quotidie
880 2996 936 3050 in
963 3002 1164 3051 sancta
1178 2997 1432 3052 Ecclesia
1448 3000 1702 3053 sumitur
1717 3019 1748 3054 a
1769 3002 1901 3054 ﬁde-

251 3085 653 3156 libus,quibus
674 3085 932 3155 pascitur
948 3086 1432 3152 anin'ia.Quodam
1454 3087 1743 3158 siquidem
1767 3093 1905 3142 tem-

250 3192 386 3245 pore
418 3178 554 3229 ante
585 3175 896 3228 adventum
932 3173 1057 3227 Filii
1093 3175 1189 3228 Dei
1227 3175 1423 3245 fruges
1453 3176 1816 3243 Judmorum,
1852 3177 1906 3230 id

245 3267 352 3329 est,
375 3263 581 3316 laudes
605 3267 659 3316 et
682 3281 857 3334 opera
882 3279 1008 3334 qure
1032 3262 1201 3316 idolis
1227 3264 1661 3334 impendebant,
1683 3265 1899 3319 daemo-

2013 694 2069 742 et
2102 691 2542 763 ltedemptorem
2578 713 2774 749 suum.
2800 696 2898 750 Vel
2942 696 3116 750 etiam
3146 696 3227 750 illi
3264 697 3364 768 qui
3398 699 3569 752 modo
3603 699 3659 753 iu

2014 781 2278 847 prmseuti
2307 789 2658 851 congregant
2681 785 2942 855 virtutes,
2969 790 3023 838 et
3063 790 3450 856 comportant,
3487 787 3541 840 id
3574 793 3664 842 est

2014 869 2364 933 cc‘iadunaut,
2390 872 2526 924 dum
2557 873 2894 926 transierint
2917 893 2949 927 a
2982 874 3248 945 priesenti
3288 874 3541 929 Ecclesia
3574 893 3663 930 co-

2014 958 2247 1010 medent
2281 963 2334 1010 et
2367 959 2582 1026 bibent,
2620 962 2671 1015 id
2712 967 2797 1015 est
2827 962 3205 1016 exsultabunt
3237 967 3291 1015 et
3323 963 3662 1033 gaudebunt

2015 1045 2071 1097 in
2123 1046 2284 1099 atriis
2321 1049 2568 1114 Domini,
2605 1049 2720 1104 sive
2753 1051 2808 1102 in
2855 1050 3260 1104 mansionibus
3303 1050 3658 1106 ccelcstibus.

2015 1133 2093 1187 De
2126 1135 2341 1203 quibus
2383 1137 2661 1192 Dominus
2694 1139 2836 1192 dicit
2870 1156 2882 1193 :
2912 1163 2937 1186 ‹‹
2969 1139 3027 1193 In
3070 1140 3242 1193 domo
3305 1139 3488 1195 Patris
3549 1140 3660 1195 mei

2016 1223 2348 1276 mansiones
2383 1224 2577 1279 multm
2614 1232 2770 1283 sunt.
2803 1251 2826 1274 η

2088 1334 2114 1358 ‹‹
2149 1313 2437 1376 'l‘ransite,
2471 1317 2711 1369 transite
2757 1334 2858 1386 per
2908 1321 3124 1388 portas,
3158 1323 3476 1388 prmparate
3508 1319 3661 1372 viam

2017 1398 2284 1469 Domino,
2312 1403 2521 1472 populo
2554 1404 2793 1475 planum
2841 1405 3008 1459 facite
3042 1405 3166 1470 iter,
3193 1405 3385 1475 eligite
3417 1406 3659 1478 lapides,

2015 1493 2068 1541 et
2101 1489 2316 1542 elevate
2350 1491 2581 1560 signum
2615 1493 2684 1545 ad
2723 1493 3059 1564 populum.»
3086 1493 3438 1549 Custodibus
3469 1512 3663 1550 muro-

2020 1595 2146 1632 rum
2181 1579 2404 1648 angelis
2436 1580 2524 1634 vel
2559 1580 2813 1651 pra'latis
2843 1581 3364 1653 Ecclesire,quibus
3395 1583 3664 1654 superius

2019 1667 2242 1720 dixerat
2277 1685 2344 1722 ne
2379 1673 2686 1724 tacerenta
2716 1669 2988 1740 precibus
3010 1674 3065 1724 et
3087 1669 3379 1739 laudibus,
3408 1672 3668 1744 praecipit

2019 1754 2227 1808 iterum
2263 1760 2327 1809 ut
2367 1760 2771 1828 transeantper
2810 1762 3027 1828 portas,
3054 1758 3110 1812 id
3143 1763 3232 1812 est
3276 1777 3379 1830 per
3407 1761 3664 1815 diversos

2019 1843 2320 1898 ministros
2343 1845 2608 1899 Ecclesia:
2634 1847 3022 1918 presbyteros,
3048 1846 3339 1913 diaconos,
3365 1848 3668 1903 subdiaco-

2020 1949 2142 1997 nes,
2167 1950 2416 2004 quorum
2443 1934 2767 1988 ministerio
2800 1935 3253 1990 introducuntur
3272 1937 3575 1991 credentes
3605 1935 3665 1991 in

2020 2020 2334 2075 Ecclesiam
2358 2040 2370 2076 :
2391 2022 2475 2076 vel
2501 2027 2562 2076 ut
2585 2026 2885 2077 transeant
2908 2039 3009 2094 per
3029 2024 3665 2092 virtutes,ambulando

2018 2109 2087 2162 de
2126 2109 2335 2162 virtute
2384 2109 2442 2163 in
2493 2109 2790 2165 virtutem.
2823 2111 2955 2164 ldeo
3003 2115 3197 2166 autem
3250 2112 3669 2184 praecipiuntur

2020 2198 2267 2251 transire
2299 2216 2402 2268 per
2432 2197 2731 2252 ministros
2773 2198 3060 2266 Ecclesire,
3087 2204 3149 2253 ut
3176 2217 3275 2254 eos
3313 2201 3665 2267 custodiant,

2020 2304 2087 2339 ne
2120 2286 2332 2358 aliquis
2364 2287 2594 2341 illorum
2631 2287 2688 2340 in
2720 2287 3122 2342 llmrcticorum
3168 2288 3505 2360 pravitatem
3542 2307 3667 2344 cor-

2019 2380 2168 2440 ruat,
2195 2379 2249 2430 et
2285 2380 2347 2429 ut
2379 2375 2434 2428 in
2471 2376 2644 2428 fidem
2671 2375 2925 2447 amplius
2947 2376 3120 2430 etiam
3151 2382 3504 2432 accrescant.
3530 2379 3672 2432 Prm-

2019 2464 2237 2535 cipitur
2267 2463 2437 2518 etiam
2481 2464 2826 2518 custodibus
2870 2483 3198 2530 murorum,
3232 2470 3298 2520 ut
3348 2471 3672 2538 prmparent

2019 2553 2168 2606 viam
2199 2553 2411 2625 populo
2434 2552 2647 2606 volenti
2680 2554 2895 2607 intrare
2923 2554 2977 2607 in
3002 2553 3342 2622 Ecclesium,
3362 2555 3470 2610 hoc
3493 2559 3674 2621 est,ut

2021 2642 2284 2696 doctrina
2308 2647 2363 2695 et
2383 2642 2646 2713 exemplo
2665 2644 2748 2696 eis
2771 2643 2922 2696 viam
2948 2644 3317 2699 rectitudinis
3339 2646 3669 2713 ostendant,

2021 2729 2381 2800 planumque
2417 2731 2632 2784 faciant
2656 2731 2782 2794 iter,
2805 2731 2860 2783 id
2885 2735 2970 2784 est
2992 2733 3261 2786 auferant
3283 2733 3479 2787 omnia
3500 2735 3673 2788 offen-

2020 2817 2214 2871 dicula
2239 2819 2588 2872 dimittendo
2612 2823 2845 2888 peccata
2871 2828 2974 2889 per
2996 2820 3379 2890 baptismum.
3402 2821 3469 2873 Et
3491 2825 3554 2874 ut
3575 2820 3672 2874 eli-

2019 2911 2154 2977 gant
2191 2905 2434 2976 lapides,
2470 2906 2589 2959 sive
2633 2905 2962 2976 projiciant,
2990 2911 3053 2961 ut
3094 2907 3478 2980 Septuaginta
3508 2907 3668 2963 dixe-

2020 3000 2176 3060 runt,
2193 2995 2299 3049 hoc
2321 3001 2407 3049 est
2427 3014 2459 3049 a
2482 2996 2757 3050 cordibus
2775 2995 3080 3050 hominum
3101 2996 3378 3050 duritiam
3403 2997 3671 3053 auferant

2021 3083 2384 3137 inﬁdelitatis
2407 3102 2419 3138 :
2441 3083 2526 3137 vel
2551 3088 2820 3155 separent
2842 3102 2875 3138 a
2898 3084 3187 3138 consertio
3207 3084 3565 3140 credentium
3590 3103 3672 3141 re-

2020 3173 2232 3243 probos
2252 3177 2307 3227 et
2329 3172 2688 3237 duricordes,
2709 3173 2808 3244 qui
2833 3173 3126 3227 noluerint
3157 3174 3409 3228 credere.
3433 3175 3667 3230 Necnon

2019 3260 2191 3314 etiam
2220 3261 2570 3331 przecipitur,
2590 3266 2654 3315 ut
2675 3261 2897 3316 elevent
2919 3261 3154 3333 signum
3178 3261 3368 3317 crucis
3392 3263 3460 3317 ad
3491 3281 3670 3335 popu-

248 3370 350 3406 nes
376 3351 787 3406 comedebant:
809 3353 907 3405 sed
933 3357 1061 3423 post
1083 3352 1310 3406 Domini
1329 3353 1638 3407 adventum
1659 3354 1902 3408 virtutes
1935 3330 1976 3393 (ἶ
2016 3349 2138 3403 lum
2163 3349 2490 3418 nationum,
2516 3349 2570 3403 id
2605 3355 2694 3404 est
2719 3354 2780 3404 ut
2811 3352 3160 3406 annuntient
3180 3351 3228 3406 ei
3254 3351 3589 3425 passionem
3612 3356 3670 3407 et

245 3445 302 3494 et
331 3440 540 3495 laudes
578 3439 845 3494 Ecclesia:
888 3457 1001 3494 non
1044 3442 1422 3496 comederunt
1454 3443 1767 3508 dmmones,
1802 3445 1901 3498 sed

247 3529 537 3583 Dominus
558 3528 848 3598 epulatus,
869 3528 924 3581 id
949 3533 1037 3583 est
1059 3529 1288 3583 laetatus
1311 3534 1367 3583 et
1390 3530 1710 3587 delectatus
1732 3537 1818 3586 est
1847 3532 1901 3586 in

247 3618 352 3672 eis.
374 3617 553 3672 Cibus
584 3617 760 3670 etiam
785 3617 1120 3671 Judmorum
1150 3624 1274 3672 erat
1303 3619 1556 3674 triticum
1590 3625 1647 3674 et
1677 3622 1902 3688 vinum,

247 3707 402 3777 quod
431 3705 783 3776 signiﬁcavit
800 3723 1013 3777 corpus
1037 3711 1090 3760 et
1113 3708 1460 3778 sanguinem
1481 3709 1733 3776 Domini,
1756 3710 1907 3765 sicut

247 3794 371 3866 ipse
404 3793 549 3847 dixit
584 3810 637 3847 ;‹‹
665 3793 807 3848 Caro
839 3794 993 3849 enim
1031 3813 1160 3850 mea
1189 3814 1320 3851 vere
1352 3801 1440 3851 est
1471 3797 1657 3866 cibus,
1685 3803 1739 3853 et
1770 3817 1904 3854 san-

245 3880 378 3950 guis
407 3897 574 3934 meus
598 3897 729 3935 vere
762 3885 850 3935 est
885 3887 1058 3952 potus
1083 3888 1268 3950 (Joan.
1289 3886 1400 3951 vi):
1433 3909 1456 3931 η
1483 3886 1620 3956 quia
1653 3904 1766 3940 non
1801 3906 1904 3941 su-

245 3973 492 4023 muntur
520 3969 593 4022 ab
625 3969 913 4023 hmrctieis
937 3975 992 4024 et
1017 3973 1262 4043 paganis
1289 3973 1544 4027 inimicis
1571 3979 1784 4028 sanctrc
1808 3977 1906 4030 Ec-

243 4057 455 4112 clesize'.
492 4057 549 4111 Si
585 4059 818 4128 dedero,
853 4058 907 4112 id
956 4064 1062 4122 est,
1101 4079 1212 4114 non
1246 4062 1457 4116 dedero
1487 4062 1572 4116 vel
1606 4081 1718 4116 non
1752 4065 1902 4120 dabo

242 4147 520 4216 deinceps
543 4146 804 4200 triticum
827 4148 911 4202 vel
937 4149 1135 4202 vinum
1164 4153 1352 4214 tuum,
1379 4150 1437 4203 in
1463 4168 1576 4220 quo
1599 4151 1898 4220 laborasti,

242 4235 298 4288 in
336 4235 534 4289 cibum
581 4235 834 4289 inimicis
867 4236 1003 4302 tuis,
1033 4237 1084 4290 id
1129 4242 1237 4304 est,
1263 4237 1465 4292 laudes
1507 4244 1562 4292 et
1602 4257 1776 4311 opera
1802 4245 1902 4295 tua

244 4339 359 4376 non
398 4323 547 4376 dabo
579 4325 967 4391 dmmonibUs,
1003 4327 1101 4380 sed
1149 4343 1252 4397 ego
1294 4327 1610 4398 suspiciam
1644 4345 1762 4382 cas.
1795 4329 1898 4384 Vel

240 4427 457 4482 corpus
481 4415 536 4465 et
559 4412 904 4484 sanguinem
942 4431 1159 4481 meum,
1185 4413 1244 4468 in
1277 4432 1392 4485 quo
1425 4419 1485 4468 tu
1508 4415 1738 4471 laboras
1771 4435 1900 4472 con-

241 4500 548 4564 secrando,
584 4517 696 4554 non
751 4501 900 4554 dabo
939 4501 1226 4557 haereticis
1256 4507 1311 4556 et
1343 4504 1588 4575 paganis
1639 4505 1894 4560 inimicis

239 4587 363 4642 tuis
387 4587 484 4658 qui
518 4587 690 4642 alieni
715 4593 855 4644 sunt
887 4607 920 4643 a
951 4607 1043 4644 me
1073 4594 1129 4645 et
1152 4609 1184 4646 a
1207 4592 1316 4646 ﬁde
1340 4596 1460 4646 tua.
1479 4595 1666 4658 Quare
1697 4599 1892 4648 autem

2015 3439 2520 3493 resurrectionem.
2547 3439 2822 3511 Sequitur
2846 3457 2858 3495 :

2087 3528 2278 3585 «Ecce
2308 3527 2585 3582 Dominus
2609 3528 2874 3582 auditum
2902 3527 3034 3583 fecit
3066 3529 3120 3583 in
3147 3531 3421 3586 extremis
3445 3535 3667 3587 terres.»

2017 3616 2311 3687 Subaudis
2347 3634 2447 3687 per
2478 3617 2772 3688 apostolos
2798 3618 2970 3671 ﬁdem
3005 3636 3122 3672 suae
3155 3619 3446 3690 passionis
3468 3624 3523 3675 et
3555 3639 3670 3693 my-

2017 3705 2192 3758 steria
2233 3723 2350 3759 suze
2399 3705 2902 3759 resurrectionis.«
2931 3706 3114 3760 Dicite
3155 3707 3284 3762 ﬁlia)
3326 3709 3462 3764 Sion
3491 3711 3668 3765 :Ecce

2017 3793 2279 3847 Salvator
2301 3798 2438 3847 tuus
2457 3794 2630 3859 venit,
2647 3812 2776 3848 ecce
2800 3812 3020 3849 merces
3043 3797 3170 3866 ejus
3189 3815 3320 3851 cum
3342 3802 3499 3865 eo,et
3519 3815 3667 3869 opus

2015 3884 2143 3950 ejus
2175 3899 2370 3934 coram
2405 3881 2520 3934 illo.
2553 3905 2578 3927 ››
2602 3882 2957 3936 Custodibus
2992 3901 3293 3938 murorum
3326 3883 3549 3955 angelis
3579 3885 3665 3942 vel

2016 3968 2313 4039 prophetis
2345 3968 2463 4022 sive
2495 3969 2774 4039 apostolis
2818 3970 3166 4041 praecipitur,
3194 3977 3258 4026 ut
3288 3971 3667 4043 alloquantur

2017 4057 2193 4110 ﬁliam
2221 4057 2380 4122 Sion,
2402 4057 2507 4110 hoc
2532 4062 2620 4111 est
2644 4057 2959 4112 Eeclesiam
2993 4058 3504 4131 prin1itivam,qua2
3534 4062 3664 4118 ideo

2014 4145 2133 4198 ﬁlia
2165 4145 2300 4199 Sion
2336 4145 2570 4214 dicitur,
2594 4144 2678 4198 vel
2713 4145 2851 4215 quia
2894 4147 3150 4216 primum
3184 4165 3251 4202 ex
3288 4149 3508 4203 Judaais
3539 4151 3663 4205 col-

2010 4234 2160 4289 lecta
2191 4239 2296 4289 est.
2324 4236 2402 4288 De
2425 4253 2541 4306 qua
2562 4234 2701 4289 dicit
2733 4235 2789 4288 in
2814 4236 3046 4292 Cantico
3069 4239 3428 4293 canticorum
3457 4257 3506 4293 :«
3534 4241 3658 4296 Filii

2011 4324 2216 4378 matris
2249 4341 2387 4378 mea:
2421 4329 2830 4396 pugnaverunt
2873 4331 3074 4380 contra
3111 4345 3202 4382 me
3225 4329 3399 4396 (Ca-nt.
3426 4331 3486 4395 1).
3509 4353 3535 4377 ››
3558 4329 3659 4384 Vel

2009 4418 2314 4484 prepterea
2363 4412 2692 4484 appellatur
2741 4413 2879 4482 ﬁlia,
2915 4414 3056 4487 quia
3087 4433 3122 4470 a
3156 4417 3396 4472 Domino
3447 4435 3657 4473 nomen

2009 4501 2309 4555 ﬁliationis
2331 4502 2755 4572 accepit,juxta
2776 4504 2931 4574 quod
2953 4503 3210 4560 Joannes
3232 4504 3373 4559 dicit
3397 4522 3448 4559 ;‹‹
3475 4509 3656 4572 Quot-

2008 4593 2149 4660 quot
2172 4595 2511 4662 receperunt
2532 4608 2688 4654 eum,
2710 4590 2870 4644 dedit
2895 4591 2979 4646 eis
3011 4597 3356 4663 potestatem
3383 4594 3532 4649 ﬁlios
3554 4595 3654 4650 Dei

242 4692 360 4730 non
394 4677 492 4730 det
529 4675 786 4732 inimicis
826 4677 1022 4733 cibum
1067 4679 1349 4748 ﬁdelium,
1387 4682 1724 4738 manifestat
1760 4701 1891 4738 cum
1923 4695 1971 4759 D
2010 4679 2128 4733 ﬁeri
2165 4679 2470 4750 (Joan.1).n
2499 4677 2696 4745 Dicite,
2724 4679 2938 4750 inquit,
2963 4681 3122 4752 Sion,
3157 4681 3212 4736 id
3239 4687 3328 4736 est
3347 4683 3654 4754 primitivze

241 4764 387 4819 dicit
419 4783 431 4819 :

281 4851 284 4854 ’
313 4876 338 4901 ‹‹
367 4853 513 4918 Quia
535 4854 632 4925 qui
663 4859 1021 4926 congregant
1051 4855 1220 4923 illud,
1247 4880 1271 4905 ››
1295 4857 1579 4914 subaudis
1612 4860 1892 4930 triticum,

241 4962 270 4992 ι(
288 4943 597 4998 comedent
620 4942 855 5010 illud,ct
875 4944 1201 4998 laudabunt
1226 4945 1537 5001 Dominum
1565 4948 1892 5005 Creatorem

237 5048 413 5084 suum
443 5047 454 5083 :
481 5035 537 5085 et
567 5031 667 5102 qui
710 5035 1078 5104 comportant
1118 5033 1328 5101 illud,»
1353 5036 1637 5091 subaudis
1667 5039 1889 5106 vinum,

239 5117 501 5195 «.bibent
541 5119 600 5173 in
644 5121 808 5174 atriis
858 5121 1081 5177 sanctis
1130 5123 1298 5189 meis,
1325 5148 1347 5174 ι
1385 5123 1493 5178 hoc
1525 5125 1782 5196 quotidie
1832 5126 1890 5182 in

232 5210 439 5262 sancta
469 5207 728 5262 Ecclesia
760 5225 828 5262 ex
879 5213 1042 5280 parte
1074 5209 1418 5281 completur,
1438 5215 1493 5265 ct
1523 5229 1590 5266 ex
1639 5218 1800 5284 parte
1830 5215 1889 5271 in

229 5295 447 5348 azterna
477 5294 976 5372 beatit.udine_.Qui
1011 5302 1150 5351 sunt
1179 5297 1296 5365 isti,
1323 5300 1420 5370 qui
1451 5306 1806 5373 congregant
1835 5309 1892 5358 et

233 5379 333 5451 qui
371 5385 741 5453 comportant
773 5383 1053 5454 triticum,
1077 5389 1134 5439 et
1157 5385 1254 5456 qui
1289 5387 1489 5441 bibent
1525 5389 1579 5442 in
1603 5389 1765 5444 atriis
1787 5392 1890 5446 Do-

229 5465 400 5533 mini,
418 5468 474 5522 id
495 5469 658 5522 estin
679 5470 1014 5526 diversoriis
1031 5471 1338 5527 Ecclesiae?
1355 5476 1642 5547 Episcopi,
1661 5479 1888 5550 presby-

229 5554 363 5620 teri,
380 5555 673 5623 diacones,
698 5557 1106 5628 subdiaconcs,
1135 5579 1454 5633 omnesque
1479 5562 1728 5616 ministri
1753 5565 1892 5619 alta-

230 5641 336 5710 ris,
356 5643 455 5713 qui
490 5655 846 5716 congregant
871 5652 927 5700 et
958 5650 1282 5719 portant,id
1315 5649 1525 5720 estqui
1561 5659 1888 5721 pra-parant

231 5734 291 5784 et
324 5736 665 5787 consecrant
698 5751 907 5804 corpus
939 5739 993 5789 et
1027 5738 1373 5805 sanguinem
1422 5737 1672 5802 Dommi,
1707 5745 1762 5792 et
1795 5759 1884 5795 co-

2006 4767 2291 4822 Ecclesize.
2328 4769 2453 4820 l‘lzec
2485 4785 2611 4838 quae
2644 4767 2939 4835 dicuntur,
2958 4770 3028 4823 ad
3063 4771 3387 4825 secundum
3421 4772 3652 4826 Domini

2006 4857 2318 4911 adventum
2371 4855 2679 4928 pertinent.
2707 4879 2732 4904 «
2769 4857 2912 4911 Ecce
2951 4857 3206 4914 salvator
3243 4863 3381 4914 tuus
3420 4860 3595 4927 venit,
3621 4883 3648 4909 »

2005 4963 2107 5016 pro
2138 4964 2203 4999 eo
2235 4945 2388 5016 quod
2421 4949 2510 4998 est
2532 4945 2721 4998 veniet
2753 4943 2810 4998 in
2835 4945 2926 5000 die
2949 4947 3157 5016 judicii
3182 4965 3314 5002 cum
3347 4949 3571 5021 angelis
3595 4952 3653 5004 et

2002 5034 2389 5106 archangelis,
2419 5032 2809 5105 omnibusun
2841 5034 3157 5091 virtutibus
3189 5036 3487 5092 cwlorum.
3508 5039 3651 5093 Ecce

2003 5141 2223 5179 merces
2245 5125 2371 5194 ejus
2395 5139 2529 5177 eum
2551 5140 2636 5191 eo,
2663 5128 2726 5178 ut
2749 5129 3078 5180 remuneret
3097 5125 3309 5181 electos
3332 5130 3390 5181 et
3411 5126 3650 5182 damnet

2001 5214 2295 5284 reprobos.
2322 5213 2388 5266 Et
2408 5229 2556 5282 opus
2577 5211 2704 5280 ejus
2726 5229 2920 5266 coram
2947 5211 3068 5278 illo,
3094 5215 3149 5269 id
3173 5218 3261 5268 est
3286 5217 3650 5288 potestasju-

2001 5301 2229 5356 dicandi
2266 5301 2322 5354 in
2357 5305 2672 5370 conspectu
2705 5299 2883 5355 illius.

2071 5414 2096 5439 ‹‹
2131 5391 2200 5444 Et
2229 5390 2519 5444 vocabunt
2558 5406 2676 5456 eos,
2705 5413 2730 5436 ››
2765 5390 3050 5446 subaudis
3098 5391 3195 5462 qui
3248 5392 3642 5461 crediderunt,

1999 5501 2023 5527 ‹‹
2052 5477 2328 5550 populum
2356 5481 2648 5544 sanctum,
2677 5479 3042 5548 redemptum
3064 5498 3095 5533 a
3117 5480 3418 5534 Domino.»
3441 5480 3643 5553 Angeli

1999 5572 2055 5620 et
2074 5559 2320 5639 apostoli
2345 5565 2557 5635 aliique
2582 5566 2844 5620 doctores
2867 5569 3301 5637 Cilligam-lentes
3321 5569 3405 5624 eis
3422 5569 3519 5640 (Ιυί
3544 5587 3646 5641 Per

1997 5673 2196 5710 eorum
2223 5653 2688 5724 praedicationem
2716 5654 3410 5722 crediderunt,vocabunt
3429 5676 3526 5713 eos
3549 5675 3644 5729 po-

2001 5744 2202 5817 pulum
2232 5746 2522 5811 sanctum,
2549 5742 2914 5814 redemptum
2940 5762 2971 5799 a
2996 5745 3260 5802 Domino.
3287 5749 3495 5804 Beatus
3519 5749 3643 5804 Hie-
