3956 6394
317 400 475 463 ιοδι
689 403 1101 465 HAYMONIS
1147 402 1693 463 HALBERS'I‘A'I‘.
1742 401 1989 463 EPISC.
2035 401 2209 465 OPP.
2258 407 2457 469 PARS
2502 409 2550 470 Ι.
2599 444 2676 454 -
2719 411 3125 475 COMMENT.
3173 412 3370 475 BIBL.
3590 416 3746 478 1052

315 551 598 609 ronymus
621 535 763 592 dicit
782 535 841 590 in
865 536 1104 592 Hebraeo
1130 534 1329 591 haberi
1363 534 1647 609 populum
1680 553 1855 591 suum
1891 554 1974 591 rc-
1999 532 2057 602 Α
2088 534 2145 592 in
2176 537 2302 595 loco
2332 541 2515 598 Edom
2546 561 2661 600 non
2685 562 2789 618 pro
2823 562 3075 618 persona
3103 546 3283 616 illius,
3309 549 3409 604 sed
3434 564 3538 621 pro
3566 547 3744 607 inter-

316 626 646 699 demptum,
674 626 828 681 sicut
858 643 964 681 nos
987 627 1112 698 jam
1136 624 1363 681 dictum
1396 626 1708 689 habemus,
1735 629 1834 683 sed
1861 628 1985 699 qui-
2093 630 2419 698 pretatione
2450 633 2707 689 nominis
2736 634 2993 706 positum
3026 639 3138 703 est,
3158 635 3311 692 sicut
3335 641 3395 693 et
3422 638 3599 695 Bosra
3629 656 3744 695 non

313 718 449 774 dam
483 716 712 772 codices
744 715 965 770 habent
995 715 1249 787 populus
1281 719 1521 771 sanctus
1553 721 1609 772 et
1634 717 1921 788 redempti
1946 736 1981 774 a
2090 732 2195 787 pro
2226 717 2372 787 loco,
2396 723 2494 777 sed
2522 739 2625 794 pro
2649 722 3127 794 interpretatione
3157 724 3433 782 nominis.
3457 726 3745 801 Interpre-

312 804 767 875 Domino,juxta
790 805 945 875 quod
971 803 1065 858 hic
1088 805 1733 877 eritsensuszApostoli
1760 806 1978 879 aliique
2087 808 2248 861 tatur
2276 812 2472 864 autem
2527 811 2708 867 Bosra
2752 815 2970 868 munita
3000 813 3088 868 vel
3134 814 3319 885 ﬁrma,
3348 819 3405 870 et
3451 815 3745 888 signiﬁcat

311 896 580 949 doctores
603 893 898 948 vocabunt
927 908 1026 949 eos
1054 893 1153 965 qui
1187 894 1549 949 crediderint
1579 895 1841 951 dicentes
1865 914 1878 950 :
1912 898 1975 950 tu

312 1001 375 1039 es
396 981 651 1056 populus
671 986 935 1047 sanctus,
955 986 1011 1036 et
1031 1000 1133 1038 vos
1165 982 1307 1037 estis
1338 983 1624 1054 redempti
1651 1001 1685 1037 a
1709 982 1970 1039 Domino.

311 1073 422 1129 Sed
454 1071 729 1126 hebraica
758 1070 972 1126 veritas
999 1071 1258 1143 apertior
1277 1075 1333 1125 et
1356 1071 1580 1126 facilior
1612 1072 1723 1126 isto
1754 1072 1813 1126 in
1846 1072 1972 1128 loco

310 1161 581 1216 habetur.
606 1183 633 1210 α
669 1161 754 1215 Tu
792 1163 1047 1223 autem,»
1071 1178 1103 1213 0
1128 1159 1406 1225 Ecclesia,
1434 1183 1462 1209 «
1488 1160 1785 1216 vocaberis
1807 1179 1969 1233 quae-

310 1253 425 1306 sita
454 1249 679 1315 civitas,
703 1271 730 1299 n
757 1250 1046 1303 subaudis
1075 1267 1109 1303 a
1140 1250 1279 1314 Deo;
1304 1272 1328 1298 ‹‹
1364 1253 1420 1305 ct
1460 1268 1575 1304 non
1617 1250 1913 1305 derelicta.
1941 1274 1968 1302 ››

309 1341 716 1412 Nequaquam,
734 1338 1261 1410 inquit,vocaberis
1283 1338 1484 1393 civitas
1507 1338 1781 1394 derelicta
1803 1358 1835 1394 a
1860 1345 1969 1396 Deo

310 1428 464 1484 sicut
510 1429 833 1500 quondam,
875 1429 976 1483 sed
1031 1427 1331 1483 vocaberis
1388 1428 1592 1482 civitas
1642 1429 1886 1499 qumsila
1935 1448 1969 1485 a

309 1517 567 1581 Christo,
597 1520 655 1572 et
682 1517 812 1587 ejus
863 1515 1146 1587 sanguine
1194 1518 1516 1588 redempta.
1551 1517 1631 1571 De
1662 1535 1780 1589 qua
1826 1518 1969 1573 dicit

312 1606 596 1663 Dominus
654 1605 712 1660 in
773 1605 1083 1677 Evangelio
1118 1621 1130 1658 :
1169 1628 1197 1656 ‹‹
1238 1605 1411 1660 Venit
1470 1605 1651 1661 Filius
1708 1607 1967 1664 hominis

309 1712 568 1769 quaerere
599 1698 656 1750 et
685 1693 908 1750 salvare
938 1695 1094 1765 quod
1142 1695 1393 1766 perierat
1420 1696 1572 1764 (Luc.
1608 1698 1668 1763 ι).
1698 1719 1726 1745 ››
1752 1697 1822 1751 Et
1852 1696 1967 1751 ista

307 1789 396 1840 est
427 1783 549 1840 ovis
592 1783 680 1839 vel
730 1783 956 1852 civitas,
990 1801 1169 1856 quam
1219 1788 1422 1856 pastor
1468 1785 1659 1841 bonus
1707 1802 1967 1858 quaerere

306 1873 483 1929 venit.

902 1961 1136 2017 CAPUT
1177 1961 1369 2017 LXIII.

381 2078 409 2103 ‹‹
433 2053 574 2119 Quis
596 2056 683 2107 est
717 2052 825 2107 iste
855 2051 955 2123 qui
977 2050 1136 2106 venit
1157 2051 1228 2107 de
1248 2053 1453 2119 Edom,
1478 2053 1680 2109 tinctis
1700 2055 1966 2111 vestibus

306 2145 377 2199 de
409 2142 631 2198 Bosra?
663 2142 778 2197 Iste
810 2140 1102 2196 formosus
1142 2141 1201 2195 in
1248 2141 1399 2197 stola
1442 2159 1570 2209 sua,
1602 2145 1878 2215 gradiens
1905 2145 1963 2201 in

306 2231 691 2287 multitudine
718 2229 950 2285 virtutis
990 2248 1129 2286 suae.
1158 2229 1495 2303 iiAngelicze
1540 2233 1807 2303 quaedam
1862 2252 1964 2304 po-

306 2326 549 2379 testates
581 2321 639 2376 in
681 2319 825 2376 coelo
864 2319 1209 2387 residentes,
1241 2320 1576 2391 ignorantes
1616 2322 1962 2394 mysterium

305 2410 623 2469 Dominicae
656 2408 999 2476 nativitatis,
1038 2408 1348 2481 passionis,
1382 2411 1852 2480 resurrectionis,
1876 2430 1964 2468 as-

304 2499 719 2571 censionisque
749 2497 898 2569 ejus,
929 2514 1064 2552 cum
1093 2498 1378 2553 vidissent
1410 2499 1727 2555 Dominum
1760 2519 1961 2557 ascen-

306 2589 444 2646 dere
463 2588 536 2644 ad
562 2604 807 2660 superos
823 2603 956 2641 cum
983 2586 1362 2640 multitudine
1383 2587 1723 2659 angelorum
1746 2594 1803 2644 et
1825 2607 1961 2644 san-

304 2681 537 2733 ctorum
570 2675 898 2741 hominum,
926 2678 1117 2730 etnon
1149 2691 1317 2747 egere
1343 2675 1559 2732 auxilio
1582 2676 1834 2749 alicujus
1866 2697 1963 2735 an-

303 2766 593 2840 gelorum,
626 2765 727 2821 sed
760 2764 995 2837 propria
1024 2762 1239 2819 virtute
1283 2781 1460 2836 super
1488 2765 1688 2821 omnia
1725 2767 1962 2839 agmina

304 2854 585 2912 caelorum
618 2854 1031 2919 conscendere,
1061 2853 1322 2908 conversi
1376 2854 1435 2908 in
1484 2854 1959 2923 admirationem,

304 2943 598 3016 quomodo
629 2941 727 2997 ille
759 2940 858 3013 qui
900 2946 1054 2997 Deus
1086 2942 1440 2997 adorabatur
1480 2943 1537 2997 in
1586 2944 1750 3010 cmlo,
1782 2944 1959 3001 homo

304 3033 496 3088 factus
526 3034 584 3088 et
614 3034 885 3086 mortuus
912 3031 1270 3104 resurgendo
1304 3049 1419 3086 non
1451 3031 1641 3088 solum
1676 3032 1786 3088 sibi
1818 3033 1958 3101 Deo,

302 3123 403 3177 sed
430 3121 603 3177 etiam
627 3120 857 3177 cunctis
878 3124 1017 3175 tunc
1040 3121 1513 3189 ascendentibus,
1529 3125 1585 3176 et
1609 3127 1810 3193 postea
1831 3140 1961 3177 cre-

302 3209 812 3281 dentibusjanuas
832 3208 959 3265 cmli
985 3208 1236 3269 cmlestis
1258 3209 1506 3280 aperuit,
1527 3210 1798 3265 dixerunt
1827 3210 1959 3267 aliis

303 3298 530 3373 angelis
559 3276 876 3355 Dominum
911 3276 1330 3355 comitantibus
1353 3314 1403 3353 :«
1430 3299 1571 3364 Quis
1601 3304 1691 3353 est
1722 3299 1832 3355 iste
1854 3300 1954 3371 qui
1987 3276 2031 3343 (ἶ

299 3389 458 3444 venit
478 3390 549 3444 de
571 3389 778 3458 Edom,
793 3386 993 3442 tinctis
1015 3387 1279 3444 vestibus
1297 3388 1367 3443 de
1385 3388 1606 3443 Bosra?
1622 3388 1793 3444 nTale
1813 3389 1955 3461 quid

301 3480 359 3532 et
381 3474 691 3531 Psalmista
705 3490 775 3529 ex
796 3490 1044 3546 persona
1059 3475 1400 3529 eorumdem
1419 3474 1759 3547 angelorum
1777 3475 1953 3531 dicit:

301 3585 331 3613 ‹‹
356 3563 499 3629 Quis
529 3566 619 3619 est
648 3562 758 3617 iste
790 3578 888 3616 rex
925 3560 1119 3633 gloria:
1153 3563 1324 3631 (Psal.
1356 3562 1596 3633 xxm)?»
1620 3563 1729 3618 Sed
1763 3561 1956 3619 corisi-

301 3650 599 3706 derandus
629 3653 718 3704 est
763 3647 963 3703 istoin
995 3648 1121 3703 loco
1159 3648 1357 3704 varius
1397 3666 1588 3704 sermo
1628 3650 1955 3706 doctorum.

302 3739 517 3795 Beatus
566 3737 861 3809 siquidem
912 3737 1279 3809 Augustinus
1323 3735 1382 3790 in
1413 3737 1773 3808 expositione
1822 3738 1955 3793 libri

301 3829 592 3886 Genescos
612 3827 775 3893 dicit,
801 3826 955 3898 quod
979 3842 1185 3880 omnes
1207 3824 1397 3898 angeli
1426 3826 1627 3881 statim
1651 3830 1716 3881 ut
1736 3827 1953 3881 conditi

300 3920 459 3980 sunt,
483 3919 880 3987 cognoverunt
917 3914 976 3968 in
1022 3913 1514 3984 contemplatione
1543 3914 1833 3971 Creatoris
1865 3915 1956 3971 sui

300 4004 588 4078 quidquid
610 4004 736 4076 ipse
757 4004 995 4058 Creator
1014 4003 1276 4058 facturus
1298 4006 1440 4057 erat.
1462 4005 1728 4059 Attamen
1750 4004 1957 4060 beatus

302 4094 688 4166 Hieronymus
720 4098 919 4165 aperte
953 4092 1212 4147 declarat
1243 4091 1381 4165 quia
1411 4092 1649 4147 fuerunt
1680 4094 1955 4165 angelicae

299 4183 618 4256 dignitates
644 4200 769 4255 quae
794 4184 977 4237 donec
1000 4182 1374 4254 perﬁceretur
1395 4182 1739 4253 mysterium
1763 4183 1956 4237 incar-

301 4272 559 4329 nationis
592 4276 650 4327 et
682 4270 976 4344 passionis
1008 4270 1245 4339 Christi,
1280 4272 1351 4326 ad
1384 4270 1678 4343 liquidum
1710 4289 1823 4327 non
1857 4290 1957 4327 co-

300 4360 807 4435 gnoverunt,sicut
824 4359 1099 4431 superius
1112 4361 1238 4431 jam
1257 4360 1712 4415 diximus.Verbi
1732 4362 1954 4433 gratia:

301 4451 465 4508 Sicut
492 4454 549 4506 et
580 4467 687 4506 nos
725 4448 795 4505 de
835 4449 930 4505 die
969 4448 1181 4520 judicii
1215 4465 1283 4504 ex
1315 4453 1477 4521 parte
1524 4451 1956 4523 cognoscimus,

302 4556 428 4612 quas
461 4539 540 4595 ibi
575 4541 826 4611 agentur
872 4555 976 4609 per
1022 4536 1433 4593 revelationem
1466 4542 1802 4593 sanctorum
1851 4555 1958 4610 pa-

1994 1906 2043 1971 B

2086 893 2172 949 vel
2201 895 2497 953 infernum
2520 898 2620 954 ubi
2643 899 2855 956 clausae
2878 904 3019 956 sunt
3042 901 3251 957 animae
3273 906 3661 972 mortuorum,
3685 910 3744 962 et

2084 984 2179 1039 cui
2203 985 2448 1041 adhibiti
2470 992 2611 1043 sunt
2632 988 2960 1046 ﬁrmissimi
2981 991 3275 1047 custodes.
3292 995 3368 1047 De
3384 1009 3501 1064 qua
3515 993 3740 1050 civitate

2083 1072 2228 1128 dicit
2260 1073 2575 1131 Psalmista
2610 1093 2676 1133 :«
2712 1078 2854 1143 Quis
2886 1079 3135 1134 deducet
3179 1096 3274 1136 me
3330 1081 3390 1136 in
3451 1081 3738 1138 civitatem

2084 1163 2372 1217 munitam
2398 1164 2568 1235 (Psal.
2596 1166 2744 1233 Lix)?
2768 1188 2793 1214 ››
2815 1165 2918 1221 Vel
2950 1167 3129 1222 etiam
3154 1167 3449 1241 signiﬁcat
3479 1170 3741 1226 Hierusa-

2080 1248 2194 1305 lem
2229 1254 2687 1325 terrenam,quze
2711 1254 3075 1310 ﬁrmissimis
3102 1256 3290 1312 muris
3324 1256 3436 1312 fuit
3466 1261 3599 1312 ante
3627 1257 3735 1312 cir-

2080 1341 2357 1396 cumdata
2388 1341 2445 1395 in
2478 1359 2595 1414 qua
2634 1360 2847 1414 passus
2879 1348 2969 1398 est
3007 1343 3309 1400 Dominus.
3334 1345 3516 1416 Cujus
3545 1347 3733 1401 nomi-

2079 1429 2172 1484 nis
2198 1431 2609 1503 etymologiam
2642 1433 2924 1488 llomerus
2946 1432 3197 1488 eximius
3217 1436 3387 1506 poeta
3405 1434 3732 1491 Grmcorum

2077 1535 2393 1591 exponens,
2429 1521 2585 1577 sicut
2639 1521 2935 1593 Joscphus
2989 1526 3210 1587 narrat,
3237 1522 3321 1577 ita
3376 1522 3523 1577 dixit
3581 1524 3731 1595 quod

2078 1607 2280 1678 ierom,
2308 1626 2343 1663 a
2372 1626 2488 1681 quo
2522 1608 2907 1677 Hierusalem,
2942 1604 3365 1683 interpretatur
3401 1612 3618 1667 munita
3644 1611 3731 1667 vel

2074 1697 2256 1768 ﬁrma.
2282 1700 2577 1763 Quantum
2599 1713 2734 1753 vero
2758 1698 2831 1752 ad
2864 1697 3121 1754 litteram
3148 1699 3419 1771 pertinet,
3440 1700 3620 1755 Bosra
3647 1699 3729 1755 ci-

2073 1785 2226 1841 vitas
2248 1803 2436 1858 neque
2462 1787 2519 1841 in
2549 1791 2705 1843 terra
2737 1786 3213 1859 repromissionis
3239 1803 3428 1861 neque
3460 1787 3520 1843 in
3551 1788 3729 1843 Edom

2075 1874 2188 1929 sita
2208 1874 2444 1946 fuit,sed
2470 1874 2529 1930 in
2556 1875 2747 1932 Moab.
2773 1876 3146 1948 Interrogant
3171 1892 3307 1949 ergo
3328 1876 3596 1948 quaedam
3627 1894 3726 1932 an-

2076 1962 2272 2036 gelica:
2294 1964 2637 2037 dignitates,
2654 1964 2786 2021 illos
2808 1964 3151 2038 angelorum
3175 1965 3381 2021 choros
3402 1965 3503 2030 qui
3531 1966 3728 2022 Domi-

2076 2069 2219 2108 num
2269 2052 2744 2109 comitabantur:
2770 2077 2799 2103 ‹‹
2825 2053 2966 2120 Quis
3013 2058 3104 2108 est
3133 2053 3244 2109 iste
3274 2054 3371 2127 qui
3404 2071 3540 2111 eum
3569 2058 3726 2111 tanto

2074 2139 2332 2197 exercitu
2352 2141 2510 2197 venit
2531 2142 2600 2197 de
2614 2142 2973 2208 Edomphoc
2984 2143 3159 2198 estde
3179 2147 3477 2198 terrenoet
3490 2148 3727 2199 cruento

2074 2230 2365 2285 mundo?«
2387 2231 2457 2285 Et
2476 2229 2675 2286 tinctis
2696 2230 3018 2296 vestibus,»
3046 2230 3101 2285 id
3124 2234 3215 2286 est
3232 2230 3522 2304 corporeis
3544 2248 3724 2287 mem-

2074 2319 2197 2375 bris
2221 2341 2249 2367 ‹‹
2270 2320 2427 2374 venit
2448 2320 2520 2375 de
2546 2320 2781 2388 Bosra,»
2806 2319 2865 2376 id
2888 2324 2979 2376 est
3000 2320 3071 2376 de
3100 2320 3328 2377 munita
3348 2320 3578 2377 civitate
3598 2321 3726 2377 Hie-

2073 2407 2330 2464 rusalem
2355 2407 2455 2463 ubi
2478 2425 2692 2480 passus
2713 2409 2924 2477 est,vel
2949 2410 3021 2464 de
3051 2408 3279 2465 inferno
3308 2410 3380 2465 de
3411 2427 3526 2482 quo
3545 2410 3735 2466 victor.

2072 2495 2249 2551 exiit?
2265 2497 2388 2551 Non
2409 2497 2563 2570 quod
2583 2496 2768 2553 tincta
2785 2496 2906 2553 sive
2925 2514 3193 2569 respersa
3209 2498 3473 2554 membra
3488 2498 3727 2555 haberet

2071 2601 2138 2639 ex
2161 2601 2263 2639 san
2272 2584 2576 2657 guine,qui
2600 2586 2864 2642 manavit
2882 2603 2951 2642 ex
2971 2586 3153 2645 latere
3168 2591 3227 2642 et
3248 2585 3392 2642 locis
3407 2586 3722 2655 clavorum,

2072 2675 2173 2730 sed
2195 2691 2298 2745 pro
2319 2673 2693 2730 cicatricibus
2714 2692 2841 2748 qua:
2863 2676 3056 2731 adhuc
3077 2676 3361 2748 parebant
3390 2674 3449 2730 in
3480 2692 3720 2748 corpore

2070 2762 2253 2819 illius.
2270 2763 2601 2819 Persistunt
2621 2763 2797 2819 etiam
2821 2765 2883 2819 in
2902 2781 3010 2819 sua
3032 2763 3417 2820 admiratione
3439 2763 3725 2836 angeli,et

2071 2852 2438 2925 interrogant
2459 2852 2747 2909 dicentes:
2766 2853 2879 2909 Iste
2901 2854 3196 2909 formosus
3215 2852 3274 2907 in
3299 2852 3449 2908 stola
3462 2869 3588 2919 sua,
3604 2853 3722 2909 sive

2071 2940 2333 3014 pulcher,
2360 2940 2492 3013 quis
2525 2945 2614 2996 est
2642 2941 2917 3015 gradiens
2939 2941 2999 2996 in
3023 2941 3402 2997 multitudine
3430 2939 3721 2996 fortitudi-

2071 3030 2164 3087 nis
2193 3031 2351 3086 suae‘?
2380 3032 2459 3086 Ac
2489 3030 2537 3086 si
2570 3030 2832 3087 dicerent
2869 3030 3003 3086 aliis
3039 3030 3271 3087 verbis:
3307 3029 3447 3096 Quis
3484 3034 3575 3085 est
3611 3029 3722 3086 iste

2070 3120 2365 3175 formosus
2392 3123 2450 3174 et
2472 3122 2589 3173 tam
2614 3118 2860 3174 decorus
2885 3118 2945 3173 in
2967 3118 3118 3175 stola
3141 3135 3268 3187 sua,
3296 3117 3405 3174 hoc
3427 3122 3516 3174 est
3536 3118 3595 3173 in
3618 3118 3720 3173 ha-

2067 3208 2194 3264 bitu
2221 3206 2609 3263 humanitatis
2629 3225 2749 3263 sua:
2769 3207 3066 3280 gradiens,
3091 3207 3177 3263 vel
3202 3207 3523 3263 ascendens
3545 3223 3721 3278 super

2069 3314 2276 3352 omnes
2322 3295 2521 3362 cmlos,
2545 3295 2603 3350 in
2642 3296 3023 3353 multitudine
3060 3294 3292 3350 virtutis
3330 3312 3469 3360 sum,
3504 3295 3623 3350 sive
3658 3294 3718 3349 in

2067 3385 2433 3458 plenitudine
2455 3383 2779 3441 divinitatis
2808 3401 2948 3451 suae,
2972 3384 3297 3440 ascendens
3320 3401 3496 3457 super
3524 3384 3721 3439 omnia

2068 3474 2306 3546 agmina
2335 3473 2615 3529 caelorum
2647 3473 2775 3528 sine
2801 3473 3018 3528 auxilio
3052 3471 3304 3544 alicujus
3334 3470 3674 3545 angelorum
3692 3471 3719 3526 ?

2069 3564 2183 3620 Iste
2215 3566 2306 3619 est
2334 3563 2648 3627 formosus,
2668 3560 2763 3617 cui
2794 3560 2940 3616 dixit
2971 3561 3286 3617 Psalmista
3316 3577 3377 3616 τι(
3409 3560 3719 3632 Speciosus

2068 3653 2256 3708 forma
2286 3669 2403 3723 pra:
2435 3651 2574 3706 ﬁliis
2606 3650 2914 3707 hominum
2949 3650 3120 3722 (Psal.
3145 3649 3353 3720 xuv).»
3378 3649 3718 3705 Formosum

2066 3741 2339 3797 dicebant
2393 3739 2619 3811 antiqui
2677 3738 2955 3806 calidum,
2991 3739 3146 3794 unde
3203 3739 3494 3793 formosus
3551 3736 3719 3809 quasi

2067 3829 2316 3895 calidus,
2342 3845 2407 3884 eo
2431 3829 2586 3900 quod
2610 3845 2679 3883 ex
2698 3826 2892 3883 calore
2912 3826 3273 3882 rubicundus
3294 3824 3504 3881 existat
3533 3824 3720 3881 instar

2068 3934 2334 3974 rosarum
2344 3959 2357 3972 .

2139 4030 2165 4057 ‹‹
2202 4008 2319 4079 Ego
2350 4005 2450 4078 qui
2480 4005 2690 4077 loquor
2719 4004 3038 4077 justitiam,
3072 4008 3128 4058 et
3158 4006 3554 4075 prepugnator
3584 4019 3716 4057 sum

2067 4097 2137 4151 ad
2172 4095 2541 4151 salvandum.
2569 4116 2596 4141 ››
2617 4093 2854 4166 Angelis
2884 4093 3214 4149 tacentibus
3245 4091 3346 4165 qui
3377 4089 3713 4164 interrogati

2068 4186 2321 4249 fuerant,
2346 4183 2481 4255 quis
2510 4186 2668 4238 esset
2693 4182 2792 4254 qui
2816 4181 3052 4254 propria
3084 4180 3425 4238 fortitudine
3453 4180 3720 4235 ascende-

2068 4275 2168 4330 bat
2189 4274 2260 4329 de
2281 4277 2513 4328 terreno
2531 4274 2587 4326 et
2608 4274 2849 4327 cruento
2873 4271 3093 4326 mundo
3110 4286 3288 4342 super
3303 4284 3506 4323 omnes
3523 4266 3716 4334 ccelos,

2069 4362 2187 4417 illis
2206 4362 2384 4417 etiam
2402 4376 2752 4431 responsum
2773 4376 2887 4415 non
2901 4358 3284 4415 reddentibus
3296 4356 3397 4430 qui
3408 4356 3719 4413 Dominum

2069 4449 2524 4517 comitabantur,
2560 4448 2864 4521 respondit
2905 4448 3032 4520 ipse
3064 4447 3367 4515 Dominus,
3400 4445 3669 4517 inquiens
3700 4458 3714 4496 :

2067 4538 2260 4594 Vultis
2283 4537 2433 4595 scire
2454 4536 2588 4610 quis
2610 4536 2723 4593 sim
2748 4551 2854 4609 ego
2867 4535 2926 4590 ‘Iu
2950 4536 3069 4607 Ego
3092 4551 3222 4590 sum
3246 4533 3340 4589 cui
3367 4534 3532 4591 Pater
3550 4547 3719 4588 omne

300 4631 557 4697 trum,et
578 4644 647 4682 ex
664 4631 827 4699 parte
848 4625 1212 4699 ignoramus.
1234 4627 1346 4682 Sed
1371 4630 1570 4681 utrum
1594 4626 1956 4699 incognitum
1994 4645 2038 4709 D
2060 4628 2356 4701 judicium
2383 4626 2799 4699 dedit(Joan).»
2817 4626 2994 4682 Juxta
3024 4624 3179 4697 quod
3209 4623 3519 4680 Psalmista
3538 4620 3715 4677 dicit:

302 4716 421 4773 illis
454 4716 630 4772 fuerit
657 4732 729 4771 an
768 4732 906 4782 non,
929 4714 1097 4770 nobis
1120 4731 1232 4770 non
1259 4719 1347 4771 est
1378 4713 1633 4786 amplius
1660 4715 1960 4787 inquiren-

302 4806 466 4874 dum,
492 4805 606 4860 nisi
631 4804 785 4876 quod
812 4803 1098 4859 Dominus
1129 4803 1252 4875 ipse
1286 4802 1660 4859 manifestare
1687 4803 1966 4876 dignatus

304 4899 412 4951 est.
441 4892 682 4950 Occulta
711 4891 868 4947 enim
901 4894 1030 4964 ejus
1062 4896 1203 4947 sunt
1222 4891 1698 4964 judicia.Tamen
1725 4891 1834 4948 hoc
1865 4894 1962 4948 ﬁr-

305 4985 478 5039 miter
508 4987 799 5049 tenemus,
827 4982 966 5054 quia
998 4981 1281 5054 propheta
1312 4981 1657 5037 admirando
1689 4982 1799 5038 hoc
1830 5000 1961 5055 pro-

307 5073 443 5129 tulit
462 5089 531 5127 ex
553 5087 805 5143 persona
824 5070 1059 5126 illorum
1082 5068 1556 5142 angelorum,qui
1577 5070 1720 5126 caalo
1753 5072 1967 5127 reside-

308 5159 471 5226 bant,
496 5159 773 5231 inquiens
797 5175 845 5214 ;‹‹
870 5158 1011 5226 Quis
1033 5164 1123 5214 est
1152 5159 1263 5214 iste
1285 5158 1384 5231 qui
1405 5158 1565 5215 venit
1585 5160 1655 5214 de
1686 5160 1865 5215 Edam
1883 5159 1911 5215 7
1931 5182 1959 5211 η

305 5249 489 5304 Edom
515 5247 639 5320 ipse
660 5251 749 5302 est
770 5248 944 5316 Esau,
966 5247 1091 5319 ipse
1113 5251 1201 5302 est
1222 5246 1630 5302 Seir.Vocatus
1653 5252 1744 5303 est
1763 5252 1961 5304 autem

306 5336 490 5391 Edom
513 5335 585 5389 ab
608 5334 802 5392 edulio
826 5336 1019 5402 lentis,
1044 5341 1278 5408 propter
1297 5336 1452 5408 quod
1471 5335 1731 5391 vendidit
1752 5336 1964 5409 primo-

309 5423 507 5492 genita
528 5439 653 5479 sua.
676 5426 747 5480 Et
777 5424 1194 5496 interpretatur
1220 5426 1404 5481 Edom
1435 5432 1683 5480 terrenus
1712 5426 1797 5481 vel
1827 5443 1961 5481 san-

310 5511 542 5577 guineus
558 5512 677 5567 sive
693 5512 1265 5586 cruentus,signiﬁcat
1286 5514 1445 5569 hunc
1467 5514 1756 5569 mundum
1775 5534 1787 5583 ;
1806 5517 1962 5572 Esau

314 5609 446 5646 vero
478 5593 913 5671 interpretatur,
938 5617 1196 5671 querceus
1244 5601 1330 5657 vel
1379 5602 1668 5669 roborcus;
1715 5603 1843 5658 Seir
1870 5603 1963 5658 hi-

339 5676 522 5743 Pidus,
556 5684 611 5738 id
646 5694 735 5745 est
772 5691 1005 5762 pilosus.
1041 5690 1108 5744 Et
1147 5690 1255 5745 hoc
1287 5692 1631 5758 notandum,
1665 5691 1801 5761 quia
1852 5692 1963 5748 isto

2072 4742 2100 4768 ‹‹
2136 4717 2289 4773 Deus
2329 4715 2625 4788 judicium
2657 4718 2827 4770 tuum
2879 4712 3000 4786 regi
3042 4713 3117 4769 da
3147 4713 3320 4786 (Psal.
3356 4711 3576 4782 1.31),»
3606 4712 3718 4766 etc.

2071 4808 2190 4878 Ego
2220 4822 2355 4871 sum
2378 4803 2481 4877 qui
2499 4803 2710 4876 loquor
2730 4802 3051 4875 justitiam,
3075 4802 3324 4857 reddens
3348 4799 3518 4857 bonis
3548 4798 3720 4865 bona,

2063 4895 2247 4968 justis
2268 4892 2528 4966 praemia,
2543 4890 2718 4950 malis
2738 4895 2934 4947 autem
2956 4894 3014 4946 et
3032 4890 3233 4963 impiis
3253 4888 3493 4955 mala,et
3511 4891 3722 4943 aeterna

2073 4982 2364 5056 supplicia
2375 4982 2547 5053 juxta
2568 4981 2722 5052 quod
2745 4979 3191 5036 merentur.Hoc
3213 4975 3473 5050 quotidie
3493 4974 3716 5047 implet,

2073 5071 2427 5147 generaliter
2451 5086 2587 5126 vero
2617 5070 2679 5124 in
2710 5068 2803 5124 die
2826 5067 3059 5140 judicii,
3079 5067 3220 5122 dum
3242 5064 3449 5121 dixerit
3477 5063 3711 5135 impiis;

2075 5184 2102 5212 ‹‹
2131 5158 2643 5228 Ite,maledicti,in
2664 5155 2860 5229 ignem
2887 5161 3169 5212 aeternum
3186 5173 3200 5223 ;
3219 5178 3246 5204 ››
3268 5153 3514 5226 etjustis
3538 5168 3585 5205 :«
3609 5149 3718 5205 Ve-

2071 5248 2211 5317 nite,
2244 5245 2535 5303 benedicti
2565 5246 2753 5301 Patris
2784 5245 2920 5312 mei,
2945 5243 3224 5316 percipite
3250 5256 3493 5314 regnum
3511 5236 3711 5312 (Matth.

2070 5341 2224 5407 xxv),
2249 5341 2359 5393 etc.
2384 5336 2454 5390 Et
2476 5352 2593 5390 non
2618 5332 2810 5390 solum
2843 5327 3391 5405 loquor'justitiam,
3415 5328 3515 5384 sed
3545 5327 3717 5381 etiam

2072 5427 2493 5499 propugnator,
2518 5422 2627 5477 hoc
2656 5426 2746 5477 est
2771 5421 3112 5487 debellator,
3136 5436 3269 5476 sum
3292 5418 3639 5479 daemonum,
3663 5417 3722 5468 et

2072 5515 2341 5571 defensor
2370 5511 2441 5566 ad
2471 5509 2820 5566 salvandum
2852 5526 3039 5581 genus
3068 5508 3415 5563 humanum.

2145 5625 2173 5652 ‹‹
2195 5605 2384 5669 Quare
2406 5616 2543 5672 ergo
2565 5598 2808 5653 rubrum
2832 5601 2921 5653 est
2940 5598 3353 5653 indumentum
3375 5596 3598 5658 tuum,»
3611 5587 3718 5645 hoe

2072 5695 2163 5748 est
2193 5705 2405 5762 corpus
2434 5691 2628 5755 tuum,
2654 5709 2681 5734 ‹‹
2711 5690 2769 5741 et
2795 5686 3201 5751 vestimenta,»
3227 5678 3513 5740 subaudis
3541 5692 3719 5749 quare
