3944 6422
416 332 525 390 239

415 456 726 527 provocat,
760 451 983 525 quibus
1011 449 1186 523 quasi
1234 446 1543 521 parcendo
1573 443 1900 501 blanditur.
1955 440 2069 499 Sed

413 545 477 600 in
501 544 604 599 via
632 541 886 605 mordet,
917 541 1058 612 quia
1090 555 1190 594 eos
1221 537 1443 610 quibus
1471 535 1803 590 libertatem
1844 532 2064 593 tribuit,

415 633 629 689 erroris
653 631 746 686 sui
775 645 1008 685 veneno
1031 626 1351 683 consumit.
1410 626 1491 681 Fit
1541 625 1755 679 iterum
1812 626 2067 677 cerastes

415 738 477 778 1n
504 724 730 781 semita,
756 720 900 792 quia
921 734 1075 790 quos
1099 716 1305 771 fideles
1335 714 1551 785 reperit
1580 717 1637 767 et
1657 727 1784 767 sese
1813 711 1892 765 ad
1914 726 2067 781 coep-

414 817 473 866 ta
502 813 756 878 angusta
784 807 994 863 itinera
1022 804 1516 873 constringentes,
1540 818 1662 857 non
1712 800 1907 855 solum
1961 815 2065 854 ne-

411 900 599 973 quitia
627 897 856 953 callidie
886 894 1292 968 persuasionis
1323 892 1573 964 impetit,
1606 889 1710 946 sed
1740 890 1920 945 etiam
1951 893 2063 943 ter-

407 1005 540 1044 rore
566 986 873 1059 potestatis
903 984 1138 1058 premit,
1169 988 1225 1038 et
1244 982 1304 1037 in
1362 979 1789 1053 persecutionis
1842 993 2064 1047 angore

408 1083 545 1150 post
562 1076 853 1131 beneﬁcia
878 1075 1031 1129 ﬁctae
1059 1071 1395 1128 dulcedinis
1422 1075 1653 1125 exercet
1684 1083 1911 1124 cornua
1960 1082 2065 1139 po-

407 1166 652 1223 testatis.
680 1168 809 1231 Quo
838 1163 1047 1219 inloco
1073 1178 1258 1233 equus
1276 1162 1434 1216 hunc
1464 1158 1763 1214 mundum
1783 1156 2063 1221 insinuat,

404 1258 509 1329 qui
539 1271 647 1329 per
672 1254 993 1310 elationem
1021 1250 1269 1307 suamin
1291 1266 1469 1305 cursu
1490 1247 1817 1303 labentium
1839 1250 2065 1317 tempo-

404 1361 539 1400 rum
573 1347 835 1416 spumat.
869 1345 935 1396 Et
962 1339 1106 1412 quia
1133 1338 1527 1394 Antichristus
1560 1342 1823 1391 extrema
1853 1333 2065 1390 mundi

411 1430 866 1505 apprehendere
896 1430 1121 1498 nititur,
1149 1433 1404 1483 cerastes
1438 1428 1541 1481 iste
1591 1426 1851 1494 ungulas
1904 1438 2063 1478 mor-

407 1522 549 1577 dere
574 1520 942 1593 perbibetur.
976 1517 1272 1585 Ungulam
1298 1516 1523 1588 quippe
1553 1514 1827 1570 mordere
1853 1518 1944 1567 est
1971 1528 2066 1566 ex-

408 1616 598 1665 trema
631 1608 828 1664 saeculi
851 1606 1119 1662 feriendo
1148 1605 1512 1675 contingere.
1549 1605 1617 1657 Ut
1640 1603 1819 1658 cadat
1864 1617 2064 1657 ascen-

406 1714 507 1753 sor
536 1702 664 1767 eius
697 1703 877 1753 retro.
913 1699 1206 1750 Ascensor
1231 1694 1369 1765 equi
1399 1698 1489 1747 est
1518 1692 1790 1765 quisquis
1843 1688 2065 1745 extolli-

406 1792 503 1842 tur
536 1788 591 1842 in
619 1785 1012 1853 dignitatibus
1040 1783 1271 1838 mundi.
1306 1782 1412 1845 Qui
1446 1787 1601 1836 retro
1655 1779 1868 1835 cadere
1927 1777 2068 1833 dici-

405 1881 521 1941 tur,
550 1881 749 1931 etnon
776 1875 837 1930 in
870 1873 1101 1935 faciem,
1136 1872 1287 1927 sicut
1336 1870 1549 1927 Saulus
1602 1868 1891 1924 cecidisse
1940 1883 2065 1922 me-

404 1969 692 2020 moratur.
728 1967 789 2018 ln
816 1962 1030 2018 faciem
1062 1962 1221 2016 enim
1262 1959 1497 2023 cadere,
1530 1962 1618 2013 est
1668 1958 1727 2012 in
1785 1957 1900 2012 hac
1947 1955 2065 2010 vita

402 2070 557 2126 quas
589 2066 1086 2123 unumquemque
1117 2050 1326 2122 culpas
1352 2064 1676 2115 agnoscere
1694 2061 1916 2118 easque
1945 2060 2064 2117 pte-

400 2141 646 2198 nitendo
672 2141 910 2197 deflere.
942 2143 1112 2195 Retro
1143 2156 1305 2200 vero,
1334 2137 1499 2211 quod
1526 2152 1650 2191 non
1678 2135 1933 2202 videtur,
1970 2149 2064 2189 ca-

399 2232 539 2287 dere
572 2234 664 2287 est
692 2246 765 2286 ex
792 2230 907 2285 hac
928 2229 1050 2285 vita
1078 2233 1319 2301 repente
1355 2226 1651 2293 decidere,
1685 2228 1739 2280 et
1796 2226 1873 2280 ad
1924 2240 2061 2295 quae

401 2320 693 2393 supplicia
724 2318 998 2381 ducatur,
1031 2319 1326 2388 ignorare.
1365 2320 1428 2371 Et
1456 2315 1600 2387 quia
1630 2313 1863 2377 Judzea,
1897 2328 2058 2368 erro-

398 2410 480 2464 ris
510 2409 602 2463 sui
624 2408 856 2479 laqueis
889 2411 1088 2479 capta,
1113 2422 1223 2478 pro
1247 2404 1478 2459 Christo
1501 2402 1929 2458 Antichristum
1962 2416 2061 2455 ex-

400 2501 646 2570 spectat,
667 2496 819 2551 bene
831 2497 859 2549 J
866 2495 1019 2551 acob
1032 2494 1246 2550 eodem
1259 2493 1392 2548 loco
1405 2496 1645 2564 repente
1661 2492 1719 2545 in
1734 2490 2059 2545 electorum

398 2603 543 2641 voce
574 2601 898 2640 conversus
928 2588 1016 2639 est
1045 2583 1250 2639 dicens
1282 2600 1296 2639 :
1321 2583 1789 2638 Salutaretuum
1825 2594 2058 2648 exspec-

402 2676 563 2743 tabo,
587 2675 855 2729 Domine.
888 2673 951 2727 Id
981 2677 1090 2738 est,
1122 2687 1245 2726 non
1276 2671 1428 2725 sicut
1456 2669 1712 2724 infidelis
1741 2668 2059 2723 Antichris-

398 2768 553 2831 tum,
587 2762 692 2817 sed
723 2778 861 2817 eum
887 2761 991 2833 qui
1039 2745 1450 2832 redemptione
1507 2763 1715 2814 nostra
1772 2761 2057 2813 venturus

400 2856 507 2915 est,
539 2867 751 2906 verum
781 2850 960 2905 credo
991 2849 1241 2904 ﬁdeliter
1276 2848 1591 2903 Christum.

476 2941 610 2996 Gad
638 2941 941 2995 accinctus
965 2939 1353 3008 praeliabitur
1382 2944 1521 2993 ante
1557 2952 1707 2992 eum.
1763 2937 1871 2989 Iste
1929 2933 2057 2989 Gad

398 3031 700 3086 accinctus
724 3044 1047 3101 personam
1082 3026 1315 3081 Domini
1347 3025 1641 3099 exprimit,
1689 3023 1792 3096 qui
1835 3023 1897 3078 in
1944 3022 2060 3094 pri-

399 3136 499 3175 mo
529 3119 789 3174 adventu
812 3116 1162 3173 humilitatis
1195 3132 1318 3170 suae
1346 3121 1482 3171 ante
1509 3114 1837 3169 adventum
1894 3110 2056 3166 Anti-

397 3208 597 3263 christi
624 3207 1001 3279 praeliaturus
1024 3205 1299 3271 occurrit,
1334 3206 1636 3260 accinctus
1661 3202 1863 3271 gladio
1891 3199 2057 3257 verbi

397 3298 489 3353 sui
516 3297 672 3352 circa
698 3295 889 3351 femur
922 3294 1357 3368 potentissime,
1380 3310 1502 3367 quo
1524 3293 1797 3348 inimicos
1834 3290 2054 3361 divisit,

396 3386 460 3441 id
489 3389 577 3439 est
602 3385 793 3439 ﬁlium
818 3400 854 3439 a
883 3389 1071 3456 patre,
1094 3383 1282 3439 ﬁliam
1309 3399 1345 3438 a
1372 3388 1582 3447 matre,
1613 3397 1832 3437 nurum
1866 3396 1902 3435 a
1959 3396 2054 3434 so-

398 3490 525 3540 cru,
550 3475 722 3545 juxta
740 3473 907 3545 quod
948 3473 1164 3542 legitur
1206 3472 1269 3527 in
1323 3471 1639 3538 Evangelio
1674 3489 1686 3525 :
1737 3471 1873 3523 Non
1923 3469 2059 3523 veni

388 3579 603 3634 pacem
633 3568 865 3618 mittere
893 3563 956 3617 in
986 3569 1230 3629 terram,
1262 3562 1363 3616 sed
1393 3562 1665 3631 gladium
1704 3558 1947 3628 (Matth.
1992 3573 2051 3623 χ,

395 3653 507 3723 34).
542 3651 709 3717 Quod
739 3655 938 3707 autem
970 3651 1069 3715 ait,
1102 3657 1155 3707 et
1184 3651 1309 3719 ipse
1330 3652 1679 3719 accingetur
1700 3652 2052 3711 retrorsum,

390 3741 633 3797 claritas
665 3741 899 3796 Domini
925 3740 1111 3795 nostri
1137 3739 1198 3794 in
1228 3738 1494 3793 secundo
1524 3752 1710 3801 regno
1769 3735 1900 3804 ejus
1953 3751 2051 3789 os-

395 3831 671 3887 tenditur.
707 3830 856 3896 Quia
886 3847 1026 3885 cum
1056 3828 1282 3885 venerit
1312 3826 1724 3884 Antichristus.
1786 3828 2055 3879 occurret

393 3926 737 3989 retrorsum,
768 3919 830 3974 id
856 3924 941 3974 est
972 3922 1107 3990 post
1135 3917 1265 3987 ejus
1294 3916 1542 3978 vestigia
1576 3914 1842 3968 Christus
1881 3913 2054 3968 celeri

393 4009 655 4064 adventu
707 4007 1120 4081 progrediens,
1178 4010 1241 4060 ut
1302 4004 1617 4059 interficiat
1664 4018 1800 4056 eum
1853 4000 2053 4071 gladio

393 4098 512 4152 oris
540 4098 651 4152 sui.
680 4096 846 4153 Unde
874 4100 930 4151 et
960 4095 1114 4151 bene
1136 4092 1263 4150 Gad
1293 4092 1679 4147 latrunculus
1702 4094 2051 4161 interpreta-

393 4189 504 4251 tur,
535 4203 606 4241 eo
632 4185 797 4258 quod
824 4182 1136 4255 posterior,
1169 4180 1231 4236 id
1262 4185 1349 4235 est
1393 4197 1562 4235 secus
1615 4179 1821 4251 pedes,
1877 4179 2051 4249 quasi

388 4275 762 4331 latrunculus
791 4271 1007 4344 rapido
1039 4276 1218 4342 atque
1244 4269 1572 4341 improviso
1604 4268 1867 4324 adventu
1897 4267 2051 4322 exsi-

386 4362 492 4420 liat
539 4367 747 4418 contra
799 4365 1070 4432 apertam
1113 4358 1450 4414 Antichristi
1508 4356 2047 4430 oppugnationem.

1523 318 1891 377 ANGELOMI
1929 315 2402 375 LUXOVIENSIS
2438 318 2759 377 MONACHI

3738 322 3847 378 240

2240 442 2393 498 Aser
2408 444 2658 514 pinguis
2666 445 2843 513 panis
2856 447 3067 513 βίας,θέ
3079 444 3305 514 prabet
3322 445 3577 502 delicias
3596 446 3847 517 regibus

2177 534 2340 598 Aser,
2373 532 2545 603 cujus
2572 550 2791 589 nomen
2841 533 3139 603 signiﬁcat
3180 534 3435 600 divitias,
3484 534 3653 590 idem
3688 535 3848 592 Chri-

2178 624 2303 673 stus
2333 625 2439 689 est,
2470 622 2643 692 cujus
2676 628 2763 678 est
2792 622 3042 678 altitudo
3074 622 3419 678 divitiarum
3454 623 3771 695 sapientiae
3792 629 3849 679 et

2179 707 2456 765 scientiae.
2483 712 2590 776 Qui
2621 716 2865 784 propter
2888 728 3001 767 nos
3033 727 3265 784 pauper
3296 711 3489 767 factus
3524 716 3639 783 est,
3704 729 3845 769 cum

2176 797 2342 853 dives
2371 805 2541 855 esset.
2577 802 2759 872 Cujus
2790 802 2967 873 panis
2994 802 3235 873 pinguis
3278 802 3471 857 tactus
3530 807 3640 868 est,
3703 818 3843 858 caro

2178 886 2398 942 scilicet
2425 889 2575 958 ejus,
2617 906 2752 961 quae
2807 896 2895 945 est
2949 907 3086 946 esca
3134 895 3505 961 sanctorum,
3556 906 3743 962 quam
3794 893 3847 947 si

2174 978 2304 1046 quis
2362 980 2835 1045 manducauerit,
2894 995 3015 1035 non
3070 981 3360 1036 morietur
3420 980 3484 1035 in
3545 986 3840 1037 aeternum

2175 1065 2374 1135 (Joan.
2402 1083 2479 1136 ιν,
2514 1070 2627 1138 52).
2654 1069 2736 1124 Ita
2765 1068 2945 1124 etiam
2975 1068 3204 1140 praebet
3230 1068 3474 1124 delicias
3525 1068 3842 1143 sapientiae

2174 1154 2436 1224 regibus,
2467 1156 2529 1211 id
2549 1161 2637 1212 est
2666 1158 2771 1229 qui
2802 1174 3013 1213 sensus
3059 1157 3336 1230 proprios
3384 1157 3539 1214 bene
3597 1164 3841 1229 regunt,

2173 1245 2276 1316 qui
2307 1244 2696 1301 dominantur
2718 1246 2997 1302 vitiorum
3052 1262 3324 1316 suorum,
3372 1247 3479 1320 qui
3537 1248 3846 1320 castigant

2164 1349 2429 1406 corpora
2458 1351 2567 1391 sua
2598 1340 2655 1391 et
2679 1335 2740 1390 in
2767 1336 3110 1393 servitutem
3146 1336 3490 1407 subjiciunt.

2246 1455 2641 1527 Nephthalim,
2675 1456 2841 1529 quod
2867 1456 3287 1528 interpretatur
3337 1458 3641 1525 dilatatio,
3695 1473 3846 1531 apo-

2176 1542 2359 1597 stolos
2385 1549 2440 1599 et
2467 1545 2886 1615 przeclicatores
2926 1549 3169 1600 sanctos
3215 1546 3531 1615 signiﬁcat,
3562 1561 3838 1618 quorum

2174 1629 2448 1686 doctrina
2470 1632 2529 1687 in
2560 1632 2868 1687 latitudine
2900 1633 3077 1689 totius
3106 1632 3321 1689 mundi
3344 1634 3539 1689 effusa
3579 1638 3692 1690 est.
3754 1637 3843 1690 Ex

2098 1733 2137 1786 Β
2176 1722 2289 1776 hac
2315 1722 2473 1777 enim
2500 1722 2655 1778 tribu
2684 1723 2923 1778 fuerunt
2949 1722 3226 1795 apostoli,
3279 1723 3385 1796 qui
3441 1727 3585 1779 sunt
3611 1724 3845 1796 princi-

2176 1825 2282 1881 pes
2315 1810 2710 1866 Ecclesiarum
2744 1815 2801 1867 et
2830 1810 3037 1881 duces,
3087 1812 3393 1881 principes
3432 1814 3725 1877 Zabulon,
3785 1819 3846 1868 et

2171 1901 2477 1969 principes
2506 1902 2901 1970 Nephthatim
2942 1902 3131 1971 (Psal.
3167 1917 3342 1969 van,
3401 1904 3513 1971 28),
3552 1901 3655 1973 qui
3708 1902 3845 1957 sine

2174 1988 2361 2044 dubio
2393 1990 2468 2045 ad
2492 2006 2818 2062 personam
2847 1990 3185 2045 referuntur
3234 1990 3669 2063 apostolorum.
3719 1992 3846 2064 Ipsi

2174 2083 2332 2147 sunt,
2354 2080 2471 2147 ﬁlii
2500 2094 2883 2135 excussorum
2909 2080 3101 2146 (Psal.
3133 2095 3321 2145 cxxv1,
3353 2080 3428 2152 4),
3471 2079 3534 2135 id
3588 2085 3677 2136 est
3728 2079 3844 2136 ﬁlii

2171 2168 2753 2240 prOphetarum,qui
2790 2168 2852 2222 in
2912 2183 3098 2223 manu
3156 2167 3414 2241 potentis
3471 2168 3572 2224 Dei
3628 2168 3843 2240 positi,

2172 2261 2462 2328 tanquam
2496 2258 2724 2325 sagittae
2751 2273 3018 2313 excussae
3062 2262 3459 2330 pervenerunt
3515 2273 3712 2331 usque
3754 2259 3844 2315 ad

2168 2346 2319 2401 ﬁnes
2350 2352 2539 2402 terra}.
2574 2347 2738 2403 Unde
2769 2352 2825 2403 et
2849 2347 3003 2403 bene
3033 2347 3171 2402 hinc
3203 2346 3579 2420 Nephthalim
3619 2363 3845 2405 cervus

2169 2439 2411 2492 emissus
2487 2436 2787 2503 scribitur,
2848 2436 2994 2509 quia
3040 2436 3329 2491 nimirum
3389 2436 3647 2510 apostoli
3705 2437 3843 2493 sive

2167 2524 2577 2597 pradicatores
2608 2524 2795 2581 veloci
2824 2525 2979 2580 saltu
3010 2525 3348 2581 exsilientes
3371 2524 3433 2581 in
3451 2541 3684 2581 morem
3711 2542 3844 2582 cer-

2167 2629 2379 2669 vorum
2406 2614 2838 2669 transcendunt
2885 2614 3334 2686 implicamenta
3381 2614 3579 2670 saeculi
3623 2615 3840 2686 hujus,

2170 2702 2374 2774 sicque
2396 2702 2633 2757 excelsa
2664 2719 2733 2757 ac
2766 2702 3048 2759 sublimia
3101 2702 3481 2773 meditantes,
3531 2704 3685 2761 dant
3716 2706 3844 2760 eto-

2165 2792 2309 2862 quia
2339 2792 2841 2860 pulchritudinis,
2872 2790 2933 2846 id
2955 2796 3061 2859 est,
3084 2790 3414 2863 praedicant
3433 2791 3663 2847 cunctis
3691 2807 3845 2863 gen-

2168 2879 2324 2934 tibus
2345 2879 2681 2935 doctrinam
2708 2879 2941 2935 Domini
2965 2879 3305 2937 Salvatoris.

2236 3020 2432 3075 Filius
2457 3035 2795 3076 accrescens
2834 3021 3074 3090 Joseph.
3139 3023 3268 3076 Haec
3323 3021 3639 3094 prophetia
3692 3029 3844 3094 post

2095 3100 2135 3152 Ο
2164 3112 2462 3180 patratam
2497 3110 2911 3165 ascensionem
2964 3113 3226 3181 paternae
3279 3110 3442 3165 vocis
3497 3110 3839 3181 imaginem

2163 3196 2440 3269 praetulit,
2468 3214 2594 3270 qua
2623 3198 2973 3254 redeuntem
2994 3198 3055 3254 in
3079 3198 3297 3254 caelum
3330 3203 3471 3271 post
3510 3199 3838 3255 victoriam

2166 3285 2460 3341 Christum
2485 3289 2652 3341 Pater
2678 3286 3001 3359 alloquitur
3029 3287 3265 3342 dicens:
3290 3288 3509 3358 Joseph
3532 3289 3701 3357 ﬁlius
3729 3305 3838 3345 ac-

2164 3390 2449 3441 crescens,
2482 3375 2684 3447 utique
2714 3375 2775 3430 in
2809 3375 3108 3445 gentibus,
3142 3376 3287 3448 quia
3317 3393 3455 3432 cum
3500 3376 3580 3432 ob
3638 3378 3839 3434 incre-

2162 3462 2474 3519 dulitatem
2510 3466 2844 3535 Synagogte
2885 3464 3183 3537 populum
3236 3465 3591 3538 reliquisset,
3644 3466 3836 3523 innu—

2163 3568 2395 3608 meram
2419 3552 2527 3607 sibi
2553 3553 2789 3624 plebem
2814 3553 3087 3609 Ecclesiae
3115 3570 3187 3609 ex
3208 3554 3492 3610 omnibus
3542 3556 3835 3626 gentibus

2162 3641 2487 3713 ampliavit.
2522 3641 2693 3707 Quod
2719 3648 2775 3698 et
2806 3643 2993 3698 David
3031 3643 3242 3699 cecinit
3268 3643 3475 3699 dicens
3504 3660 3517 3698 :
3562 3645 3837 3701 nemini-

2161 3736 2421 3796 scentur,
2482 3737 2535 3786 et
2584 3738 3009 3787 convertentur
3053 3733 3135 3788 ad
3192 3735 3509 3789 Dominum
3558 3735 3832 3790 universz

2155 3820 2304 3887 ﬁnes
2339 3825 2514 3873 terra:
2540 3821 2727 3888 (Psal.
2763 3837 2863 3875 xxr
2895 3823 3007 3891 28).
3041 3821 3216 3876 Filius
3243 3838 3611 3889 accrescens,
3645 3830 3700 3879 et
3733 3825 3835 3880 de-

2161 3922 2335 3962 corus
2364 3914 2605 3976 aspectu
2632 3926 2643 3962 :
2670 3925 2880 3964 omnes
2910 3911 3069 3965 enim
3104 3928 3321 3983 supera
3349 3911 3506 3966 illius
3563 3911 3835 3983 pulchri-

2161 3995 2329 4061 tudo,
2354 3997 2528 4067 juxta
2554 3997 2721 4068 quod
2744 4003 2801 4053 et
2830 3998 2904 4052 de
2935 3999 3066 4070 ipso
3122 4000 3185 4054 in
3243 3998 3491 4054 Psalmis
3549 4001 3829 4056 canitur:

2160 4086 2470 4153 Speciosus
2496 4086 2693 4145 forma
2710 4102 2836 4155 prw
2850 4088 2994 4155 [iliis
3027 4087 3332 4143 hominum
3356 4088 3524 4145 Psat.
3553 4104 3718 4157 xuv,
3748 4092 3833 4161 3).

2159 4175 2333 4230 Filiae
2352 4176 2749 4231 decurrerunt
2776 4192 2956 4246 super
2991 4194 3253 4234 murum.
3282 4177 3347 4234 Id
3376 4183 3465 4234 est
3493 4183 3704 4249 gentes
3739 4180 3836 4235 vel

2160 4264 2455 4331 Ecclesiae,
2484 4281 2619 4336 quae
2650 4265 3032 4321 crediderunt
3055 4266 3117 4322 in
3150 4267 3466 4335 Christum,
3499 4269 3593 4324 hae
3643 4285 3836 4341 super

2159 4353 2516 4409 soliditatem
2548 4353 2689 4409 ﬁdei
2718 4354 2895 4426 quasi
2950 4371 3133 4427 super
3178 4372 3446 4424 murum,
3495 4355 3836 4429 pulchritu-

388 4453 533 4507 Hinc
562 4454 651 4505 est
678 4448 844 4521 quod
871 4447 1249 4517 Evangelista
1267 4446 1855 4519 proclamatdicens:
1898 4445 2049 4510 Quia
2078 4475 2123 4529 ι)
2158 4442 2313 4497 dinis
2341 4444 2547 4500 Christi
2579 4460 2867 4512 accensae,
2903 4445 3266 4517 discurrunt,
3295 4450 3361 4502 ut
3390 4462 3602 4502 verum
3644 4463 3834 4519 spon-

386 4540 510 4596 dies
542 4538 783 4592 Domini
825 4538 978 4593 sicut
1005 4538 1115 4606 fur
1138 4537 1201 4591 iu
1230 4541 1421 4601 nocte,
1454 4536 1539 4590 ita
1575 4535 1730 4589 venit
1760 4534 1817 4600 (Ι
1849 4534 2043 4590 Thess.

384 4645 444 4699 v,
476 4632 551 4693 2).
586 4626 852 4683 Christus
878 4641 1020 4695 ergo
1052 4628 1108 4679 et
1139 4627 1295 4687 ante,
1330 4628 1387 4679 et
1416 4628 1571 4677 retro
1610 4621 1867 4694 praeliari
1911 4638 2048 4677 con-

383 4722 473 4775 tra
501 4716 929 4773 Antichristum
960 4714 1258 4770 scribitur.
1286 4717 1433 4768 Ante
1462 4728 1602 4767 eum
1658 4727 1927 4783 namque
1985 4711 2047 4767 in

381 4807 613 4863 occulto
644 4805 908 4861 adventu
934 4802 1309 4863 humilitatis,
1343 4806 1479 4873 post
1510 4817 1649 4856 eum
1695 4800 2045 4855 manifestus

378 4896 441 4951 in
469 4895 658 4965 gloria
714 4894 1062 4966 majestatis.
1123 4893 1503 4947 Demonstrat
1560 4893 1761 4961 aperte
1814 4890 2043 4960 Moyses

376 4983 754 5055 prophetiam
779 4983 1135 5054 patriarchae
1166 4979 1348 5049 hujus
1381 4976 1716 5049 specialiter
1746 4977 2042 5049 pertinere

378 5070 459 5127 ad
488 5069 803 5125 Christum.
838 5071 928 5126 Sic
958 5069 1121 5124 enim
1146 5067 1227 5123 ait
1254 5083 1266 5121 :
1300 5066 1679 5131 Benedictus,
1731 5065 1946 5137 inquit,
1978 5067 2041 5121 in

377 5157 700 5215 latitudine
722 5157 855 5211 Gad
882 5170 903 5225 ;
930 5157 1105 5226 quasi
1128 5157 1214 5210 leo
1238 5155 1550 5225 requievit,
1584 5155 1878 5226 carpitque
1910 5156 2043 5212 bra-

374 5248 573 5305 chium
621 5251 675 5301 et
725 5246 1020 5310 verticem,
1080 5250 1131 5299 et
1186 5244 1333 5299 vidit
1368 5245 1785 5313 principatum
1840 5261 2035 5300 suum.

367 5338 713 5403 Agnoscant
736 5334 957 5404 itaque,
994 5331 1130 5403 quis
1161 5331 1520 5403 requieverit
1563 5333 1714 5387 sicut
1766 5331 1880 5399 leo,
1921 5332 2039 5387 nisi

369 5422 633 5481 Christus
662 5422 724 5476 in
755 5420 1027 5491 sepulcro
1061 5436 1169 5475 suo
1195 5437 1208 5475 :
1237 5420 1341 5493 qui
1365 5420 1722 5489 confregerit
1752 5422 2037 5477 verticem

362 5508 735 5580 brachiaque
765 5514 1097 5581 potentum,
1130 5508 1247 5565 nisi
1272 5509 1631 5582 Redemptor
1677 5515 1897 5577 noster,
1932 5509 2038 5582 qui

362 5594 706 5655 humiliavit
758 5598 1036 5655 virtutem
1102 5603 1159 5655 et
1211 5599 1564 5671 superbiam
1633 5599 2031 5655 excelsorum.

364 5684 510 5752 Quis
538 5684 683 5741 vidit
704 5687 1102 5760 principatum
1129 5705 1330 5755 suum,
1383 5688 1501 5744 nisi
1555 5688 1651 5744 ille
1706 5689 1803 5743 cui
1855 5688 2034 5744 datus

359 5807 390 5845 ε
406 5778 461 5829 st
481 5776 871 5849 principatus,
896 5784 953 5834 et
981 5780 1194 5844 honor,
1222 5783 1279 5835 et
1303 5794 1559 5847 regnum
1588 5779 1615 5833 ?

2157 4549 2292 4587 sum
2345 4549 2451 4605 per
2520 4534 3087 4606 contemplationem
3136 4534 3452 4607 aspiciant,
3502 4540 3561 4592 et
3612 4537 3832 4593 osculo

2155 4622 2455 4677 charitatis
2502 4621 2585 4677 illi
2633 4622 2988 4695 copulentur
3043 4628 3226 4696 atque
3280 4623 3654 4681 adhaereant.
3707 4626 3833 4682 Sed

2154 4712 2463 4783 objurgati
2488 4719 2627 4767 sunt
2657 4728 2811 4784 eum,
2841 4713 3090 4785 quando
3134 4713 3299 4769 falsis
3343 4715 3701 4771 testimoniis
3728 4732 3834 4773 ca-

2149 4799 2512 4857 lumniantes
2544 4807 2819 4857 sanctum
2872 4803 3105 4858 Domini
3150 4802 3494 4875 opprimere
3543 4805 3830 4876 Synago-

2152 4904 2240 4959 gae
2265 4888 2473 4961 populi
2504 4895 2900 4947 tentaverunt.
2930 4893 3409 4963 Invideruntque
3458 4894 3557 4948 illi
3598 4894 3831 4951 haben;

2151 4983 2232 5033 tes
2250 4979 2487 5046 jacula.
2522 4981 2721 5051 Neque
2752 4979 2914 5035 enim
2945 4981 3276 5053 quisquam
3315 4981 3378 5037 in
3403 4982 3625 5055 Joseph
3680 4999 3829 5040 con-

2143 5066 2286 5138 jecit
2321 5068 2591 5139 sagittas,
2624 5068 2718 5124 vel
2753 5068 3003 5141 aliquod
3031 5069 3296 5126 vulneris
3329 5070 3537 5139 telum,
3572 5071 3683 5126 sed
3704 5073 3828 5129 hoc

2149 5151 2482 5224 specialiter
2511 5153 2707 5209 evenit
2730 5154 2793 5208 in
2827 5154 3076 5211 Christo.
3110 5156 3278 5211 Sedit
3309 5157 3373 5211 in
3424 5157 3581 5226 forti
3635 5173 3827 5214 arcus

2147 5246 2294 5312 ejus.
2321 5242 2589 5299 Christus
2610 5244 2771 5299 enim
2796 5261 3006 5301 arcum
3030 5262 3212 5300 suum
3229 5250 3287 5301 et
3306 5261 3477 5302 arma
3498 5248 3829 5318 pugnandi

2145 5332 2343 5404 posuit
2364 5332 2423 5387 in
2441 5333 2580 5399 Deo,
2610 5334 2712 5405 qui
2739 5333 2906 5389 fortis
2930 5340 3018 5391 est
3036 5338 3481 5408 propugnator;
3507 5336 3685 5407 cujus
3701 5337 3824 5393 vir-

2145 5425 2265 5476 tute
2296 5422 2629 5477 conciditur
2658 5423 2857 5478 omnis
2887 5423 3156 5496 nequitia
3177 5423 3671 5497 perﬁdorum.Et
3698 5427 3824 5482 ἀίε-

2145 5515 2342 5565 soluta
2354 5516 2493 5567 sunt
2514 5512 2762 5567 vinvula
2780 5511 3167 5569 brachiorum
3189 5515 3339 5583 ejus,
3361 5513 3585 5585 quibus
3602 5513 3822 5571 fratres

2143 5614 2284 5654 eum
2306 5599 2573 5655 vinctum
2591 5600 2669 5656 ad
2698 5601 2946 5657 Pilatum
2968 5602 3289 5667 duxerunt,
3313 5602 3403 5657 vel
3424 5603 3649 5675 quibus
3674 5620 3821 5661 eum

2144 5703 2505 5759 suspensum
2533 5688 2697 5759 ligno
2728 5689 3171 5761 cruciﬁxerunt,
3203 5690 3409 5748 Recisa
3460 5697 3604 5747 sunt
3651 5694 3821 5750 enim

2141 5792 2255 5846 per
2269 5793 2483 5834 manus
2496 5781 2760 5848 potentis
2790 5781 2990 5853 Iacob,
3008 5781 3123 5836 hoc
3152 5786 3263 5851 est,
3294 5796 3405 5853 per
3431 5797 3655 5839 manus
3682 5799 3821 5841 om-
