3956 6420
252 487 409 548 1057

1309 485 1715 548 COMMENT.
1767 487 1843 546 IN
1890 483 2182 546 lSAlAM.
2216 486 2465 546 ——LlB.
2515 487 2620 546 lll.

3508 489 3664 552 1058

250 621 465 678 xerunt
494 615 782 689 Spiritum
805 620 1077 672 sanctum
1108 618 1258 688 ejus,
1291 622 1348 673 et
1376 634 1690 673 conversus
1711 622 1800 672 est
1822 617 1906 672 eis
1930 619 1989 686 Α
2018 616 2099 670 xit
2125 634 2224 672 eos
2253 617 2324 671 de
2358 615 2505 672 mari
2538 617 2736 673 Rubro
2763 633 2898 672 cum
2931 618 3268 690 pastoribus
3315 621 3514 692 gregis
3551 620 3664 688 sui,

253 705 317 762 in
348 705 682 772 inimicum,
707 710 765 760 et
792 705 917 776 ipse
949 705 1258 762 debellavit
1287 724 1385 762 eos
1410 731 1437 756 ››
1459 712 1593 762 ante
1615 724 1788 762 suum
1813 705 1910 761 ad-

253 799 494 851 ventum
527 811 561 849 a
580 794 826 849 diversis
848 793 1144 865 gentibus,
1160 801 1361 866 postea
1379 813 1512 850 vero
1526 813 1627 867 per
1639 796 1905 850 Romam.

253 883 418 948 Quod
451 881 596 936 dicit
617 881 950 936 afflixerunt
971 881 1254 953 Spiritum
1287 888 1558 936 sanctum
1590 884 1740 953 ejus,
1764 886 1820 935 et
1851 881 1908 935 in

253 969 612 1042 quibusdam
625 969 794 1024 libris
807 969 1353 1042 babeturSpiritum
1367 973 1554 1025 sancti
1569 971 1618 1040 ej
1628 971 1758 1038 us,d
1770 969 1913 1040 upli-

255 1057 401 1114 citer
419 1062 614 1131 potest
636 1057 906 1130 intelligi.
922 1058 1314 1114 Sidixerimus
1335 1059 1618 1131 Spiritum
1641 1064 1912 1114 sanctum

253 1149 405 1220 ejus,
438 1148 510 1203 de
539 1146 762 1220 Spiritu
793 1153 998 1202 sancto
1029 1148 1140 1203 erit
1173 1147 1640 1219 intelligendum,
1673 1149 1744 1202 de
1794 1163 1911 1218 quo

253 1236 400 1292 dicit
412 1234 697 1292 Dominus
725 1235 1034 1307 :«Rogabo
1052 1237 1279 1292 Patrem
1305 1241 1586 1302 meum,et
1603 1235 1785 1291 alium
1819 1227 1916 1308 pa-

253 1324 540 1383 racletum
570 1324 734 1380 dabit
763 1324 949 1392 vobis,
976 1331 1041 1380 ut
1061 1330 1298 1380 maneat
1319 1326 1618 1380 vobiscum
1650 1325 1710 1380 in
1747 1331 1912 1380 mter-

255 1431 402 1470 num
432 1415 610 1485 (Joan.
633 1418 770 1483 xw).
797 1437 824 1464 ι»
851 1413 949 1468 Vel
981 1415 1157 1470 etiam
1190 1432 1293 1486 per
1323 1419 1594 1470 sanctum
1629 1415 1912 1487 Spiritum

255 1503 386 1574 ejus
419 1519 738 1575 possumus
769 1501 1092 1574 intelligere
1123 1503 1454 1574 angelicum
1483 1503 1778 1575 spiritum,
1813 1502 1914 1574 qui

257 1591 644 1648 contristatus
673 1595 763 1646 est
784 1593 1021 1662 quando
1048 1592 1192 1647 vidit
1221 1610 1321 1647 eos
1343 1610 1377 1647 a
1408 1592 1524 1647 Deo
1546 1609 1649 1664 per
1667 1591 1914 1647 idolola-

255 1680 432 1738 triam
464 1680 750 1735 recedere.
785 1679 886 1735 Sin
919 1685 1116 1735 autem
1151 1681 1436 1752 Spiritum
1468 1685 1737 1735 sanctum
1785 1681 1914 1751 ejus

256 1769 731 1835 dixerimus,uno
762 1770 935 1824 modo
957 1768 1232 1842 spiritum
1259 1769 1404 1825 Mosi
1432 1770 1715 1825 debemus
1744 1768 1914 1824 intel-

255 1857 650 1930 llgere,quem
681 1856 792 1929 ipsi
824 1858 1342 1925 contristaverunt,
1377 1859 1704 1914 secundum
1729 1857 1871 1913 illud
1897 1875 1911 1914 :

257 1971 285 1998 «
313 1948 384 2004 Et
410 1946 903 2004 exacerbaverunt
931 1947 1130 2004 Mosen
1161 1947 1221 2002 in
1271 1948 1500 2003 deserto
1532 1949 1704 2017 (Psal.
1737 1949 1846 2018 cv).
1885 1970 1913 1996 ››

255 2034 367 2102 Qui
401 2035 559 2092 enim
589 2035 824 2106 justum
859 2035 1218 2103 contristrat,
1245 2036 1528 2108 Spiritum
1579 2036 1782 2108 utique
1814 2036 1912 2091 Dei

256 2124 570 2180 contristat
590 2123 693 2196 qui
712 2128 802 2180 est
823 2124 880 2178 in
903 2141 970 2180 eo
995 2140 1008 2179 :
1027 2125 1199 2195 juxta
1219 2125 1373 2196 quod
1393 2124 1609 2180 dicitur
1647 2143 1750 2196 per
1779 2125 1913 2180 Pro-

255 2211 498 2284 phetam
524 2227 538 2266 :
561 2233 588 2261 ‹‹
615 2211 724 2278 Qui
757 2211 946 2283 tangit
964 2213 1270 2284 vos,quasi
1295 2214 1394 2284 qui
1417 2213 1605 2285 tangit
1627 2213 1911 2286 pupillam

256 2297 413 2356 oculi
447 2299 559 2355 mei
589 2299 777 2371 (Zach.
807 2304 892 2368 ιι).
929 2323 958 2349 ››
978 2303 1195 2366 Quarto
1226 2319 1356 2356 vero
1389 2303 1561 2356 modo
1596 2319 1914 2373 possumus

257 2389 332 2445 ad
365 2388 581 2446 Christi
607 2388 891 2460 Spiritum
921 2393 1133 2446 referre
1164 2395 1221 2445 et
1261 2391 1473 2460 dicere,
1507 2390 1645 2462 quia
1683 2391 1914 2446 Christo

257 2479 526 2534 veniente
555 2482 614 2534 et
642 2477 1311 2550 praedicantc,Spiritum
1335 2480 1522 2534 sancti
1543 2480 1672 2550 ejus
1689 2481 1915 2536 afflixe»

258 2570 399 2622 runt
422 2565 686 2621 nolentes
703 2566 762 2620 in
784 2583 916 2623 eum
933 2567 1251 2634 credere,id
1277 2569 1664 2640 cstSpiritum
1677 2569 1912 2636 Christi,

255 2655 361 2727 qui
391 2658 482 2710 est
508 2659 749 2710 sanctus
779 2660 837 2710 et
858 2657 1062 2726 justus
1102 2657 1281 2712 Filius
1323 2657 1528 2712 Patris.
1547 2657 1728 2714 Filius
1757 2658 1915 2712 enim

259 2743 359 2799 Dei
381 2743 483 2815 qui
504 2759 611 2799 nos
633 2742 878 2798 redemit
899 2749 1012 2799 tem
1021 2761 1159 2817 pore
1182 2744 1473 2817 passionis
1505 2745 1916 2812 suae,liberavit

259 2831 464 2904 utique
485 2837 543 2886 et
573 2832 843 2887 Hebrzcos
869 2833 939 2887 de
964 2834 1109 2888 mari
1131 2834 1668 2906 Rubro.Sequitur:
1696 2836 1764 2890 Et
1783 2852 1916 2890 con-

255 2937 462 2978 versus
491 2924 582 2976 est
610 2919 696 2976 eis
725 2919 784 2976 in
817 2919 1146 2990 inimicum,
1169 2927 1227 2978 et
1271 2922 1398 2995 ipse
1444 2922 1774 2992 debellavit,
1797 2923 1914 2978 illis

259 3009 668 3066 recedentibus
698 3009 769 3065 de
794 3008 904 3065 viis
925 3011 1074 3082 ejus,
1098 3016 1156 3066 et
1177 3016 1380 3067 contra
1397 3010 1756 3067 voluntatem
1784 3014 1914 3084 ejus

259 3097 692 3165 incedentibus,
717 3115 1033 3155 conversus
1049 3105 1140 3156 est
1169 3100 1254 3156 eis
1286 3098 1343 3155 in
1366 3100 1671 3156 inimicum
1697 3102 1769 3157 de
1798 3101 1912 3156 mi-

257 3187 550 3245 scricorde
580 3188 640 3243 in
666 3188 1210 3258 immisericordem,
1227 3195 1287 3246 et
1310 3189 1621 3246 debellavit
1641 3209 1738 3246 eos
1760 3209 1912 3264 saepe

257 3295 365 3350 per
384 3276 582 3333 hostes
617 3293 844 3346 eorum,
867 3277 1022 3334 sicut
1063 3278 1120 3334 in
1169 3279 1318 3334 libro
1349 3279 1912 3352 Judicum,aliisque

1944 1991 1991 2056 B

2021 707 2178 760 Mose
2226 704 2509 774 videlicet,
2541 707 2754 773 Aaron,
2801 706 3002 775 Maria,
3048 710 3105 761 et
3155 708 3292 774 Itur,
3327 709 3668 782 ueterisque

2017 795 2384 849 senioribus?
2399 794 2675 866 Sequitur
2696 813 2708 850 :
2735 819 2760 844 ‹‹
2780 795 2884 849 Ubi
2907 817 2926 849 t
2942 800 2996 849 st
3019 820 3044 843 υ
3068 795 3354 853 subaudis
3379 814 3593 868 magna
3614 804 3672 854 et

2019 882 3177 955 invll'abilismisericordiaomnipotentis
3191 885 3332 940 Deiu
3349 887 3447 958 qui
3471 888 3671 959 posuit

2019 971 2075 1026 in
2113 972 2304 1026 medio
2326 973 2476 1042 ejus,
2505 996 2530 1019 ››
2555 971 2611 1026 id
2643 972 2830 1042 est,in
2865 973 3054 1028 medio
3088 973 3284 1046 pepuli
3318 975 3410 1030 sui
3435 999 3460 1026 α
3485 976 3668 1047 Spiri-

2021 1064 2146 1114 tum
2179 1060 2364 1114 sancti
2399 1060 2510 1128 sui,
2541 1083 2568 1109 »
2601 1061 2657 1114 id
2689 1067 2780 1115 est
2807 1060 2933 1116 Filii
2967 1061 3370 1128 sui,sauctum
3403 1062 3670 1120 videlicet

2020 1148 2301 1220 Spiritum
2323 1148 2946 1221 paraclctum,quando
2967 1150 3164 1205 eduxit
3183 1169 3282 1206 eos
3304 1151 3375 1207 de
3390 1157 3627 1226 Aigypto
3643 1154 3670 1208 Τ

2022 1236 2318 1309 Legimus,
2341 1237 2482 1308 quia
2501 1242 2703 1292 orante
2730 1238 2888 1292 Mose
2911 1238 3044 1293 tulit
3065 1239 3348 1296 Dominus
3369 1241 3440 1297 de
3461 1241 3672 1313 spiritu

2020 1325 2241 1394 ejus,et
2271 1325 2431 1379 dedit
2461 1325 2834 1397 septuaginta
2862 1325 3004 1382 viris
3033 1327 3220 1396 (Nam.
3245 1328 3322 1399 xx)
3349 1345 3362 1382 :
3387 1330 3558 1401 cujus
3588 1330 3669 1386 rei

2021 1412 2080 1466 in
2101 1413 2370 1485 praesenti
2403 1413 2527 1468 loco
2559 1415 2623 1468 fit
2655 1415 2896 1469 mentio.
2928 1415 3235 1470 Permanet
3267 1433 3404 1489 ergo
3444 1417 3503 1472 in
3547 1419 3674 1490 ipsa

2022 1503 2410 1558 admiratione
2462 1502 2751 1575 Propheta
2797 1507 2855 1558 et
2901 1504 3311 1577 compatiendo
3343 1506 3529 1561 dicit:
3565 1506 3672 1562 Ubi

2021 1597 2112 1646 est
2141 1590 2316 1646 etiam
2348 1609 2362 1646 :

2092 1704 2118 1728 α
2147 1680 2252 1745 Qui
2278 1678 2476 1735 eduxit
2506 1681 2576 1736 ad
2601 1681 2898 1735 dexteram
2919 1680 3118 1736 Mosen
3145 1681 3383 1738 brachio
3405 1684 3678 1755 majesta-

2021 1769 2098 1823 tis
2129 1785 2270 1834 suae,
2306 1791 2333 1816 ››
2367 1769 2422 1823 id
2454 1773 2563 1838 est,
2600 1768 2696 1823 ubi
2728 1774 2817 1822 est
2855 1768 3042 1841 pietas
3075 1769 3310 1824 Domini
3343 1771 3446 1843 qui
3476 1771 3676 1828 eduxit
3709 1799 3715 1806 ι

2025 1858 2222 1912 Mosen
2255 1858 2326 1913 de
2357 1862 2594 1930 Egypto
2625 1859 2696 1912 ad
2731 1859 3049 1926 dexteram,
3084 1858 3143 1914 id
3175 1863 3261 1914 est
3293 1859 3352 1914 in
3383 1860 3674 1934 prosperi-

2023 1950 2139 2001 tate
2171 1946 2406 2002 brachio
2436 1947 2764 2018 majestatis
2814 1963 2956 2015 sum,
2989 1947 3108 2003 sive
3157 1947 3519 2018 protectione
3567 1949 3675 2006 filii

2023 2033 2113 2089 sui
2126 2035 2154 2088 ‘2
2186 2034 2291 2088 Per
2321 2035 2615 2090 dexteram
2647 2034 2942 2107 siquidem
2993 2036 3353 2108 prosperitas
3397 2036 3675 2110 intelligi-

2025 2129 2141 2190 tur,
2169 2128 2227 2178 et
2255 2140 2358 2196 per
2388 2123 2694 2178 brachium
2739 2124 2979 2179 verbum
3025 2124 3128 2180 Dei
3181 2124 3388 2191 Patris,
3420 2125 3508 2181 vel
3547 2143 3677 2199 pro-

2022 2213 2294 2269 tectionis
2326 2212 2512 2284 ipsius
2546 2211 2677 2268 Filii
2707 2212 2828 2268 Dei.

2093 2325 2120 2351 ‹‹
2159 2301 2264 2356 Ubi
2295 2306 2403 2369 est,
2431 2323 2459 2352 ››
2493 2301 2780 2357 subaudis
2810 2301 3071 2373 potentia
3103 2301 3284 2370 illius,
3318 2326 3346 2353 «
3373 2303 3473 2376 qui
3501 2305 3678 2360 scidit

2022 2407 2206 2460 aquas
2238 2394 2371 2444 ante
2403 2407 2522 2460 eos,
2546 2412 2573 2438 »
2599 2389 2882 2445 subaudis
2914 2391 2974 2444 in
3004 2391 3312 2446 duodecim
3365 2397 3584 2464 partes,
3618 2399 3676 2448 et

2022 2479 2154 2534 aliis
2185 2479 2243 2532 in
2276 2478 2620 2549 locis,ju.\'ta
2651 2478 2797 2564 illud
2824 2495 2836 2533 :
2861 2479 2967 2544 Qui
2993 2479 3191 2534 divisit
3221 2498 3381 2536 mare
3413 2482 3678 2538 Rubrum

2024 2568 2082 2621 in
2105 2567 2480 2635 divisiones,«
2497 2573 2560 2621 ut
2583 2569 2797 2627 faeciet
2818 2567 2929 2621 sibi
2955 2585 3168 2622 nomen
3190 2569 3677 2641 sempiternum,»

2025 2656 2133 2711 hoc
2164 2662 2254 2711 est
2292 2673 2503 2711 nomen
2535 2657 2664 2726 ejus
2693 2655 3044 2712 aeternaliter
3072 2655 3448 2714 laudaretur?
3470 2659 3677 2715 Percu-

2022 2745 2201 2799 tiente
2233 2745 2389 2799 enim
2423 2745 2580 2798 Mose
2630 2761 2790 2799 mare
2835 2745 3088 2799 divisum
3138 2751 3227 2800 est
3277 2745 3335 2800 in
3367 2747 3676 2802 duodecim

2023 2838 2238 2904 partes,
2255 2831 2503 2903 aliisque
2528 2832 2801 2886 tribubus
2824 2831 3231 2888 luesitantibus
3251 2839 3308 2887 et
3328 2834 3674 2890 timentibus

2022 2919 2270 2993 ingredi,
2301 2921 2494 2991 prima
2523 2920 2715 2975 tribus
2761 2919 2916 2975 Juda
2965 2919 3224 2975 introivit
3251 2922 3422 2990 (Psal.
3447 2923 3668 2995 cxxxv).

2021 3010 2204 3074 Quam
2227 3012 2299 3064 ob
2321 3025 2561 3062 causam
2593 3008 2752 3079 regia
2781 3008 2969 3063 tribus
3000 3007 3292 3080 appellata
3319 3011 3586 3084 est,quia
3602 3028 3674 3068 ex

2019 3097 2121 3152 illa
2150 3114 2315 3169 rcges
2357 3095 2739 3168 eligebantur.
2770 3119 2797 3146 «
2833 3095 2940 3151 Ubi
2969 3101 3059 3151 est
3083 3096 3184 3168 qui
3213 3097 3412 3153 eduxit
3440 3115 3540 3154 eos
3569 3116 3675 3171 per

2020 3186 2283 3258 abyssos,
2318 3208 2346 3234 ››
2377 3184 2436 3240 id
2485 3189 2574 3240 est
2619 3185 2678 3238 in
2727 3184 3154 3257 profunditates
3202 3186 3403 3256 maris,
3439 3211 3467 3237 «
3500 3188 3672 3260 quasi

2019 3291 2236 3347 equum
2269 3275 2327 3328 in
2359 3273 2587 3329 deserto
2617 3291 2733 3328 non
2766 3273 3214 3346 impingentem,
3250 3298 3279 3324 »
3309 3275 3370 3328 id
3417 3281 3508 3332 est
3546 3277 3672 3334 sine

255 3365 525 3422 historiis
545 3370 602 3422 et
633 3364 800 3422 libris
819 3365 1176 3438 propheticis
1197 3367 1906 3424 abundantissimedecla-
1938 3357 1981 3424 C
2020 3363 2438 3435 impedimento
2468 3361 2877 3418 incedentem?

254 3467 442 3520 ratur.
457 3463 652 3519 Potest
679 3468 877 3520 autem
909 3469 965 3519 et
994 3463 1104 3520 hoc
1134 3465 1207 3520 ad
1239 3469 1472 3537 tempus
1495 3465 1912 3522 incarnationis

251 3553 388 3622 ejus
418 3551 891 3624 referri,quando
923 3551 1042 3608 illis
1082 3552 1418 3610 nolentibus
1467 3555 1702 3610 credere
1755 3555 1815 3610 in
1849 3573 1911 3610 se

253 3655 573 3696 conversus
603 3644 695 3696 est
718 3641 804 3696 eis
828 3641 886 3696 in
909 3641 1158 3710 hostem,
1173 3641 1275 3714 qui
1294 3659 1497 3698 eorum
1529 3643 1797 3700 infirmos
1818 3662 1912 3700 sa-

255 3733 519 3796 naverat,
549 3733 929 3801 mortuosque
959 3729 1364 3798 suscitaverat,
1392 3736 1451 3786 et
1481 3730 1794 3788 debellavit
1813 3750 1912 3789 eos

254 3833 364 3890 per
401 3817 695 3874 Romanos
725 3819 1175 3890 quadragesimo
1205 3819 1460 3874 secundo
1509 3837 1664 3876 anno
1709 3839 1912 3876 ascen-

257 3921 445 3961 SlOIllS
466 3924 607 3962 8113.

331 4017 360 4044 ‹‹
376 3995 794 4052 Etrecordatus
815 4000 903 4052 est
925 3996 1151 4052 dierum
1174 3997 1369 4053 saeculi
1385 3998 1528 4053 Mosi
1549 3998 1912 4070 populisui.»

263 4083 422 4139 Deus
442 4084 815 4158 omnipotens
843 4085 944 4158 qui
982 4087 1052 4141 de
1083 4090 1405 4158 protectore
1435 4091 1698 4144 mutatus
1719 4087 1779 4143 in
1809 4089 1912 4144 ad-

254 4172 581 4228 versarium
611 4173 826 4246 pepulo
849 4173 1326 4246 Judzeorum,qui
1355 4175 1730 4231 irritaverant
1749 4193 1909 4246 eum,

251 4265 314 4316 et
343 4262 416 4317 ad
444 4255 812 4318 iracundiam
843 4263 1310 4336 provocaverunf
1329 4281 1342 4318 :
1367 4269 1679 4336 postquam
1707 4265 1909 4321 debel-

247 4347 392 4405 lavit
420 4366 520 4406 eos
545 4367 648 4422 per
677 4351 994 4418 Romanos,
1028 4352 1367 4408 recordatus
1415 4356 1506 4408 est
1543 4352 1773 4409 dierum
1803 4372 1908 4410 sae-

247 4437 388 4506 culi,
419 4438 478 4495 id
509 4444 618 4508 est,
652 4441 994 4496 recordatus
1042 4440 1271 4496 dierum
1321 4441 1549 4514 antiqui
1601 4443 1905 4515 temporis,

245 4528 486 4599 quando
516 4528 719 4586 eduxit
766 4545 865 4585 eos
907 4530 979 4585 de
1026 4533 1286 4602 Egypto.
1319 4531 1392 4588 Et
1437 4531 1777 4588 recordatus
1819 4537 1910 4588 est

237 4615 397 4673 Mosi
425 4616 574 4673 servi
603 4617 696 4674 sui
721 4618 823 4690 qui
847 4617 1238 4690 interpellavit
1254 4636 1358 4691 pro
1371 4618 1454 4673 eis
1476 4619 1536 4674 in
1561 4619 1790 4676 deserto
1819 4619 1907 4675 di-

2093 3477 2121 3502 α
2156 3451 2331 3518 Quasi
2363 3452 2582 3507 animal
2614 3452 2672 3507 in
2704 3467 2912 3524 campo
2933 3453 3354 3522 descendens,»
3385 3455 3671 3513 subaudis

2022 3542 2149 3596 sine
2179 3541 2499 3596 offensione
2523 3558 2536 3596 :
2563 3540 2646 3596 sic
2668 3541 3098 3596 descenderunt
3127 3548 3186 3598 et
3216 3543 3566 3600 introierunt
3588 3545 3672 3600 illi

2021 3629 2080 3684 in
2111 3635 2329 3686 terram
2354 3629 2466 3686 sibi
2501 3629 2937 3702 repromissam.
2957 3631 3026 3685 Et
3057 3647 3238 3702 quare
3259 3632 3342 3687 ita
3359 3633 3675 3705 tranquille

2021 3719 2470 3786 ambulaverint,
2504 3719 2842 3774 manifestat
2869 3719 3237 3792 subjungens
3275 3737 3288 3776 :
3336 3743 3366 3772 ‹‹
3397 3721 3672 3794 Spiritus,

2009 3809 2234 3880 'inquit,
2274 3807 2500 3864 Domini
2534 3808 2745 3864 ductor
2773 3808 2901 3877 ejus
2930 3809 3062 3864 fuit.
3101 3832 3128 3858 »
3161 3809 3444 3882 Spiritum
3475 3816 3672 3868 autem

2021 3897 2134 3952 isto
2155 3896 2214 3951 in
2238 3895 2361 3951 loco
2382 3895 2654 3967 angelum
2674 3897 2956 3952 debemus
2978 3896 3320 3968 intelligere,
3335 3897 3436 3968 qui
3467 3898 3674 3953 ductor

2020 3985 2130 4040 fuit
2148 3984 2307 4039 illius
2341 3983 2560 4056 populi,
2585 3984 2912 4040 secundum
2949 3986 3104 4056 quod
3137 3983 3424 4040 Dominus
3453 3985 3504 4040 ei
3538 4003 3670 4058 pro-

2021 4073 2184 4129 misit
2213 4073 2449 4128 diccns:
2485 4095 2514 4122 «
2546 4071 2803 4144 Angelus
2849 4089 3017 4126 meus
3063 4073 3350 4144 praecedet
3387 4076 3444 4127 te
3474 4073 3667 4141 (Exod,

2019 4160 2214 4231 xxxu).
2251 4183 2279 4210 »
2309 4160 2390 4214 Ex
2421 4158 2624 4214 multis
2656 4159 2812 4214 enim
2845 4158 2990 4214 locis
3038 4176 3356 4231 possumus
3401 4159 3672 4234 colligere

2019 4247 2258 4322 angelos
2288 4246 2612 4320 appellatos
2631 4263 2758 4302 esse
2780 4245 3046 4318 spiritus,
3069 4264 3100 4303 e
3123 4245 3338 4319 quibus
3359 4252 3450 4303 est
3469 4247 3616 4304 illud
3652 4267 3666 4305 :

2019 4337 2128 4404 Qui
2147 4337 2287 4393 facit
2309 4335 2548 4408 angelos
2569 4354 2708 4392 suos
2729 4335 2974 4408 spiritus
2996 4337 3166 4408 (Psal.
3182 4336 3322 4408 c111).
3339 4338 3408 4391 Et
3440 4335 3501 4390 in
3514 4337 3670 4406 Acti-

2017 4428 2130 4483 bus
2161 4425 2561 4500 apostolorum
2595 4443 2608 4481 :
2642 4449 2669 4477 ‹‹
2694 4424 3200 4498 Spiritus,inquit,
3217 4423 3448 4482 Domini
3475 4427 3672 4498 rapuit

2018 4515 2355 4589 Philippum
2377 4515 2510 4588 (Act.
2542 4515 2685 4587 VIII).
2719 4539 2747 4564 ››
2782 4515 3010 4570 Rursus
3058 4514 3119 4569 in
3167 4514 3430 4586 Epistola
3459 4515 3530 4570 ad
3565 4515 3670 4572 He-

2017 4606 2202 4661 braeos
2235 4621 2248 4660 :
2285 4603 2438 4658 «Isti
2483 4607 2624 4660 sunt
2670 4601 3150 4658 administratorii
3201 4601 3669 4676 spiritushmissi

245 4721 418 4762 cens:
446 4727 474 4756 «
497 4707 616 4762 Aut
651 4689 880 4762 dimitte
897 4706 981 4762 eis
1003 4689 1156 4779 hanc
1172 4689 1407 4778 nosam,
1422 4711 1523 4762 aut
1552 4707 1680 4762 dele
1710 4725 1804 4763 me
1837 4709 1908 4764 de

2090 4699 2254 4766 opter
2282 4709 2380 4748 eos
2401 4691 2503 4763 qui
2523 4691 2877 4747 hereditatis
2897 4689 3200 4762 possident
3221 4691 3666 4763 satutemUIebr.

243 4792 394 4850 libro
414 4798 516 4850 tuo
538 4794 734 4865 (Exod.
755 4798 956 4864 xxxn).
970 4816 992 4843 ι
1017 4796 1378 4852 Recordatus
1400 4800 1490 4852 est
1505 4796 1684 4852 etiam
1706 4796 1906 4870 populi

2113 4806 2140 4833 ››
2177 4783 2456 4852 Sequitur
2487 4797 2501 4834 :

243 4881 340 4939 sui
361 4883 461 4954 qui
473 4882 734 4940 salvatus
747 4885 1009 4940 oratione
1023 4883 1341 4950 Mosi,dum
1362 4900 1498 4940 eum
1519 4883 1692 4940 vellet
1707 4903 1902 4957 percu-

243 4975 364 5027 tere
385 4989 574 5045 usque
595 4973 669 5028 ad
701 4973 1182 5030 internecionem.
1202 4973 1421 5030 Idcirco
1459 4977 1654 5028 autem
1695 4973 1905 5028 borum

241 5061 588 5117 recordatus
610 5065 720 5130 est,
741 5061 881 5133 quia
902 5079 1019 5117 non
1042 5065 1167 5117 erat
1186 5061 1286 5133 qui
1311 5061 1525 5117 levaret
1546 5078 1650 5133 pro
1672 5061 1756 5116 eis
1776 5050 1905 5117 ora:

239 5148 462 5205 tionem
489 5154 548 5205 et
575 5167 612 5205 a
640 5155 875 5222 peccato
904 5149 1270 5205 infidelitatis
1301 5166 1400 5205 eos
1435 5149 1727 5217 liberaret,
1753 5150 1907 5206 sicut

239 5237 546 5310 quondam
569 5237 715 5296 Mosi
746 5239 1005 5296 oratione
1036 5241 1094 5293 et
1133 5238 1376 5293 obtentu
1427 5237 1655 5293 liberati
1704 5243 1844 5293 sunt
1873 5256 1908 5294 a

237 5325 471 5398 ﬂagello
499 5331 556 5382 et
587 5327 659 5382 ab
689 5345 883 5384 errore
905 5325 1268 5388 idololatriae.
1293 5326 1574 5398 Sequitur
1601 5342 1615 5384 :
1642 5326 1794 5382 «Ubi
1818 5331 1909 5383 est

238 5413 344 5487 qui
363 5415 565 5471 eduxit
585 5417 657 5472 de
677 5417 984 5489 mari-cum
1005 5414 1341 5488 pastoribus
1361 5415 1557 5489 gregis
1577 5415 1709 5471 sui?
1722 5439 1750 5466 »
1765 5417 1908 5472 Prae-

234 5502 442 5560 videns
469 5505 761 5578 propheta
791 5505 974 5562 Isaias
1019 5503 1408 5576 abjectionem
1456 5504 1655 5578 populi
1705 5504 1800 5561 sui
1846 5511 1905 5561 et

234 5589 542 5649 iniseriam
560 5597 736 5666 atque
747 5593 1128 5650 afﬂictionem
1149 5607 1277 5662 qute
1292 5590 1378 5648 eis
1400 5591 1770 5660 imminebat,
1778 5609 1905 5664 pro-

234 5683 371 5754 pter
396 5681 772 5753 negationem
805 5681 936 5738 Filii
977 5679 1100 5750 Dei,
1136 5677 1499 5736 condolendo
1539 5678 1903 5736 exclamabat

235 5767 482 5831 dicens:
506 5768 724 5843 Ubi‘est
742 5769 1056 5830 clementia
1077 5767 1498 5843 omnipotentis
1508 5768 1612 5828 Dei
1636 5770 1737 5847 qui
1757 5769 1900 5828 edu-

2087 4896 2114 4922 ‹‹
2137 4871 2230 4926 Sic
2249 4869 2543 4925 adduxisti
2567 4867 2850 4941 populum
2873 4873 3102 4934 tuum,»
3121 4866 3403 4924 subaudis
3422 4867 3494 4922 de
3517 4871 3669 4924 terra

2014 4959 2258 5034 Egypti,
2288 4978 2314 5010 α
2346 4962 2409 5012 ut
2441 4958 2658 5013 faceres
2678 4957 2784 5012 tibi
2819 4973 3028 5012 nomen
3059 4956 3260 5030 gloriae
3288 4961 3457 5024 tute,»
3489 4957 3545 5011 id
3579 4962 3668 5012 est

2015 5055 2082 5104 ut
2111 5065 2324 5104 nomen
2353 5050 2523 5100 tuum
2545 5045 2972 5118 gloriﬁcaretur
2991 5050 3048 5100 et
3077 5044 3416 5100 laudaretur
3431 5049 3668 5114 aeterna-

2016 5138 2168 5194 liter.
2188 5137 2304 5191 Hac
2333 5135 2404 5190 de
2437 5151 2496 5188 re
2519 5133 2811 5206 percussit
2833 5133 3118 5188 Dominus
3143 5133 3432 5206 Egyptios
3462 5133 3666 5191 multis

2017 5225 2291 5300 plagis,et
2312 5223 2578 5278 liberavit
2591 5222 2872 5295 populum
2889 5239 3064 5278 suum
3079 5222 3512 5278 transducendo
3529 5238 3664 5279 eum

2017 5333 2120 5388 per
2139 5331 2299 5369 mare
2327 5316 2384 5368 et
2411 5329 2515 5384 per
2544 5317 2760 5368 terram
2791 5311 3032 5378 inviam,
3055 5311 3115 5367 in
3148 5317 3364 5368 terram
3387 5311 3664 5368 omnibus

2013 5402 2336 5460 meliorem.

2087 5514 2115 5543 ‹‹
2144 5490 2389 5546 Attende
2419 5489 2490 5545 de
2513 5487 2676 5558 c0310,
2709 5493 2767 5544 et
2793 5489 2924 5565 vide
2963 5489 3035 5546 de
3083 5487 3416 5546 habitacula
3459 5494 3662 5546 sancto

2012 5588 2114 5639 tuo
2145 5585 2201 5636 et
2231 5577 2424 5647 gloriae
2459 5582 2594 5632 tuae.
2621 5601 2649 5627 υ
2681 5578 2762 5632 Ex
2788 5594 3042 5650 persona
3069 5577 3268 5651 populi
3298 5577 3658 5648 Judaeorum,

2012 5666 2414 5747 pwnitcntiam
2445 5664 2673 5738 agentis
2695 5671 2753 5721 et
2771 5670 3075 5738 peccatum
3106 5685 3282 5724 suum
3313 5683 3665 5740 cognoscen-

2011 5763 2108 5834 tis,
2139 5755 2402 5834 loquitur
2428 5754 2603 5814 modo
2633 5754 2938 5832 prepheta,
2957 5759 3016 5814 et
3045 5756 3188 5814 dicit
3217 5755 3290 5814 ad
3321 5756 3506 5816 Deum
3532 5773 3544 5814 :
3567 5758 3663 5815 At-
