3956 6378
339 465 365 526 1
376 466 495 526 059

709 466 1120 527 HAYMONIS
1168 464 1706 526 HALBERSTAT.
1756 463 2000 524 EPISC.
2049 462 2223 524 OPP.
2268 463 2473 523 PARS
2519 463 2566 522 Ι.
2614 497 2691 506 -
2737 465 3144 525 COMMENT.
3192 464 3392 524 BIBL.

3597 465 3751 525 1060

337 599 819 656 tendedecoeloet
839 597 1267 653 n1iscrere.Non
1285 597 1570 654 debemus
1587 602 1988 671 putareDeum
2018 597 2072 665 Α
2103 595 2430 651 orationem
2463 597 2860 653 fundant.Sed
2893 597 3140 669 qumstio
3162 589 3562 654 orituristo'in
3586 597 3706 654 loco
3735 615 3746 653 :

337 689 799 760 omnipotentem
832 685 1093 741 localiter
1114 689 1172 740 et
1191 685 1562 740 solummodo
1580 704 1708 742 esse
1731 687 1786 741 in
1810 685 1954 741 coelo
1979 705 1992 742 :

335 777 472 832 licet
495 776 779 848 propheta
791 774 966 844 dicat,
978 797 1005 824 «
1020 777 1254 830 attende
1268 777 1338 830 de
1351 775 1494 831 coelo
1506 775 1994 831 etdehabitaculo

335 871 538 921 sancto
572 869 705 934 tuo;
735 888 760 914 ››
786 865 885 919 sed
920 865 977 920 in
1011 863 1155 920 ecelo
1186 869 1244 918 et
1271 864 1330 919 in
1355 869 1512 920 terra
1535 864 1996 921 illum-esse.Se~

333 954 594 1009 cundum
614 953 770 1026 quod
789 953 914 1025 ipse
931 952 1078 1008 dixit
1101 969 1115 1008 :
1142 977 1170 1003 ‹‹
1194 953 1404 1008 oculum
1439 958 1496 1008 et
1521 958 1738 1008 terram
1767 970 1872 1025 ego
1891 952 1996 1008 im-

332 1043 522 1116 pleo,»
545 1047 604 1098 et
623 1042 802 1098 etiam
823 1041 979 1097 intra
1008 1043 1228 1108 omnia,
1244 1048 1406 1098 extra
1435 1043 1636 1098 omnia
1664 1043 1994 1098 esse.Sicut

331 1131 540 1187 beatus
571 1129 888 1203 Gregorius
920 1130 1063 1186 dicit
1095 1148 1108 1186 :
1145 1129 1467 1203 Implendo,
1489 1130 1992 1204 inquiens,omnia

329 1221 741 1288 circumdat,et
765 1219 1188 1276 circumdanda
1209 1219 1408 1276 omnia
1429 1219 1662 1292 implet:
1681 1219 1988 1293 praasiden-

328 1310 402 1364 do
425 1309 698 1376 sustinet,
719 1307 1064 1364 sustinendo
1103 1309 1480 1380 praesidebEt
1515 1327 1651 1364 cum
1672 1313 1834 1384 totus
1866 1309 1988 1364 ubi-

327 1414 442 1470 que
456 1397 534 1453 sit
547 1414 648 1470 per
669 1396 1096 1470 plenitudinem
1110 1397 1434 1453 divinitatis
1448 1398 1769 1467 suae,datur
1791 1402 1987 1454 tamen

326 1485 735 1542 habitaculum
757 1490 815 1542 et
832 1485 997 1542 locus
1018 1486 1148 1558 ejus
1183 1504 1310 1552 esse
1341 1487 1402 1542 in
1424 1487 1518 1544 his
1541 1505 1670 1560 qua:
1693 1488 1988 1544 sanctiora

327 1580 469 1632 sunt
484 1592 495 1631 :
513 1575 839 1631 secundum
853 1575 1006 1647 quod
1032 1573 1156 1647 ipse
1169 1575 1345 1630 dicit:
1373 1599 1400 1626 ‹‹
1417 1575 1640 1633 leum
1659 1576 1802 1631 mihi
1818 1578 1986 1632 sedes

325 1668 418 1720 est
443 1665 573 1736 (Isa.
601 1667 770 1730 vai).
799 1687 826 1712 »
858 1664 927 1718 Et
949 1663 1261 1720 Psalmista
1285 1681 1298 1720 :
1329 1687 1355 1716 ‹‹
1371 1667 1476 1731 Qui
1501 1665 1749 1733 habitat,
1770 1665 1982 1738 inquit,

322 1751 384 1807 in
415 1751 868 1825 coalo,_irridebit
897 1769 998 1808 eos
1041 1753 1214 1822 (Psal.
1240 1757 1323 1821 ιι).
1362 1775 1389 1802 η
1430 1753 1776 1826 Ubicunque
1825 1755 1982 1810 enim

322 1841 390 1896 fit
416 1840 688 1896 voluntas
710 1842 862 1913 ejus,
879 1841 957 1896 ibi
981 1847 1070 1897 est
1092 1841 1498 1898 habitaculum
1525 1847 1584 1898 et
1604 1843 1818 1898 domus
1839 1843 1938 1899 Dei
1966 1861 1978 1898 :

323 1931 613 2005 praecipue
645 1931 704 1985 in
735 1929 959 2003 angelis
991 1947 1239 2003 quorum
1272 1931 1635 1987 conversatio
1658 1931 1717 1988 in
1740 1931 1982 1988 cmlesti-
2010 1971 2058 2037 Β

320 2021 434 2076 bus
465 2024 573 2087 est,
607 2023 664 2074 et
693 2017 750 2074 in
783 2018 1004 2075 sanctis
1052 2018 1395 2075 hominibus
1441 2019 1541 2091 qui
1587 2025 1892 2077 manentes
1919 2021 1977 2076 in

316 2111 474 2163 terra
503 2123 763 2180 corpore,
795 2106 1056 2162 ccelestia
1077 2111 1270 2164 mente
1297 2107 1790 2180 contemplantur.
1815 2110 1978 2176 Quod

315 2213 456 2269 ergo
489 2196 629 2251 dicit
656 2195 939 2268 propheta
967 2213 1036 2250 ex
1073 2213 1323 2268 persona
1353 2196 1552 2268 pepuli
1583 2195 1852 2269 loquens,
1886 2203 1978 2253 at-

315 2287 491 2340 tende
521 2287 591 2340 de
614 2285 756 2340 C(BlO
787 2290 844 2340 et
873 2285 1004 2340 vide
1026 2285 1096 2340 de
1117 2285 1452 2341 habitacula
1474 2291 1676 2341 sancto
1699 2290 1820 2356 tuo,
1845 2305 1976 2342 sen-

317 2393 422 2430 sus
453 2377 580 2431 est:
613 2398 640 2426 ‹‹
662 2375 908 2430 Attende
939 2375 1010 2429 de
1037 2373 1180 2430 cwlo
1211 2378 1270 2430 et
1299 2375 1371 2429 de
1400 2373 1736 2430 habitaculi)
1773 2382 1976 2432 sancto

314 2469 418 2520 tuo
448 2469 506 2520 et
529 2463 725 2536 gloria:
749 2468 882 2532 tute,
908 2467 964 2520 et
995 2463 1144 2534 vide,
1172 2486 1199 2512 »
1229 2463 1287 2518 id
1319 2467 1428 2531 est,
1456 2464 1976 2522 miserere.Videre

315 2552 475 2608 enim
500 2553 600 2608 Dei
620 2551 883 2607 misereri
907 2551 1203 2623 est,juxta
1225 2551 1369 2607 illud
1397 2570 1410 2607 :
1435 2551 1652 2608 Videas
1686 2553 1800 2608 vidi
1825 2555 1974 2609 afﬂi-

314 2642 572 2697 ctionem
605 2640 802 2713 populi
834 2641 970 2708 mei,
1006 2641 1062 2697 id
1096 2645 1203 2709 est,
1237 2641 1352 2696 vidi
1387 2645 1444 2696 et
1475 2641 1751 2697 misertus
1783 2660 1937 2698 sum.

389 2753 416 2781 α
452 2729 560 2786 Ubi
583 2734 671 2785 est
688 2730 848 2786 zelus
877 2736 1038 2797 tuus,
1057 2754 1082 2778 υ
1101 2730 1156 2785 id
1181 2735 1269 2785 est
1290 2747 1456 2785 amor
1474 2735 1614 2785 tuus
1637 2749 1751 2803 quo
1774 2731 1974 2786 dilexi-

313 2819 390 2876 sti
421 2836 530 2874 nos
561 2822 616 2874 et
647 2824 844 2891 patres
871 2819 1142 2874 nostros?
1173 2844 1199 2870 ‹‹
1237 2821 1304 2874 Et
1336 2820 1612 2875 fortitudo
1649 2825 1804 2890 tua,»
1829 2823 1971 2878 sub-

316 2906 489 2963 audis
514 2906 613 2962 ubi
646 2905 818 2972 est,in
853 2923 970 2980 qua
984 2909 1052 2962 ed
1064 2907 1236 2962 uxisti
1266 2911 1459 2980 patres
1483 2913 1715 2964 nostros
1733 2927 1799 2964 ex
1819 2915 1978 2984 Egy-

313 3000 417 3068 pto
435 2996 464 3052 ?
486 3021 508 3049 ι
538 2995 854 3050 Multitudo
875 2995 1162 3051 viscerum
1189 2999 1426 3050 tuorum
1451 3000 1508 3050 et
1531 2995 1972 3052 miserationum

313 3089 581 3150 tuarum,
607 3107 634 3134 »
662 3083 948 3139 subaudis
981 3083 1080 3140 ubi
1111 3085 1244 3140 est?
1275 3107 1302 3134 «
1339 3085 1528 3156 Super
1557 3101 1650 3138 me
1680 3085 1976 3140 continue-

311 3177 453 3228 runt
485 3190 546 3228 se
571 3196 598 3223 ››
626 3172 806 3240 zelus,
833 3171 1102 3229 videlicet
1133 3173 1413 3228 fortitudo
1444 3177 1618 3244 atque
1651 3173 1970 3230 miseratio.

311 3261 482 3318 Zelus
503 3261 798 3335 duplicem
823 3262 1001 3318 habet
1031 3263 1459 3330 sensum,sicut
1480 3261 1802 3334 saepissime
1829 3263 1974 3319 mul-

2107 685 2296 749 Quare
2325 684 2618 740 Abraham
2648 690 2705 740 et
2736 685 2934 750 Israel,
2958 686 3014 740 id
3047 690 3134 740 est
3163 687 3367 751 Jacob,
3401 703 3609 741 nomen
3661 704 3753 758 po-

2105 773 2308 841 suerit,
2342 778 2400 828 et
2429 773 2591 829 Isaac
2625 773 2883 829 medium
2927 773 3346 830 intermiserit?
3375 775 3458 830 Ad
3491 775 3642 848 quod
3667 775 3750 830 di-

2104 863 2378 929 cendum,
2413 863 2554 934 quia
2581 879 2684 935 per
2712 863 2903 935 prima
2934 867 2991 917 et
3021 863 3230 918 ultima
3255 863 3431 918 etiam
3465 863 3654 918 media
3675 865 3754 918 in-

2103 949 2444 1023 telligimus.
2479 951 2625 1006 Cum
2651 950 2808 1006 enim
2841 950 2987 1006 dixit
3014 951 3308 1006 Abraham
3360 957 3418 1006 et
3468 952 3660 1020 Israel,
3691 952 3748 1008 in

2102 1037 2194 1094 his
2224 1039 2456 1095 duobus
2484 1041 2646 1094 Isaae
2679 1055 2912 1111 quoque
2942 1037 3002 1094 in
3043 1040 3236 1095 medio
3267 1040 3704 1113 comprehcndit
3731 1059 3745 1096 :

2101 1131 2158 1181 et
2187 1144 2300 1182 non
2334 1127 2528 1182 solum
2563 1126 2752 1194 illum,
2781 1128 2880 1182 sed
2914 1127 3090 1184 etiam
3121 1127 3267 1184 alios
3297 1133 3531 1184 sanctos
3559 1135 3748 1202 patres

2100 1217 2510 1286 praecedentes.
2545 1239 2572 1265 ‹‹
2611 1217 2719 1282 Tu,
2745 1215 3010 1282 Domine,
3039 1217 3207 1271 Pater
3255 1220 3472 1285 noster,
3494 1240 3522 1268 »
3559 1218 3611 1272 id
3663 1224 3750 1274 est

2098 1308 2354 1372 Creator,
2390 1327 2418 1354 ››
2454 1305 2826 1376 Redemptor,
2854 1327 2880 1352 ιι
2914 1305 3200 1361 subaudis
3249 1309 3467 1372 noster,
3499 1307 3594 1380 qui
3643 1325 3747 1364 nos

2098 1393 2398 1448 redemisti
2431 1393 2500 1448 de
2529 1394 2801 1466 [Egyptoz
2837 1416 2865 1443 ‹‹
2900 1411 2934 1448 a
2973 1392 3186 1450 saeculo
3235 1411 3445 1450 nomen
3494 1400 3682 1464 tuum,
3718 1421 3745 1445 ι»

2096 1483 2408 1551 subaudis,
2441 1488 2715 1538 sanetum
2750 1487 3074 1555 permanet.

2169 1594 2197 1622 ‹‹
2229 1573 2418 1638 Quare
2451 1587 2647 1628 errare
2678 1571 2867 1627 fecisti
2897 1589 3025 1638 nos,
3057 1571 3322 1639 Domine,
3349 1554 3420 1628 de
3450 1574 3558 1630 viis
3604 1577 3740 1646 tuis,

2095 1661 2193 1716 ind
2205 1661 2384 1717 urasti
2408 1677 2508 1716 cor
2538 1665 2805 1715 nostrum
2828 1677 2900 1715 ne
2921 1661 3264 1717 timeremus
3285 1661 3380 1718 te?
3400 1685 3427 1712 ι»
3453 1663 3602 1719 Deus
3628 1682 3745 1720 om-

2094 1749 2528 1820 nipotens,cum
2547 1749 2842 1805 neminem
2863 1749 3038 1805 faciat
3060 1767 3252 1805 errare
3273 1755 3381 1806 eta
3406 1751 3497 1807 via
3518 1753 3743 1809 rectitu-

2093 1839 2248 1894 dinis
2270 1838 2523 1905 deviare,
2545 1842 2599 1893 et
2636 1855 2770 1894 cum
2812 1837 3032 1893 nullius
3055 1838 3313 1894 hominis
3333 1856 3432 1896 cor
3461 1841 3690 1898 indui-et
3722 1859 3736 1898 :

2092 1928 2310 1983 dicitur
2329 1932 2526 1983 tamen
2550 1927 2736 1982 facere
2758 1943 2950 1983 errare
2972 1933 3030 1983 et
3051 1928 3326 1984 indurare
3346 1945 3444 1984 cor
3464 1929 3738 2000 hominis,

2090 2034 2226 2072 eum
2258 2035 2374 2072 non
2407 2021 2636 2072 revocat
2667 2017 2740 2072 ab
2771 2033 2985 2084 errore,
3018 2021 3074 2072 et
3119 2033 3256 2072 cum
3305 2035 3340 2073 a
3385 2018 3598 2075 duritia
3641 2037 3738 2076 cor

2088 2105 2251 2162 illius
2282 2123 2398 2162 non
2425 2104 2667 2162 emollit.
2699 2105 2863 2162 Sicut
2887 2106 2958 2162 de
2981 2106 3279 2163 Pharaone
3308 2107 3522 2164 dicitur
3547 2109 3733 2182 (Exod.

2088 2213 2164 2264 1x,
2197 2213 2233 2250 x
2263 2199 2320 2252 et
2347 2196 2447 2268 χι),
2482 2196 2635 2268 quod
2668 2195 2964 2250 induravit
2987 2195 3270 2252 Dominus
3291 2213 3390 2252 eor
3409 2198 3554 2270 ejus,
3570 2199 3626 2254 id
3649 2202 3736 2255 est

2086 2302 2204 2340 non
2249 2284 2550 2340 emollivit.
2584 2285 2664 2340 Eo
2711 2285 2885 2340 modo
2934 2284 3261 2356 loquuntur
3307 2285 3403 2341 isti
3455 2287 3730 2355 dicentes,

2061 2369 2268 2446 'quare
2298 2373 2620 2446 permisisti
2655 2391 2762 2429 nos
2793 2390 3004 2441 errare,
3041 2373 3304 2440 Domine,
3337 2375 3407 2430 de
3451 2375 3560 2430 viis
3593 2375 3733 2447 tuis,

2085 2462 2143 2518 id
2179 2467 2268 2518 est
2295 2463 2354 2518 in
2388 2462 2683 2518 mandatis
2716 2466 2773 2517 et
2793 2462 3040 2534 judiciis
3059 2462 3216 2519 tuis?
3236 2464 3304 2518 Et
3323 2480 3500 2536 quare
3528 2465 3735 2536 permi-

2087 2551 2213 2606 sisti
2236 2551 2502 2606 indurari
2533 2569 2630 2606 cos
2664 2553 3380 2626 nostrum,suspendendo
3401 2552 3643 2626 ﬂagella,
3659 2569 3732 2609 ne

2087 2639 2430 2694 timeremus
2463 2639 2564 2694 te?
2597 2641 2780 2709 (Prov.
2814 2640 2922 2712 In.)
2955 2639 3251 2696 Sciremus
3299 2641 3498 2714 utique
3543 2640 3729 2697 zelum

2086 2732 2280 2794 tuum,
2316 2727 2372 2782 id
2407 2731 2496 2782 est
2525 2745 2785 2782 amorem
2815 2729 3326 2799 tuum,nobiscum
3357 2747 3501 2796 esse,
3536 2747 3734 2786 secun-

2087 2818 2228 2872 dum
2248 2817 2388 2872 illud
2417 2833 2430 2870 :
2457 2819 2682 2882 «Quem
2703 2817 2896 2890 diligit
2919 2819 3198 2874 Dominus
3220 2817 3732 2892 corripit,ﬂagellat

2085 2923 2320 2962 omnem
2337 2905 2523 2961 filium
2546 2923 2722 2978 quem
2747 2907 3007 2979 recipit.»
3031 2907 3256 2974 Quibus
3275 2924 3406 2964 vero
3428 2908 3730 2963 vehemen-
3837 2907 3845 2912 ’

2085 2999 2174 3051 ter
2200 3000 2290 3050 est
2320 2995 2526 3064 iratus,
2562 3011 2596 3050 a
2625 2995 3006 3067 percutiendo
3032 3013 3275 3052 manum
3325 2997 3630 3068 suspendit
3669 2997 3728 3053 in

2083 3085 2376 3158 praesenti,
2393 3085 2530 3140 utin
2547 3085 2739 3140 futuro
2756 3085 3286 3142 remunerationem
3310 3086 3590 3158 recipiant
3611 3103 3727 3141 sua:

2082 3174 2434 3247 iniquitatis.
2471 3173 2632 3230 Unde
2663 3174 3020 3246 quibusdam
3051 3175 3193 3230 dicit
3221 3192 3234 3230 :
3270 3199 3296 3224 ‹‹
3322 3175 3442 3230 Non
3466 3175 3728 3243 visitabo,

2080 3262 2378 3335 inquiens,
2396 3279 2572 3334 super
2595 3262 2746 3318 filias
2763 3268 2984 3318 vestras
3015 3281 3148 3318 eum
3175 3264 3390 3319 fuerint
3415 3263 3731 3335 fornicatus,

310 3351 387 3406 tis
419 3350 478 3405 in
511 3350 654 3406 locis
687 3351 908 3406 dictum
941 3356 1050 3406 est.
1081 3351 1184 3405 Est
1213 3351 1369 3406 enim
1403 3351 1562 3406 zelus
1595 3350 1968 3420 malus,invi-
2002 3343 2046 3410 C
2085 3357 2143 3408 et
2171 3369 2350 3424 super
2380 3352 2532 3407 filios
2563 3356 2787 3407 vestros
2823 3370 2954 3407 sum
2989 3353 3538 3425 adultaverint(05e.
3573 3356 3670 3420 IV).
3703 3375 3733 3402 υ

314 3440 425 3494 dias
458 3444 514 3494 et
546 3439 736 3495 fervor
767 3440 1027 3495 malitiae.
1060 3441 1129 3494 Et
1158 3444 1249 3495 est
1278 3441 1438 3495 zelus
1479 3457 1644 3494 amor
1673 3441 1884 3509 bonus,
1917 3447 1976 3496 et

313 3529 504 3583 fervor
522 3527 856 3584 dilectionis
878 3527 978 3583 Dei
1000 3532 1058 3582 et
1089 3527 1358 3599 proximi,
1378 3529 1448 3583 de
1471 3545 1588 3600 quo
1631 3527 1726 3583 hic
1757 3530 1971 3602 agitur,

310 3616 370 3670 id
391 3620 482 3670 est
510 3616 581 3670 de
611 3615 732 3671 zelo
761 3615 1252 3672 amoris.Viscera
1275 3621 1415 3672 sunt
1435 3616 1713 3672 interiora
1733 3619 1972 3674 ventris.

313 3706 383 3759 Et
413 3704 542 3760 ideo
575 3723 678 3777 per
703 3705 927 3761 viscera
955 3723 1071 3761 non
1104 3705 1397 3762 immerito
1428 3707 1670 3763 affectus
1708 3707 1976 3765 dilectio-

311 3793 403 3848 nis
437 3793 494 3848 in
529 3793 638 3848 hoc
670 3795 796 3851 loco
829 3793 1204 3868 intelligitur.
1227 3795 1328 3850 Ubi
1362 3801 1471 3863 est,
1499 3796 1707 3869 inquit,
1733 3799 1976 3856 affectus

310 3883 505 3939 nimia:
527 3881 880 3954 dilectionis,
915 3902 1030 3957 quo
1062 3903 1169 3941 nos
1199 3885 1491 3942 dilexisti?
1523 3887 1802 3960 Sequitur
1835 3905 1846 3944 :

380 3995 410 4024 ‹‹
435 3975 522 4029 Tu
553 3973 713 4029 enim
744 3975 912 4030 Pater
943 3979 1158 4041 noster,
1194 3999 1220 4024 ››
1255 3976 1310 4030 id
1343 3981 1432 4030 est
1472 3976 1710 4032 Creator
1739 3983 1970 4048 noster;

309 4084 335 4117 ι
371 4066 428 4118 et
445 4060 740 4118 Abraham
773 4063 1018 4119 nescivit
1049 4081 1154 4118 nos
1177 4069 1234 4119 et
1255 4064 1432 4121 Israel
1465 4065 1756 4138 ignoravit
1787 4085 1914 4136 nos,
1944 4090 1971 4117 υ

304 4150 365 4206 id
396 4155 486 4207 est
518 4169 632 4206 non
665 4152 934 4224 cognovit
965 4169 1072 4208 nos
1104 4170 1233 4208 esse
1260 4153 1412 4209 ﬁlios
1447 4172 1777 4227 suos,quos
1797 4174 1832 4212 a
1854 4157 1971 4213 Deo

305 4257 416 4296 suo
447 4239 787 4313 intelligunt
815 4258 930 4298 non
964 4241 1386 4298 ainari.Patres
1407 4244 1560 4314 justi
1593 4248 1650 4300 et
1670 4245 1858 4300 sancti
1881 4245 1970 4300 di-

307 4333 524 4384 cuntur
543 4329 809 4402 ignorare
833 4335 964 4402 post
985 4334 1234 4386 mortem
1261 4331 1410 4387 filios
1433 4350 1574 4388 suos
1599 4333 1804 4399 malos,
1822 4351 1972 4405 quos

304 4416 558 4476 videnta
583 4417 698 4474 Deo
731 4419 998 4474 recedere
1050 4423 1108 4474 ct
1157 4437 1266 4474 sua
1309 4419 1554 4494 vestigia
1602 4440 1716 4477 non
1750 4423 1915 4495 sequi
1953 4441 1966 4479 :

307 4505 447 4578 quia
477 4523 592 4562 non
623 4505 1002 4579 interpellant
1031 4507 1216 4563 Deum
1250 4525 1354 4580 pro
1387 4509 1553 4582 ipsis,
1582 4527 1771 4583 neque
1810 4510 1969 4567 enim

307 4594 748 4664 exaudirentur,
782 4613 970 4669 neque
1001 4603 1244 4669 possent
1275 4596 1524 4654 liberare
1541 4617 1640 4655 eos
1661 4617 1696 4654 a
1713 4599 1972 4656 vindicta

307 4684 730 4779 omnipotentis
752 4685 1037 4751 Dei,sicut
1059 4687 1129 4742 ad
1153 4686 1470 4779 Jeremiam
1490 4689 1644 4779 Deus
1665 4688 1964 4762 loquitur:
2000 4715 2047 4779 Β

308 4793 336 4819 ‹‹
361 4772 512 4840 Noli,
536 4774 930 4846 inquit,orare
962 4792 1066 4846 pro
1098 4775 1312 4847 populo
1337 4775 1622 4848 isto,quia
1653 4795 1768 4834 non
1803 4796 1969 4834 exau-

309 4859 467 4916 diam
499 4866 555 4916 te
585 4863 716 4931 (Jer.
740 4866 861 4932 vn).
891 4885 918 4911 υ
947 4863 1326 4919 Manifestum
1357 4870 1446 4920 est
1477 4865 1635 4921 enim
1665 4866 1814 4922 ﬁlios
1847 4884 1970 4940 per-

308 4966 506 5008 versos
537 4955 595 5006 et
623 4968 658 5006 a
683 4951 798 5006 Deo
827 4951 1184 5022 recedentes,
1217 4954 1480 5008 oratione
1527 4959 1585 5010 et
1633 4955 1966 5028 interpella-

307 5037 467 5093 tione
501 5043 733 5110 patrum
769 5056 885 5094 non
919 5058 1089 5112 posse
1137 5041 1344 5098 salvari
1383 5060 1396 5098 :
1433 5043 1566 5098 licet
1617 5043 1726 5115 ipsi
1773 5050 1969 5116 patres

298 5123 449 5192 justi
481 5125 716 5182 fuerint.
739 5126 900 5181 Unde
925 5128 1205 5184 Dominus
1229 5131 1298 5185 ad
1327 5131 1684 5188 Ezechielem
1707 5132 1972 5205 loquitur

307 5210 538 5268 dicens:
561 5238 586 5263 ‹‹
603 5213 743 5270 Vivo
762 5216 1370 5287 ego,dieitDominus:
1397 5219 1536 5290 quia
1554 5221 1600 5275 si
1621 5221 1835 5276 fuerint
1851 5228 1968 5278 tres

306 5300 412 5354 viri
446 5300 544 5355 isti
575 5303 633 5357 in
669 5303 862 5358 medio
895 5305 1280 5374 llierusalem,
1308 5308 1446 5378 Noe,
1481 5309 1683 5364 Daniel
1732 5315 1790 5365 et
1835 5312 1966 5380 Job,

308 5387 497 5441 filium
519 5394 578 5444 et
609 5390 790 5446 filiam
819 5409 934 5448 non
958 5393 1321 5463 liberabunt;
1349 5398 1448 5452 sed
1473 5396 1582 5469 ipsi
1607 5397 1712 5454 soli
1737 5399 1974 5471 justitia

307 5487 419 5560 sua
441 5471 776 5533 liberabunt
796 5478 1028 5535 animas
1058 5497 1198 5536 suas
1223 5483 1436 5554 (Ewch.
1469 5484 1643 5556 x1v).»
1667 5485 1815 5550 Quia
1836 5503 1973 5560 ergo

309 5557 408 5648 isti
435 5569 768 5626 peccatores
797 5572 984 5636 erant,
1003 5573 1062 5624 et
1091 5587 1125 5624 a
1155 5570 1248 5626 via
1268 5571 1367 5627 Dei
1394 5573 1706 5628 recessisse
1726 5557 1972 5648 cogno—s-

305 5642 540 5736 cebant,
565 5652 775 5709 dicunt
805 5671 820 5709 :
854 5655 1148 5712 Abraham
1191 5662 1249 5711 et
1295 5659 1493 5727 Israel,
1528 5661 1584 5715 id
1637 5667 1724 5716 est
1767 5642 1972 5734 Jacob,

304 5739 586 5792 ιειιοτιιιιῑ
613 5755 722 5798 nos
751 5741 905 5796 ﬁlios
935 5758 1062 5799 esse
1093 5761 1254 5813 suos,
1279 5749 1350 5808 ad
1384 5748 1494 5805 hoc
1540 5753 1608 5805 ut
1655 5765 1760 5820 pro
1803 5749 1973 5808 nobis

2085 3465 2112 3491 (ι
2142 3443 2443 3496 Revertere
2473 3445 2710 3513 propter
2739 3459 2936 3496 servos
2967 3446 3120 3510 tuos,
3157 3466 3184 3492 ‹‹
3217 3442 3501 3498 subaudis
3541 3446 3734 3514 patres

2084 3533 2340 3597 nostros,
2363 3529 2684 3600 Abraham,
2717 3529 2878 3586 Isaac
2907 3533 2964 3584 et
2991 3530 3192 3595 Jacob,
3227 3529 3328 3602 qui
3360 3530 3532 3585 modo
3572 3528 3736 3602 igno-

2085 3623 2218 3674 rant
2248 3635 2376 3684 nos,
2410 3618 2674 3674 videntes
2707 3635 2814 3674 nos
2836 3623 2947 3674 ate
2978 3636 3094 3674 non
3140 3618 3347 3684 amari,
3368 3641 3389 3668 σι
3417 3623 3474 3674 et
3503 3621 3737 3690 propter

2084 3708 2274 3764 tribus
2305 3707 2665 3764 hazreditatis
2714 3711 2850 3763 tum.
2888 3730 2916 3757 »
2951 3708 3273 3775 Revertere,
3304 3707 3517 3780 inquit,
3543 3707 3599 3762 id
3647 3711 3734 3762 est

2085 3797 2204 3854 redi
2257 3797 2328 3852 ad
2361 3813 2468 3852 nos
2499 3797 2569 3852 ad
2622 3797 3082 3853 miscricordiam
3114 3802 3275 3851 tuam
3311 3813 3325 3852 :
3361 3801 3418 3851 et
3469 3798 3576 3852 hoc
3621 3813 3730 3852 non

2083 3885 2301 3941 nostris
2333 3885 2558 3941 meritis
2601 3884 3095 3957 promerentibus;
3129 3884 3230 3939 sed
3283 3887 3523 3956 propter
3574 3889 3729 3940 tuam

2084 3974 2548 4031 misericordiam
2570 3975 3004 4042 exuberantem,
3027 3977 3085 4028 et
3105 3978 3340 4046 propter
3376 3991 3574 4030 servos
3603 3978 3731 4029 tuos

2084 4069 2280 4136 patres
2311 4066 2542 4119 nostros
2564 4061 2663 4134 qui
2692 4063 2799 4118 tibi
2831 4062 3192 4135 placuerunt.
3211 4065 3469 4129 Quorum
3502 4062 3604 4118 ﬁlii
3634 4080 3730 4118 su-

2084 4171 2218 4209 mus
2251 4169 2353 4224 per
2389 4169 2648 4219 carnem,
2682 4151 2817 4207 licet
2853 4153 2926 4208 ab
2981 4151 3100 4207 illis
3149 4168 3263 4208 non
3315 4168 3732 4224 cognoscamur

2083 4246 2320 4315 propter
2350 4241 2497 4296 iram
2528 4241 2748 4312 peccati
2761 4282 2774 4295 .
3295 4231 3305 4242 ’

2155 4354 2183 4382 ‹‹
2217 4329 2394 4396 Quasi
2426 4329 2677 4385 nihilum
2713 4331 3100 4402 possederunt
3143 4329 3424 4403 populum
3464 4333 3728 4387 sanctum

2081 4419 2478 4492 tuum,hostes
2501 4419 2684 4476 nostri
2709 4419 3195 4476 conculcaverunt
3214 4419 3728 4476 sanctiﬁcationem

2083 4513 2246 4565 tuam
2273 4526 2286 4565 :
2312 4509 2448 4565 facti
2481 4526 2692 4565 sumus
2716 4509 2873 4564 sicut
2904 4509 2961 4564 in
2995 4507 3302 4582 principio,
3327 4525 3459 4564 cum
3489 4523 3602 4564 non
3629 4508 3730 4562 do-

2083 4597 2394 4654 minareris
2427 4598 2631 4666 nostri,
2667 4615 2857 4670 neque
2887 4597 3256 4653 invocaretur
3299 4614 3509 4654 nomen
3557 4614 3732 4670 super

2078 4705 2244 4743 nos.»
2268 4686 2443 4753 Quasi
2479 4686 3054 4758 nihilum,inquit,id
3089 4691 3179 4742 est
3209 4687 3334 4743 sine
3356 4686 3731 4744 reluctatione

2082 4781 2303 4844 nostra,
2319 4780 2376 4830 et
2406 4775 2535 4832 sine
2565 4793 2672 4831 suo
2703 4775 2902 4832 labore
2935 4776 3244 4848 possedere
3265 4793 3372 4832 nos
3402 4775 3597 4831 hostes
3627 4789 3732 4828 noo

2077 4863 2468 4934 stri,Chaldmi
2509 4863 2780 4919 videlicet
2829 4869 3004 4936 atque
3047 4865 3292 4920 Romani
3320 4882 3333 4920 :
3359 4863 3728 4920 conculcaveo

2079 4958 2217 5009 runt
2233 4953 2755 5008 sanctificationem
2775 4954 3026 5022 tuam,id
3047 4958 3136 5009 est
3161 4953 3444 5026 templum
3464 4957 3727 5008 sanetum

2079 5047 2406 5107 tuum,tam
2423 5041 2725 5114 Babylonii
2747 5060 2926 5114 quam
2944 5043 3187 5098 Romani
3215 5060 3228 5098 :
3255 5043 3505 5114 factique
3526 5057 3730 5096 sumus

2080 5133 2233 5186 sicut
2257 5132 2313 5186 in
2337 5130 2627 5203 principio
2651 5148 2784 5186 cum
2807 5149 2921 5187 non
2945 5131 3332 5186 dominareris
3351 5130 3553 5198 nostri,
3570 5130 3622 5184 id
3646 5134 3733 5184 est.

2079 5224 2397 5292 antequam
2428 5236 2774 5275 vocaremur
2795 5221 2853 5274 in
2875 5220 3347 5292 Abraham,quia
3371 5218 3558 5274 Thare
3579 5217 3732 5273 idola

2081 5308 2266 5364 coluit
2289 5309 2587 5380 quondam
2616 5327 2630 5364 :
2655 5309 2744 5364 vel
2767 5311 3000 5381 quando
3031 5326 3266 5364 eramus
3289 5310 3348 5363 in
3369 5309 3608 5380 Egypto
3639 5323 3733 5361 co-

2085 5398 2271 5452 lentes
2301 5397 2478 5464 idola,
2513 5415 2628 5452 non
2663 5398 2950 5454 habentes
2981 5415 3404 5470 regcm,neque
3423 5396 3732 5468 principes,

2083 5504 2273 5558 neque
2302 5487 2753 5559 prophetas,sed
2777 5505 3015 5543 eramus
3051 5488 3177 5542 sine
3199 5487 3407 5553 Deo,et
3434 5485 3560 5541 sine
3588 5484 3731 5557 lege,

2081 5581 2140 5631 et
2189 5575 2316 5630 sine
2347 5576 2670 5630 sacerdote.
2706 5576 2836 5632 Haec
2867 5575 3004 5632 licet
3047 5593 3117 5632 ex
3147 5580 3310 5648 parte
3340 5579 3470 5630 ante
3501 5573 3733 5628 Domini

2083 5666 2398 5720 adventum
2429 5663 2722 5736 completa
2751 5665 2888 5734 sint,
2909 5665 3110 5720 omnia
3139 5669 3335 5720 tamen
3356 5667 3486 5736 post
3509 5659 3735 5718 Domini

2081 5753 2418 5827 passionem
2443 5753 2688 5826 impleta
2703 5759 2844 5812 sunt
2867 5771 2880 5810 :
2901 5759 2958 5811 et
2973 5754 3238 5827 quotidie
3253 5751 3574 5827 implentur
3591 5751 3732 5807 dum
