3956 6432
228 521 376 581 1061

1285 519 1693 582 COMMENT.
1740 522 1818 581 IN
1863 518 2159 583 ISAIAM.
2195 556 2268 564 ——
2304 521 2449 582 LIB.
2500 521 2604 583 lll.

3497 527 3649 588 1062

228 659 433 709 manet
482 671 662 726 super
707 653 841 710 illos
885 652 987 709 illa
1036 653 1389 720 maledictio,
1423 671 1600 725 quam
1633 653 1743 708 sibi
1776 653 1884 708 im-
1915 656 1970 722 Α
2003 671 2133 707 men
2168 658 2357 708 tuum.
2394 654 2494 709 Sin
2529 660 2723 711 autem
2771 655 3087 725 legerimus
3128 658 3455 713 secundum
3496 660 3651 731 quod

227 743 449 815 precati
502 748 641 798 sunt
687 743 947 798 dicentes
981 759 993 795 :
1022 765 1049 791 α
1084 742 1336 811 Sanguis
1369 744 1497 812 ejus
1552 760 1729 813 super
1783 760 1888 795 nos

225 837 286 887 et
344 849 524 904 super
582 831 733 887 ﬁlios
791 836 1024 886 nostros
1074 832 1277 897 (Matth.
1327 837 1524 899 xxvn).
1557 856 1577 882 ι
1617 831 1886 897 Quandiu

225 919 388 975 enim
434 920 493 975 in
532 924 825 976 vetustate
866 919 1013 991 legis
1054 920 1504 991 parmanserint,
1539 924 1596 973 et
1629 920 1889 988 Evange-

228 1007 291 1063 lii
340 1008 644 1063 veritatem
692 1026 807 1063 non
849 1007 1192 1078 receperint,
1226 1024 1599 1078 nequaquam
1640 1007 1890 1078 populus

227 1096 334 1153 Dei
391 1097 714 1167 vocabitur,
760 1102 824 1151 ut
878 1113 911 1151 a
958 1096 1187 1151 Christo
1234 1096 1601 1151 Christianus
1657 1114 1887 1150 nuncu-

228 1190 424 1257 petur.

833 1273 1068 1329 CAPUT
1110 1272 1296 1329 LXIV.

304 1386 333 1412 ‹‹
360 1363 594 1418 Utinam
615 1364 986 1434 dirumperes
1010 1362 1206 1428 oculos,
1233 1367 1289 1417 et
1310 1363 1713 1417 descenderes.
1731 1364 1772 1416 Λ
1807 1362 1888 1416 fa-

227 1453 319 1506 cie
341 1457 441 1506 tua
458 1457 688 1507 montes
701 1450 1204 1515 defluerent,sicut
1220 1452 1445 1505 cxustio
1470 1451 1621 1521 ignis
1640 1452 1892 1504 tabesce-

229 1545 366 1595 rent
394 1545 569 1612 atque
600 1542 870 1595 arderent
902 1540 1081 1611 igni.»
1104 1540 1233 1594 Sive
1264 1541 1586 1594 secundum
1620 1540 1891 1610 Symma—

229 1629 435 1695 chum,
461 1645 625 1700 aqua:
647 1629 718 1683 de
741 1628 887 1683 mari
920 1629 1191 1683 arderent
1213 1627 1333 1699 igni
1362 1650 1387 1677 ‹‹
1410 1632 1473 1683 ut
1504 1633 1706 1683 notum
1731 1630 1894 1682 fieret

229 1732 449 1772 nomen
473 1721 640 1771 tuum
674 1716 933 1771 inimicis
958 1717 1097 1771 tuis.
1121 1718 1166 1771 Α
1190 1716 1331 1771 facie
1356 1722 1455 1771 tua
1477 1721 1679 1787 gentes
1702 1717 1894 1771 turba-

229 1813 440 1861 rentur
470 1828 498 1853 »
531 1806 839 1870 subaudis,
876 1805 925 1859 si
970 1806 1373 1861 descenderes.
1399 1805 1726 1860 Praevidens
1757 1822 1892 1877 pro-

229 1893 412 1966 pheta
444 1894 625 1949 Isaias
648 1892 868 1966 Spiritu
902 1899 1105 1949 sancto
1128 1894 1238 1951 sibi
1265 1893 1553 1949 revelante
1579 1895 1891 1949 adventum

230 1981 471 2037 Domini
503 1982 789 2049 futurum,
825 1983 1171 2055 mysterium
1214 1982 1435 2037 scilicet
1474 1981 1894 2037 incarnationis

232 2070 367 2126 Filii
399 2070 522 2137 Dei,
554 2076 611 2125 et
642 2070 1027 2141 abjectionem
1074 2070 1273 2143 populi
1307 2070 1420 2135 sui,
1443 2076 1500 2126 et
1529 2071 1889 2125 vocationem

229 2158 524 2231 gentium,
556 2158 819 2231 loquitur
846 2176 913 2213 ex
956 2176 1204 2230 persona
1236 2177 1344 2213 sua
1374 2165 1429 2212 et
1460 2158 1723 2213 omnium
1753 2176 1891 2213 san-

229 2252 468 2301 ctorum
510 2247 974 2319 patriarcharum
1007 2252 1064 2301 et
1104 2248 1543 2318 prophetarum,
1575 2246 1897 2301 adventum

228 2335 397 2390 illius
424 2335 885 2391 desiderantium
912 2353 925 2390 :
954 2336 1185 2391 Utinam
1210 2337 1597 2407 dirumperes.
1624 2336 1888 2403 Domine,

231 2422 415 2479 caelos
435 2428 492 2477 et
512 2425 918 2491 descenderes,
948 2424 1001 2478 id
1030 2430 1140 2487 est,
1166 2424 1389 2479 utinam
1415 2425 1669 2495 aperires
1692 2424 1888 2490 cados,

231 2516 295 2568 et
329 2513 714 2568 descenderes
747 2514 817 2567 de
850 2513 981 2567 sinu
1018 2519 1269 2584 paterna:
1306 2513 1630 2584 majestatis
1662 2514 1744 2579 (in
1778 2530 1892 2584 quo

231 2599 661 2657 inaccessibilis
683 2606 740 2656 et
762 2601 1075 2656 invisibilis
1096 2617 1158 2655 es
1190 2601 1407 2655 nostris
1435 2601 1810 2672 aspectibus),
1836 2606 1894 2654 et

232 2694 290 2744 te
313 2689 686 2744 inearnatum
723 2692 897 2761 atque
927 2689 1217 2743 visibilem
1251 2689 1527 2743 humanis
1558 2689 1892 2760 aspectibus

232 2778 597 2833 ostenderes.
631 2779 701 2833 Et
728 2777 855 2849 ipso
890 2795 1086 2832 amore
1119 2778 1359 2832 ardebat
1392 2778 1721 2842 Psalmista,
1756 2794 1890 2831 cum

232 2867 471 2921 dicebat
500 2883 547 2921 τί(
574 2865 790 2933 Excita,
822 2866 1086 2927 Domine.
1112 2866 1433 2937 potentiam
1463 2871 1647 2933 tuam,
1677 2872 1733 2919 et
1761 2866 1890 2920 veni

232 2955 409 3028 (Psat.
435 2955 680 3027 LXXIX).»
704 2955 785 3010 Ex
807 2954 916 3009 hoc
938 2954 1227 3010 desiderio
1255 2954 1538 3026 ﬂagrabat
1560 2954 1893 3025 patriarcha

228 3043 551 3111 Abraham,
586 3043 658 3098 de
696 3059 813 3115 quo
861 3043 1145 3099 Dominus
1196 3043 1340 3098 dixit
1386 3044 1606 3098 Judaais
1633 3060 1680 3097 ;‹‹
1705 3044 1890 3097 Abra-

229 3132 375 3189 ham
409 3136 573 3203 pater
600 3137 792 3187 vester
821 3132 1131 3187 exsultavit
1160 3136 1225 3187 ut
1252 3132 1474 3186 videret
1504 3132 1659 3187 diem
1692 3148 1890 3186 meum

230 3220 605 3291 (Joan.vm).»
623 3218 904 3275 Similiter
925 3236 1129 3275 omnes
1152 3219 1336 3276 sancti
1363 3220 1435 3275 ab
1462 3219 1628 3274 initio
1660 3220 1887 3287 mundi,

231 3309 337 3381 qui
364 3307 594 3363 Domini
616 3309 934 3363 adventum
959 3309 1017 3362 in
1036 3326 1207 3365 carne
1230 3308 1743 3380 futurum,Spiritu
1763 3326 1892 3364 san-

1998 743 2385 814 Synnnachus
2404 744 2727 809 transtulit,
2742 749 2800 799 et
2818 763 2981 817 aqua:
3006 746 3184 801 maris
3202 748 3471 801 arderent
3497 748 3649 820 igni:

1998 847 2102 901 per
2128 848 2312 902 aquas
2344 832 2626 887 debemus
2660 832 2985 905 intelligere
3015 834 3261 905 populos
3286 835 3466 905 hujus
3488 852 3655 889 mun-

1998 917 2078 982 di,
2100 920 2198 989 qui
2224 920 2635 990 signiticantur
2657 938 2758 993 per
2781 938 2960 988 mare,
2987 922 3043 975 in
3067 923 3283 994 quibus
3303 929 3654 995 consumpta

1997 1012 2085 1059 est
2116 1005 2432 1062 infidelitas
2464 1010 2535 1063 ab
2571 1008 2702 1080 igne
2744 1009 2996 1081 Spiritus
3036 1010 3332 1077 sancti,de
3364 1028 3480 1082 quo
3510 1012 3653 1066 dicit

2000 1093 2283 1149 Dominus
2305 1113 2351 1149 :u
2380 1096 2574 1167 Ignem
2595 1096 2725 1151 veni
2750 1097 2980 1152 mittere
3004 1097 3062 1151 in
3087 1099 3597 1171 terram(Luc.xn):
3624 1122 3651 1147 ››

1998 1186 2055 1236 et
2085 1183 2451 1239 inflammata
2475 1189 2565 1239 est
2586 1184 2895 1240 dilectione
2919 1185 3017 1240 Dei
3038 1191 3094 1240 et
3115 1187 3382 1257 proximi.
3408 1189 3650 1243 Notum-

1999 1287 2111 1341 que
2143 1271 2361 1326 f‘actum
2398 1290 2609 1327 nomen
2643 1277 2731 1327 est
2761 1273 3016 1329 inimicis
3049 1274 3209 1330 illius
3237 1275 3650 1347 Judaeis,quod
3728 1282 3731 1285 ’

1997 1358 2172 1413 Jesus
2204 1365 2527 1425 vocaretur,
2554 1360 2608 1414 id
2643 1365 2732 1414 est
2763 1360 3043 1429 Salvator,
3067 1363 3167 1434 qui
3199 1361 3441 1419 salvavit
3468 1380 3650 1435 popu-

2001 1444 2124 1499 lum
2159 1446 2217 1500 in
2249 1465 2307 1500 se
2338 1448 2874 1513 credentem.Quod
2907 1453 3102 1504 autem
3135 1451 3422 1521 sequitur,
3444 1469 3478 1506 a
3508 1451 3653 1505 facie

2002 1538 2103 1588 tua
2131 1540 2335 1606 gentes
2366 1535 2764 1600 turbarentur,
2787 1543 2845 1591 et
2886 1537 2944 1591 in
2991 1536 3106 1591 alia
3136 1538 3517 1594 translatione
3545 1538 3656 1594 ha-

2002 1623 2171 1677 betur
2200 1625 2745 1689 commovebuntur,
2769 1626 2842 1679 ad
2879 1626 3054 1680 fidem
3090 1627 3354 1697 gentium
3382 1629 3652 1699 pertinet,

2001 1728 2251 1783 quarum
2284 1714 2458 1767 corda
2485 1719 2645 1768 mota
2676 1718 2818 1768 sunt
2844 1714 2917 1768 ad
2952 1715 3380 1785 paenitentiam,
3405 1721 3461 1771 et
3479 1717 3551 1771 de
3572 1734 3656 1771 er-

2002 1817 2129 1855 rore
2160 1802 2233 1856 ad
2265 1802 2462 1871 fidem,
2492 1820 2618 1873 quae
2652 1808 2827 1856 antea
2860 1801 3187 1859 immobilia
3216 1804 3275 1859 in
3308 1803 3654 1860 inﬁdelitate

2003 1886 2338 1944 manebant.

2075 2000 2102 2027 ‹‹
2135 1976 2279 2031 Cum
2314 1977 2516 2033 feceris
2550 1979 2722 2047 mira,
2756 1996 2870 2034 non
2916 1980 3363 2037 sustinebimus.
3393 2004 3419 2030 ››
3452 1982 3653 2038 Consi-

2002 2066 2214 2120 derans
2243 2066 2525 2137 propheta
2555 2066 2850 2138 lapideum
2875 2086 2975 2123 cor
2992 2070 3356 2137 Judaeorum,
3380 2076 3437 2125 et
3459 2073 3654 2143 praevi-

2001 2154 2147 2207 dens
2176 2171 2377 2208 eorum
2409 2155 2687 2209 duritiam
2719 2161 2893 2227 atque
2927 2156 3380 2229 blasphemiam,
3410 2160 3558 2214 dixit
3586 2178 3657 2215 ex

2001 2260 2250 2314 persona
2278 2243 2602 2298 infidelium
2628 2260 2641 2299 :
2667 2244 2813 2299 Cum
2847 2245 3051 2301 feceris
3074 2246 3393 2319 (inquiens)
3422 2248 3657 2303 mirabi-

2003 2332 2081 2386 lia
2111 2332 2296 2386 multa
2324 2331 2383 2385 in
2416 2332 2588 2387 terris
2619 2337 2877 2404 tempore
2920 2335 3343 2391 incarnationis
3372 2342 3504 2404 tuae,
3539 2355 3654 2392 non

2005 2420 2292 2491 patienter
2317 2420 2763 2477 sustinebimus.
2789 2424 2953 2487 Quod
2974 2440 3039 2477 ex
3064 2424 3267 2479 multis
3298 2426 3439 2479 locis
3467 2426 3655 2481 sancti

2003 2508 2297 2579 Evangelii
2331 2526 2648 2580 possumus
2680 2512 3025 2582 approbare,
3046 2512 3105 2565 in
3134 2513 3354 2584 quibus
3385 2518 3659 2569 narratur

2003 2597 2237 2652 Judzeos
2270 2614 2503 2670 semper
2536 2599 2763 2653 Domini
2794 2598 3093 2655 miraculis
3126 2602 3451 2670 obstitisse,
3480 2609 3537 2657 et
3567 2620 3662 2675 pa-

2005 2691 2162 2739 ratos
2184 2703 2311 2739 esse
2334 2687 2404 2739 ad
2430 2686 2982 2757 blasphemandum.
3006 2690 3075 2743 Et
3095 2691 3265 2760 quasi
3278 2693 3406 2762 jam
3430 2691 3661 2746 exaudi-

2003 2779 2098 2827 tus
2120 2779 2275 2827 esset
2306 2774 2590 2844 propheta
2622 2792 2689 2828 ex
2720 2775 2828 2829 hoc
2860 2778 3015 2847 quod
3050 2778 3224 2849 paulo
3256 2780 3530 2850 superius
3560 2797 3655 2834 ex-

2002 2862 2354 2916 clamaverat
2373 2863 2596 2931 dicens,
2608 2885 2633 2910 ‹‹
2654 2863 2879 2918 utinam
2903 2865 3269 2936 dirumperes
3291 2868 3465 2921 caelos
3486 2873 3543 2921 et
3564 2868 3658 2922 de-

2003 2951 2367 3016 scenderes,»
2386 2951 2691 3020 subjunxit
2712 2953 2915 3008 dicens
2940 2969 2994 3008 :«
3019 2955 3437 3022 Descendisti,»
3458 2954 3517 3009 id
3542 2960 3652 3023 est,

2002 3061 2028 3087 ‹‹
2046 3038 2299 3092 Verbum
2324 3055 2457 3093 caro
2481 3041 2697 3093 t‘actum
2720 3045 2867 3106 est,»
2886 3063 2912 3089 ‹‹
2938 3046 2995 3095 et
3016 3058 3050 3096 a
3072 3041 3218 3097 facie
3240 3046 3360 3110 tua,
3379 3064 3406 3090 ››
3430 3042 3485 3096 id
3508 3047 3598 3098 est
3622 3060 3657 3099 a

2003 3127 2311 3199 praesentia
2342 3131 2443 3181 tua
2464 3150 2490 3175 «
2516 3132 2746 3182 montes
2769 3128 3157 3197 defluxerunt,
3177 3152 3204 3179 ››
3224 3131 3281 3185 id
3306 3135 3415 3197 est,
3438 3132 3654 3186 daemo-

2003 3233 2106 3270 nes
2137 3220 2193 3269 et
2222 3215 2407 3269 Judaei
2458 3214 2852 3283 crediderunt,
2902 3222 3249 3287 potestatem
3299 3223 3358 3273 et
3405 3219 3655 3292 gloriam

2001 3304 2335 3359 amittentes
2357 3319 2533 3374 quam
2558 3302 2850 3359 habebant
2868 3304 2928 3358 in
2956 3304 3065 3360 hoc
3088 3307 3331 3361 mundo.
3357 3306 3519 3361 Unde
3541 3308 3655 3363 Do-

234 3402 332 3452 cto
364 3395 653 3452 revelante
685 3402 1082 3470 cognoverunt
1114 3414 1126 3452 ε
1161 3403 1219 3453 et
1248 3397 1724 3453 desideraverunt
1753 3414 1886 3452 eum
1917 3381 1961 3448 C
2005 3395 2201 3449 minus
2218 3394 2288 3447 de
2307 3391 2537 3447 diabolo
2556 3392 2757 3448 dicitzu
2778 3395 2942 3449 Nunc
2960 3395 3231 3467 princeps
3250 3395 3429 3469 hujus
3448 3397 3653 3452 mundi

230 3485 433 3542 venire
457 3489 514 3540 et
533 3486 748 3553 videre,
768 3487 921 3541 sicut
940 3486 1067 3559 ipse
1090 3486 1374 3542 Dominus
1399 3486 1546 3541 dixit
1569 3486 1850 3557 apostolis
1876 3503 1889 3540 :

233 3598 264 3625 ‹‹
303 3573 460 3629 Beati
493 3573 646 3629 oculi
677 3574 777 3647 qui
808 3575 1004 3630 vident
1034 3593 1162 3647 qua:
1191 3593 1293 3629 vos
1315 3574 1543 3630 videtis.
1570 3575 1706 3629 Dico
1732 3575 1891 3631 enim

231 3662 568 3734 vobis,quia
589 3663 760 3719 multi
783 3681 949 3736 reges
971 3668 1029 3719 et
1052 3663 1346 3735 propheta":
1369 3663 1678 3719 voluerunt
1698 3662 1892 3719 videre

233 3768 365 3824 qua!
393 3767 495 3807 vos
524 3752 755 3818 videtis,
779 3759 831 3808 et
866 3769 981 3807 non
1012 3752 1285 3808 viderunt
1318 3752 1529 3820 (Matth.
1554 3755 1701 3821 xm),
1732 3776 1757 3801 ››
1781 3759 1889 3808 etc.

234 3840 459 3895 Tamen
478 3855 614 3894 cum
632 3840 775 3895 dicit
792 3840 1128 3913 propheta,a
1150 3842 1377 3896 utinam
1397 3841 1763 3913 dirumperes
1787 3859 1893 3897 coe-

233 3926 327 3982 los
349 3930 406 3983 et
426 3928 867 3994 descenderes,»
881 3947 995 3984 non
1014 3929 1296 3985 debemus
1319 3934 1521 4001 putare
1539 3930 1722 3985 Deum
1747 3929 1895 3985 loca—

234 4015 374 4071 liter
402 4015 720 4086 habitasse,
746 4018 846 4073 sed
869 4018 1102 4073 credere
1123 4018 1405 4073 debemus
1428 4019 1603 4089 (sicut
1626 4023 1893 4074 auctores

235 4106 468 4176 dicunt)
499 4105 667 4161 illum
708 4107 926 4179 ubique
965 4124 1114 4175 esse,
1140 4111 1199 4162 et
1228 4106 1328 4162 ubi
1376 4111 1500 4162 erat
1535 4107 1616 4162 ibi
1655 4125 1891 4163 assum-

236 4194 429 4267 psisse
452 4196 857 4266 carnem,quia
882 4195 1100 4268 ubique
1121 4200 1279 4251 totus
1298 4195 1671 4251 erat.Ccelum
1694 4201 1890 4253 autem

238 4281 555 4355 appellavit
584 4282 1010 4355 plenitudinem
1033 4290 1288 4356 paternae
1319 4284 1665 4354 majestatis,
1692 4284 1753 4340 in
1775 4303 1893 4357 qua

234 4370 364 4443 ipse
395 4371 639 4443 aequalis
698 4376 788 4428 est
840 4373 1013 4428 Patri.
1037 4375 1105 4429 Et
1135 4373 1305 4445 quasi
1364 4377 1503 4429 tunc
1564 4375 1888 4442 descendit,

234 4459 472 4531 quando
495 4458 827 4515 humiliavit
842 4461 1225 4533 semetipsum
1242 4461 1616 4534 suscipiendo
1629 4479 1888 4518 carnem.

230 4547 556 4603 Videamus
573 4548 728 4620 quod
752 4549 1075 4621 subjungat
1097 4550 1398 4621 propheta.
1418 4550 1477 4605 Si
1501 4551 1739 4623 (inquit)
1761 4569 1892 4624 ape-

234 4635 384 4691 rires
406 4634 583 4691 cmlos
605 4640 662 4691 et
688 4636 1092 4705 descenderes,
1116 4655 1151 4692 a
1171 4638 1316 4693 facie
1338 4643 1459 4704 tua,
1484 4639 1540 4693 id
1572 4644 1661 4694 est
1690 4658 1724 4695 a
1754 4657 1893 4710 prce-

2002 3484 2269 3555 ejicietur
2289 3485 2442 3539 foras
2464 3484 2639 3555 (Joan.
2663 3488 2825 3551 χω.»
2842 3485 2911 3539 Et
2934 3486 3004 3540 de
3024 3485 3244 3541 Judaeis
3270 3504 3318 3542 ;‹‹
3342 3486 3604 3542 Tolletur
3624 3504 3659 3542 a

2000 3573 2166 3628 vobis
2197 3589 2443 3644 regnum
2489 3573 2589 3627 Dei
2620 3573 2823 3645 (Matth.
2852 3576 2989 3646 xxx),
3016 3597 3043 3623 ››
3068 3575 3125 3629 id
3158 3580 3271 3645 est,
3300 3593 3467 3632 sacra
3499 3577 3652 3631 Scri-

2002 3668 2197 3734 ptura,
2228 3667 2286 3716 et
2315 3661 2508 3717 omnis
2538 3662 2727 3734 gloria
2757 3662 2877 3717 sive
2909 3663 3188 3737 dignitas.
3226 3666 3539 3737 Sequitur:
3570 3667 3658 3721 «Δ

2002 3752 2214 3806 saeculo
2249 3768 2365 3806 non
2418 3751 2752 3818 audierunt,
2782 3773 2810 3800 »
2844 3752 2901 3806 id
2934 3757 3044 3819 est,
3078 3754 3150 3807 ab
3200 3752 3368 3808 initio
3417 3755 3536 3809 sive
3584 3756 3658 3810 ab

2002 3840 2237 3895 exordio
2271 3839 2497 3905 mundi,
2524 3861 2550 3887 ‹‹
2581 3854 2771 3909 neque
2802 3839 3067 3908 auribus,
3098 3863 3123 3888 υ
3146 3842 3432 3897 subaudis
3462 3859 3659 3913 corpo-

2003 3930 2103 3995 ris,
2135 3948 2162 3980 ιι
2192 3930 2599 3999 perceperunt,
2621 3945 2648 3978 υ
2687 3927 2973 3983 subaudis
3012 3929 3188 3995 bona,
3211 3951 3238 3978 ‹‹
3263 3946 3388 3998 quae
3429 3946 3656 4001 praepa-

2001 4016 2141 4071 rasti
2176 4017 2398 4071 sanctis
2429 4014 2566 4069 tuis.
2591 4036 2618 4065 »
2645 4037 2671 4064 «
2699 4015 2936 4082 Oculus,
2961 4038 2989 4065 »
3014 4016 3301 4071 subaudis
3333 4015 3652 4088 humanus,

2006 4132 2027 4158 α
2057 4124 2169 4161 non
2191 4104 2353 4172 vidit,
2376 4104 2549 4167 Deus,
2574 4104 2796 4174 absque
2820 4108 3037 4174 te,quze
3061 4105 3401 4176 prazparasti
3425 4123 3657 4178 exspec-

1999 4194 2264 4250 tantibus
2291 4197 2421 4247 te.»
2454 4192 2627 4247 Auris
2677 4209 2793 4246 non
2833 4192 3078 4260 audivit,
3100 4191 3241 4263 quia
3289 4210 3403 4249 non
3453 4199 3543 4249 est
3572 4195 3652 4250 ibi

2001 4301 2201 4339 sonus.
2226 4280 2443 4337 Oculus
2493 4297 2609 4335 non
2655 4280 2820 4348 vidit,
2861 4280 3001 4351 quia
3044 4297 3159 4336 non
3190 4285 3281 4337 est
3318 4282 3397 4337 ibi
3439 4299 3653 4354 corpus

2003 4388 2189 4445 neque
2221 4370 2397 4426 color.
2422 4370 2485 4424 In
2519 4385 2618 4423 cor
2650 4368 2910 4423 hominis
2944 4386 3059 4423 non
3086 4370 3372 4438 ascendit,
3396 4369 3536 4442 quia
3555 4387 3656 4426 cor

2000 4468 2264 4518 nostrum
2292 4459 2433 4514 illuc
2457 4457 2629 4530 dirigi
2656 4458 2988 4523 debet.Quaa
3010 4464 3151 4513 sunt
3179 4475 3315 4532 ergo
3346 4458 3447 4514 illa
3476 4459 3651 4531 bona,

2001 4567 2126 4622 quae
2159 4547 2504 4621 praeparavit
2533 4547 2688 4601 Deus
2720 4545 2920 4602 electis
2951 4546 3121 4602 suis?
3146 4547 3356 4619 Utique
3385 4549 3654 4620 semetip-

2000 4656 2155 4707 sum,
2176 4639 2232 4693 id
2259 4641 2368 4704 est,
2389 4636 2781 4708 cognitionem
2806 4636 2985 4690 totius
3007 4635 3332 4702 Trinitatis,
3352 4637 3507 4691 sicut
3526 4636 3652 4708 ipse

230 4723 421 4779 sentia
449 4728 572 4791 tua,
607 4729 838 4780 montes
868 4726 1209 4795 defluerent,
1243 4726 1352 4781 hoc
1387 4732 1476 4781 est
1506 4727 1799 4783 daemones
1830 4733 1886 4783 et
1915 4742 1962 4807 D
1998 4732 2179 4792 Filius
2204 4728 2347 4783 dixit
2373 4743 2421 4780 :u
2449 4726 2577 4780 Haec
2600 4730 2689 4780 est
2711 4725 2945 4797 (inquit)
2966 4725 3085 4779 vita
3106 4729 3343 4793 aeterna,
3360 4730 3425 4779 ut
3444 4742 3653 4798 cogno-

228 4812 416 4867 Judaei
449 4816 625 4884 atque
674 4829 878 4869 omnes
909 4814 1288 4885 qui,tumore
1338 4815 1623 4887 superbiae
1675 4817 1881 4884 inflati,

229 4901 511 4957 adversus
540 4901 847 4957 scientiam
884 4903 981 4956 Dei
1030 4920 1092 4957 se
1139 4904 1393 4976 erigunt,
1428 4910 1485 4959 et
1516 4911 1751 4977 preptcr
1781 4924 1884 4962 su-

229 4988 494 5061 perbiam
526 4993 755 5044 montes
785 4989 1176 5061 appellantur,
1211 5010 1245 5046 a
1276 4993 1584 5064 prmsentia
1612 4998 1714 5049 tua
1744 4996 1883 5050 defio

229 5081 449 5132 cerent.
474 5079 543 5132 Et
575 5078 957 5147 tabescerent,
990 5079 1048 5133 id
1075 5085 1165 5135 est
1194 5087 1703 5151 consumerentur,
1735 5084 1888 5139 sicut

228 5166 461 5222 exustio
491 5165 667 5238 ignis,
691 5166 801 5221 hoc
832 5173 921 5222 est
950 5169 1104 5223 sicut
1140 5168 1300 5241 ligna
1328 5174 1385 5225 et
1414 5170 1642 5243 stipula:
1674 5189 1884 5227 consu-

230 5259 480 5309 muntur
501 5255 573 5309 ab
595 5255 748 5328 igne.
772 5257 960 5328 Atque
982 5258 1252 5313 arderent
1272 5258 1385 5330 ipsi
1407 5264 1637 5315 montes
1658 5260 1800 5333 igni,
1828 5261 1885 5316 id

228 5346 341 5406 est,
368 5344 660 5399 sententia
679 5349 782 5400 tua
802 5350 1313 5412 consumerentur,
1335 5349 1488 5419 quod
1521 5348 1581 5403 in
1612 5348 1705 5403 die
1727 5349 1887 5420 judi-

228 5431 306 5487 cii
338 5432 801 5504 adimplebitur:
846 5450 980 5489 cum
1024 5436 1321 5491 audierint
1359 5453 1563 5492 omnes
1604 5438 1832 5508 reprobi
1868 5454 1880 5492 :

227 5543 256 5571 «
286 5520 389 5587 Ite,
423 5519 741 5587 maledicti,
774 5522 834 5577 in
876 5523 1072 5595 ignem
1114 5528 1396 5581 aeternum
1425 5525 1630 5594 (Matth.
1654 5530 1828 5595 xxvi).
1856 5549 1884 5577 ››

223 5609 298 5664 Et
329 5608 439 5664 hoc
463 5610 690 5681 quare?
720 5609 794 5665 Ut
815 5617 1021 5667 notum
1053 5613 1218 5667 fieret
1248 5629 1461 5667 nomen
1485 5617 1655 5669 tuum
1686 5614 1884 5669 inimi-

222 5697 311 5753 cis
332 5696 453 5753 tuis
473 5714 579 5769 per
597 5699 921 5769 potentiam
938 5704 1125 5769 tuam,
1144 5701 1511 5758 daemonibus
1530 5701 1769 5771 scilicet,
1787 5706 1886 5761 Ju-

222 5785 368 5844 daais
395 5789 574 5859 atque
597 5786 875 5845 omnibus
907 5788 1276 5863 adversariis,
1304 5790 1458 5864 quod
1489 5791 1662 5852 Jesus
1681 5793 1759 5853 sit
1789 5812 1885 5855 n0-

1996 4826 2163 4879 scant
2186 4825 2241 4875 te
2262 4831 2463 4871 verum
2489 4813 2682 4869 solum
2706 4814 2910 4881 Deum,
2927 4817 2985 4869 et
3004 4831 3180 4885 quem
3208 4813 3421 4869 misisti
3442 4815 3649 4869 Jesum

1994 4912 2289 4968 Christum
2317 4907 2493 4974 (Joan.
2522 4904 2680 4974 xvn).
2710 4925 2737 4951 ››
2762 4903 2892 4957 Haec
2939 4908 3091 4958 certe
3143 4907 3282 4959 sunt
3329 4902 3568 4975 praemia
3593 4909 3651 4959 et

1995 5001 2210 5075 gaudia
2233 4996 2362 5051 vitae
2384 4998 2630 5059 ἔξιθι-ηερ,
2651 5009 2780 5063 qua:
2809 5008 2979 5047 nemo
3001 4991 3313 5047 electorum
3339 4991 3494 5047 videt
3524 5009 3646 5047 ma-

1996 5107 2141 5147 nens
2170 5088 2228 5141 in
2262 5099 2522 5155 corpore,
2565 5080 2718 5135 sicut
2758 5081 2913 5135 idem
2956 5081 3139 5135 Filius
3179 5079 3324 5135 dixit
3357 5097 3369 5134 :
3400 5102 3427 5130 «
3460 5081 3645 5136 Deum

1996 5195 2166 5234 nemo
2214 5173 2359 5229 vidit
2407 5186 2669 5243 unquam
2704 5170 2751 5241 (Ι
2774 5171 2931 5225 Ιοαη.
2963 5169 3061 5241 ιν),
3083 5191 3110 5219 ››
3146 5169 3431 5224 subaudis
3472 5168 3647 5224 sicuti

1995 5271 2104 5322 est.
2138 5263 2244 5331 Qui
2276 5277 2411 5332 ergo
2442 5259 2724 5313 videbunt
2764 5275 2900 5313 eum
2920 5257 2949 5311 ‘I
2971 5280 2999 5307 ‹‹
3034 5258 3189 5313 Beati
3223 5260 3442 5313 mundo
3473 5257 3647 5313 corde

1994 5354 2197 5426 (Matth.
2228 5355 2302 5419 v).
2328 5371 2357 5399 »

2069 5466 2096 5492 ‹‹
2128 5438 2412 5498 Occuristi
2459 5436 2677 5492 laetanti
2724 5440 2782 5490 et
2830 5436 3059 5491 facienti
3100 5435 3419 5507 justitiam,
3444 5436 3503 5491 in
3533 5435 3644 5492 viis

1994 5533 2112 5586 tuis
2134 5527 2653 5586 recordabuntur.»
2683 5526 2794 5580 lloc
2817 5524 3033 5597 duplici
3061 5527 3234 5581 modo
3256 5530 3449 5597 potest
3469 5526 3641 5581 intel-

1992 5620 2114 5694 ligi.
2151 5614 2468 5674 Occurristi
2500 5614 2715 5669 laetanti
2747 5618 2804 5669 et
2845 5614 3077 5669 facienti
3113 5615 3408 5686 justitiam
3441 5616 3511 5671 de
3541 5620 3641 5672 tuo

1993 5710 2268 5773 adventu,
2301 5708 2366 5760 ut
2407 5702 2665 5759 Simeoni
2696 5703 3149 5776 quadragesimo
3187 5703 3279 5759 die
3320 5704 3641 5760 nativitatis

1993 5802 2128 5856 tuae.
2163 5796 2227 5853 In
2256 5794 2366 5852 viis
2398 5792 2540 5861 tuis,
2569 5791 2627 5848 id
2657 5794 2747 5849 est
2775 5791 2835 5848 in
2874 5792 3177 5869 praeceptis
3208 5793 3348 5866 tuis,
3371 5794 3635 5853 recorda-
