  <div class='ocr_page' id='page_1' title='image "/cluster/home/n/w/nwhite01/storage/ocr_20150623/115-116/uc1.31175006916467/1273.png"; bbox 0 0 3956 6402; ppageno 0'>
   <div class='ocr_carea' id='block_1_1' title="bbox 332 455 489 517">
    <p class='ocr_par' dir='ltr' id='par_1_1' title="bbox 332 455 489 517">
     <span class='ocr_line' id='line_1_1' title="bbox 332 455 489 517; baseline 0.013 -2"><span class='ocrx_word' id='word_1_1' title='bbox 332 455 489 517; x_wconf 84' lang='grc'>1063</span> 
     </span>
    </p>
   </div>
   <div class='ocr_carea' id='block_1_2' title="bbox 707 452 3380 517">
    <p class='ocr_par' dir='ltr' id='par_1_2' title="bbox 707 452 3380 517">
     <span class='ocr_line' id='line_1_2' title="bbox 707 452 3380 517; baseline 0 -3"><span class='ocrx_word' id='word_1_2' title='bbox 707 453 1113 515; x_wconf 84' lang='lat' dir='ltr'>HAYMONIS</span> <span class='ocrx_word' id='word_1_3' title='bbox 1159 455 1699 515; x_wconf 76' lang='lat' dir='ltr'>HALBERS’I‘AT.</span> <span class='ocrx_word' id='word_1_4' title='bbox 1748 454 1992 513; x_wconf 78' lang='lat' dir='ltr'>EPISC.</span> <span class='ocrx_word' id='word_1_5' title='bbox 2041 452 2214 513; x_wconf 80' lang='lat' dir='ltr'>()PP.</span> <span class='ocrx_word' id='word_1_6' title='bbox 2264 454 2463 514; x_wconf 74' lang='lat' dir='ltr'>PARS</span> <span class='ocrx_word' id='word_1_7' title='bbox 2508 455 2554 515; x_wconf 90' lang='grc' dir='ltr'>Ι.</span> <span class='ocrx_word' id='word_1_8' title='bbox 2603 490 2677 497; x_wconf 95' lang='lat'><strong>—</strong></span> <span class='ocrx_word' id='word_1_9' title='bbox 2723 454 3133 517; x_wconf 77' lang='lat' dir='ltr'>COMMENT.</span> <span class='ocrx_word' id='word_1_10' title='bbox 3185 458 3380 517; x_wconf 84' lang='lat' dir='ltr'>lllBL.</span> 
     </span>
    </p>
   </div>
   <div class='ocr_carea' id='block_1_3' title="bbox 3600 457 3752 516">
    <p class='ocr_par' dir='ltr' id='par_1_3' title="bbox 3600 457 3752 516">
     <span class='ocr_line' id='line_1_3' title="bbox 3600 457 3752 516; baseline -0.013 0"><span class='ocrx_word' id='word_1_11' title='bbox 3600 457 3752 516; x_wconf 71' lang='grc'>1064</span> 
     </span>
    </p>
   </div>
   <div class='ocr_carea' id='block_1_4' title="bbox 328 586 3750 660">
    <p class='ocr_par' dir='ltr' id='par_1_4' title="bbox 328 586 3750 660">
     <span class='ocr_line' id='line_1_4' title="bbox 328 586 3750 660; baseline 0 -16"><span class='ocrx_word' id='word_1_12' title='bbox 328 589 552 649; x_wconf 87' lang='lat' dir='ltr'>buntur</span> <span class='ocrx_word' id='word_1_13' title='bbox 579 586 745 641; x_wconf 84' lang='lat' dir='ltr'>electi</span> <span class='ocrx_word' id='word_1_14' title='bbox 776 587 859 642; x_wconf 88' lang='lat' dir='ltr'>tui</span> <span class='ocrx_word' id='word_1_15' title='bbox 885 587 1034 658; x_wconf 82' lang='lat' dir='ltr'>(Luc.</span> <span class='ocrx_word' id='word_1_16' title='bbox 1055 589 1138 656; x_wconf 85' lang='grc' dir='ltr'>ιι),</span> <span class='ocrx_word' id='word_1_17' title='bbox 1163 591 1230 642; x_wconf 89' lang='lat' dir='ltr'>ut</span> <span class='ocrx_word' id='word_1_18' title='bbox 1261 587 1415 642; x_wconf 91' lang='lat' dir='ltr'>idem</span> <span class='ocrx_word' id='word_1_19' title='bbox 1448 587 1707 656; x_wconf 90' lang='lat' dir='ltr'>Simeon,</span> <span class='ocrx_word' id='word_1_20' title='bbox 1731 590 1790 641; x_wconf 90' lang='lat' dir='ltr'>et</span> <span class='ocrx_word' id='word_1_21' title='bbox 1815 588 1984 641; x_wconf 90' lang='lat' dir='ltr'>Anna</span> <span class='ocrx_word' id='word_1_22' title='bbox 2012 588 2066 657; x_wconf 74' lang='grc' dir='ltr'><strong>Α</strong></span> <span class='ocrx_word' id='word_1_23' title='bbox 2096 586 2198 659; x_wconf 88' lang='lat' dir='ltr'>qui</span> <span class='ocrx_word' id='word_1_24' title='bbox 2229 592 2547 659; x_wconf 79' lang='lat' dir='ltr'>consurgat</span> <span class='ocrx_word' id='word_1_25' title='bbox 2575 588 2647 642; x_wconf 89' lang='lat' dir='ltr'>ad</span> <span class='ocrx_word' id='word_1_26' title='bbox 2678 588 2999 645; x_wconf 89' lang='lat' dir='ltr'>orationem</span> <span class='ocrx_word' id='word_1_27' title='bbox 3030 607 3250 660; x_wconf 90' lang='lat' dir='ltr'>veram,</span> <span class='ocrx_word' id='word_1_28' title='bbox 3283 594 3340 645; x_wconf 91' lang='lat' dir='ltr'>et</span> <span class='ocrx_word' id='word_1_29' title='bbox 3370 592 3565 646; x_wconf 89' lang='lat' dir='ltr'>teneat</span> <span class='ocrx_word' id='word_1_30' title='bbox 3594 593 3649 645; x_wconf 91' lang='lat' dir='ltr'>te</span> <span class='ocrx_word' id='word_1_31' title='bbox 3680 606 3750 645; x_wconf 92' lang='lat' dir='ltr'>ne</span> 
     </span>
    </p>
   </div>
   <div class='ocr_carea' id='block_1_5' title="bbox 329 675 1985 747">
    <p class='ocr_par' dir='ltr' id='par_1_5' title="bbox 329 675 1985 747">
     <span class='ocr_line' id='line_1_5' title="bbox 329 675 1985 747; baseline -0.002 -14"><span class='ocrx_word' id='word_1_32' title='bbox 329 678 526 744; x_wconf 90' lang='lat' dir='ltr'>vidua,</span> <span class='ocrx_word' id='word_1_33' title='bbox 560 675 776 747; x_wconf 81' lang='lat' dir='ltr'>aliique</span> <span class='ocrx_word' id='word_1_34' title='bbox 836 676 1058 731; x_wconf 81' lang='lat' dir='ltr'>fideles.</span> <span class='ocrx_word' id='word_1_35' title='bbox 1092 675 1323 732; x_wconf 85' lang='lat' dir='ltr'>Aliter:</span> <span class='ocrx_word' id='word_1_36' title='bbox 1369 675 1705 743; x_wconf 86' lang='lat' dir='ltr'>Occurristi,</span> <span class='ocrx_word' id='word_1_37' title='bbox 1760 675 1815 729; x_wconf 89' lang='lat' dir='ltr'>id</span> <span class='ocrx_word' id='word_1_38' title='bbox 1877 679 1985 743; x_wconf 85' lang='lat' dir='ltr'>est,</span> 
     </span>
    </p>
   </div>
   <div class='ocr_carea' id='block_1_6' title="bbox 330 763 1989 838">
    <p class='ocr_par' dir='ltr' id='par_1_6' title="bbox 330 763 1989 838">
     <span class='ocr_line' id='line_1_6' title="bbox 330 763 1989 838; baseline -0.001 -17"><span class='ocrx_word' id='word_1_39' title='bbox 330 765 672 831; x_wconf 78' lang='lat' dir='ltr'>subvenisti,</span> <span class='ocrx_word' id='word_1_40' title='bbox 708 768 763 818; x_wconf 90' lang='lat' dir='ltr'>et</span> <span class='ocrx_word' id='word_1_41' title='bbox 812 763 1093 820; x_wconf 79' lang='lat' dir='ltr'>auxilium</span> <span class='ocrx_word' id='word_1_42' title='bbox 1147 766 1447 838; x_wconf 67' lang='lat' dir='ltr'>priebuisti</span> <span class='ocrx_word' id='word_1_43' title='bbox 1496 766 1715 820; x_wconf 70' lang='lat' dir='ltr'>laetanti</span> <span class='ocrx_word' id='word_1_44' title='bbox 1747 765 1817 819; x_wconf 91' lang='lat' dir='ltr'>de</span> <span class='ocrx_word' id='word_1_45' title='bbox 1852 768 1904 819; x_wconf 91' lang='lat' dir='ltr'>te</span> <span class='ocrx_word' id='word_1_46' title='bbox 1933 769 1989 819; x_wconf 88' lang='lat' dir='ltr'>et</span> 
     </span>
    </p>
   </div>
   <div class='ocr_carea' id='block_1_7' title="bbox 329 852 1987 926">
    <p class='ocr_par' dir='ltr' id='par_1_7' title="bbox 329 852 1987 926">
     <span class='ocr_line' id='line_1_7' title="bbox 329 852 1987 926; baseline -0.002 -16"><span class='ocrx_word' id='word_1_47' title='bbox 329 852 666 920; x_wconf 79' lang='lat' dir='ltr'>conﬁdenti,</span> <span class='ocrx_word' id='word_1_48' title='bbox 700 857 757 908; x_wconf 91' lang='lat' dir='ltr'>et</span> <span class='ocrx_word' id='word_1_49' title='bbox 787 854 1022 909; x_wconf 88' lang='lat' dir='ltr'>facienti</span> <span class='ocrx_word' id='word_1_50' title='bbox 1060 855 1379 926; x_wconf 78' lang='lat' dir='ltr'>justitiam,</span> <span class='ocrx_word' id='word_1_51' title='bbox 1413 860 1477 910; x_wconf 91' lang='lat' dir='ltr'>ut</span> <span class='ocrx_word' id='word_1_52' title='bbox 1526 854 1703 909; x_wconf 80' lang='lat' dir='ltr'>David</span> <span class='ocrx_word' id='word_1_53' title='bbox 1739 859 1795 909; x_wconf 89' lang='lat' dir='ltr'>et</span> <span class='ocrx_word' id='word_1_54' title='bbox 1821 853 1987 909; x_wconf 71' lang='lat' dir='ltr'>Judze</span> 
     </span>
    </p>
   </div>
   <div class='ocr_carea' id='block_1_8' title="bbox 328 942 1984 1014">
    <p class='ocr_par' dir='ltr' id='par_1_8' title="bbox 328 942 1984 1014">
     <span class='ocr_line' id='line_1_8' title="bbox 328 942 1984 1014; baseline -0.002 -15"><span class='ocrx_word' id='word_1_55' title='bbox 328 942 682 999; x_wconf 77' lang='lat' dir='ltr'>Machabzeo.</span> <span class='ocrx_word' id='word_1_56' title='bbox 721 964 748 992; x_wconf 88' lang='grc'>‹‹</span> <span class='ocrx_word' id='word_1_57' title='bbox 781 942 926 997; x_wconf 90' lang='lat' dir='ltr'>Ecce</span> <span class='ocrx_word' id='word_1_58' title='bbox 955 947 1018 998; x_wconf 88' lang='lat' dir='ltr'>tu</span> <span class='ocrx_word' id='word_1_59' title='bbox 1066 942 1255 999; x_wconf 88' lang='lat' dir='ltr'>iratus</span> <span class='ocrx_word' id='word_1_60' title='bbox 1293 961 1354 999; x_wconf 87' lang='lat' dir='ltr'>es</span> <span class='ocrx_word' id='word_1_61' title='bbox 1401 948 1458 997; x_wconf 87' lang='lat' dir='ltr'>et</span> <span class='ocrx_word' id='word_1_62' title='bbox 1502 942 1894 1014; x_wconf 78' lang='lat' dir='ltr'>peccavimus,</span> <span class='ocrx_word' id='word_1_63' title='bbox 1927 942 1984 996; x_wconf 91' lang='lat' dir='ltr'>in</span> 
     </span>
    </p>
   </div>
   <div class='ocr_carea' id='block_1_9' title="bbox 326 1031 1987 1105">
    <p class='ocr_par' dir='ltr' id='par_1_9' title="bbox 326 1031 1987 1105">
     <span class='ocr_line' id='line_1_9' title="bbox 326 1031 1987 1105; baseline 0 -18"><span class='ocrx_word' id='word_1_64' title='bbox 326 1032 472 1105; x_wconf 86' lang='lat' dir='ltr'>ipsis</span> <span class='ocrx_word' id='word_1_65' title='bbox 502 1031 725 1087; x_wconf 84' lang='lat' dir='ltr'>fuimus</span> <span class='ocrx_word' id='word_1_66' title='bbox 758 1049 991 1104; x_wconf 92' lang='lat' dir='ltr'>semper</span> <span class='ocrx_word' id='word_1_67' title='bbox 1020 1036 1077 1086; x_wconf 91' lang='lat' dir='ltr'>et</span> <span class='ocrx_word' id='word_1_68' title='bbox 1108 1032 1486 1088; x_wconf 91' lang='lat' dir='ltr'>salvabimur.</span> <span class='ocrx_word' id='word_1_69' title='bbox 1512 1035 1581 1087; x_wconf 85' lang='lat' dir='ltr'>Et</span> <span class='ocrx_word' id='word_1_70' title='bbox 1611 1033 1742 1087; x_wconf 83' lang='lat' dir='ltr'>facti</span> <span class='ocrx_word' id='word_1_71' title='bbox 1777 1049 1987 1087; x_wconf 89' lang='lat' dir='ltr'>sumus</span> 
     </span>
    </p>
   </div>
   <div class='ocr_carea' id='block_1_10' title="bbox 327 1120 1985 1195">
    <p class='ocr_par' dir='ltr' id='par_1_10' title="bbox 327 1120 1985 1195">
     <span class='ocr_line' id='line_1_10' title="bbox 327 1120 1985 1195; baseline 0 -19"><span class='ocrx_word' id='word_1_72' title='bbox 327 1125 394 1176; x_wconf 92' lang='lat' dir='ltr'>ut</span> <span class='ocrx_word' id='word_1_73' title='bbox 416 1120 765 1177; x_wconf 89' lang='lat' dir='ltr'>immundus</span> <span class='ocrx_word' id='word_1_74' title='bbox 785 1138 989 1175; x_wconf 90' lang='lat' dir='ltr'>omnes</span> <span class='ocrx_word' id='word_1_75' title='bbox 1013 1138 1140 1188; x_wconf 91' lang='lat' dir='ltr'>nos,</span> <span class='ocrx_word' id='word_1_76' title='bbox 1158 1122 1326 1193; x_wconf 89' lang='lat' dir='ltr'>quasi</span> <span class='ocrx_word' id='word_1_77' title='bbox 1352 1140 1585 1195; x_wconf 88' lang='lat' dir='ltr'>pannus</span> <span class='ocrx_word' id='word_1_78' title='bbox 1609 1126 1985 1177; x_wconf 73' lang='lat' dir='ltr'>menstruatze</span> 
     </span>
    </p>
   </div>
   <div class='ocr_carea' id='block_1_11' title="bbox 327 1210 1984 1284">
    <p class='ocr_par' dir='ltr' id='par_1_11' title="bbox 327 1210 1984 1284">
     <span class='ocr_line' id='line_1_11' title="bbox 327 1210 1984 1284; baseline -0.001 -19"><span class='ocrx_word' id='word_1_79' title='bbox 327 1210 611 1265; x_wconf 67' lang='lat' dir='ltr'>universa:</span> <span class='ocrx_word' id='word_1_80' title='bbox 635 1210 881 1281; x_wconf 72' lang='lat' dir='ltr'>justitia:</span> <span class='ocrx_word' id='word_1_81' title='bbox 906 1214 1138 1265; x_wconf 62' lang='lat' dir='ltr'>nostra}.</span> <span class='ocrx_word' id='word_1_82' title='bbox 1160 1234 1188 1260; x_wconf 82' lang='lat'>»</span> <span class='ocrx_word' id='word_1_83' title='bbox 1211 1212 1291 1266; x_wconf 77' lang='lat' dir='ltr'>Ex</span> <span class='ocrx_word' id='word_1_84' title='bbox 1322 1229 1569 1284; x_wconf 80' lang='lat' dir='ltr'>persona</span> <span class='ocrx_word' id='word_1_85' title='bbox 1593 1210 1790 1282; x_wconf 84' lang='lat' dir='ltr'>populi</span> <span class='ocrx_word' id='word_1_86' title='bbox 1819 1210 1984 1267; x_wconf 71' lang='lat' dir='ltr'>Juda:</span> 
     </span>
    </p>
   </div>
   <div class='ocr_carea' id='block_1_12' title="bbox 324 1298 1981 1372">
    <p class='ocr_par' dir='ltr' id='par_1_12' title="bbox 324 1298 1981 1372">
     <span class='ocr_line' id='line_1_12' title="bbox 324 1298 1981 1372; baseline 0.001 -19"><span class='ocrx_word' id='word_1_87' title='bbox 324 1298 605 1372; x_wconf 79' lang='lat' dir='ltr'>loquitur,</span> <span class='ocrx_word' id='word_1_88' title='bbox 629 1299 731 1371; x_wconf 88' lang='lat' dir='ltr'>qui</span> <span class='ocrx_word' id='word_1_89' title='bbox 754 1298 947 1354; x_wconf 91' lang='lat' dir='ltr'>noluit</span> <span class='ocrx_word' id='word_1_90' title='bbox 966 1300 1216 1356; x_wconf 88' lang='lat' dir='ltr'>transire</span> <span class='ocrx_word' id='word_1_91' title='bbox 1241 1303 1313 1356; x_wconf 87' lang='lat' dir='ltr'>ad</span> <span class='ocrx_word' id='word_1_92' title='bbox 1335 1301 1636 1356; x_wconf 77' lang='lat' dir='ltr'>veritatem</span> <span class='ocrx_word' id='word_1_93' title='bbox 1664 1299 1981 1372; x_wconf 80' lang='lat' dir='ltr'>Evangelii,</span> 
     </span>
    </p>
   </div>
   <div class='ocr_carea' id='block_1_13' title="bbox 327 1388 1982 1461">
    <p class='ocr_par' dir='ltr' id='par_1_13' title="bbox 327 1388 1982 1461">
     <span class='ocr_line' id='line_1_13' title="bbox 327 1388 1982 1461; baseline -0.001 -16"><span class='ocrx_word' id='word_1_94' title='bbox 327 1388 574 1445; x_wconf 89' lang='lat' dir='ltr'>Domino</span> <span class='ocrx_word' id='word_1_95' title='bbox 605 1388 977 1460; x_wconf 70' lang='lat' dir='ltr'>praedicante.</span> <span class='ocrx_word' id='word_1_96' title='bbox 1003 1390 1073 1444; x_wconf 89' lang='lat' dir='ltr'>Et</span> <span class='ocrx_word' id='word_1_97' title='bbox 1095 1389 1324 1461; x_wconf 89' lang='lat' dir='ltr'>positus</span> <span class='ocrx_word' id='word_1_98' title='bbox 1346 1391 1403 1444; x_wconf 90' lang='lat' dir='ltr'>in</span> <span class='ocrx_word' id='word_1_99' title='bbox 1426 1389 1823 1456; x_wconf 79' lang='lat' dir='ltr'>tribulatione,</span> <span class='ocrx_word' id='word_1_100' title='bbox 1858 1407 1982 1460; x_wconf 80' lang='lat' dir='ltr'>pm-</span> 
     </span>
    </p>
   </div>
   <div class='ocr_carea' id='block_1_14' title="bbox 328 1478 1987 1550">
    <p class='ocr_par' dir='ltr' id='par_1_14' title="bbox 328 1478 1987 1550">
     <span class='ocr_line' id='line_1_14' title="bbox 328 1478 1987 1550; baseline 0.001 -18"><span class='ocrx_word' id='word_1_101' title='bbox 328 1478 633 1533; x_wconf 90' lang='lat' dir='ltr'>nitentiam</span> <span class='ocrx_word' id='word_1_102' title='bbox 666 1478 1009 1549; x_wconf 71' lang='lat' dir='ltr'>prmfercbat</span> <span class='ocrx_word' id='word_1_103' title='bbox 1051 1478 1107 1532; x_wconf 92' lang='lat' dir='ltr'>in</span> <span class='ocrx_word' id='word_1_104' title='bbox 1153 1496 1309 1546; x_wconf 91' lang='lat' dir='ltr'>voce,</span> <span class='ocrx_word' id='word_1_105' title='bbox 1335 1496 1513 1550; x_wconf 90' lang='lat' dir='ltr'>quam</span> <span class='ocrx_word' id='word_1_106' title='bbox 1568 1495 1683 1533; x_wconf 91' lang='lat' dir='ltr'>non</span> <span class='ocrx_word' id='word_1_107' title='bbox 1732 1478 1987 1534; x_wconf 82' lang='lat' dir='ltr'>habebat</span> 
     </span>
    </p>
   </div>
   <div class='ocr_carea' id='block_1_15' title="bbox 328 1567 1985 1640">
    <p class='ocr_par' dir='ltr' id='par_1_15' title="bbox 328 1567 1985 1640">
     <span class='ocr_line' id='line_1_15' title="bbox 328 1567 1985 1640; baseline 0.001 -19"><span class='ocrx_word' id='word_1_108' title='bbox 328 1567 386 1627; x_wconf 87' lang='lat' dir='ltr'>in</span> <span class='ocrx_word' id='word_1_109' title='bbox 420 1584 612 1638; x_wconf 89' lang='lat' dir='ltr'>opere.</span> <span class='ocrx_word' id='word_1_110' title='bbox 636 1568 705 1622; x_wconf 89' lang='lat' dir='ltr'>Et</span> <span class='ocrx_word' id='word_1_111' title='bbox 734 1572 824 1621; x_wconf 87' lang='lat' dir='ltr'>est</span> <span class='ocrx_word' id='word_1_112' title='bbox 866 1568 1008 1621; x_wconf 90' lang='lat' dir='ltr'>ordo</span> <span class='ocrx_word' id='word_1_113' title='bbox 1052 1573 1467 1640; x_wconf 66' lang='lat' dir='ltr'>praiposterus,</span> <span class='ocrx_word' id='word_1_114' title='bbox 1489 1585 1623 1621; x_wconf 89' lang='lat' dir='ltr'>cum</span> <span class='ocrx_word' id='word_1_115' title='bbox 1665 1567 1828 1635; x_wconf 87' lang='lat' dir='ltr'>dicit,</span> <span class='ocrx_word' id='word_1_116' title='bbox 1853 1584 1985 1622; x_wconf 88' lang='lat' dir='ltr'>ecce</span> 
     </span>
    </p>
   </div>
   <div class='ocr_carea' id='block_1_16' title="bbox 326 1655 1986 1728">
    <p class='ocr_par' dir='ltr' id='par_1_16' title="bbox 326 1655 1986 1728">
     <span class='ocr_line' id='line_1_16' title="bbox 326 1655 1986 1728; baseline 0 -16"><span class='ocrx_word' id='word_1_117' title='bbox 326 1661 391 1712; x_wconf 93' lang='lat' dir='ltr'>tu</span> <span class='ocrx_word' id='word_1_118' title='bbox 426 1655 611 1711; x_wconf 88' lang='lat' dir='ltr'>iratus</span> <span class='ocrx_word' id='word_1_119' title='bbox 657 1673 740 1724; x_wconf 90' lang='lat' dir='ltr'>es,</span> <span class='ocrx_word' id='word_1_120' title='bbox 774 1660 830 1709; x_wconf 91' lang='lat' dir='ltr'>et</span> <span class='ocrx_word' id='word_1_121' title='bbox 879 1673 986 1711; x_wconf 89' lang='lat' dir='ltr'>nos</span> <span class='ocrx_word' id='word_1_122' title='bbox 1036 1656 1427 1728; x_wconf 86' lang='lat' dir='ltr'>peccavimus.</span> <span class='ocrx_word' id='word_1_123' title='bbox 1454 1657 1622 1712; x_wconf 84' lang='lat' dir='ltr'>Prius</span> <span class='ocrx_word' id='word_1_124' title='bbox 1670 1657 1828 1711; x_wconf 90' lang='lat' dir='ltr'>enim</span> <span class='ocrx_word' id='word_1_125' title='bbox 1878 1674 1986 1712; x_wconf 88' lang='lat' dir='ltr'>nos</span> 
     </span>
    </p>
   </div>
   <div class='ocr_carea' id='block_1_17' title="bbox 324 1744 1989 1819">
    <p class='ocr_par' dir='ltr' id='par_1_17' title="bbox 324 1744 1989 1819">
     <span class='ocr_line' id='line_1_17' title="bbox 324 1744 1989 1819; baseline 0 -19"><span class='ocrx_word' id='word_1_126' title='bbox 324 1744 718 1819; x_wconf 81' lang='lat' dir='ltr'>peccavimus,</span> <span class='ocrx_word' id='word_1_127' title='bbox 744 1748 801 1798; x_wconf 87' lang='lat' dir='ltr'>et</span> <span class='ocrx_word' id='word_1_128' title='bbox 828 1745 1121 1815; x_wconf 82' lang='lat' dir='ltr'>peccando</span> <span class='ocrx_word' id='word_1_129' title='bbox 1149 1744 1592 1817; x_wconf 86' lang='lat' dir='ltr'>provocavimus</span> <span class='ocrx_word' id='word_1_130' title='bbox 1613 1764 1748 1800; x_wconf 89' lang='lat' dir='ltr'>eum</span> <span class='ocrx_word' id='word_1_131' title='bbox 1773 1746 1843 1800; x_wconf 90' lang='lat' dir='ltr'>ad</span> <span class='ocrx_word' id='word_1_132' title='bbox 1867 1746 1989 1800; x_wconf 87' lang='lat' dir='ltr'>vin-</span> 
     </span>
    </p>
   </div>
   <div class='ocr_carea' id='block_1_18' title="bbox 326 1831 1983 1906">
    <p class='ocr_par' dir='ltr' id='par_1_18' title="bbox 326 1831 1983 1906">
     <span class='ocr_line' id='line_1_18' title="bbox 326 1831 1983 1906; baseline -0.001 -18"><span class='ocrx_word' id='word_1_133' title='bbox 326 1834 565 1888; x_wconf 88' lang='lat' dir='ltr'>dictam.</span> <span class='ocrx_word' id='word_1_134' title='bbox 590 1833 790 1905; x_wconf 83' lang='lat' dir='ltr'>Neque</span> <span class='ocrx_word' id='word_1_135' title='bbox 821 1834 962 1904; x_wconf 85' lang='lat' dir='ltr'>quia</span> <span class='ocrx_word' id='word_1_136' title='bbox 994 1831 1090 1888; x_wconf 90' lang='lat' dir='ltr'>ille</span> <span class='ocrx_word' id='word_1_137' title='bbox 1122 1833 1308 1888; x_wconf 89' lang='lat' dir='ltr'>iratus</span> <span class='ocrx_word' id='word_1_138' title='bbox 1329 1838 1418 1888; x_wconf 85' lang='lat' dir='ltr'>est</span> <span class='ocrx_word' id='word_1_139' title='bbox 1452 1852 1557 1888; x_wconf 91' lang='lat' dir='ltr'>nos</span> <span class='ocrx_word' id='word_1_140' title='bbox 1592 1833 1983 1906; x_wconf 84' lang='lat' dir='ltr'>peccavimus,</span> 
     </span>
    </p>
   </div>
   <div class='ocr_carea' id='block_1_19' title="bbox 324 1921 2063 2033">
    <p class='ocr_par' dir='ltr' id='par_1_19' title="bbox 324 1921 2063 2033">
     <span class='ocr_line' id='line_1_19' title="bbox 324 1921 2063 2033; baseline 0 -56"><span class='ocrx_word' id='word_1_141' title='bbox 324 1927 381 1978; x_wconf 90' lang='lat' dir='ltr'>et</span> <span class='ocrx_word' id='word_1_142' title='bbox 414 1923 470 1977; x_wconf 93' lang='lat' dir='ltr'>in</span> <span class='ocrx_word' id='word_1_143' title='bbox 503 1922 760 1995; x_wconf 88' lang='lat' dir='ltr'>peccatis</span> <span class='ocrx_word' id='word_1_144' title='bbox 818 1921 1041 1977; x_wconf 82' lang='lat' dir='ltr'>fuimus</span> <span class='ocrx_word' id='word_1_145' title='bbox 1099 1940 1351 1995; x_wconf 90' lang='lat' dir='ltr'>semper,</span> <span class='ocrx_word' id='word_1_146' title='bbox 1382 1927 1439 1977; x_wconf 91' lang='lat' dir='ltr'>et</span> <span class='ocrx_word' id='word_1_147' title='bbox 1467 1923 1828 1979; x_wconf 88' lang='lat' dir='ltr'>salvabimur</span> <span class='ocrx_word' id='word_1_148' title='bbox 1884 1929 1985 1977; x_wconf 87' lang='lat' dir='ltr'>tua</span> <span class='ocrx_word' id='word_1_149' title='bbox 2014 1962 2063 2033; x_wconf 73' lang='grc' dir='ltr'>Β</span> 
     </span>
    </p>
   </div>
   <div class='ocr_carea' id='block_1_20' title="bbox 324 2011 1986 2086">
    <p class='ocr_par' dir='ltr' id='par_1_20' title="bbox 324 2011 1986 2086">
     <span class='ocr_line' id='line_1_20' title="bbox 324 2011 1986 2086; baseline 0.001 -19"><span class='ocrx_word' id='word_1_150' title='bbox 324 2012 514 2086; x_wconf 89' lang='lat' dir='ltr'>gratia</span> <span class='ocrx_word' id='word_1_151' title='bbox 544 2030 658 2068; x_wconf 90' lang='lat' dir='ltr'>non</span> <span class='ocrx_word' id='word_1_152' title='bbox 705 2011 922 2066; x_wconf 84' lang='lat' dir='ltr'>nostris</span> <span class='ocrx_word' id='word_1_153' title='bbox 977 2012 1226 2081; x_wconf 88' lang='lat' dir='ltr'>meritis,</span> <span class='ocrx_word' id='word_1_154' title='bbox 1261 2017 1318 2067; x_wconf 87' lang='lat' dir='ltr'>et</span> <span class='ocrx_word' id='word_1_155' title='bbox 1348 2013 1482 2068; x_wconf 81' lang='lat' dir='ltr'>facti</span> <span class='ocrx_word' id='word_1_156' title='bbox 1541 2031 1752 2068; x_wconf 91' lang='lat' dir='ltr'>sumus</span> <span class='ocrx_word' id='word_1_157' title='bbox 1782 2030 1986 2068; x_wconf 90' lang='lat' dir='ltr'>omnes</span> 
     </span>
    </p>
   </div>
   <div class='ocr_carea' id='block_1_21' title="bbox 323 2099 1987 2173">
    <p class='ocr_par' dir='ltr' id='par_1_21' title="bbox 323 2099 1987 2173">
     <span class='ocr_line' id='line_1_21' title="bbox 323 2099 1987 2173; baseline 0.001 -18"><span class='ocrx_word' id='word_1_158' title='bbox 323 2104 390 2155; x_wconf 89' lang='lat' dir='ltr'>ut</span> <span class='ocrx_word' id='word_1_159' title='bbox 420 2100 787 2167; x_wconf 86' lang='lat' dir='ltr'>immundus,</span> <span class='ocrx_word' id='word_1_160' title='bbox 824 2100 881 2155; x_wconf 92' lang='lat' dir='ltr'>id</span> <span class='ocrx_word' id='word_1_161' title='bbox 933 2104 1043 2168; x_wconf 91' lang='lat' dir='ltr'>est,</span> <span class='ocrx_word' id='word_1_162' title='bbox 1076 2099 1230 2156; x_wconf 86' lang='lat' dir='ltr'>sicut</span> <span class='ocrx_word' id='word_1_163' title='bbox 1258 2100 1527 2173; x_wconf 91' lang='lat' dir='ltr'>leprosus</span> <span class='ocrx_word' id='word_1_164' title='bbox 1578 2106 1679 2156; x_wconf 91' lang='lat' dir='ltr'>aut</span> <span class='ocrx_word' id='word_1_165' title='bbox 1726 2100 1987 2173; x_wconf 89' lang='lat' dir='ltr'>pollutus</span> 
     </span>
    </p>
   </div>
   <div class='ocr_carea' id='block_1_22' title="bbox 323 2189 1984 2260">
    <p class='ocr_par' dir='ltr' id='par_1_22' title="bbox 323 2189 1984 2260">
     <span class='ocr_line' id='line_1_22' title="bbox 323 2189 1984 2260; baseline -0.001 -15"><span class='ocrx_word' id='word_1_166' title='bbox 323 2189 438 2245; x_wconf 87' lang='lat' dir='ltr'>alia</span> <span class='ocrx_word' id='word_1_167' title='bbox 482 2207 564 2245; x_wconf 89' lang='lat' dir='ltr'>re.</span> <span class='ocrx_word' id='word_1_168' title='bbox 599 2190 672 2244; x_wconf 74' lang='lat' dir='ltr'>Et</span> <span class='ocrx_word' id='word_1_169' title='bbox 705 2189 987 2245; x_wconf 67' lang='lat' dir='ltr'>universa:</span> <span class='ocrx_word' id='word_1_170' title='bbox 1033 2190 1284 2260; x_wconf 68' lang='lat' dir='ltr'>justitia:</span> <span class='ocrx_word' id='word_1_171' title='bbox 1332 2195 1545 2245; x_wconf 64' lang='lat' dir='ltr'>nostra&quot;:</span> <span class='ocrx_word' id='word_1_172' title='bbox 1596 2189 1984 2257; x_wconf 86' lang='lat' dir='ltr'>circumcisio,</span> 
     </span>
    </p>
   </div>
   <div class='ocr_carea' id='block_1_23' title="bbox 324 2278 1986 2353">
    <p class='ocr_par' dir='ltr' id='par_1_23' title="bbox 324 2278 1986 2353">
     <span class='ocr_line' id='line_1_23' title="bbox 324 2278 1986 2353; baseline 0.002 -21"><span class='ocrx_word' id='word_1_173' title='bbox 324 2278 549 2333; x_wconf 83' lang='lat' dir='ltr'>scilicet</span> <span class='ocrx_word' id='word_1_174' title='bbox 598 2278 924 2333; x_wconf 89' lang='lat' dir='ltr'>immolatio</span> <span class='ocrx_word' id='word_1_175' title='bbox 966 2279 1124 2351; x_wconf 87' lang='lat' dir='ltr'>agni,</span> <span class='ocrx_word' id='word_1_176' title='bbox 1161 2280 1488 2335; x_wconf 81' lang='lat' dir='ltr'>observatio</span> <span class='ocrx_word' id='word_1_177' title='bbox 1526 2281 1776 2348; x_wconf 84' lang='lat' dir='ltr'>sabbati,</span> <span class='ocrx_word' id='word_1_178' title='bbox 1820 2287 1986 2353; x_wconf 88' lang='lat' dir='ltr'>post-</span> 
     </span>
    </p>
   </div>
   <div class='ocr_carea' id='block_1_24' title="bbox 324 2365 1986 2441">
    <p class='ocr_par' dir='ltr' id='par_1_24' title="bbox 324 2365 1986 2441">
     <span class='ocr_line' id='line_1_24' title="bbox 324 2365 1986 2441; baseline 0.001 -19"><span class='ocrx_word' id='word_1_179' title='bbox 324 2385 505 2439; x_wconf 86' lang='lat' dir='ltr'>quam</span> <span class='ocrx_word' id='word_1_180' title='bbox 530 2367 687 2422; x_wconf 81' lang='lat' dir='ltr'>venit</span> <span class='ocrx_word' id='word_1_181' title='bbox 716 2367 907 2440; x_wconf 90' lang='lat' dir='ltr'>gratia</span> <span class='ocrx_word' id='word_1_182' title='bbox 938 2368 1258 2441; x_wconf 86' lang='lat' dir='ltr'>Evangelii,</span> <span class='ocrx_word' id='word_1_183' title='bbox 1293 2371 1455 2424; x_wconf 58' lang='lat' dir='ltr'>facta:</span> <span class='ocrx_word' id='word_1_184' title='bbox 1488 2376 1628 2425; x_wconf 85' lang='lat' dir='ltr'>sunt</span> <span class='ocrx_word' id='word_1_185' title='bbox 1668 2365 1986 2425; x_wconf 64' lang='lat' dir='ltr'>immundis</span> 
     </span>
    </p>
   </div>
   <div class='ocr_carea' id='block_1_25' title="bbox 322 2456 1989 2531">
    <p class='ocr_par' dir='ltr' id='par_1_25' title="bbox 322 2456 1989 2531">
     <span class='ocr_line' id='line_1_25' title="bbox 322 2456 1989 2531; baseline 0.002 -21"><span class='ocrx_word' id='word_1_186' title='bbox 322 2456 493 2529; x_wconf 89' lang='lat' dir='ltr'>quasi</span> <span class='ocrx_word' id='word_1_187' title='bbox 524 2475 757 2529; x_wconf 90' lang='lat' dir='ltr'>pannus</span> <span class='ocrx_word' id='word_1_188' title='bbox 790 2462 1165 2511; x_wconf 66' lang='lat' dir='ltr'>menstruatam</span> <span class='ocrx_word' id='word_1_189' title='bbox 1222 2457 1506 2527; x_wconf 89' lang='lat' dir='ltr'>mulieris,</span> <span class='ocrx_word' id='word_1_190' title='bbox 1541 2477 1657 2531; x_wconf 91' lang='lat' dir='ltr'>quo</span> <span class='ocrx_word' id='word_1_191' title='bbox 1708 2459 1852 2514; x_wconf 87' lang='lat' dir='ltr'>nihil</span> <span class='ocrx_word' id='word_1_192' title='bbox 1900 2463 1989 2513; x_wconf 81' lang='lat' dir='ltr'>est</span> 
     </span>
    </p>
   </div>
   <div class='ocr_carea' id='block_1_26' title="bbox 324 2543 1987 2618">
    <p class='ocr_par' dir='ltr' id='par_1_26' title="bbox 324 2543 1987 2618">
     <span class='ocr_line' id='line_1_26' title="bbox 324 2543 1987 2618; baseline 0.002 -19"><span class='ocrx_word' id='word_1_193' title='bbox 324 2544 714 2601; x_wconf 89' lang='lat' dir='ltr'>immundius.</span> <span class='ocrx_word' id='word_1_194' title='bbox 746 2547 793 2600; x_wconf 89' lang='lat' dir='ltr'>A</span> <span class='ocrx_word' id='word_1_195' title='bbox 832 2543 974 2600; x_wconf 90' lang='lat' dir='ltr'>luna</span> <span class='ocrx_word' id='word_1_196' title='bbox 1022 2564 1151 2618; x_wconf 67' lang='lat' dir='ltr'>qua:</span> <span class='ocrx_word' id='word_1_197' title='bbox 1205 2547 1477 2602; x_wconf 87' lang='lat' dir='ltr'>hebraice</span> <span class='ocrx_word' id='word_1_198' title='bbox 1509 2553 1749 2603; x_wconf 84' lang='lat' dir='ltr'>vocatur</span> <span class='ocrx_word' id='word_1_199' title='bbox 1796 2566 1987 2615; x_wconf 86' lang='lat' dir='ltr'>mene,</span> 
     </span>
    </p>
   </div>
   <div class='ocr_carea' id='block_1_27' title="bbox 326 2633 1991 2709">
    <p class='ocr_par' dir='ltr' id='par_1_27' title="bbox 326 2633 1991 2709">
     <span class='ocr_line' id='line_1_27' title="bbox 326 2633 1991 2709; baseline 0.002 -21"><span class='ocrx_word' id='word_1_200' title='bbox 326 2633 606 2689; x_wconf 90' lang='lat' dir='ltr'>dicuntur</span> <span class='ocrx_word' id='word_1_201' title='bbox 637 2638 1015 2691; x_wconf 82' lang='lat' dir='ltr'>menstruatze</span> <span class='ocrx_word' id='word_1_202' title='bbox 1050 2635 1346 2705; x_wconf 86' lang='lat' dir='ltr'>mulieres,</span> <span class='ocrx_word' id='word_1_203' title='bbox 1388 2654 1517 2708; x_wconf 67' lang='lat' dir='ltr'>quae</span> <span class='ocrx_word' id='word_1_204' title='bbox 1547 2637 1799 2709; x_wconf 82' lang='lat' dir='ltr'>singulis</span> <span class='ocrx_word' id='word_1_205' title='bbox 1834 2654 1991 2692; x_wconf 91' lang='lat' dir='ltr'>men-</span> 
     </span>
    </p>
   </div>
   <div class='ocr_carea' id='block_1_28' title="bbox 330 2722 1987 2797">
    <p class='ocr_par' dir='ltr' id='par_1_28' title="bbox 330 2722 1987 2797">
     <span class='ocr_line' id='line_1_28' title="bbox 330 2722 1987 2797; baseline 0.002 -19"><span class='ocrx_word' id='word_1_206' title='bbox 330 2723 497 2778; x_wconf 89' lang='lat' dir='ltr'>sibus</span> <span class='ocrx_word' id='word_1_207' title='bbox 530 2722 721 2778; x_wconf 85' lang='lat' dir='ltr'>solent</span> <span class='ocrx_word' id='word_1_208' title='bbox 753 2724 972 2779; x_wconf 80' lang='lat' dir='ltr'>tluxum</span> <span class='ocrx_word' id='word_1_209' title='bbox 1007 2725 1313 2796; x_wconf 80' lang='lat' dir='ltr'>sanguinis</span> <span class='ocrx_word' id='word_1_210' title='bbox 1355 2726 1494 2797; x_wconf 84' lang='lat' dir='ltr'>pati,</span> <span class='ocrx_word' id='word_1_211' title='bbox 1529 2727 1748 2797; x_wconf 87' lang='lat' dir='ltr'>quibus</span> <span class='ocrx_word' id='word_1_212' title='bbox 1779 2727 1987 2782; x_wconf 84' lang='lat' dir='ltr'>diebus</span> 
     </span>
    </p>
   </div>
   <div class='ocr_carea' id='block_1_29' title="bbox 329 2812 1985 2886">
    <p class='ocr_par' dir='ltr' id='par_1_29' title="bbox 329 2812 1985 2886">
     <span class='ocr_line' id='line_1_29' title="bbox 329 2812 1985 2886; baseline 0.002 -19"><span class='ocrx_word' id='word_1_213' title='bbox 329 2812 636 2868; x_wconf 87' lang='lat' dir='ltr'>observare</span> <span class='ocrx_word' id='word_1_214' title='bbox 669 2830 732 2867; x_wconf 90' lang='lat' dir='ltr'>se</span> <span class='ocrx_word' id='word_1_215' title='bbox 764 2813 937 2867; x_wconf 85' lang='lat' dir='ltr'>debet</span> <span class='ocrx_word' id='word_1_216' title='bbox 980 2815 1392 2886; x_wconf 83' lang='lat' dir='ltr'>unusquisque</span> <span class='ocrx_word' id='word_1_217' title='bbox 1423 2816 1512 2869; x_wconf 89' lang='lat' dir='ltr'>vir</span> <span class='ocrx_word' id='word_1_218' title='bbox 1541 2817 1612 2871; x_wconf 89' lang='lat' dir='ltr'>ab</span> <span class='ocrx_word' id='word_1_219' title='bbox 1650 2833 1825 2871; x_wconf 81' lang='lat' dir='ltr'>uxore</span> <span class='ocrx_word' id='word_1_220' title='bbox 1858 2834 1985 2872; x_wconf 90' lang='lat' dir='ltr'>sua.</span> 
     </span>
    </p>
   </div>
   <div class='ocr_carea' id='block_1_30' title="bbox 324 2899 1989 2975">
    <p class='ocr_par' dir='ltr' id='par_1_30' title="bbox 324 2899 1989 2975">
     <span class='ocr_line' id='line_1_30' title="bbox 324 2899 1989 2975; baseline 0 -17"><span class='ocrx_word' id='word_1_221' title='bbox 324 2902 406 2958; x_wconf 80' lang='lat' dir='ltr'>Ex</span> <span class='ocrx_word' id='word_1_222' title='bbox 436 2899 536 2956; x_wconf 92' lang='lat' dir='ltr'>illo</span> <span class='ocrx_word' id='word_1_223' title='bbox 567 2900 724 2956; x_wconf 89' lang='lat' dir='ltr'>enim</span> <span class='ocrx_word' id='word_1_224' title='bbox 764 2902 1080 2956; x_wconf 87' lang='lat' dir='ltr'>concubitu</span> <span class='ocrx_word' id='word_1_225' title='bbox 1112 2903 1478 2975; x_wconf 90' lang='lat' dir='ltr'>plerumque,</span> <span class='ocrx_word' id='word_1_226' title='bbox 1505 2903 1621 2958; x_wconf 90' lang='lat' dir='ltr'>Deo</span> <span class='ocrx_word' id='word_1_227' title='bbox 1654 2905 1989 2975; x_wconf 89' lang='lat' dir='ltr'>permitten-</span> 
     </span>
    </p>
   </div>
   <div class='ocr_carea' id='block_1_31' title="bbox 326 2990 1984 3062">
    <p class='ocr_par' dir='ltr' id='par_1_31' title="bbox 326 2990 1984 3062">
     <span class='ocr_line' id='line_1_31' title="bbox 326 2990 1984 3062; baseline 0.002 -18"><span class='ocrx_word' id='word_1_228' title='bbox 326 2995 403 3059; x_wconf 93' lang='lat' dir='ltr'>te,</span> <span class='ocrx_word' id='word_1_229' title='bbox 426 2994 752 3047; x_wconf 89' lang='lat' dir='ltr'>nascuntur</span> <span class='ocrx_word' id='word_1_230' title='bbox 781 2990 1006 3062; x_wconf 86' lang='lat' dir='ltr'>parvuli</span> <span class='ocrx_word' id='word_1_231' title='bbox 1031 2991 1253 3047; x_wconf 88' lang='lat' dir='ltr'>debiles</span> <span class='ocrx_word' id='word_1_232' title='bbox 1285 2996 1341 3046; x_wconf 90' lang='lat' dir='ltr'>et</span> <span class='ocrx_word' id='word_1_233' title='bbox 1372 2993 1654 3047; x_wconf 88' lang='lat' dir='ltr'>membris</span> <span class='ocrx_word' id='word_1_234' title='bbox 1680 2992 1984 3062; x_wconf 90' lang='lat' dir='ltr'>contracti,</span> 
     </span>
    </p>
   </div>
   <div class='ocr_carea' id='block_1_32' title="bbox 328 3079 1989 3154">
    <p class='ocr_par' dir='ltr' id='par_1_32' title="bbox 328 3079 1989 3154">
     <span class='ocr_line' id='line_1_32' title="bbox 328 3079 1989 3154; baseline 0.002 -20"><span class='ocrx_word' id='word_1_235' title='bbox 328 3082 392 3134; x_wconf 91' lang='lat' dir='ltr'>ut</span> <span class='ocrx_word' id='word_1_236' title='bbox 423 3079 562 3151; x_wconf 88' lang='lat' dir='ltr'>quia</span> <span class='ocrx_word' id='word_1_237' title='bbox 590 3079 743 3152; x_wconf 90' lang='lat' dir='ltr'>patri</span> <span class='ocrx_word' id='word_1_238' title='bbox 775 3083 832 3134; x_wconf 87' lang='lat' dir='ltr'>et</span> <span class='ocrx_word' id='word_1_239' title='bbox 860 3080 1033 3135; x_wconf 85' lang='lat' dir='ltr'>matri</span> <span class='ocrx_word' id='word_1_240' title='bbox 1058 3098 1172 3135; x_wconf 91' lang='lat' dir='ltr'>non</span> <span class='ocrx_word' id='word_1_241' title='bbox 1207 3080 1319 3135; x_wconf 86' lang='lat' dir='ltr'>fuit</span> <span class='ocrx_word' id='word_1_242' title='bbox 1346 3081 1696 3137; x_wconf 86' lang='lat' dir='ltr'>verecundia</span> <span class='ocrx_word' id='word_1_243' title='bbox 1728 3087 1989 3154; x_wconf 90' lang='lat' dir='ltr'>tempore</span> 
     </span>
    </p>
   </div>
   <div class='ocr_carea' id='block_1_33' title="bbox 326 3169 1987 3237">
    <p class='ocr_par' dir='ltr' id='par_1_33' title="bbox 326 3169 1987 3237">
     <span class='ocr_line' id='line_1_33' title="bbox 326 3169 1987 3237; baseline 0.004 -16"><span class='ocrx_word' id='word_1_244' title='bbox 326 3172 630 3224; x_wconf 90' lang='lat' dir='ltr'>menstruo</span> <span class='ocrx_word' id='word_1_245' title='bbox 653 3169 721 3223; x_wconf 90' lang='lat' dir='ltr'>ad</span> <span class='ocrx_word' id='word_1_246' title='bbox 748 3170 1128 3225; x_wconf 88' lang='lat' dir='ltr'>concubitum</span> <span class='ocrx_word' id='word_1_247' title='bbox 1158 3169 1217 3225; x_wconf 91' lang='lat' dir='ltr'>in</span> <span class='ocrx_word' id='word_1_248' title='bbox 1241 3169 1499 3226; x_wconf 85' lang='lat' dir='ltr'>conclavi</span> <span class='ocrx_word' id='word_1_249' title='bbox 1532 3171 1784 3237; x_wconf 88' lang='lat' dir='ltr'>misceri,</span> <span class='ocrx_word' id='word_1_250' title='bbox 1807 3171 1987 3228; x_wconf 89' lang='lat' dir='ltr'>simul</span> 
     </span>
    </p>
   </div>
   <div class='ocr_carea' id='block_1_34' title="bbox 327 3256 1985 3331">
    <p class='ocr_par' dir='ltr' id='par_1_34' title="bbox 327 3256 1985 3331">
     <span class='ocr_line' id='line_1_34' title="bbox 327 3256 1985 3331; baseline 0.003 -21"><span class='ocrx_word' id='word_1_251' title='bbox 327 3256 438 3328; x_wconf 85' lang='lat' dir='ltr'>ipsi</span> <span class='ocrx_word' id='word_1_252' title='bbox 492 3274 661 3313; x_wconf 89' lang='lat' dir='ltr'>suam</span> <span class='ocrx_word' id='word_1_253' title='bbox 711 3259 1124 3314; x_wconf 86' lang='lat' dir='ltr'>verecundiam</span> <span class='ocrx_word' id='word_1_254' title='bbox 1184 3258 1378 3331; x_wconf 86' lang='lat' dir='ltr'>palam</span> <span class='ocrx_word' id='word_1_255' title='bbox 1411 3260 1689 3317; x_wconf 91' lang='lat' dir='ltr'>omnibus</span> <span class='ocrx_word' id='word_1_256' title='bbox 1732 3260 1985 3316; x_wconf 87' lang='lat' dir='ltr'>videant.</span> 
     </span>
    </p>
   </div>
   <div class='ocr_carea' id='block_1_35' title="bbox 2098 676 3751 750">
    <p class='ocr_par' dir='ltr' id='par_1_35' title="bbox 2098 676 3751 750">
     <span class='ocr_line' id='line_1_35' title="bbox 2098 676 3751 750; baseline 0.003 -20"><span class='ocrx_word' id='word_1_257' title='bbox 2098 676 2365 731; x_wconf 88' lang='lat' dir='ltr'>effundas</span> <span class='ocrx_word' id='word_1_258' title='bbox 2396 677 2650 731; x_wconf 88' lang='lat' dir='ltr'>furorem</span> <span class='ocrx_word' id='word_1_259' title='bbox 2684 681 2855 732; x_wconf 89' lang='lat' dir='ltr'>tuum</span> <span class='ocrx_word' id='word_1_260' title='bbox 2904 696 3083 750; x_wconf 90' lang='lat' dir='ltr'>super</span> <span class='ocrx_word' id='word_1_261' title='bbox 3114 697 3243 746; x_wconf 90' lang='lat' dir='ltr'>nos,</span> <span class='ocrx_word' id='word_1_262' title='bbox 3278 683 3343 733; x_wconf 91' lang='lat' dir='ltr'>ut</span> <span class='ocrx_word' id='word_1_263' title='bbox 3383 679 3523 734; x_wconf 90' lang='lat' dir='ltr'>olim</span> <span class='ocrx_word' id='word_1_264' title='bbox 3564 679 3751 735; x_wconf 87' lang='lat' dir='ltr'>Moses</span> 
     </span>
    </p>
   </div>
   <div class='ocr_carea' id='block_1_36' title="bbox 2098 765 3748 840">
    <p class='ocr_par' dir='ltr' id='par_1_36' title="bbox 2098 765 3748 840">
     <span class='ocr_line' id='line_1_36' title="bbox 2098 765 3748 840; baseline 0.001 -21"><span class='ocrx_word' id='word_1_265' title='bbox 2098 765 2370 833; x_wconf 77' lang='lat' dir='ltr'>surrexit,</span> <span class='ocrx_word' id='word_1_266' title='bbox 2403 770 2460 820; x_wconf 89' lang='lat' dir='ltr'>et</span> <span class='ocrx_word' id='word_1_267' title='bbox 2500 765 2687 820; x_wconf 87' lang='lat' dir='ltr'>tenuit</span> <span class='ocrx_word' id='word_1_268' title='bbox 2735 771 2789 821; x_wconf 90' lang='lat' dir='ltr'>te</span> <span class='ocrx_word' id='word_1_269' title='bbox 2837 767 2960 822; x_wconf 88' lang='lat' dir='ltr'>suis</span> <span class='ocrx_word' id='word_1_270' title='bbox 3018 769 3290 839; x_wconf 83' lang='lat' dir='ltr'>precibus</span> <span class='ocrx_word' id='word_1_271' title='bbox 3341 766 3748 840; x_wconf 53' lang='lat' dir='ltr'>(Exodxxxu).</span> 
     </span>
    </p>
   </div>
   <div class='ocr_carea' id='block_1_37' title="bbox 2099 855 3752 929">
    <p class='ocr_par' dir='ltr' id='par_1_37' title="bbox 2099 855 3752 929">
     <span class='ocr_line' id='line_1_37' title="bbox 2099 855 3752 929; baseline 0.001 -22"><span class='ocrx_word' id='word_1_272' title='bbox 2099 876 2127 903; x_wconf 90' lang='grc'>‹‹</span> <span class='ocrx_word' id='word_1_273' title='bbox 2150 855 2522 909; x_wconf 82' lang='lat' dir='ltr'>Abscondisti</span> <span class='ocrx_word' id='word_1_274' title='bbox 2558 856 2762 910; x_wconf 86' lang='lat' dir='ltr'>faciem</span> <span class='ocrx_word' id='word_1_275' title='bbox 2798 860 2983 923; x_wconf 86' lang='lat' dir='ltr'>tuam,</span> <span class='ocrx_word' id='word_1_276' title='bbox 3012 880 3039 905; x_wconf 88' lang='grc'>››</span> <span class='ocrx_word' id='word_1_277' title='bbox 3066 857 3118 911; x_wconf 89' lang='lat' dir='ltr'>id</span> <span class='ocrx_word' id='word_1_278' title='bbox 3164 863 3253 912; x_wconf 89' lang='lat' dir='ltr'>est</span> <span class='ocrx_word' id='word_1_279' title='bbox 3297 857 3664 929; x_wconf 69' lang='lat' dir='ltr'>praesentiam</span> <span class='ocrx_word' id='word_1_280' title='bbox 3696 861 3752 912; x_wconf 86' lang='lat' dir='ltr'>et</span> 
     </span>
    </p>
   </div>
   <div class='ocr_carea' id='block_1_38' title="bbox 2097 942 3753 1011">
    <p class='ocr_par' dir='ltr' id='par_1_38' title="bbox 2097 942 3753 1011">
     <span class='ocr_line' id='line_1_38' title="bbox 2097 942 3753 1011; baseline 0.001 -14"><span class='ocrx_word' id='word_1_281' title='bbox 2097 942 2381 997; x_wconf 78' lang='lat' dir='ltr'>auxilium</span> <span class='ocrx_word' id='word_1_282' title='bbox 2433 948 2599 998; x_wconf 90' lang='lat' dir='ltr'>tuum</span> <span class='ocrx_word' id='word_1_283' title='bbox 2632 968 2657 993; x_wconf 87' lang='grc'><em>‹‹</em></span> <span class='ocrx_word' id='word_1_284' title='bbox 2696 963 2730 999; x_wconf 90' lang='lat' dir='ltr'>a</span> <span class='ocrx_word' id='word_1_285' title='bbox 2761 946 2950 999; x_wconf 86' lang='lat' dir='ltr'>nobis.</span> <span class='ocrx_word' id='word_1_286' title='bbox 2985 947 3053 1000; x_wconf 88' lang='lat' dir='ltr'>Et</span> <span class='ocrx_word' id='word_1_287' title='bbox 3084 945 3317 1001; x_wconf 87' lang='lat' dir='ltr'>allisisti</span> <span class='ocrx_word' id='word_1_288' title='bbox 3351 963 3478 1011; x_wconf 90' lang='lat' dir='ltr'>nos,</span> <span class='ocrx_word' id='word_1_289' title='bbox 3514 966 3541 992; x_wconf 83' lang='lat'>»</span> <span class='ocrx_word' id='word_1_290' title='bbox 3575 944 3629 999; x_wconf 89' lang='lat' dir='ltr'>id</span> <span class='ocrx_word' id='word_1_291' title='bbox 3664 950 3753 999; x_wconf 85' lang='lat' dir='ltr'>est</span> 
     </span>
    </p>
   </div>
   <div class='ocr_carea' id='block_1_39' title="bbox 2098 1033 3753 1106">
    <p class='ocr_par' dir='ltr' id='par_1_39' title="bbox 2098 1033 3753 1106">
     <span class='ocr_line' id='line_1_39' title="bbox 2098 1033 3753 1106; baseline 0.002 -20"><span class='ocrx_word' id='word_1_292' title='bbox 2098 1033 2440 1104; x_wconf 86' lang='lat' dir='ltr'>percussisti</span> <span class='ocrx_word' id='word_1_293' title='bbox 2472 1039 2529 1087; x_wconf 89' lang='lat' dir='ltr'>et</span> <span class='ocrx_word' id='word_1_294' title='bbox 2559 1033 2819 1089; x_wconf 75' lang='lat' dir='ltr'>at&#39;tlixisti</span> <span class='ocrx_word' id='word_1_295' title='bbox 2852 1057 2879 1084; x_wconf 78' lang='grc' dir='ltr'>ι‹</span> <span class='ocrx_word' id='word_1_296' title='bbox 2911 1034 2971 1089; x_wconf 92' lang='lat' dir='ltr'>in</span> <span class='ocrx_word' id='word_1_297' title='bbox 3003 1053 3204 1103; x_wconf 87' lang='lat' dir='ltr'>manu,</span> <span class='ocrx_word' id='word_1_298' title='bbox 3230 1058 3258 1085; x_wconf 85' lang='lat'><strong><em>»</em></strong></span> <span class='ocrx_word' id='word_1_299' title='bbox 3284 1034 3392 1089; x_wconf 93' lang='lat' dir='ltr'>hoc</span> <span class='ocrx_word' id='word_1_300' title='bbox 3419 1039 3507 1090; x_wconf 89' lang='lat' dir='ltr'>est</span> <span class='ocrx_word' id='word_1_301' title='bbox 3535 1033 3592 1091; x_wconf 89' lang='lat' dir='ltr'>in</span> <span class='ocrx_word' id='word_1_302' title='bbox 3624 1052 3753 1106; x_wconf 85' lang='lat' dir='ltr'>ope-</span> 
     </span>
    </p>
   </div>
   <div class='ocr_carea' id='block_1_40' title="bbox 2098 1121 3751 1195">
    <p class='ocr_par' dir='ltr' id='par_1_40' title="bbox 2098 1121 3751 1195">
     <span class='ocr_line' id='line_1_40' title="bbox 2098 1121 3751 1195; baseline 0.002 -20"><span class='ocrx_word' id='word_1_303' title='bbox 2098 1121 2320 1177; x_wconf 90' lang='lat' dir='ltr'>ratione</span> <span class='ocrx_word' id='word_1_304' title='bbox 2350 1121 2683 1194; x_wconf 89' lang='lat' dir='ltr'>iniquitatis</span> <span class='ocrx_word' id='word_1_305' title='bbox 2727 1127 2784 1177; x_wconf 88' lang='lat' dir='ltr'>et</span> <span class='ocrx_word' id='word_1_306' title='bbox 2823 1124 3080 1195; x_wconf 70' lang='lat' dir='ltr'>perfidiae</span> <span class='ocrx_word' id='word_1_307' title='bbox 3119 1129 3349 1179; x_wconf 59' lang='lat' dir='ltr'>nostra}.</span> <span class='ocrx_word' id='word_1_308' title='bbox 3387 1123 3666 1195; x_wconf 88' lang='lat' dir='ltr'>lniquitas</span> <span class='ocrx_word' id='word_1_309' title='bbox 3696 1127 3751 1179; x_wconf 89' lang='lat' dir='ltr'>et</span> 
     </span>
    </p>
   </div>
   <div class='ocr_carea' id='block_1_41' title="bbox 2096 1210 3747 1283">
    <p class='ocr_par' dir='ltr' id='par_1_41' title="bbox 2096 1210 3747 1283">
     <span class='ocr_line' id='line_1_41' title="bbox 2096 1210 3747 1283; baseline 0 -18"><span class='ocrx_word' id='word_1_310' title='bbox 2096 1210 2296 1265; x_wconf 89' lang='lat' dir='ltr'>omnia</span> <span class='ocrx_word' id='word_1_311' title='bbox 2328 1214 2565 1282; x_wconf 87' lang='lat' dir='ltr'>peccata</span> <span class='ocrx_word' id='word_1_312' title='bbox 2594 1228 2808 1267; x_wconf 90' lang='lat' dir='ltr'>manus</span> <span class='ocrx_word' id='word_1_313' title='bbox 2852 1211 3090 1281; x_wconf 90' lang='lat' dir='ltr'>habent,</span> <span class='ocrx_word' id='word_1_314' title='bbox 3115 1212 3171 1266; x_wconf 90' lang='lat' dir='ltr'>id</span> <span class='ocrx_word' id='word_1_315' title='bbox 3206 1217 3296 1267; x_wconf 89' lang='lat' dir='ltr'>est</span> <span class='ocrx_word' id='word_1_316' title='bbox 3334 1212 3747 1283; x_wconf 89' lang='lat' dir='ltr'>operationem,</span> 
     </span>
    </p>
   </div>
   <div class='ocr_carea' id='block_1_42' title="bbox 2095 1299 3745 1371">
    <p class='ocr_par' dir='ltr' id='par_1_42' title="bbox 2095 1299 3745 1371">
     <span class='ocr_line' id='line_1_42' title="bbox 2095 1299 3745 1371; baseline 0 -17"><span class='ocrx_word' id='word_1_317' title='bbox 2095 1316 2197 1370; x_wconf 88' lang='lat' dir='ltr'>per</span> <span class='ocrx_word' id='word_1_318' title='bbox 2220 1317 2397 1371; x_wconf 92' lang='lat' dir='ltr'>quam</span> <span class='ocrx_word' id='word_1_319' title='bbox 2421 1318 2527 1355; x_wconf 89' lang='lat' dir='ltr'>nos</span> <span class='ocrx_word' id='word_1_320' title='bbox 2549 1300 2782 1355; x_wconf 89' lang='lat' dir='ltr'>strictos</span> <span class='ocrx_word' id='word_1_321' title='bbox 2801 1305 2998 1357; x_wconf 90' lang='lat' dir='ltr'>tenere</span> <span class='ocrx_word' id='word_1_322' title='bbox 3021 1302 3376 1357; x_wconf 87' lang='lat' dir='ltr'>desiderant.</span> <span class='ocrx_word' id='word_1_323' title='bbox 3396 1302 3552 1359; x_wconf 91' lang='lat' dir='ltr'>Unde</span> <span class='ocrx_word' id='word_1_324' title='bbox 3573 1299 3745 1355; x_wconf 89' lang='lat' dir='ltr'>dicit:</span> 
     </span>
    </p>
   </div>
   <div class='ocr_carea' id='block_1_43' title="bbox 2096 1387 3606 1462">
    <p class='ocr_par' dir='ltr' id='par_1_43' title="bbox 2096 1387 3606 1462">
     <span class='ocr_line' id='line_1_43' title="bbox 2096 1387 3606 1462; baseline 0.001 -19"><span class='ocrx_word' id='word_1_325' title='bbox 2096 1411 2122 1437; x_wconf 90' lang='grc'><strong>‹‹</strong></span> <span class='ocrx_word' id='word_1_326' title='bbox 2157 1387 2315 1444; x_wconf 90' lang='lat' dir='ltr'>Mors</span> <span class='ocrx_word' id='word_1_327' title='bbox 2347 1393 2404 1443; x_wconf 92' lang='lat' dir='ltr'>et</span> <span class='ocrx_word' id='word_1_328' title='bbox 2430 1389 2544 1445; x_wconf 85' lang='lat' dir='ltr'>vita</span> <span class='ocrx_word' id='word_1_329' title='bbox 2574 1390 2633 1444; x_wconf 92' lang='lat' dir='ltr'>in</span> <span class='ocrx_word' id='word_1_330' title='bbox 2666 1390 2943 1445; x_wconf 88' lang='lat' dir='ltr'>manibus</span> <span class='ocrx_word' id='word_1_331' title='bbox 2975 1390 3187 1462; x_wconf 65' lang='lat' dir='ltr'>linguae</span> <span class='ocrx_word' id='word_1_332' title='bbox 3215 1392 3398 1461; x_wconf 86' lang='lat' dir='ltr'>(Prov.</span> <span class='ocrx_word' id='word_1_333' title='bbox 3426 1393 3606 1460; x_wconf 81' lang='lat' dir='ltr'>vm).»</span> 
     </span>
    </p>
   </div>
   <div class='ocr_carea' id='block_1_44' title="bbox 2165 1477 3749 1551">
    <p class='ocr_par' dir='ltr' id='par_1_44' title="bbox 2165 1477 3749 1551">
     <span class='ocr_line' id='line_1_44' title="bbox 2165 1477 3749 1551; baseline 0.002 -20"><span class='ocrx_word' id='word_1_334' title='bbox 2165 1500 2192 1526; x_wconf 90' lang='grc'>‹‹</span> <span class='ocrx_word' id='word_1_335' title='bbox 2220 1477 2289 1531; x_wconf 86' lang='lat' dir='ltr'>Et</span> <span class='ocrx_word' id='word_1_336' title='bbox 2318 1495 2496 1544; x_wconf 89' lang='lat' dir='ltr'>nunc,</span> <span class='ocrx_word' id='word_1_337' title='bbox 2532 1478 2796 1546; x_wconf 91' lang='lat' dir='ltr'>Domine,</span> <span class='ocrx_word' id='word_1_338' title='bbox 2831 1482 2996 1551; x_wconf 87' lang='lat' dir='ltr'>pater</span> <span class='ocrx_word' id='word_1_339' title='bbox 3034 1484 3232 1534; x_wconf 88' lang='lat' dir='ltr'>noster</span> <span class='ocrx_word' id='word_1_340' title='bbox 3258 1497 3322 1534; x_wconf 90' lang='lat' dir='ltr'>es</span> <span class='ocrx_word' id='word_1_341' title='bbox 3361 1483 3445 1550; x_wconf 92' lang='lat' dir='ltr'>tu,</span> <span class='ocrx_word' id='word_1_342' title='bbox 3482 1496 3586 1534; x_wconf 90' lang='lat' dir='ltr'>nos</span> <span class='ocrx_word' id='word_1_343' title='bbox 3618 1496 3749 1535; x_wconf 88' lang='lat' dir='ltr'>vero</span> 
     </span>
    </p>
   </div>
   <div class='ocr_carea' id='block_1_45' title="bbox 2093 1565 3748 1639">
    <p class='ocr_par' dir='ltr' id='par_1_45' title="bbox 2093 1565 3748 1639">
     <span class='ocr_line' id='line_1_45' title="bbox 2093 1565 3748 1639; baseline 0.001 -20"><span class='ocrx_word' id='word_1_344' title='bbox 2093 1565 2307 1634; x_wconf 88' lang='lat' dir='ltr'>lutum,</span> <span class='ocrx_word' id='word_1_345' title='bbox 2334 1570 2390 1620; x_wconf 88' lang='lat' dir='ltr'>et</span> <span class='ocrx_word' id='word_1_346' title='bbox 2420 1567 2589 1621; x_wconf 85' lang='lat' dir='ltr'>fictor</span> <span class='ocrx_word' id='word_1_347' title='bbox 2621 1572 2819 1622; x_wconf 88' lang='lat' dir='ltr'>noster</span> <span class='ocrx_word' id='word_1_348' title='bbox 2842 1573 2902 1622; x_wconf 90' lang='lat' dir='ltr'>tu</span> <span class='ocrx_word' id='word_1_349' title='bbox 2934 1591 2959 1616; x_wconf 86' lang='grc'><strong>››</strong></span> <span class='ocrx_word' id='word_1_350' title='bbox 2984 1568 3085 1639; x_wconf 89' lang='lat' dir='ltr'>qui</span> <span class='ocrx_word' id='word_1_351' title='bbox 3108 1566 3249 1622; x_wconf 88' lang='lat' dir='ltr'>olim</span> <span class='ocrx_word' id='word_1_352' title='bbox 3274 1568 3550 1639; x_wconf 88' lang='lat' dir='ltr'>dignatus</span> <span class='ocrx_word' id='word_1_353' title='bbox 3568 1585 3629 1622; x_wconf 89' lang='lat' dir='ltr'>es</span> <span class='ocrx_word' id='word_1_354' title='bbox 3661 1569 3748 1621; x_wconf 88' lang='lat' dir='ltr'>di-</span> 
     </span>
    </p>
   </div>
   <div class='ocr_carea' id='block_1_46' title="bbox 2095 1654 3746 1728">
    <p class='ocr_par' dir='ltr' id='par_1_46' title="bbox 2095 1654 3746 1728">
     <span class='ocr_line' id='line_1_46' title="bbox 2095 1654 3746 1728; baseline 0.001 -19"><span class='ocrx_word' id='word_1_355' title='bbox 2095 1671 2223 1709; x_wconf 89' lang='lat' dir='ltr'>cere</span> <span class='ocrx_word' id='word_1_356' title='bbox 2258 1671 2269 1709; x_wconf 91' lang='lat'>:</span> <span class='ocrx_word' id='word_1_357' title='bbox 2298 1678 2325 1705; x_wconf 90' lang='grc'><em>‹‹</em></span> <span class='ocrx_word' id='word_1_358' title='bbox 2357 1654 2598 1710; x_wconf 90' lang='lat' dir='ltr'>Dimitte</span> <span class='ocrx_word' id='word_1_359' title='bbox 2632 1655 2819 1710; x_wconf 81' lang='lat' dir='ltr'>tilium</span> <span class='ocrx_word' id='word_1_360' title='bbox 2852 1672 3050 1710; x_wconf 90' lang='lat' dir='ltr'>meum</span> <span class='ocrx_word' id='word_1_361' title='bbox 3086 1656 3260 1711; x_wconf 88' lang='lat' dir='ltr'>Israel</span> <span class='ocrx_word' id='word_1_362' title='bbox 3286 1656 3474 1728; x_wconf 66' lang='lat' dir='ltr'>(Exod.</span> <span class='ocrx_word' id='word_1_363' title='bbox 3498 1658 3611 1728; x_wconf 78' lang='lat' dir='ltr'>v).»</span> <span class='ocrx_word' id='word_1_364' title='bbox 3635 1658 3701 1711; x_wconf 89' lang='lat' dir='ltr'>Et</span> <span class='ocrx_word' id='word_1_365' title='bbox 3732 1673 3746 1711; x_wconf 93' lang='lat'>:</span> 
     </span>
    </p>
   </div>
   <div class='ocr_carea' id='block_1_47' title="bbox 2099 1742 3749 1817">
    <p class='ocr_par' dir='ltr' id='par_1_47' title="bbox 2099 1742 3749 1817">
     <span class='ocr_line' id='line_1_47' title="bbox 2099 1742 3749 1817; baseline 0.004 -25"><span class='ocrx_word' id='word_1_366' title='bbox 2099 1765 2127 1792; x_wconf 85' lang='grc'>‹‹</span> <span class='ocrx_word' id='word_1_367' title='bbox 2162 1742 2336 1798; x_wconf 79' lang='lat' dir='ltr'>Filios</span> <span class='ocrx_word' id='word_1_368' title='bbox 2366 1743 2541 1814; x_wconf 90' lang='lat' dir='ltr'>genui</span> <span class='ocrx_word' id='word_1_369' title='bbox 2573 1747 2631 1798; x_wconf 91' lang='lat' dir='ltr'>et</span> <span class='ocrx_word' id='word_1_370' title='bbox 2663 1744 2905 1800; x_wconf 78' lang='lat' dir='ltr'>exaltavi</span> <span class='ocrx_word' id='word_1_371' title='bbox 2943 1746 3070 1817; x_wconf 85' lang='lat' dir='ltr'>(lsu.</span> <span class='ocrx_word' id='word_1_372' title='bbox 3096 1745 3156 1816; x_wconf 83' lang='grc' dir='ltr'>ι).</span> <span class='ocrx_word' id='word_1_373' title='bbox 3182 1769 3207 1793; x_wconf 85' lang='grc'>››</span> <span class='ocrx_word' id='word_1_374' title='bbox 3231 1746 3345 1801; x_wconf 92' lang='lat' dir='ltr'>Nos</span> <span class='ocrx_word' id='word_1_375' title='bbox 3376 1762 3508 1800; x_wconf 89' lang='lat' dir='ltr'>vero</span> <span class='ocrx_word' id='word_1_376' title='bbox 3538 1743 3749 1813; x_wconf 89' lang='lat' dir='ltr'>lutum,</span> 
     </span>
    </p>
   </div>
   <div class='ocr_carea' id='block_1_48' title="bbox 2097 1832 3753 1906">
    <p class='ocr_par' dir='ltr' id='par_1_48' title="bbox 2097 1832 3753 1906">
     <span class='ocr_line' id='line_1_48' title="bbox 2097 1832 3753 1906; baseline 0.001 -21"><span class='ocrx_word' id='word_1_377' title='bbox 2097 1832 2153 1885; x_wconf 88' lang='lat' dir='ltr'>id</span> <span class='ocrx_word' id='word_1_378' title='bbox 2184 1836 2272 1886; x_wconf 91' lang='lat' dir='ltr'>est</span> <span class='ocrx_word' id='word_1_379' title='bbox 2298 1837 2473 1900; x_wconf 89' lang='lat' dir='ltr'>terra,</span> <span class='ocrx_word' id='word_1_380' title='bbox 2497 1836 2554 1887; x_wconf 90' lang='lat' dir='ltr'>et</span> <span class='ocrx_word' id='word_1_381' title='bbox 2577 1850 2646 1888; x_wconf 77' lang='lat' dir='ltr'>ex</span> <span class='ocrx_word' id='word_1_382' title='bbox 2670 1835 2874 1889; x_wconf 89' lang='lat' dir='ltr'>eadem</span> <span class='ocrx_word' id='word_1_383' title='bbox 2910 1834 3092 1906; x_wconf 85' lang='lat' dir='ltr'>stirpe</span> <span class='ocrx_word' id='word_1_384' title='bbox 3115 1834 3556 1890; x_wconf 88' lang='lat' dir='ltr'>descendentes.</span> <span class='ocrx_word' id='word_1_385' title='bbox 3582 1834 3667 1888; x_wconf 89' lang='lat' dir='ltr'>&#39;l‘u</span> <span class='ocrx_word' id='word_1_386' title='bbox 3690 1850 3753 1888; x_wconf 91' lang='lat' dir='ltr'>es</span> 
     </span>
    </p>
   </div>
   <div class='ocr_carea' id='block_1_49' title="bbox 2095 1920 3757 1994">
    <p class='ocr_par' dir='ltr' id='par_1_49' title="bbox 2095 1920 3757 1994">
     <span class='ocr_line' id='line_1_49' title="bbox 2095 1920 3757 1994; baseline 0.002 -20"><span class='ocrx_word' id='word_1_387' title='bbox 2095 1920 2264 1975; x_wconf 76' lang='lat' dir='ltr'>fictor</span> <span class='ocrx_word' id='word_1_388' title='bbox 2294 1927 2514 1989; x_wconf 88' lang='lat' dir='ltr'>noster,</span> <span class='ocrx_word' id='word_1_389' title='bbox 2542 1921 2600 1975; x_wconf 93' lang='lat' dir='ltr'>id</span> <span class='ocrx_word' id='word_1_390' title='bbox 2632 1925 2722 1976; x_wconf 90' lang='lat' dir='ltr'>est</span> <span class='ocrx_word' id='word_1_391' title='bbox 2753 1921 3079 1994; x_wconf 89' lang='lat' dir='ltr'>plasmator</span> <span class='ocrx_word' id='word_1_392' title='bbox 3112 1927 3328 1989; x_wconf 89' lang='lat' dir='ltr'>noster,</span> <span class='ocrx_word' id='word_1_393' title='bbox 3353 1926 3410 1979; x_wconf 91' lang='lat' dir='ltr'>et</span> <span class='ocrx_word' id='word_1_394' title='bbox 3436 1939 3609 1994; x_wconf 87' lang='lat' dir='ltr'>opera</span> <span class='ocrx_word' id='word_1_395' title='bbox 3638 1938 3757 1977; x_wconf 87' lang='lat' dir='ltr'>ma-</span> 
     </span>
    </p>
   </div>
   <div class='ocr_carea' id='block_1_50' title="bbox 2096 2011 3758 2083">
    <p class='ocr_par' dir='ltr' id='par_1_50' title="bbox 2096 2011 3758 2083">
     <span class='ocr_line' id='line_1_50' title="bbox 2096 2011 3758 2083; baseline 0.001 -20"><span class='ocrx_word' id='word_1_396' title='bbox 2096 2027 2282 2064; x_wconf 92' lang='lat' dir='ltr'>nuum</span> <span class='ocrx_word' id='word_1_397' title='bbox 2305 2013 2543 2065; x_wconf 89' lang='lat' dir='ltr'>tuarum</span> <span class='ocrx_word' id='word_1_398' title='bbox 2562 2027 2886 2082; x_wconf 89' lang='lat' dir='ltr'>omnesque</span> <span class='ocrx_word' id='word_1_399' title='bbox 2907 2029 3014 2067; x_wconf 92' lang='lat' dir='ltr'>nos</span> <span class='ocrx_word' id='word_1_400' title='bbox 3036 2011 3284 2083; x_wconf 87' lang='lat' dir='ltr'>ideoque</span> <span class='ocrx_word' id='word_1_401' title='bbox 3304 2029 3419 2067; x_wconf 88' lang='lat' dir='ltr'>non</span> <span class='ocrx_word' id='word_1_402' title='bbox 3442 2028 3758 2083; x_wconf 88' lang='lat' dir='ltr'>possumus</span> 
     </span>
    </p>
   </div>
   <div class='ocr_carea' id='block_1_51' title="bbox 2099 2098 3759 2171">
    <p class='ocr_par' dir='ltr' id='par_1_51' title="bbox 2099 2098 3759 2171">
     <span class='ocr_line' id='line_1_51' title="bbox 2099 2098 3759 2171; baseline 0 -18"><span class='ocrx_word' id='word_1_403' title='bbox 2099 2098 2374 2155; x_wconf 90' lang='lat' dir='ltr'>resistere</span> <span class='ocrx_word' id='word_1_404' title='bbox 2393 2100 2667 2171; x_wconf 69' lang='lat' dir='ltr'>potentia:</span> <span class='ocrx_word' id='word_1_405' title='bbox 2692 2105 2826 2155; x_wconf 72' lang='lat' dir='ltr'>tum.</span> <span class='ocrx_word' id='word_1_406' title='bbox 2848 2101 2917 2155; x_wconf 89' lang='lat' dir='ltr'>Et</span> <span class='ocrx_word' id='word_1_407' title='bbox 2935 2106 3025 2155; x_wconf 89' lang='lat' dir='ltr'>est</span> <span class='ocrx_word' id='word_1_408' title='bbox 3045 2119 3257 2157; x_wconf 89' lang='lat' dir='ltr'>sensus</span> <span class='ocrx_word' id='word_1_409' title='bbox 3273 2118 3284 2157; x_wconf 89' lang='lat'>:</span> <span class='ocrx_word' id='word_1_410' title='bbox 3302 2101 3428 2156; x_wconf 90' lang='lat' dir='ltr'>Non</span> <span class='ocrx_word' id='word_1_411' title='bbox 3449 2100 3520 2156; x_wconf 90' lang='lat' dir='ltr'>de</span> <span class='ocrx_word' id='word_1_412' title='bbox 3544 2100 3759 2156; x_wconf 90' lang='lat' dir='ltr'>nostris</span> 
     </span>
    </p>
   </div>
   <div class='ocr_carea' id='block_1_52' title="bbox 2098 2188 3758 2261">
    <p class='ocr_par' dir='ltr' id='par_1_52' title="bbox 2098 2188 3758 2261">
     <span class='ocr_line' id='line_1_52' title="bbox 2098 2188 3758 2261; baseline 0.002 -20"><span class='ocrx_word' id='word_1_413' title='bbox 2098 2188 2325 2242; x_wconf 88' lang='lat' dir='ltr'>meritis</span> <span class='ocrx_word' id='word_1_414' title='bbox 2348 2192 2793 2260; x_wconf 63' lang='lat' dir='ltr'>praesumentes,</span> <span class='ocrx_word' id='word_1_415' title='bbox 2810 2206 2937 2261; x_wconf 73' lang='lat' dir='ltr'>qua:</span> <span class='ocrx_word' id='word_1_416' title='bbox 2962 2189 3125 2244; x_wconf 90' lang='lat' dir='ltr'>nulla</span> <span class='ocrx_word' id='word_1_417' title='bbox 3146 2194 3307 2257; x_wconf 88' lang='lat' dir='ltr'>sunt,</span> <span class='ocrx_word' id='word_1_418' title='bbox 3323 2188 3464 2244; x_wconf 88' lang='lat' dir='ltr'>talia</span> <span class='ocrx_word' id='word_1_419' title='bbox 3486 2189 3758 2257; x_wconf 86' lang='lat' dir='ltr'>dicimus,</span> 
     </span>
    </p>
   </div>
   <div class='ocr_carea' id='block_1_53' title="bbox 2098 2276 3757 2351">
    <p class='ocr_par' dir='ltr' id='par_1_53' title="bbox 2098 2276 3757 2351">
     <span class='ocr_line' id='line_1_53' title="bbox 2098 2276 3757 2351; baseline 0.001 -21"><span class='ocrx_word' id='word_1_420' title='bbox 2098 2278 2199 2331; x_wconf 90' lang='lat' dir='ltr'>sed</span> <span class='ocrx_word' id='word_1_421' title='bbox 2234 2276 2303 2331; x_wconf 89' lang='lat' dir='ltr'>dc</span> <span class='ocrx_word' id='word_1_422' title='bbox 2338 2281 2438 2331; x_wconf 91' lang='lat' dir='ltr'>tua</span> <span class='ocrx_word' id='word_1_423' title='bbox 2467 2277 2777 2333; x_wconf 88' lang='lat' dir='ltr'>clementia</span> <span class='ocrx_word' id='word_1_424' title='bbox 2814 2282 2870 2333; x_wconf 90' lang='lat' dir='ltr'>et</span> <span class='ocrx_word' id='word_1_425' title='bbox 2910 2278 3285 2334; x_wconf 88' lang='lat' dir='ltr'>miseratione</span> <span class='ocrx_word' id='word_1_426' title='bbox 3316 2282 3757 2351; x_wconf 65' lang='lat' dir='ltr'>praesumentes,</span> 
     </span>
    </p>
   </div>
   <div class='ocr_carea' id='block_1_54' title="bbox 2099 2365 3758 2437">
    <p class='ocr_par' dir='ltr' id='par_1_54' title="bbox 2099 2365 3758 2437">
     <span class='ocr_line' id='line_1_54' title="bbox 2099 2365 3758 2437; baseline 0.001 -19"><span class='ocrx_word' id='word_1_427' title='bbox 2099 2365 2388 2420; x_wconf 87' lang='lat' dir='ltr'>audemus</span> <span class='ocrx_word' id='word_1_428' title='bbox 2428 2382 2629 2437; x_wconf 91' lang='lat' dir='ltr'>preces</span> <span class='ocrx_word' id='word_1_429' title='bbox 2679 2367 2942 2421; x_wconf 86' lang='lat' dir='ltr'>fundere.</span> <span class='ocrx_word' id='word_1_430' title='bbox 2967 2390 2993 2416; x_wconf 85' lang='grc'>‹‹</span> <span class='ocrx_word' id='word_1_431' title='bbox 3029 2367 3111 2422; x_wconf 91' lang='lat' dir='ltr'>Ne</span> <span class='ocrx_word' id='word_1_432' title='bbox 3159 2366 3457 2437; x_wconf 87' lang='lat' dir='ltr'>irascaris,</span> <span class='ocrx_word' id='word_1_433' title='bbox 3492 2365 3758 2432; x_wconf 86' lang='lat' dir='ltr'>Domine,</span> 
     </span>
    </p>
   </div>
   <div class='ocr_carea' id='block_1_55' title="bbox 2099 2453 3759 2527">
    <p class='ocr_par' dir='ltr' id='par_1_55' title="bbox 2099 2453 3759 2527">
     <span class='ocr_line' id='line_1_55' title="bbox 2099 2453 3759 2527; baseline 0 -18"><span class='ocrx_word' id='word_1_434' title='bbox 2099 2453 2266 2522; x_wconf 91' lang='lat' dir='ltr'>satis,</span> <span class='ocrx_word' id='word_1_435' title='bbox 2290 2458 2348 2509; x_wconf 91' lang='lat' dir='ltr'>et</span> <span class='ocrx_word' id='word_1_436' title='bbox 2368 2472 2439 2509; x_wconf 92' lang='lat' dir='ltr'>ne</span> <span class='ocrx_word' id='word_1_437' title='bbox 2464 2454 2618 2509; x_wconf 88' lang='lat' dir='ltr'>ultra</span> <span class='ocrx_word' id='word_1_438' title='bbox 2636 2455 2976 2510; x_wconf 89' lang='lat' dir='ltr'>memineris</span> <span class='ocrx_word' id='word_1_439' title='bbox 3001 2454 3332 2527; x_wconf 87' lang='lat' dir='ltr'>iniquitatis</span> <span class='ocrx_word' id='word_1_440' title='bbox 3358 2461 3591 2511; x_wconf 73' lang='lat' dir='ltr'>nostrm.</span> <span class='ocrx_word' id='word_1_441' title='bbox 3617 2456 3759 2510; x_wconf 85' lang='lat' dir='ltr'>Ecce</span> 
     </span>
    </p>
   </div>
   <div class='ocr_carea' id='block_1_56' title="bbox 2102 2541 3759 2614">
    <p class='ocr_par' dir='ltr' id='par_1_56' title="bbox 2102 2541 3759 2614">
     <span class='ocr_line' id='line_1_56' title="bbox 2102 2541 3759 2614; baseline 0.002 -18"><span class='ocrx_word' id='word_1_442' title='bbox 2102 2542 2346 2614; x_wconf 89' lang='lat' dir='ltr'>respice,</span> <span class='ocrx_word' id='word_1_443' title='bbox 2379 2541 2635 2614; x_wconf 87' lang='lat' dir='ltr'>populus</span> <span class='ocrx_word' id='word_1_444' title='bbox 2690 2548 2826 2598; x_wconf 90' lang='lat' dir='ltr'>tuus</span> <span class='ocrx_word' id='word_1_445' title='bbox 2879 2560 3084 2598; x_wconf 89' lang='lat' dir='ltr'>omnes</span> <span class='ocrx_word' id='word_1_446' title='bbox 3118 2562 3245 2598; x_wconf 91' lang='lat' dir='ltr'>nos.</span> <span class='ocrx_word' id='word_1_447' title='bbox 3274 2544 3406 2599; x_wconf 76' lang='lat' dir='ltr'>nNe</span> <span class='ocrx_word' id='word_1_448' title='bbox 3464 2544 3759 2608; x_wconf 87' lang='lat' dir='ltr'>irascaris,</span> 
     </span>
    </p>
   </div>
   <div class='ocr_carea' id='block_1_57' title="bbox 2096 2630 3765 2704">
    <p class='ocr_par' dir='ltr' id='par_1_57' title="bbox 2096 2630 3765 2704">
     <span class='ocr_line' id='line_1_57' title="bbox 2096 2630 3765 2704; baseline 0.001 -17"><span class='ocrx_word' id='word_1_449' title='bbox 2096 2630 2361 2701; x_wconf 89' lang='lat' dir='ltr'>Domine,</span> <span class='ocrx_word' id='word_1_450' title='bbox 2397 2632 2567 2699; x_wconf 88' lang='lat' dir='ltr'>satis,</span> <span class='ocrx_word' id='word_1_451' title='bbox 2595 2631 2653 2686; x_wconf 90' lang='lat' dir='ltr'>id</span> <span class='ocrx_word' id='word_1_452' title='bbox 2700 2635 2790 2687; x_wconf 90' lang='lat' dir='ltr'>est</span> <span class='ocrx_word' id='word_1_453' title='bbox 2848 2631 3154 2700; x_wconf 88' lang='lat' dir='ltr'>nimis,vel</span> <span class='ocrx_word' id='word_1_454' title='bbox 3187 2631 3344 2687; x_wconf 89' lang='lat' dir='ltr'>ultra</span> <span class='ocrx_word' id='word_1_455' title='bbox 3375 2649 3556 2704; x_wconf 89' lang='lat' dir='ltr'>quam</span> <span class='ocrx_word' id='word_1_456' title='bbox 3618 2636 3765 2690; x_wconf 82' lang='lat' dir='ltr'>ferre</span> 
     </span>
    </p>
   </div>
   <div class='ocr_carea' id='block_1_58' title="bbox 2096 2720 3761 2793">
    <p class='ocr_par' dir='ltr' id='par_1_58' title="bbox 2096 2720 3761 2793">
     <span class='ocr_line' id='line_1_58' title="bbox 2096 2720 3761 2793; baseline 0.001 -18"><span class='ocrx_word' id='word_1_457' title='bbox 2096 2725 2287 2793; x_wconf 88' lang='lat' dir='ltr'>potest</span> <span class='ocrx_word' id='word_1_458' title='bbox 2318 2725 2517 2776; x_wconf 82' lang='lat' dir='ltr'>nostra</span> <span class='ocrx_word' id='word_1_459' title='bbox 2546 2720 2831 2793; x_wconf 83' lang='lat' dir='ltr'>fragilitas</span> <span class='ocrx_word' id='word_1_460' title='bbox 2857 2737 2868 2776; x_wconf 94' lang='lat'>:</span> <span class='ocrx_word' id='word_1_461' title='bbox 2902 2726 2961 2775; x_wconf 91' lang='lat' dir='ltr'>et</span> <span class='ocrx_word' id='word_1_462' title='bbox 3002 2739 3073 2776; x_wconf 87' lang='lat' dir='ltr'>ne</span> <span class='ocrx_word' id='word_1_463' title='bbox 3109 2720 3261 2776; x_wconf 86' lang='lat' dir='ltr'>ultra</span> <span class='ocrx_word' id='word_1_464' title='bbox 3291 2722 3761 2776; x_wconf 85' lang='lat' dir='ltr'>meminerisini-</span> 
     </span>
    </p>
   </div>
   <div class='ocr_carea' id='block_1_59' title="bbox 2094 2809 3764 2882">
    <p class='ocr_par' dir='ltr' id='par_1_59' title="bbox 2094 2809 3764 2882">
     <span class='ocr_line' id='line_1_59' title="bbox 2094 2809 3764 2882; baseline 0.001 -17"><span class='ocrx_word' id='word_1_465' title='bbox 2094 2810 2339 2882; x_wconf 84' lang='lat' dir='ltr'>quitatis</span> <span class='ocrx_word' id='word_1_466' title='bbox 2372 2814 2603 2865; x_wconf 66' lang='lat' dir='ltr'>nostras.</span> <span class='ocrx_word' id='word_1_467' title='bbox 2629 2809 2792 2876; x_wconf 85' lang='lat' dir='ltr'>Ecce,</span> <span class='ocrx_word' id='word_1_468' title='bbox 2825 2809 3047 2881; x_wconf 87' lang='lat' dir='ltr'>respice</span> <span class='ocrx_word' id='word_1_469' title='bbox 3120 2811 3193 2865; x_wconf 91' lang='lat' dir='ltr'>ad</span> <span class='ocrx_word' id='word_1_470' title='bbox 3258 2827 3385 2881; x_wconf 90' lang='lat' dir='ltr'>nos,</span> <span class='ocrx_word' id='word_1_471' title='bbox 3418 2815 3475 2865; x_wconf 89' lang='lat' dir='ltr'>et</span> <span class='ocrx_word' id='word_1_472' title='bbox 3530 2811 3764 2867; x_wconf 89' lang='lat' dir='ltr'>attende</span> 
     </span>
    </p>
   </div>
   <div class='ocr_carea' id='block_1_60' title="bbox 2095 2898 3764 2972">
    <p class='ocr_par' dir='ltr' id='par_1_60' title="bbox 2095 2898 3764 2972">
     <span class='ocr_line' id='line_1_60' title="bbox 2095 2898 3764 2972; baseline 0.001 -19"><span class='ocrx_word' id='word_1_473' title='bbox 2095 2898 2558 2967; x_wconf 85' lang='lat' dir='ltr'>misericordiam</span> <span class='ocrx_word' id='word_1_474' title='bbox 2590 2902 2752 2953; x_wconf 87' lang='lat' dir='ltr'>tuam</span> <span class='ocrx_word' id='word_1_475' title='bbox 2787 2915 2801 2953; x_wconf 88' lang='lat'><strong>:</strong></span> <span class='ocrx_word' id='word_1_476' title='bbox 2835 2898 3090 2971; x_wconf 88' lang='lat' dir='ltr'>populus</span> <span class='ocrx_word' id='word_1_477' title='bbox 3148 2905 3290 2957; x_wconf 88' lang='lat' dir='ltr'>tuus</span> <span class='ocrx_word' id='word_1_478' title='bbox 3320 2901 3619 2972; x_wconf 87' lang='lat' dir='ltr'>quondam</span> <span class='ocrx_word' id='word_1_479' title='bbox 3648 2900 3764 2955; x_wconf 89' lang='lat' dir='ltr'>fui-</span> 
     </span>
    </p>
   </div>
   <div class='ocr_carea' id='block_1_61' title="bbox 2097 3004 2639 3044">
    <p class='ocr_par' dir='ltr' id='par_1_61' title="bbox 2097 3004 2639 3044">
     <span class='ocr_line' id='line_1_61' title="bbox 2097 3004 2639 3044; baseline -0.002 -1"><span class='ocrx_word' id='word_1_480' title='bbox 2097 3005 2232 3044; x_wconf 90' lang='lat' dir='ltr'>mus</span> <span class='ocrx_word' id='word_1_481' title='bbox 2262 3005 2468 3044; x_wconf 89' lang='lat' dir='ltr'>omnes</span> <span class='ocrx_word' id='word_1_482' title='bbox 2502 3006 2539 3042; x_wconf 91' lang='lat' dir='ltr'>n</span> <span class='ocrx_word' id='word_1_483' title='bbox 2552 3004 2639 3043; x_wconf 85' lang='lat' dir='ltr'>OS.</span> 
     </span>
    </p>
   </div>
   <div class='ocr_carea' id='block_1_62' title="bbox 2177 3076 3764 3146">
    <p class='ocr_par' dir='ltr' id='par_1_62' title="bbox 2177 3076 3764 3146">
     <span class='ocr_line' id='line_1_62' title="bbox 2177 3076 3764 3146; baseline 0.006 -19"><span class='ocrx_word' id='word_1_484' title='bbox 2177 3102 2204 3127; x_wconf 75' lang='grc' dir='ltr'>ι(</span> <span class='ocrx_word' id='word_1_485' title='bbox 2232 3077 2448 3133; x_wconf 87' lang='lat' dir='ltr'>Civitas</span> <span class='ocrx_word' id='word_1_486' title='bbox 2476 3076 2662 3132; x_wconf 89' lang='lat' dir='ltr'>sancti</span> <span class='ocrx_word' id='word_1_487' title='bbox 2692 3076 2776 3133; x_wconf 93' lang='lat' dir='ltr'>tui</span> <span class='ocrx_word' id='word_1_488' title='bbox 2809 3078 2960 3132; x_wconf 80' lang='lat' dir='ltr'>facta</span> <span class='ocrx_word' id='word_1_489' title='bbox 2981 3082 3071 3132; x_wconf 91' lang='lat' dir='ltr'>est</span> <span class='ocrx_word' id='word_1_490' title='bbox 3102 3077 3332 3133; x_wconf 89' lang='lat' dir='ltr'>deserta</span> <span class='ocrx_word' id='word_1_491' title='bbox 3354 3078 3514 3146; x_wconf 89' lang='lat' dir='ltr'>Sion,</span> <span class='ocrx_word' id='word_1_492' title='bbox 3535 3078 3764 3136; x_wconf 81' lang='lat' dir='ltr'>deserta</span> 
     </span>
    </p>
   </div>
   <div class='ocr_carea' id='block_1_63' title="bbox 2106 3165 3764 3232">
    <p class='ocr_par' dir='ltr' id='par_1_63' title="bbox 2106 3165 3764 3232">
     <span class='ocr_line' id='line_1_63' title="bbox 2106 3165 3764 3232; baseline 0.001 -11"><span class='ocrx_word' id='word_1_493' title='bbox 2106 3168 2259 3222; x_wconf 86' lang='lat' dir='ltr'>facta</span> <span class='ocrx_word' id='word_1_494' title='bbox 2291 3170 2382 3221; x_wconf 86' lang='lat' dir='ltr'>est</span> <span class='ocrx_word' id='word_1_495' title='bbox 2410 3165 2797 3232; x_wconf 87' lang='lat' dir='ltr'>Hierusalem,</span> <span class='ocrx_word' id='word_1_496' title='bbox 2822 3165 3084 3221; x_wconf 90' lang='lat' dir='ltr'>desolata</span> <span class='ocrx_word' id='word_1_497' title='bbox 3115 3167 3328 3223; x_wconf 89' lang='lat' dir='ltr'>domus</span> <span class='ocrx_word' id='word_1_498' title='bbox 3359 3167 3764 3224; x_wconf 72' lang='lat' dir='ltr'>sanctiﬁcatio-</span> 
     </span>
    </p>
   </div>
   <div class='ocr_carea' id='block_1_64' title="bbox 2104 3254 3763 3328">
    <p class='ocr_par' dir='ltr' id='par_1_64' title="bbox 2104 3254 3763 3328">
     <span class='ocr_line' id='line_1_64' title="bbox 2104 3254 3763 3328; baseline 0.001 -18"><span class='ocrx_word' id='word_1_499' title='bbox 2104 3255 2197 3310; x_wconf 91' lang='lat' dir='ltr'>nis</span> <span class='ocrx_word' id='word_1_500' title='bbox 2230 3260 2443 3310; x_wconf 68' lang='lat' dir='ltr'>nostra:</span> <span class='ocrx_word' id='word_1_501' title='bbox 2470 3259 2528 3310; x_wconf 90' lang='lat' dir='ltr'>et</span> <span class='ocrx_word' id='word_1_502' title='bbox 2549 3254 2746 3327; x_wconf 79' lang='lat' dir='ltr'>gloria:</span> <span class='ocrx_word' id='word_1_503' title='bbox 2779 3260 3010 3324; x_wconf 76' lang='lat' dir='ltr'>nostrze,</span> <span class='ocrx_word' id='word_1_504' title='bbox 3036 3255 3136 3310; x_wconf 88' lang='lat' dir='ltr'>ubi</span> <span class='ocrx_word' id='word_1_505' title='bbox 3168 3255 3553 3312; x_wconf 89' lang='lat' dir='ltr'>laudaverunt</span> <span class='ocrx_word' id='word_1_506' title='bbox 3584 3262 3636 3311; x_wconf 90' lang='lat' dir='ltr'>te</span> <span class='ocrx_word' id='word_1_507' title='bbox 3668 3274 3763 3328; x_wconf 83' lang='lat' dir='ltr'>pa-</span> 
     </span>
    </p>
   </div>
   <div class='ocr_carea' id='block_1_65' title="bbox 329 3332 3766 3420">
    <p class='ocr_par' dir='ltr' id='par_1_65' title="bbox 329 3332 3766 3420">
     <span class='ocr_line' id='line_1_65' title="bbox 329 3332 3766 3420; baseline 0.001 -22"><span class='ocrx_word' id='word_1_508' title='bbox 329 3346 494 3402; x_wconf 90' lang='lat' dir='ltr'>Sicut</span> <span class='ocrx_word' id='word_1_509' title='bbox 522 3364 659 3419; x_wconf 87' lang='lat' dir='ltr'>ergo</span> <span class='ocrx_word' id='word_1_510' title='bbox 691 3365 924 3420; x_wconf 86' lang='lat' dir='ltr'>pannus</span> <span class='ocrx_word' id='word_1_511' title='bbox 944 3352 1322 3403; x_wconf 66' lang='lat' dir='ltr'>menstruam;</span> <span class='ocrx_word' id='word_1_512' title='bbox 1347 3348 1613 3405; x_wconf 76' lang='lat' dir='ltr'>mulieris</span> <span class='ocrx_word' id='word_1_513' title='bbox 1641 3350 1989 3405; x_wconf 79' lang='lat' dir='ltr'>immundus</span> <span class='ocrx_word' id='word_1_514' title='bbox 2021 3332 2064 3398; x_wconf 86' lang='lat' dir='ltr'>C</span> <span class='ocrx_word' id='word_1_515' title='bbox 2104 3350 2223 3400; x_wconf 88' lang='lat' dir='ltr'>tres</span> <span class='ocrx_word' id='word_1_516' title='bbox 2256 3345 2465 3413; x_wconf 91' lang='lat' dir='ltr'>nostri,</span> <span class='ocrx_word' id='word_1_517' title='bbox 2492 3346 2644 3399; x_wconf 81' lang='lat' dir='ltr'>facta</span> <span class='ocrx_word' id='word_1_518' title='bbox 2676 3349 2763 3400; x_wconf 85' lang='lat' dir='ltr'>est</span> <span class='ocrx_word' id='word_1_519' title='bbox 2785 3344 2845 3399; x_wconf 89' lang='lat' dir='ltr'>in</span> <span class='ocrx_word' id='word_1_520' title='bbox 2878 3345 3246 3401; x_wconf 79' lang='lat' dir='ltr'>exustionem</span> <span class='ocrx_word' id='word_1_521' title='bbox 3279 3345 3452 3418; x_wconf 90' lang='lat' dir='ltr'>ignis,</span> <span class='ocrx_word' id='word_1_522' title='bbox 3477 3351 3534 3400; x_wconf 90' lang='lat' dir='ltr'>et</span> <span class='ocrx_word' id='word_1_523' title='bbox 3564 3344 3766 3401; x_wconf 88' lang='lat' dir='ltr'>omnia</span> 
     </span>
    </p>
   </div>
   <div class='ocr_carea' id='block_1_66' title="bbox 330 3436 1991 3511">
    <p class='ocr_par' dir='ltr' id='par_1_66' title="bbox 330 3436 1991 3511">
     <span class='ocr_line' id='line_1_66' title="bbox 330 3436 1991 3511; baseline 0.003 -23"><span class='ocrx_word' id='word_1_524' title='bbox 330 3438 639 3506; x_wconf 86' lang='lat' dir='ltr'>reputatur</span> <span class='ocrx_word' id='word_1_525' title='bbox 667 3437 739 3491; x_wconf 91' lang='lat' dir='ltr'>ab</span> <span class='ocrx_word' id='word_1_526' title='bbox 787 3436 1088 3504; x_wconf 87' lang='lat' dir='ltr'>omnibus,</span> <span class='ocrx_word' id='word_1_527' title='bbox 1121 3437 1201 3491; x_wconf 92' lang='lat' dir='ltr'>ita</span> <span class='ocrx_word' id='word_1_528' title='bbox 1244 3438 1419 3492; x_wconf 92' lang='lat' dir='ltr'>modo</span> <span class='ocrx_word' id='word_1_529' title='bbox 1467 3438 1793 3494; x_wconf 85' lang='lat' dir='ltr'>observatio</span> <span class='ocrx_word' id='word_1_530' title='bbox 1845 3438 1991 3511; x_wconf 86' lang='lat' dir='ltr'>legis</span> 
     </span>
    </p>
   </div>
   <div class='ocr_carea' id='block_1_67' title="bbox 328 3524 1992 3599">
    <p class='ocr_par' dir='ltr' id='par_1_67' title="bbox 328 3524 1992 3599">
     <span class='ocr_line' id='line_1_67' title="bbox 328 3524 1992 3599; baseline 0.002 -21"><span class='ocrx_word' id='word_1_531' title='bbox 328 3540 506 3596; x_wconf 90' lang='lat' dir='ltr'>quam</span> <span class='ocrx_word' id='word_1_532' title='bbox 532 3524 719 3578; x_wconf 65' lang='lat' dir='ltr'>Judaei</span> <span class='ocrx_word' id='word_1_533' title='bbox 747 3524 1060 3579; x_wconf 88' lang='lat' dir='ltr'>carnaliter</span> <span class='ocrx_word' id='word_1_534' title='bbox 1083 3524 1492 3597; x_wconf 88' lang='lat' dir='ltr'>impleverunt,</span> <span class='ocrx_word' id='word_1_535' title='bbox 1518 3533 1829 3599; x_wconf 90' lang='lat' dir='ltr'>postquam</span> <span class='ocrx_word' id='word_1_536' title='bbox 1855 3528 1992 3582; x_wconf 85' lang='lat' dir='ltr'>data</span> 
     </span>
    </p>
   </div>
   <div class='ocr_carea' id='block_1_68' title="bbox 328 3611 1985 3687">
    <p class='ocr_par' dir='ltr' id='par_1_68' title="bbox 328 3611 1985 3687">
     <span class='ocr_line' id='line_1_68' title="bbox 328 3611 1985 3687; baseline 0.002 -21"><span class='ocrx_word' id='word_1_537' title='bbox 328 3616 419 3666; x_wconf 87' lang='lat' dir='ltr'>est</span> <span class='ocrx_word' id='word_1_538' title='bbox 448 3611 639 3683; x_wconf 89' lang='lat' dir='ltr'>gratia</span> <span class='ocrx_word' id='word_1_539' title='bbox 669 3611 992 3684; x_wconf 85' lang='lat' dir='ltr'>Evangelii,</span> <span class='ocrx_word' id='word_1_540' title='bbox 1023 3612 1180 3667; x_wconf 90' lang='lat' dir='ltr'>velut</span> <span class='ocrx_word' id='word_1_541' title='bbox 1223 3613 1533 3668; x_wconf 88' lang='lat' dir='ltr'>immunda</span> <span class='ocrx_word' id='word_1_542' title='bbox 1578 3619 1847 3687; x_wconf 89' lang='lat' dir='ltr'>reputata</span> <span class='ocrx_word' id='word_1_543' title='bbox 1877 3620 1985 3670; x_wconf 90' lang='lat' dir='ltr'>est.</span> 
     </span>
    </p>
   </div>
   <div class='ocr_carea' id='block_1_69' title="bbox 329 3698 654 3771">
    <p class='ocr_par' dir='ltr' id='par_1_69' title="bbox 329 3698 654 3771">
     <span class='ocr_line' id='line_1_69' title="bbox 329 3698 654 3771; baseline -0.003 -16"><span class='ocrx_word' id='word_1_544' title='bbox 329 3698 613 3771; x_wconf 88' lang='lat' dir='ltr'>Sequitur</span> <span class='ocrx_word' id='word_1_545' title='bbox 640 3716 654 3754; x_wconf 91' lang='lat'><strong>:</strong></span> 
     </span>
    </p>
   </div>
   <div class='ocr_carea' id='block_1_70' title="bbox 406 3788 1987 3865">
    <p class='ocr_par' dir='ltr' id='par_1_70' title="bbox 406 3788 1987 3865">
     <span class='ocr_line' id='line_1_70' title="bbox 406 3788 1987 3865; baseline 0.004 -23"><span class='ocrx_word' id='word_1_546' title='bbox 406 3811 428 3837; x_wconf 78' lang='grc' dir='ltr'>ι</span> <span class='ocrx_word' id='word_1_547' title='bbox 465 3788 534 3842; x_wconf 89' lang='lat' dir='ltr'>Et</span> <span class='ocrx_word' id='word_1_548' title='bbox 567 3788 889 3844; x_wconf 88' lang='lat' dir='ltr'>cecidimus</span> <span class='ocrx_word' id='word_1_549' title='bbox 920 3812 946 3839; x_wconf 82' lang='grc'><strong>››</strong></span> <span class='ocrx_word' id='word_1_550' title='bbox 972 3791 1081 3845; x_wconf 89' lang='lat' dir='ltr'>sub</span> <span class='ocrx_word' id='word_1_551' title='bbox 1113 3790 1308 3862; x_wconf 83' lang='lat' dir='ltr'>gladio</span> <span class='ocrx_word' id='word_1_552' title='bbox 1342 3792 1739 3848; x_wconf 78' lang='lat' dir='ltr'>Romanorum</span> <span class='ocrx_word' id='word_1_553' title='bbox 1770 3793 1987 3865; x_wconf 80' lang='lat' dir='ltr'>«quasi</span> 
     </span>
    </p>
   </div>
   <div class='ocr_carea' id='block_1_71' title="bbox 329 3875 1989 3954">
    <p class='ocr_par' dir='ltr' id='par_1_71' title="bbox 329 3875 1989 3954">
     <span class='ocr_line' id='line_1_71' title="bbox 329 3875 1989 3954; baseline 0.005 -23"><span class='ocrx_word' id='word_1_554' title='bbox 329 3875 533 3932; x_wconf 82' lang='lat' dir='ltr'>folium</span> <span class='ocrx_word' id='word_1_555' title='bbox 568 3876 846 3947; x_wconf 87' lang='lat' dir='ltr'>universi,</span> <span class='ocrx_word' id='word_1_556' title='bbox 875 3884 931 3933; x_wconf 90' lang='lat' dir='ltr'>et</span> <span class='ocrx_word' id='word_1_557' title='bbox 963 3880 1309 3953; x_wconf 87' lang='lat' dir='ltr'>iniquitates</span> <span class='ocrx_word' id='word_1_558' title='bbox 1342 3886 1553 3936; x_wconf 70' lang='lat' dir='ltr'>nostra:</span> <span class='ocrx_word' id='word_1_559' title='bbox 1583 3883 1748 3954; x_wconf 87' lang='lat' dir='ltr'>quasi</span> <span class='ocrx_word' id='word_1_560' title='bbox 1782 3889 1989 3939; x_wconf 89' lang='lat' dir='ltr'>ventus</span> 
     </span>
    </p>
   </div>
   <div class='ocr_carea' id='block_1_72' title="bbox 329 3965 1991 4043">
    <p class='ocr_par' dir='ltr' id='par_1_72' title="bbox 329 3965 1991 4043">
     <span class='ocr_line' id='line_1_72' title="bbox 329 3965 1991 4043; baseline 0.004 -22"><span class='ocrx_word' id='word_1_561' title='bbox 329 3965 704 4022; x_wconf 89' lang='lat' dir='ltr'>abstulerunt</span> <span class='ocrx_word' id='word_1_562' title='bbox 735 3984 862 4022; x_wconf 88' lang='lat' dir='ltr'>nos.</span> <span class='ocrx_word' id='word_1_563' title='bbox 893 3991 919 4017; x_wconf 87' lang='grc'><strong>››</strong></span> <span class='ocrx_word' id='word_1_564' title='bbox 942 3968 1167 4025; x_wconf 81' lang='lat' dir='ltr'>Ventus</span> <span class='ocrx_word' id='word_1_565' title='bbox 1196 3970 1253 4024; x_wconf 89' lang='lat' dir='ltr'>in</span> <span class='ocrx_word' id='word_1_566' title='bbox 1279 3988 1446 4025; x_wconf 88' lang='lat' dir='ltr'>sacra</span> <span class='ocrx_word' id='word_1_567' title='bbox 1478 3971 1778 4043; x_wconf 88' lang='lat' dir='ltr'>Scriptura</span> <span class='ocrx_word' id='word_1_568' title='bbox 1799 3972 1991 4028; x_wconf 90' lang='lat' dir='ltr'>varias</span> 
     </span>
    </p>
   </div>
   <div class='ocr_carea' id='block_1_73' title="bbox 330 4055 1992 4133">
    <p class='ocr_par' dir='ltr' id='par_1_73' title="bbox 330 4055 1992 4133">
     <span class='ocr_line' id='line_1_73' title="bbox 330 4055 1992 4133; baseline 0.003 -23"><span class='ocrx_word' id='word_1_569' title='bbox 330 4055 507 4111; x_wconf 87' lang='lat' dir='ltr'>habet</span> <span class='ocrx_word' id='word_1_570' title='bbox 565 4055 1047 4127; x_wconf 83' lang='lat' dir='ltr'>significationes.</span> <span class='ocrx_word' id='word_1_571' title='bbox 1097 4058 1426 4130; x_wconf 86' lang='lat' dir='ltr'>Aliquando</span> <span class='ocrx_word' id='word_1_572' title='bbox 1484 4060 1642 4115; x_wconf 87' lang='lat' dir='ltr'>enim</span> <span class='ocrx_word' id='word_1_573' title='bbox 1699 4060 1992 4133; x_wconf 77' lang='lat' dir='ltr'>significat</span> 
     </span>
    </p>
   </div>
   <div class='ocr_carea' id='block_1_74' title="bbox 330 4146 1992 4221">
    <p class='ocr_par' dir='ltr' id='par_1_74' title="bbox 330 4146 1992 4221">
     <span class='ocr_line' id='line_1_74' title="bbox 330 4146 1992 4221; baseline 0.004 -21"><span class='ocrx_word' id='word_1_574' title='bbox 330 4146 787 4201; x_wconf 86' lang='lat' dir='ltr'>commotionem</span> <span class='ocrx_word' id='word_1_575' title='bbox 815 4146 986 4214; x_wconf 87' lang='lat' dir='ltr'>aeris,</span> <span class='ocrx_word' id='word_1_576' title='bbox 1018 4153 1083 4202; x_wconf 92' lang='lat' dir='ltr'>ut</span> <span class='ocrx_word' id='word_1_577' title='bbox 1117 4147 1256 4203; x_wconf 89' lang='lat' dir='ltr'>illud</span> <span class='ocrx_word' id='word_1_578' title='bbox 1286 4165 1341 4203; x_wconf 86' lang='lat'>:«</span> <span class='ocrx_word' id='word_1_579' title='bbox 1374 4149 1685 4221; x_wconf 88' lang='lat' dir='ltr'>Imperavit</span> <span class='ocrx_word' id='word_1_580' title='bbox 1718 4151 1903 4206; x_wconf 89' lang='lat' dir='ltr'>ventis</span> <span class='ocrx_word' id='word_1_581' title='bbox 1935 4156 1992 4206; x_wconf 90' lang='lat' dir='ltr'>et</span> 
     </span>
    </p>
   </div>
   <div class='ocr_carea' id='block_1_75' title="bbox 332 4234 1995 4309">
    <p class='ocr_par' dir='ltr' id='par_1_75' title="bbox 332 4234 1995 4309">
     <span class='ocr_line' id='line_1_75' title="bbox 332 4234 1995 4309; baseline 0.004 -20"><span class='ocrx_word' id='word_1_582' title='bbox 332 4234 480 4289; x_wconf 90' lang='lat' dir='ltr'>mari</span> <span class='ocrx_word' id='word_1_583' title='bbox 512 4235 663 4306; x_wconf 85' lang='lat' dir='ltr'>(Luc.</span> <span class='ocrx_word' id='word_1_584' title='bbox 688 4234 834 4307; x_wconf 83' lang='grc' dir='ltr'>νιιι).</span> <span class='ocrx_word' id='word_1_585' title='bbox 862 4258 891 4284; x_wconf 90' lang='grc'><strong>››</strong></span> <span class='ocrx_word' id='word_1_586' title='bbox 913 4235 1240 4308; x_wconf 87' lang='lat' dir='ltr'>Aliquando</span> <span class='ocrx_word' id='word_1_587' title='bbox 1273 4236 1557 4309; x_wconf 89' lang='lat' dir='ltr'>Spiritum</span> <span class='ocrx_word' id='word_1_588' title='bbox 1599 4244 1891 4307; x_wconf 88' lang='lat' dir='ltr'>sanctum,</span> <span class='ocrx_word' id='word_1_589' title='bbox 1928 4245 1995 4296; x_wconf 88' lang='lat' dir='ltr'>ut</span> 
     </span>
    </p>
   </div>
   <div class='ocr_carea' id='block_1_76' title="bbox 333 4322 1993 4400">
    <p class='ocr_par' dir='ltr' id='par_1_76' title="bbox 333 4322 1993 4400">
     <span class='ocr_line' id='line_1_76' title="bbox 333 4322 1993 4400; baseline 0.004 -23"><span class='ocrx_word' id='word_1_590' title='bbox 333 4323 393 4377; x_wconf 92' lang='lat' dir='ltr'>in</span> <span class='ocrx_word' id='word_1_591' title='bbox 415 4323 657 4378; x_wconf 89' lang='lat' dir='ltr'>Actibus</span> <span class='ocrx_word' id='word_1_592' title='bbox 680 4322 1079 4395; x_wconf 87' lang='lat' dir='ltr'>apostolorum</span> <span class='ocrx_word' id='word_1_593' title='bbox 1103 4342 1150 4380; x_wconf 80' lang='lat' dir='ltr'>:u</span> <span class='ocrx_word' id='word_1_594' title='bbox 1175 4326 1385 4381; x_wconf 82' lang='lat' dir='ltr'>Factus</span> <span class='ocrx_word' id='word_1_595' title='bbox 1407 4327 1743 4398; x_wconf 89' lang='lat' dir='ltr'>est(inquit)</span> <span class='ocrx_word' id='word_1_596' title='bbox 1758 4334 1993 4400; x_wconf 90' lang='lat' dir='ltr'>repente</span> 
     </span>
    </p>
   </div>
   <div class='ocr_carea' id='block_1_77' title="bbox 334 4413 1994 4487">
    <p class='ocr_par' dir='ltr' id='par_1_77' title="bbox 334 4413 1994 4487">
     <span class='ocr_line' id='line_1_77' title="bbox 334 4413 1994 4487; baseline 0.002 -19"><span class='ocrx_word' id='word_1_597' title='bbox 334 4429 516 4469; x_wconf 90' lang='lat' dir='ltr'>sonus</span> <span class='ocrx_word' id='word_1_598' title='bbox 566 4416 852 4485; x_wconf 87' lang='lat' dir='ltr'>tanquam</span> <span class='ocrx_word' id='word_1_599' title='bbox 903 4413 1269 4470; x_wconf 90' lang='lat' dir='ltr'>advenientis</span> <span class='ocrx_word' id='word_1_600' title='bbox 1328 4414 1575 4487; x_wconf 89' lang='lat' dir='ltr'>spiritus</span> <span class='ocrx_word' id='word_1_601' title='bbox 1630 4416 1994 4473; x_wconf 88' lang='lat' dir='ltr'>vehementis</span> 
     </span>
    </p>
   </div>
   <div class='ocr_carea' id='block_1_78' title="bbox 335 4501 1997 4579">
    <p class='ocr_par' dir='ltr' id='par_1_78' title="bbox 335 4501 1997 4579">
     <span class='ocr_line' id='line_1_78' title="bbox 335 4501 1997 4579; baseline 0.004 -24"><span class='ocrx_word' id='word_1_602' title='bbox 335 4502 468 4574; x_wconf 80' lang='lat' dir='ltr'>(Act.</span> <span class='ocrx_word' id='word_1_603' title='bbox 495 4501 618 4575; x_wconf 76' lang='lat'>11).»</span> <span class='ocrx_word' id='word_1_604' title='bbox 641 4501 899 4574; x_wconf 89' lang='lat' dir='ltr'>Spiritus</span> <span class='ocrx_word' id='word_1_605' title='bbox 921 4502 999 4557; x_wconf 86' lang='lat' dir='ltr'>ibi</span> <span class='ocrx_word' id='word_1_606' title='bbox 1022 4520 1126 4575; x_wconf 89' lang='lat' dir='ltr'>pro</span> <span class='ocrx_word' id='word_1_607' title='bbox 1152 4507 1320 4560; x_wconf 90' lang='lat' dir='ltr'>vento</span> <span class='ocrx_word' id='word_1_608' title='bbox 1342 4505 1598 4577; x_wconf 89' lang='lat' dir='ltr'>ponitur.</span> <span class='ocrx_word' id='word_1_609' title='bbox 1620 4506 1683 4561; x_wconf 90' lang='lat' dir='ltr'>In</span> <span class='ocrx_word' id='word_1_610' title='bbox 1707 4506 1997 4579; x_wconf 80' lang='lat' dir='ltr'>signiﬁca-</span> 
     </span>
    </p>
   </div>
   <div class='ocr_carea' id='block_1_79' title="bbox 335 4589 1994 4663">
    <p class='ocr_par' dir='ltr' id='par_1_79' title="bbox 335 4589 1994 4663">
     <span class='ocr_line' id='line_1_79' title="bbox 335 4589 1994 4663; baseline 0.004 -19"><span class='ocrx_word' id='word_1_611' title='bbox 335 4589 493 4645; x_wconf 89' lang='lat' dir='ltr'>tione</span> <span class='ocrx_word' id='word_1_612' title='bbox 506 4589 761 4662; x_wconf 89' lang='lat' dir='ltr'>Spiritus</span> <span class='ocrx_word' id='word_1_613' title='bbox 776 4591 962 4647; x_wconf 87' lang='lat' dir='ltr'>sancti</span> <span class='ocrx_word' id='word_1_614' title='bbox 977 4591 1294 4663; x_wconf 87' lang='lat' dir='ltr'>aliquando</span> <span class='ocrx_word' id='word_1_615' title='bbox 1308 4591 1602 4663; x_wconf 85' lang='lat' dir='ltr'>signiﬁcat</span> <span class='ocrx_word' id='word_1_616' title='bbox 1614 4596 1994 4651; x_wconf 73' lang='lat' dir='ltr'>tentalionetn</span> 
     </span>
    </p>
   </div>
   <div class='ocr_carea' id='block_1_80' title="bbox 337 4678 1992 4757">
    <p class='ocr_par' dir='ltr' id='par_1_80' title="bbox 337 4678 1992 4757">
     <span class='ocr_line' id='line_1_80' title="bbox 337 4678 1992 4757; baseline 0.004 -24"><span class='ocrx_word' id='word_1_617' title='bbox 337 4678 672 4733; x_wconf 59' lang='lat' dir='ltr'>demonum</span> <span class='ocrx_word' id='word_1_618' title='bbox 695 4682 754 4733; x_wconf 89' lang='lat' dir='ltr'>et</span> <span class='ocrx_word' id='word_1_619' title='bbox 785 4678 1076 4734; x_wconf 90' lang='lat' dir='ltr'>malorum</span> <span class='ocrx_word' id='word_1_620' title='bbox 1101 4680 1430 4750; x_wconf 89' lang='lat' dir='ltr'>hominum,</span> <span class='ocrx_word' id='word_1_621' title='bbox 1460 4687 1522 4737; x_wconf 91' lang='lat' dir='ltr'>ut</span> <span class='ocrx_word' id='word_1_622' title='bbox 1550 4682 1610 4737; x_wconf 90' lang='lat' dir='ltr'>in</span> <span class='ocrx_word' id='word_1_623' title='bbox 1643 4684 1953 4757; x_wconf 87' lang='lat' dir='ltr'>Evangelio</span> <span class='ocrx_word' id='word_1_624' title='bbox 1979 4702 1992 4739; x_wconf 89' lang='lat'>:</span> 
     </span>
    </p>
   </div>
   <div class='ocr_carea' id='block_1_81' title="bbox 334 4765 1994 4841">
    <p class='ocr_par' dir='ltr' id='par_1_81' title="bbox 334 4765 1994 4841">
     <span class='ocr_line' id='line_1_81' title="bbox 334 4765 1994 4841; baseline 0.005 -21"><span class='ocrx_word' id='word_1_625' title='bbox 334 4765 637 4821; x_wconf 89' lang='lat' dir='ltr'>Venerunt</span> <span class='ocrx_word' id='word_1_626' title='bbox 690 4767 958 4836; x_wconf 84' lang='lat' dir='ltr'>ﬂumina,</span> <span class='ocrx_word' id='word_1_627' title='bbox 1008 4770 1295 4824; x_wconf 80' lang='lat' dir='ltr'>ﬂaverant</span> <span class='ocrx_word' id='word_1_628' title='bbox 1342 4771 1495 4826; x_wconf 90' lang='lat' dir='ltr'>venti</span> <span class='ocrx_word' id='word_1_629' title='bbox 1529 4772 1750 4840; x_wconf 74' lang='lat' dir='ltr'>(Matth.</span> <span class='ocrx_word' id='word_1_630' title='bbox 1776 4778 1901 4841; x_wconf 82' lang='lat' dir='ltr'>vn),</span> <span class='ocrx_word' id='word_1_631' title='bbox 1937 4774 1994 4829; x_wconf 88' lang='lat' dir='ltr'>id</span> 
     </span>
    </p>
   </div>
   <div class='ocr_carea' id='block_1_82' title="bbox 337 4856 2004 4934">
    <p class='ocr_par' dir='ltr' id='par_1_82' title="bbox 337 4856 2004 4934">
     <span class='ocr_line' id='line_1_82' title="bbox 337 4856 2004 4934; baseline 0.005 -25"><span class='ocrx_word' id='word_1_632' title='bbox 337 4861 426 4910; x_wconf 88' lang='lat' dir='ltr'>est</span> <span class='ocrx_word' id='word_1_633' title='bbox 456 4856 703 4911; x_wconf 84' lang='lat' dir='ltr'>teutatio</span> <span class='ocrx_word' id='word_1_634' title='bbox 725 4857 1060 4912; x_wconf 68' lang='lat' dir='ltr'>dainionum</span> <span class='ocrx_word' id='word_1_635' title='bbox 1084 4858 1170 4913; x_wconf 90' lang='lat' dir='ltr'>vel</span> <span class='ocrx_word' id='word_1_636' title='bbox 1196 4858 1528 4930; x_wconf 91' lang='lat' dir='ltr'>hominum,</span> <span class='ocrx_word' id='word_1_637' title='bbox 1554 4860 1613 4914; x_wconf 91' lang='lat' dir='ltr'>in</span> <span class='ocrx_word' id='word_1_638' title='bbox 1637 4878 1754 4932; x_wconf 91' lang='lat' dir='ltr'>qua</span> <span class='ocrx_word' id='word_1_639' title='bbox 1784 4862 2004 4934; x_wconf 82' lang='lat' dir='ltr'>signiti-</span> 
     </span>
    </p>
   </div>
   <div class='ocr_carea' id='block_1_83' title="bbox 340 4942 1999 5018">
    <p class='ocr_par' dir='ltr' id='par_1_83' title="bbox 340 4942 1999 5018">
     <span class='ocr_line' id='line_1_83' title="bbox 340 4942 1999 5018; baseline 0.006 -23"><span class='ocrx_word' id='word_1_640' title='bbox 340 4942 569 4996; x_wconf 89' lang='lat' dir='ltr'>catione</span> <span class='ocrx_word' id='word_1_641' title='bbox 598 4942 775 4997; x_wconf 89' lang='lat' dir='ltr'>etiam</span> <span class='ocrx_word' id='word_1_642' title='bbox 809 4943 868 4998; x_wconf 89' lang='lat' dir='ltr'>in</span> <span class='ocrx_word' id='word_1_643' title='bbox 900 4945 1170 5016; x_wconf 63' lang='lat' dir='ltr'>praesenti</span> <span class='ocrx_word' id='word_1_644' title='bbox 1204 4945 1327 5001; x_wconf 93' lang='lat' dir='ltr'>loco</span> <span class='ocrx_word' id='word_1_645' title='bbox 1360 4948 1598 5018; x_wconf 88' lang='lat' dir='ltr'>ponitur</span> <span class='ocrx_word' id='word_1_646' title='bbox 1626 4965 1637 5002; x_wconf 88' lang='lat'>:</span> <span class='ocrx_word' id='word_1_647' title='bbox 1669 4949 1999 5005; x_wconf 73' lang='lat' dir='ltr'>Occidimus</span> 
     </span>
    </p>
   </div>
   <div class='ocr_carea' id='block_1_84' title="bbox 342 5030 2000 5110">
    <p class='ocr_par' dir='ltr' id='par_1_84' title="bbox 342 5030 2000 5110">
     <span class='ocr_line' id='line_1_84' title="bbox 342 5030 2000 5110; baseline 0.007 -27"><span class='ocrx_word' id='word_1_648' title='bbox 342 5030 663 5101; x_wconf 87' lang='lat' dir='ltr'>(inquiunt)</span> <span class='ocrx_word' id='word_1_649' title='bbox 697 5031 892 5103; x_wconf 90' lang='lat' dir='ltr'>gladio</span> <span class='ocrx_word' id='word_1_650' title='bbox 932 5034 1332 5090; x_wconf 75' lang='lat' dir='ltr'>Romanorum</span> <span class='ocrx_word' id='word_1_651' title='bbox 1386 5036 1660 5107; x_wconf 85' lang='lat' dir='ltr'>universi,</span> <span class='ocrx_word' id='word_1_652' title='bbox 1687 5039 1857 5110; x_wconf 90' lang='lat' dir='ltr'>quasi</span> <span class='ocrx_word' id='word_1_653' title='bbox 1912 5041 2000 5094; x_wconf 86' lang='lat' dir='ltr'>t&#39;o-</span> 
     </span>
    </p>
   </div>
   <div class='ocr_carea' id='block_1_85' title="bbox 340 5116 2002 5197">
    <p class='ocr_par' dir='ltr' id='par_1_85' title="bbox 340 5116 2002 5197">
     <span class='ocr_line' id='line_1_85' title="bbox 340 5116 2002 5197; baseline 0.007 -26"><span class='ocrx_word' id='word_1_654' title='bbox 340 5116 509 5173; x_wconf 91' lang='lat' dir='ltr'>lium.</span> <span class='ocrx_word' id='word_1_655' title='bbox 535 5119 605 5173; x_wconf 84' lang='lat' dir='ltr'>Et</span> <span class='ocrx_word' id='word_1_656' title='bbox 635 5118 978 5192; x_wconf 85' lang='lat' dir='ltr'>iniquitates</span> <span class='ocrx_word' id='word_1_657' title='bbox 1024 5128 1260 5188; x_wconf 67' lang='lat' dir='ltr'>nostris,</span> <span class='ocrx_word' id='word_1_658' title='bbox 1291 5124 1348 5178; x_wconf 93' lang='lat' dir='ltr'>id</span> <span class='ocrx_word' id='word_1_659' title='bbox 1380 5130 1491 5190; x_wconf 90' lang='lat' dir='ltr'>est,</span> <span class='ocrx_word' id='word_1_660' title='bbox 1516 5132 1753 5197; x_wconf 88' lang='lat' dir='ltr'>peccata</span> <span class='ocrx_word' id='word_1_661' title='bbox 1800 5133 2002 5183; x_wconf 90' lang='lat' dir='ltr'>nostra</span> 
     </span>
    </p>
   </div>
   <div class='ocr_carea' id='block_1_86' title="bbox 341 5207 1997 5285">
    <p class='ocr_par' dir='ltr' id='par_1_86' title="bbox 341 5207 1997 5285">
     <span class='ocr_line' id='line_1_86' title="bbox 341 5207 1997 5285; baseline 0.006 -24"><span class='ocrx_word' id='word_1_662' title='bbox 341 5212 398 5262; x_wconf 88' lang='lat' dir='ltr'>et</span> <span class='ocrx_word' id='word_1_663' title='bbox 421 5208 653 5279; x_wconf 89' lang='lat' dir='ltr'>negatio</span> <span class='ocrx_word' id='word_1_664' title='bbox 674 5207 733 5262; x_wconf 90' lang='lat' dir='ltr'>in</span> <span class='ocrx_word' id='word_1_665' title='bbox 754 5213 829 5277; x_wconf 90' lang='lat' dir='ltr'>te,</span> <span class='ocrx_word' id='word_1_666' title='bbox 847 5211 1015 5282; x_wconf 89' lang='lat' dir='ltr'>quasi</span> <span class='ocrx_word' id='word_1_667' title='bbox 1037 5217 1244 5267; x_wconf 83' lang='lat' dir='ltr'>ventus</span> <span class='ocrx_word' id='word_1_668' title='bbox 1267 5212 1641 5268; x_wconf 88' lang='lat' dir='ltr'>abstulerunt</span> <span class='ocrx_word' id='word_1_669' title='bbox 1662 5233 1789 5281; x_wconf 89' lang='lat' dir='ltr'>nos,</span> <span class='ocrx_word' id='word_1_670' title='bbox 1808 5215 1861 5270; x_wconf 88' lang='lat' dir='ltr'>id</span> <span class='ocrx_word' id='word_1_671' title='bbox 1887 5223 1997 5285; x_wconf 86' lang='lat' dir='ltr'>est,</span> 
     </span>
    </p>
   </div>
   <div class='ocr_carea' id='block_1_87' title="bbox 341 5288 1998 5374">
    <p class='ocr_par' dir='ltr' id='par_1_87' title="bbox 341 5288 1998 5374">
     <span class='ocr_line' id='line_1_87' title="bbox 341 5288 1998 5374; baseline 0.007 -25"><span class='ocrx_word' id='word_1_672' title='bbox 341 5297 585 5352; x_wconf 88' lang='lat' dir='ltr'>tentatio</span> <span class='ocrx_word' id='word_1_673' title='bbox 618 5288 951 5353; x_wconf 72' lang='lat' dir='ltr'>dmmonum</span> <span class='ocrx_word' id='word_1_674' title='bbox 998 5302 1056 5353; x_wconf 87' lang='lat' dir='ltr'>et</span> <span class='ocrx_word' id='word_1_675' title='bbox 1106 5301 1504 5357; x_wconf 78' lang='lat' dir='ltr'>Romanorum</span> <span class='ocrx_word' id='word_1_676' title='bbox 1538 5304 1865 5374; x_wconf 90' lang='lat' dir='ltr'>persecutio</span> <span class='ocrx_word' id='word_1_677' title='bbox 1897 5306 1998 5360; x_wconf 87' lang='lat' dir='ltr'>ab-</span> 
     </span>
    </p>
   </div>
   <div class='ocr_carea' id='block_1_88' title="bbox 342 5385 1994 5465">
    <p class='ocr_par' dir='ltr' id='par_1_88' title="bbox 342 5385 1994 5465">
     <span class='ocr_line' id='line_1_88' title="bbox 342 5385 1994 5465; baseline 0.007 -26"><span class='ocrx_word' id='word_1_678' title='bbox 342 5385 637 5441; x_wconf 86' lang='lat' dir='ltr'>stulerunt</span> <span class='ocrx_word' id='word_1_679' title='bbox 685 5404 792 5442; x_wconf 90' lang='lat' dir='ltr'>nos</span> <span class='ocrx_word' id='word_1_680' title='bbox 839 5404 873 5442; x_wconf 88' lang='lat' dir='ltr'>a</span> <span class='ocrx_word' id='word_1_681' title='bbox 922 5387 1233 5459; x_wconf 68' lang='lat' dir='ltr'>praesentia</span> <span class='ocrx_word' id='word_1_682' title='bbox 1276 5394 1397 5458; x_wconf 90' lang='lat' dir='ltr'>tua,</span> <span class='ocrx_word' id='word_1_683' title='bbox 1421 5396 1479 5445; x_wconf 88' lang='lat' dir='ltr'>et</span> <span class='ocrx_word' id='word_1_684' title='bbox 1509 5408 1543 5445; x_wconf 89' lang='lat' dir='ltr'>a</span> <span class='ocrx_word' id='word_1_685' title='bbox 1575 5396 1728 5447; x_wconf 90' lang='lat' dir='ltr'>terra</span> <span class='ocrx_word' id='word_1_686' title='bbox 1777 5400 1994 5465; x_wconf 76' lang='lat' dir='ltr'>nostra,</span> 
     </span>
    </p>
   </div>
   <div class='ocr_carea' id='block_1_89' title="bbox 343 5474 1579 5535">
    <p class='ocr_par' dir='ltr' id='par_1_89' title="bbox 343 5474 1579 5535">
     <span class='ocr_line' id='line_1_89' title="bbox 343 5474 1579 5535; baseline 0.005 -8"><span class='ocrx_word' id='word_1_687' title='bbox 343 5474 499 5529; x_wconf 86' lang='lat' dir='ltr'>sicut</span> <span class='ocrx_word' id='word_1_688' title='bbox 526 5474 717 5529; x_wconf 90' lang='lat' dir='ltr'>aufert</span> <span class='ocrx_word' id='word_1_689' title='bbox 745 5480 953 5531; x_wconf 90' lang='lat' dir='ltr'>ventus</span> <span class='ocrx_word' id='word_1_690' title='bbox 983 5475 1120 5532; x_wconf 87' lang='lat' dir='ltr'>folia</span> <span class='ocrx_word' id='word_1_691' title='bbox 1149 5478 1219 5532; x_wconf 89' lang='lat' dir='ltr'>de</span> <span class='ocrx_word' id='word_1_692' title='bbox 1250 5478 1579 5535; x_wconf 88' lang='lat' dir='ltr'>arboribus.</span> 
     </span>
    </p>
   </div>
   <div class='ocr_carea' id='block_1_90' title="bbox 417 5564 2000 5643">
    <p class='ocr_par' dir='ltr' id='par_1_90' title="bbox 417 5564 2000 5643">
     <span class='ocr_line' id='line_1_90' title="bbox 417 5564 2000 5643; baseline 0.009 -31"><span class='ocrx_word' id='word_1_693' title='bbox 417 5586 445 5613; x_wconf 69' lang='grc' dir='ltr'>ί(</span> <span class='ocrx_word' id='word_1_694' title='bbox 468 5564 594 5618; x_wconf 88' lang='lat' dir='ltr'>Non</span> <span class='ocrx_word' id='word_1_695' title='bbox 617 5569 706 5619; x_wconf 89' lang='lat' dir='ltr'>est</span> <span class='ocrx_word' id='word_1_696' title='bbox 727 5565 827 5639; x_wconf 91' lang='lat' dir='ltr'>qui</span> <span class='ocrx_word' id='word_1_697' title='bbox 852 5565 1078 5619; x_wconf 90' lang='lat' dir='ltr'>invocet</span> <span class='ocrx_word' id='word_1_698' title='bbox 1098 5582 1309 5622; x_wconf 89' lang='lat' dir='ltr'>nomen</span> <span class='ocrx_word' id='word_1_699' title='bbox 1338 5572 1527 5635; x_wconf 90' lang='lat' dir='ltr'>tuum,</span> <span class='ocrx_word' id='word_1_700' title='bbox 1549 5568 1649 5641; x_wconf 92' lang='lat' dir='ltr'>qui</span> <span class='ocrx_word' id='word_1_701' title='bbox 1682 5576 2000 5643; x_wconf 88' lang='lat' dir='ltr'>consurgat</span> 
     </span>
    </p>
   </div>
   <div class='ocr_carea' id='block_1_91' title="bbox 345 5652 1998 5730">
    <p class='ocr_par' dir='ltr' id='par_1_91' title="bbox 345 5652 1998 5730">
     <span class='ocr_line' id='line_1_91' title="bbox 345 5652 1998 5730; baseline 0.008 -28"><span class='ocrx_word' id='word_1_702' title='bbox 345 5654 402 5703; x_wconf 89' lang='lat' dir='ltr'>et</span> <span class='ocrx_word' id='word_1_703' title='bbox 430 5656 622 5707; x_wconf 85' lang='lat' dir='ltr'>teneat</span> <span class='ocrx_word' id='word_1_704' title='bbox 652 5656 727 5707; x_wconf 90' lang='lat' dir='ltr'>te.</span> <span class='ocrx_word' id='word_1_705' title='bbox 756 5675 782 5700; x_wconf 81' lang='grc'>››</span> <span class='ocrx_word' id='word_1_706' title='bbox 816 5652 941 5706; x_wconf 90' lang='lat' dir='ltr'>Non</span> <span class='ocrx_word' id='word_1_707' title='bbox 984 5658 1093 5723; x_wconf 85' lang='lat' dir='ltr'>est,</span> <span class='ocrx_word' id='word_1_708' title='bbox 1126 5655 1411 5711; x_wconf 87' lang='lat' dir='ltr'>subaudis</span> <span class='ocrx_word' id='word_1_709' title='bbox 1463 5658 1636 5713; x_wconf 90' lang='lat' dir='ltr'>modo</span> <span class='ocrx_word' id='word_1_710' title='bbox 1685 5658 1901 5730; x_wconf 89' lang='lat' dir='ltr'>aliquis</span> <span class='ocrx_word' id='word_1_711' title='bbox 1931 5679 1998 5717; x_wconf 85' lang='lat' dir='ltr'>ex</span> 
     </span>
    </p>
   </div>
   <div class='ocr_carea' id='block_1_92' title="bbox 350 5737 1998 5825">
    <p class='ocr_par' dir='ltr' id='par_1_92' title="bbox 350 5737 1998 5825">
     <span class='ocr_line' id='line_1_92' title="bbox 350 5737 1998 5825; baseline 0.01 -36"><span class='ocrx_word' id='word_1_712' title='bbox 350 5737 540 5808; x_wconf 88' lang='lat' dir='ltr'>nobis,</span> <span class='ocrx_word' id='word_1_713' title='bbox 565 5739 665 5813; x_wconf 89' lang='lat' dir='ltr'>qui</span> <span class='ocrx_word' id='word_1_714' title='bbox 694 5738 923 5797; x_wconf 88' lang='lat' dir='ltr'>invocet</span> <span class='ocrx_word' id='word_1_715' title='bbox 953 5756 1164 5800; x_wconf 86' lang='lat' dir='ltr'>nomen</span> <span class='ocrx_word' id='word_1_716' title='bbox 1198 5747 1367 5802; x_wconf 86' lang='lat' dir='ltr'>tuum</span> <span class='ocrx_word' id='word_1_717' title='bbox 1389 5746 1583 5816; x_wconf 90' lang='lat' dir='ltr'>corde,</span> <span class='ocrx_word' id='word_1_718' title='bbox 1607 5762 1705 5803; x_wconf 90' lang='lat' dir='ltr'>ore</span> <span class='ocrx_word' id='word_1_719' title='bbox 1726 5751 1783 5803; x_wconf 88' lang='lat' dir='ltr'>et</span> <span class='ocrx_word' id='word_1_720' title='bbox 1803 5765 1998 5825; x_wconf 87' lang='lat' dir='ltr'>opere,</span> 
     </span>
    </p>
   </div>
   <div class='ocr_carea' id='block_1_93' title="bbox 2101 3432 3765 3499">
    <p class='ocr_par' dir='ltr' id='par_1_93' title="bbox 2101 3432 3765 3499">
     <span class='ocr_line' id='line_1_93' title="bbox 2101 3432 3765 3499; baseline 0 -11"><span class='ocrx_word' id='word_1_721' title='bbox 2101 3432 2519 3489; x_wconf 83' lang='lat' dir='ltr'>desiderabilia</span> <span class='ocrx_word' id='word_1_722' title='bbox 2550 3437 2752 3489; x_wconf 87' lang='lat' dir='ltr'>nostra</span> <span class='ocrx_word' id='word_1_723' title='bbox 2780 3451 2946 3489; x_wconf 87' lang='lat' dir='ltr'>versa</span> <span class='ocrx_word' id='word_1_724' title='bbox 2987 3438 3127 3489; x_wconf 89' lang='lat' dir='ltr'>sunt</span> <span class='ocrx_word' id='word_1_725' title='bbox 3166 3434 3226 3488; x_wconf 90' lang='lat' dir='ltr'>in</span> <span class='ocrx_word' id='word_1_726' title='bbox 3267 3433 3526 3499; x_wconf 79' lang='lat' dir='ltr'>ruinas,»</span> <span class='ocrx_word' id='word_1_727' title='bbox 3550 3432 3765 3488; x_wconf 86' lang='lat' dir='ltr'>Civitas</span> 
     </span>
    </p>
   </div>
   <div class='ocr_carea' id='block_1_94' title="bbox 2103 3519 3763 3594">
    <p class='ocr_par' dir='ltr' id='par_1_94' title="bbox 2103 3519 3763 3594">
     <span class='ocr_line' id='line_1_94' title="bbox 2103 3519 3763 3594; baseline -0.002 -17"><span class='ocrx_word' id='word_1_728' title='bbox 2103 3523 2289 3577; x_wconf 90' lang='lat' dir='ltr'>sancti</span> <span class='ocrx_word' id='word_1_729' title='bbox 2343 3521 2585 3590; x_wconf 89' lang='lat' dir='ltr'>tui,hoc</span> <span class='ocrx_word' id='word_1_730' title='bbox 2642 3526 2732 3577; x_wconf 86' lang='lat' dir='ltr'>est</span> <span class='ocrx_word' id='word_1_731' title='bbox 2789 3521 3110 3578; x_wconf 88' lang='lat' dir='ltr'>sanctuarii</span> <span class='ocrx_word' id='word_1_732' title='bbox 3142 3522 3229 3577; x_wconf 88' lang='lat' dir='ltr'>tui</span> <span class='ocrx_word' id='word_1_733' title='bbox 3259 3522 3346 3578; x_wconf 91' lang='lat' dir='ltr'>vel</span> <span class='ocrx_word' id='word_1_734' title='bbox 3406 3519 3605 3594; x_wconf 90' lang='lat' dir='ltr'>templi</span> <span class='ocrx_word' id='word_1_735' title='bbox 3654 3520 3763 3589; x_wconf 89' lang='lat' dir='ltr'>tui,</span> 
     </span>
    </p>
   </div>
   <div class='ocr_carea' id='block_1_95' title="bbox 2103 3609 3766 3679">
    <p class='ocr_par' dir='ltr' id='par_1_95' title="bbox 2103 3609 3766 3679">
     <span class='ocr_line' id='line_1_95' title="bbox 2103 3609 3766 3679; baseline 0.001 -14"><span class='ocrx_word' id='word_1_736' title='bbox 2103 3612 2257 3666; x_wconf 83' lang='lat' dir='ltr'>facta</span> <span class='ocrx_word' id='word_1_737' title='bbox 2285 3614 2375 3666; x_wconf 92' lang='lat' dir='ltr'>est</span> <span class='ocrx_word' id='word_1_738' title='bbox 2398 3612 2630 3666; x_wconf 88' lang='lat' dir='ltr'>deserta</span> <span class='ocrx_word' id='word_1_739' title='bbox 2661 3611 2801 3667; x_wconf 89' lang='lat' dir='ltr'>Sion</span> <span class='ocrx_word' id='word_1_740' title='bbox 2822 3629 2857 3665; x_wconf 91' lang='lat' dir='ltr'>a</span> <span class='ocrx_word' id='word_1_741' title='bbox 2877 3616 2953 3666; x_wconf 89' lang='lat' dir='ltr'>te.</span> <span class='ocrx_word' id='word_1_742' title='bbox 2980 3610 3117 3666; x_wconf 89' lang='lat' dir='ltr'>Sion</span> <span class='ocrx_word' id='word_1_743' title='bbox 3140 3616 3198 3667; x_wconf 94' lang='lat' dir='ltr'>et</span> <span class='ocrx_word' id='word_1_744' title='bbox 3227 3609 3603 3679; x_wconf 81' lang='lat' dir='ltr'>Hierusalem,</span> <span class='ocrx_word' id='word_1_745' title='bbox 3627 3609 3766 3666; x_wconf 89' lang='lat' dir='ltr'>licet</span> 
     </span>
    </p>
   </div>
   <div class='ocr_carea' id='block_1_96' title="bbox 2104 3691 3763 3773">
    <p class='ocr_par' dir='ltr' id='par_1_96' title="bbox 2104 3691 3763 3773">
     <span class='ocr_line' id='line_1_96' title="bbox 2104 3691 3763 3773; baseline 0.002 -21"><span class='ocrx_word' id='word_1_746' title='bbox 2104 3699 2220 3753; x_wconf 91' lang='lat' dir='ltr'>duo</span> <span class='ocrx_word' id='word_1_747' title='bbox 2253 3698 2495 3753; x_wconf 89' lang='lat' dir='ltr'>nomina</span> <span class='ocrx_word' id='word_1_748' title='bbox 2524 3699 2664 3767; x_wconf 91' lang='lat' dir='ltr'>sint,</span> <span class='ocrx_word' id='word_1_749' title='bbox 2692 3691 2891 3755; x_wconf 82' lang='lat' dir='ltr'>tamen</span> <span class='ocrx_word' id='word_1_750' title='bbox 2922 3716 3103 3754; x_wconf 90' lang='lat' dir='ltr'>unam</span> <span class='ocrx_word' id='word_1_751' title='bbox 3139 3699 3624 3773; x_wconf 82' lang='lat' dir='ltr'>signiﬁcationem</span> <span class='ocrx_word' id='word_1_752' title='bbox 3655 3698 3763 3755; x_wconf 85' lang='lat' dir='ltr'>ha-</span> 
     </span>
    </p>
   </div>
   <div class='ocr_carea' id='block_1_97' title="bbox 2103 3786 3766 3860">
    <p class='ocr_par' dir='ltr' id='par_1_97' title="bbox 2103 3786 3766 3860">
     <span class='ocr_line' id='line_1_97' title="bbox 2103 3786 3766 3860; baseline 0 -19"><span class='ocrx_word' id='word_1_753' title='bbox 2103 3787 2243 3842; x_wconf 87' lang='lat' dir='ltr'>bent</span> <span class='ocrx_word' id='word_1_754' title='bbox 2267 3787 2459 3842; x_wconf 89' lang='lat' dir='ltr'>istoin</span> <span class='ocrx_word' id='word_1_755' title='bbox 2483 3786 2705 3854; x_wconf 91' lang='lat' dir='ltr'>loco,id</span> <span class='ocrx_word' id='word_1_756' title='bbox 2730 3792 2818 3842; x_wconf 91' lang='lat' dir='ltr'>est</span> <span class='ocrx_word' id='word_1_757' title='bbox 2840 3788 3128 3859; x_wconf 88' lang='lat' dir='ltr'>templum</span> <span class='ocrx_word' id='word_1_758' title='bbox 3150 3794 3207 3843; x_wconf 90' lang='lat' dir='ltr'>et</span> <span class='ocrx_word' id='word_1_759' title='bbox 3229 3788 3523 3843; x_wconf 88' lang='lat' dir='ltr'>civitatem</span> <span class='ocrx_word' id='word_1_760' title='bbox 3547 3787 3766 3860; x_wconf 82' lang='lat' dir='ltr'>signiti-</span> 
     </span>
    </p>
   </div>
   <div class='ocr_carea' id='block_1_98' title="bbox 2101 3875 3759 3949">
    <p class='ocr_par' dir='ltr' id='par_1_98' title="bbox 2101 3875 3759 3949">
     <span class='ocr_line' id='line_1_98' title="bbox 2101 3875 3759 3949; baseline 0 -18"><span class='ocrx_word' id='word_1_761' title='bbox 2101 3877 2375 3943; x_wconf 88' lang='lat' dir='ltr'>cant,ubi</span> <span class='ocrx_word' id='word_1_762' title='bbox 2402 3876 2700 3947; x_wconf 90' lang='lat' dir='ltr'>quondam</span> <span class='ocrx_word' id='word_1_763' title='bbox 2727 3875 2835 3929; x_wconf 80' lang='lat' dir='ltr'>fuit</span> <span class='ocrx_word' id='word_1_764' title='bbox 2858 3875 3164 3947; x_wconf 89' lang='lat' dir='ltr'>speculum</span> <span class='ocrx_word' id='word_1_765' title='bbox 3194 3882 3250 3931; x_wconf 88' lang='lat' dir='ltr'>et</span> <span class='ocrx_word' id='word_1_766' title='bbox 3276 3877 3420 3932; x_wconf 90' lang='lat' dir='ltr'>visio</span> <span class='ocrx_word' id='word_1_767' title='bbox 3444 3876 3624 3949; x_wconf 88' lang='lat' dir='ltr'>pacis.</span> <span class='ocrx_word' id='word_1_768' title='bbox 3648 3877 3759 3931; x_wconf 81' lang='lat' dir='ltr'>Sed</span> 
     </span>
    </p>
   </div>
   <div class='ocr_carea' id='block_1_99' title="bbox 2102 3963 3739 4038">
    <p class='ocr_par' dir='ltr' id='par_1_99' title="bbox 2102 3963 3739 4038">
     <span class='ocr_line' id='line_1_99' title="bbox 2102 3963 3739 4038; baseline 0 -19"><span class='ocrx_word' id='word_1_769' title='bbox 2102 3971 2417 4038; x_wconf 89' lang='lat' dir='ltr'>postquam</span> <span class='ocrx_word' id='word_1_770' title='bbox 2469 3963 2783 4018; x_wconf 89' lang='lat' dir='ltr'>Dominum</span> <span class='ocrx_word' id='word_1_771' title='bbox 2836 3963 3067 4035; x_wconf 88' lang='lat' dir='ltr'>negavit</span> <span class='ocrx_word' id='word_1_772' title='bbox 3110 3963 3365 4036; x_wconf 88' lang='lat' dir='ltr'>populus</span> <span class='ocrx_word' id='word_1_773' title='bbox 3403 3966 3739 4022; x_wconf 67' lang='lat' dir='ltr'>Judworum</span> 
     </span>
    </p>
   </div>
   <div class='ocr_carea' id='block_1_100' title="bbox 2102 4044 3765 4127">
    <p class='ocr_par' dir='ltr' id='par_1_100' title="bbox 2102 4044 3765 4127">
     <span class='ocr_line' id='line_1_100' title="bbox 2102 4044 3765 4127; baseline 0.001 -19"><span class='ocrx_word' id='word_1_774' title='bbox 2102 4054 2331 4109; x_wconf 88' lang='lat' dir='ltr'>deserta</span> <span class='ocrx_word' id='word_1_775' title='bbox 2359 4056 2513 4109; x_wconf 84' lang='lat' dir='ltr'>facta</span> <span class='ocrx_word' id='word_1_776' title='bbox 2539 4058 2630 4108; x_wconf 87' lang='lat' dir='ltr'>est</span> <span class='ocrx_word' id='word_1_777' title='bbox 2661 4052 3025 4108; x_wconf 85' lang='lat' dir='ltr'>Hierusalem</span> <span class='ocrx_word' id='word_1_778' title='bbox 3050 4071 3084 4108; x_wconf 88' lang='lat' dir='ltr'>a</span> <span class='ocrx_word' id='word_1_779' title='bbox 3114 4057 3246 4121; x_wconf 85' lang='lat' dir='ltr'>Deo,</span> <span class='ocrx_word' id='word_1_780' title='bbox 3268 4054 3441 4125; x_wconf 77' lang='lat' dir='ltr'>juxta</span> <span class='ocrx_word' id='word_1_781' title='bbox 3468 4055 3619 4127; x_wconf 90' lang='lat' dir='ltr'>quod</span> <span class='ocrx_word' id='word_1_782' title='bbox 3643 4044 3765 4110; x_wconf 60' lang='lat' dir='ltr'>Sal:</span> 
     </span>
    </p>
   </div>
   <div class='ocr_carea' id='block_1_101' title="bbox 2098 4142 3764 4214">
    <p class='ocr_par' dir='ltr' id='par_1_101' title="bbox 2098 4142 3764 4214">
     <span class='ocr_line' id='line_1_101' title="bbox 2098 4142 3764 4214; baseline -0.001 -17"><span class='ocrx_word' id='word_1_783' title='bbox 2098 4149 2266 4198; x_wconf 88' lang='lat' dir='ltr'>vator</span> <span class='ocrx_word' id='word_1_784' title='bbox 2285 4142 2369 4199; x_wconf 91' lang='lat' dir='ltr'>eis</span> <span class='ocrx_word' id='word_1_785' title='bbox 2394 4143 2559 4198; x_wconf 86' lang='lat' dir='ltr'>dixit.</span> <span class='ocrx_word' id='word_1_786' title='bbox 2587 4143 2651 4198; x_wconf 93' lang='lat' dir='ltr'>In</span> <span class='ocrx_word' id='word_1_787' title='bbox 2675 4142 2921 4198; x_wconf 88' lang='lat' dir='ltr'>historia</span> <span class='ocrx_word' id='word_1_788' title='bbox 2939 4142 3337 4199; x_wconf 89' lang='lat' dir='ltr'>ecclesiastica</span> <span class='ocrx_word' id='word_1_789' title='bbox 3362 4143 3576 4199; x_wconf 90' lang='lat' dir='ltr'>dicitur</span> <span class='ocrx_word' id='word_1_790' title='bbox 3600 4160 3612 4198; x_wconf 77' lang='grc' dir='ltr'>ε</span> <span class='ocrx_word' id='word_1_791' title='bbox 3636 4160 3764 4214; x_wconf 68' lang='lat' dir='ltr'>quae</span> 
     </span>
    </p>
   </div>
   <div class='ocr_carea' id='block_1_102' title="bbox 2103 4231 3765 4304">
    <p class='ocr_par' dir='ltr' id='par_1_102' title="bbox 2103 4231 3765 4304">
     <span class='ocr_line' id='line_1_102' title="bbox 2103 4231 3765 4304; baseline -0.002 -16"><span class='ocrx_word' id='word_1_792' title='bbox 2103 4232 2315 4288; x_wconf 64' lang='lat' dir='ltr'>auditae</span> <span class='ocrx_word' id='word_1_793' title='bbox 2334 4231 2634 4288; x_wconf 88' lang='lat' dir='ltr'>sintvoces</span> <span class='ocrx_word' id='word_1_794' title='bbox 2653 4232 2713 4285; x_wconf 91' lang='lat' dir='ltr'>in</span> <span class='ocrx_word' id='word_1_795' title='bbox 2732 4231 2951 4304; x_wconf 88' lang='lat' dir='ltr'>templo</span> <span class='ocrx_word' id='word_1_796' title='bbox 2969 4232 3232 4288; x_wconf 89' lang='lat' dir='ltr'>dicentes</span> <span class='ocrx_word' id='word_1_797' title='bbox 3251 4248 3264 4289; x_wconf 89' lang='lat'><strong>:</strong></span> <span class='ocrx_word' id='word_1_798' title='bbox 3281 4234 3672 4289; x_wconf 89' lang='lat' dir='ltr'>Transeamus</span> <span class='ocrx_word' id='word_1_799' title='bbox 3690 4231 3765 4286; x_wconf 88' lang='lat' dir='ltr'>ab</span> 
     </span>
    </p>
   </div>
   <div class='ocr_carea' id='block_1_103' title="bbox 2105 4320 3765 4393">
    <p class='ocr_par' dir='ltr' id='par_1_103' title="bbox 2105 4320 3765 4393">
     <span class='ocr_line' id='line_1_103' title="bbox 2105 4320 3765 4393; baseline -0.001 -17"><span class='ocrx_word' id='word_1_800' title='bbox 2105 4320 2197 4376; x_wconf 90' lang='lat' dir='ltr'>bis</span> <span class='ocrx_word' id='word_1_801' title='bbox 2230 4321 2491 4376; x_wconf 86' lang='lat' dir='ltr'>sedibus.</span> <span class='ocrx_word' id='word_1_802' title='bbox 2513 4321 2735 4376; x_wconf 91' lang='lat' dir='ltr'>Domus</span> <span class='ocrx_word' id='word_1_803' title='bbox 2758 4320 3243 4377; x_wconf 80' lang='lat' dir='ltr'>sanctiﬁcationis</span> <span class='ocrx_word' id='word_1_804' title='bbox 3275 4327 3483 4377; x_wconf 69' lang='lat' dir='ltr'>nostra:</span> <span class='ocrx_word' id='word_1_805' title='bbox 3507 4337 3629 4393; x_wconf 70' lang='lat' dir='ltr'>quae</span> <span class='ocrx_word' id='word_1_806' title='bbox 3654 4336 3765 4375; x_wconf 89' lang='lat' dir='ltr'>nos</span> 
     </span>
    </p>
   </div>
   <div class='ocr_carea' id='block_1_104' title="bbox 2105 4409 3765 4479">
    <p class='ocr_par' dir='ltr' id='par_1_104' title="bbox 2105 4409 3765 4479">
     <span class='ocr_line' id='line_1_104' title="bbox 2105 4409 3765 4479; baseline -0.002 -12"><span class='ocrx_word' id='word_1_807' title='bbox 2105 4410 2529 4479; x_wconf 82' lang='lat' dir='ltr'>senctificabat,</span> <span class='ocrx_word' id='word_1_808' title='bbox 2557 4410 2657 4466; x_wconf 90' lang='lat' dir='ltr'>ubi</span> <span class='ocrx_word' id='word_1_809' title='bbox 2689 4409 3148 4466; x_wconf 87' lang='lat' dir='ltr'>immolabamns</span> <span class='ocrx_word' id='word_1_810' title='bbox 3176 4416 3235 4468; x_wconf 89' lang='lat' dir='ltr'>et</span> <span class='ocrx_word' id='word_1_811' title='bbox 3258 4410 3643 4466; x_wconf 79' lang='lat' dir='ltr'>offerebamus</span> <span class='ocrx_word' id='word_1_812' title='bbox 3674 4425 3765 4465; x_wconf 86' lang='lat' dir='ltr'>sa-</span> 
     </span>
    </p>
   </div>
   <div class='ocr_carea' id='block_1_105' title="bbox 2104 4499 3761 4572">
    <p class='ocr_par' dir='ltr' id='par_1_105' title="bbox 2104 4499 3761 4572">
     <span class='ocr_line' id='line_1_105' title="bbox 2104 4499 3761 4572; baseline -0.002 -16"><span class='ocrx_word' id='word_1_813' title='bbox 2104 4499 2697 4568; x_wconf 85' lang='lat' dir='ltr'>criﬁcium,desolata</span> <span class='ocrx_word' id='word_1_814' title='bbox 2715 4504 2805 4555; x_wconf 88' lang='lat' dir='ltr'>est</span> <span class='ocrx_word' id='word_1_815' title='bbox 2835 4517 2868 4555; x_wconf 90' lang='lat' dir='ltr'>a</span> <span class='ocrx_word' id='word_1_816' title='bbox 2894 4503 2969 4566; x_wconf 90' lang='lat' dir='ltr'>te,</span> <span class='ocrx_word' id='word_1_817' title='bbox 2995 4505 3053 4555; x_wconf 87' lang='lat' dir='ltr'>et</span> <span class='ocrx_word' id='word_1_818' title='bbox 3075 4500 3288 4556; x_wconf 90' lang='lat' dir='ltr'>domus</span> <span class='ocrx_word' id='word_1_819' title='bbox 3309 4499 3503 4572; x_wconf 72' lang='lat' dir='ltr'>gloria:</span> <span class='ocrx_word' id='word_1_820' title='bbox 3529 4503 3761 4565; x_wconf 68' lang='lat' dir='ltr'>nostrae,</span> 
     </span>
    </p>
   </div>
   <div class='ocr_carea' id='block_1_106' title="bbox 2106 4587 3765 4662">
    <p class='ocr_par' dir='ltr' id='par_1_106' title="bbox 2106 4587 3765 4662">
     <span class='ocr_line' id='line_1_106' title="bbox 2106 4587 3765 4662; baseline -0.001 -19"><span class='ocrx_word' id='word_1_821' title='bbox 2106 4589 2166 4643; x_wconf 90' lang='lat' dir='ltr'>in</span> <span class='ocrx_word' id='word_1_822' title='bbox 2227 4606 2343 4660; x_wconf 91' lang='lat' dir='ltr'>qua</span> <span class='ocrx_word' id='word_1_823' title='bbox 2401 4587 2821 4662; x_wconf 88' lang='lat' dir='ltr'>gloriabamur.</span> <span class='ocrx_word' id='word_1_824' title='bbox 2855 4588 3078 4643; x_wconf 92' lang='lat' dir='ltr'>Domus</span> <span class='ocrx_word' id='word_1_825' title='bbox 3139 4588 3235 4645; x_wconf 89' lang='lat' dir='ltr'>ubi</span> <span class='ocrx_word' id='word_1_826' title='bbox 3294 4589 3679 4645; x_wconf 86' lang='lat' dir='ltr'>laudaverunt</span> <span class='ocrx_word' id='word_1_827' title='bbox 3710 4592 3765 4642; x_wconf 90' lang='lat' dir='ltr'>te</span> 
     </span>
    </p>
   </div>
   <div class='ocr_carea' id='block_1_107' title="bbox 2030 4677 3762 4771">
    <p class='ocr_par' dir='ltr' id='par_1_107' title="bbox 2030 4677 3762 4771">
     <span class='ocr_line' id='line_1_107' title="bbox 2030 4677 3762 4771; baseline 0 -40"><span class='ocrx_word' id='word_1_828' title='bbox 2030 4705 2076 4771; x_wconf 67' lang='grc' dir='ltr'>Ι)</span> <span class='ocrx_word' id='word_1_829' title='bbox 2111 4682 2307 4750; x_wconf 86' lang='lat' dir='ltr'>patres</span> <span class='ocrx_word' id='word_1_830' title='bbox 2338 4678 2547 4744; x_wconf 88' lang='lat' dir='ltr'>nostri,</span> <span class='ocrx_word' id='word_1_831' title='bbox 2580 4678 2732 4732; x_wconf 91' lang='lat' dir='ltr'>facta</span> <span class='ocrx_word' id='word_1_832' title='bbox 2764 4683 2853 4733; x_wconf 90' lang='lat' dir='ltr'>est</span> <span class='ocrx_word' id='word_1_833' title='bbox 2898 4678 2955 4731; x_wconf 92' lang='lat' dir='ltr'>in</span> <span class='ocrx_word' id='word_1_834' title='bbox 3010 4678 3373 4734; x_wconf 83' lang='lat' dir='ltr'>exustionem</span> <span class='ocrx_word' id='word_1_835' title='bbox 3428 4677 3599 4750; x_wconf 85' lang='lat' dir='ltr'>ignis,</span> <span class='ocrx_word' id='word_1_836' title='bbox 3629 4694 3762 4732; x_wconf 86' lang='lat' dir='ltr'>suc-</span> 
     </span>
    </p>
   </div>
   <div class='ocr_carea' id='block_1_108' title="bbox 2068 4765 3761 4835">
    <p class='ocr_par' dir='ltr' id='par_1_108' title="bbox 2068 4765 3761 4835">
     <span class='ocr_line' id='line_1_108' title="bbox 2068 4765 3761 4835; baseline -0.001 -13"><span class='ocrx_word' id='word_1_837' title='bbox 2068 4780 2069 4787; x_wconf 85' lang='lat'>‘</span> <span class='ocrx_word' id='word_1_838' title='bbox 2111 4785 2285 4822; x_wconf 88' lang='lat' dir='ltr'>censa</span> <span class='ocrx_word' id='word_1_839' title='bbox 2316 4771 2405 4821; x_wconf 86' lang='lat' dir='ltr'>est</span> <span class='ocrx_word' id='word_1_840' title='bbox 2451 4784 2485 4821; x_wconf 89' lang='lat' dir='ltr'>a</span> <span class='ocrx_word' id='word_1_841' title='bbox 2535 4767 2739 4835; x_wconf 80' lang='lat' dir='ltr'>Roma,</span> <span class='ocrx_word' id='word_1_842' title='bbox 2772 4772 2827 4822; x_wconf 87' lang='lat' dir='ltr'>ct</span> <span class='ocrx_word' id='word_1_843' title='bbox 2857 4768 3057 4823; x_wconf 91' lang='lat' dir='ltr'>omnia</span> <span class='ocrx_word' id='word_1_844' title='bbox 3087 4765 3498 4823; x_wconf 88' lang='lat' dir='ltr'>desiderabilia</span> <span class='ocrx_word' id='word_1_845' title='bbox 3543 4770 3761 4833; x_wconf 84' lang='lat' dir='ltr'>nostra,</span> 
     </span>
    </p>
   </div>
   <div class='ocr_carea' id='block_1_109' title="bbox 2112 4856 3760 4928">
    <p class='ocr_par' dir='ltr' id='par_1_109' title="bbox 2112 4856 3760 4928">
     <span class='ocr_line' id='line_1_109' title="bbox 2112 4856 3760 4928; baseline -0.001 -18"><span class='ocrx_word' id='word_1_846' title='bbox 2112 4856 2167 4910; x_wconf 93' lang='lat' dir='ltr'>id</span> <span class='ocrx_word' id='word_1_847' title='bbox 2201 4862 2290 4911; x_wconf 85' lang='lat' dir='ltr'>est</span> <span class='ocrx_word' id='word_1_848' title='bbox 2319 4862 2522 4911; x_wconf 87' lang='lat' dir='ltr'>sancta</span> <span class='ocrx_word' id='word_1_849' title='bbox 2551 4860 2911 4925; x_wconf 87' lang='lat' dir='ltr'>sanctorum,</span> <span class='ocrx_word' id='word_1_850' title='bbox 2946 4862 3083 4926; x_wconf 91' lang='lat' dir='ltr'>ctc.,</span> <span class='ocrx_word' id='word_1_851' title='bbox 3108 4875 3233 4928; x_wconf 69' lang='lat' dir='ltr'>qua:</span> <span class='ocrx_word' id='word_1_852' title='bbox 3278 4858 3350 4912; x_wconf 88' lang='lat' dir='ltr'>ad</span> <span class='ocrx_word' id='word_1_853' title='bbox 3395 4856 3760 4912; x_wconf 88' lang='lat' dir='ltr'>honestatem</span> 
     </span>
    </p>
   </div>
   <div class='ocr_carea' id='block_1_110' title="bbox 2112 4944 3764 5018">
    <p class='ocr_par' dir='ltr' id='par_1_110' title="bbox 2112 4944 3764 5018">
     <span class='ocr_line' id='line_1_110' title="bbox 2112 4944 3764 5018; baseline -0.002 -17"><span class='ocrx_word' id='word_1_854' title='bbox 2112 4946 2500 5018; x_wconf 86' lang='lat' dir='ltr'>pertinebant,</span> <span class='ocrx_word' id='word_1_855' title='bbox 2525 4963 2691 5001; x_wconf 87' lang='lat' dir='ltr'>versa</span> <span class='ocrx_word' id='word_1_856' title='bbox 2713 4951 2852 5001; x_wconf 89' lang='lat' dir='ltr'>sunt</span> <span class='ocrx_word' id='word_1_857' title='bbox 2881 4946 2939 5000; x_wconf 91' lang='lat' dir='ltr'>in</span> <span class='ocrx_word' id='word_1_858' title='bbox 2974 4946 3198 5003; x_wconf 87' lang='lat' dir='ltr'>ruinas.</span> <span class='ocrx_word' id='word_1_859' title='bbox 3225 4947 3445 5002; x_wconf 90' lang='lat' dir='ltr'>Domus</span> <span class='ocrx_word' id='word_1_860' title='bbox 3466 4944 3565 5000; x_wconf 89' lang='lat' dir='ltr'>Dei</span> <span class='ocrx_word' id='word_1_861' title='bbox 3595 4959 3764 5016; x_wconf 89' lang='lat' dir='ltr'>gene-</span> 
     </span>
    </p>
   </div>
   <div class='ocr_carea' id='block_1_111' title="bbox 2110 5034 3761 5108">
    <p class='ocr_par' dir='ltr' id='par_1_111' title="bbox 2110 5034 3761 5108">
     <span class='ocr_line' id='line_1_111' title="bbox 2110 5034 3761 5108; baseline -0.002 -18"><span class='ocrx_word' id='word_1_862' title='bbox 2110 5037 2313 5090; x_wconf 87' lang='lat' dir='ltr'>raliter</span> <span class='ocrx_word' id='word_1_863' title='bbox 2340 5040 2545 5091; x_wconf 88' lang='lat' dir='ltr'>sancta</span> <span class='ocrx_word' id='word_1_864' title='bbox 2582 5034 2839 5091; x_wconf 86' lang='lat' dir='ltr'>Ecclesia</span> <span class='ocrx_word' id='word_1_865' title='bbox 2897 5041 3005 5104; x_wconf 88' lang='lat' dir='ltr'>est,</span> <span class='ocrx_word' id='word_1_866' title='bbox 3033 5035 3363 5108; x_wconf 87' lang='lat' dir='ltr'>specialiter</span> <span class='ocrx_word' id='word_1_867' title='bbox 3386 5050 3516 5089; x_wconf 92' lang='lat' dir='ltr'>vero</span> <span class='ocrx_word' id='word_1_868' title='bbox 3574 5049 3761 5087; x_wconf 86' lang='lat' dir='ltr'>unus-</span> 
     </span>
    </p>
   </div>
   <div class='ocr_carea' id='block_1_112' title="bbox 2110 5122 3758 5197">
    <p class='ocr_par' dir='ltr' id='par_1_112' title="bbox 2110 5122 3758 5197">
     <span class='ocr_line' id='line_1_112' title="bbox 2110 5122 3758 5197; baseline -0.002 -19"><span class='ocrx_word' id='word_1_869' title='bbox 2110 5125 2361 5197; x_wconf 87' lang='lat' dir='ltr'>quisque</span> <span class='ocrx_word' id='word_1_870' title='bbox 2392 5124 2603 5193; x_wconf 82' lang='lat' dir='ltr'>ﬁdelis,</span> <span class='ocrx_word' id='word_1_871' title='bbox 2629 5124 2732 5196; x_wconf 89' lang='lat' dir='ltr'>qui</span> <span class='ocrx_word' id='word_1_872' title='bbox 2766 5130 2906 5180; x_wconf 89' lang='lat' dir='ltr'>tunc</span> <span class='ocrx_word' id='word_1_873' title='bbox 2938 5125 3059 5197; x_wconf 88' lang='lat' dir='ltr'>igni</span> <span class='ocrx_word' id='word_1_874' title='bbox 3091 5130 3147 5179; x_wconf 90' lang='lat' dir='ltr'>et</span> <span class='ocrx_word' id='word_1_875' title='bbox 3190 5124 3460 5180; x_wconf 87' lang='lat' dir='ltr'>incendio</span> <span class='ocrx_word' id='word_1_876' title='bbox 3492 5122 3758 5188; x_wconf 84' lang='lat' dir='ltr'>traditur,</span> 
     </span>
    </p>
   </div>
   <div class='ocr_carea' id='block_1_113' title="bbox 2110 5212 3563 5286">
    <p class='ocr_par' dir='ltr' id='par_1_113' title="bbox 2110 5212 3563 5286">
     <span class='ocr_line' id='line_1_113' title="bbox 2110 5212 3563 5286; baseline -0.002 -17"><span class='ocrx_word' id='word_1_877' title='bbox 2110 5216 2345 5286; x_wconf 89' lang='lat' dir='ltr'>quando</span> <span class='ocrx_word' id='word_1_878' title='bbox 2375 5213 2617 5268; x_wconf 68' lang='lat' dir='ltr'>luxuriae</span> <span class='ocrx_word' id='word_1_879' title='bbox 2649 5219 2705 5268; x_wconf 89' lang='lat' dir='ltr'>et</span> <span class='ocrx_word' id='word_1_880' title='bbox 2735 5214 2987 5270; x_wconf 66' lang='lat' dir='ltr'>avaritiae</span> <span class='ocrx_word' id='word_1_881' title='bbox 3021 5214 3262 5279; x_wconf 74' lang='lat' dir='ltr'>aestibus</span> <span class='ocrx_word' id='word_1_882' title='bbox 3294 5212 3563 5270; x_wconf 88' lang='lat' dir='ltr'>deservit.</span> 
     </span>
    </p>
   </div>
   <div class='ocr_carea' id='block_1_114' title="bbox 2183 5302 3761 5375">
    <p class='ocr_par' dir='ltr' id='par_1_114' title="bbox 2183 5302 3761 5375">
     <span class='ocr_line' id='line_1_114' title="bbox 2183 5302 3761 5375; baseline 0.001 -22"><span class='ocrx_word' id='word_1_883' title='bbox 2183 5327 2209 5353; x_wconf 85' lang='grc'>‹‹</span> <span class='ocrx_word' id='word_1_884' title='bbox 2232 5303 2511 5374; x_wconf 86' lang='lat' dir='ltr'>Nunquid</span> <span class='ocrx_word' id='word_1_885' title='bbox 2545 5320 2724 5375; x_wconf 89' lang='lat' dir='ltr'>super</span> <span class='ocrx_word' id='word_1_886' title='bbox 2748 5302 2840 5358; x_wconf 91' lang='lat' dir='ltr'>his</span> <span class='ocrx_word' id='word_1_887' title='bbox 2870 5303 3199 5360; x_wconf 89' lang='lat' dir='ltr'>continebis</span> <span class='ocrx_word' id='word_1_888' title='bbox 3223 5308 3299 5371; x_wconf 84' lang='lat' dir='ltr'>te,</span> <span class='ocrx_word' id='word_1_889' title='bbox 3325 5302 3587 5368; x_wconf 90' lang='lat' dir='ltr'>Domine,</span> <span class='ocrx_word' id='word_1_890' title='bbox 3611 5303 3761 5355; x_wconf 83' lang='lat' dir='ltr'>tace-</span> 
     </span>
    </p>
   </div>
   <div class='ocr_carea' id='block_1_115' title="bbox 2109 5388 3761 5464">
    <p class='ocr_par' dir='ltr' id='par_1_115' title="bbox 2109 5388 3761 5464">
     <span class='ocr_line' id='line_1_115' title="bbox 2109 5388 3761 5464; baseline -0.001 -17"><span class='ocrx_word' id='word_1_891' title='bbox 2109 5392 2198 5447; x_wconf 90' lang='lat' dir='ltr'>bis</span> <span class='ocrx_word' id='word_1_892' title='bbox 2231 5397 2288 5447; x_wconf 93' lang='lat' dir='ltr'>et</span> <span class='ocrx_word' id='word_1_893' title='bbox 2309 5392 2533 5464; x_wconf 80' lang='lat' dir='ltr'>affliges</span> <span class='ocrx_word' id='word_1_894' title='bbox 2558 5410 2663 5448; x_wconf 91' lang='lat' dir='ltr'>nos</span> <span class='ocrx_word' id='word_1_895' title='bbox 2686 5392 3100 5448; x_wconf 84' lang='lat' dir='ltr'>vehementer?</span> <span class='ocrx_word' id='word_1_896' title='bbox 3120 5416 3148 5441; x_wconf 84' lang='lat'><strong><em>»</em></strong></span> <span class='ocrx_word' id='word_1_897' title='bbox 3175 5392 3453 5464; x_wconf 88' lang='lat' dir='ltr'>Nunquid</span> <span class='ocrx_word' id='word_1_898' title='bbox 3476 5407 3649 5462; x_wconf 88' lang='lat' dir='ltr'>super</span> <span class='ocrx_word' id='word_1_899' title='bbox 3669 5388 3761 5446; x_wconf 84' lang='lat' dir='ltr'>bis</span> 
     </span>
    </p>
   </div>
   <div class='ocr_carea' id='block_1_116' title="bbox 2108 5478 3759 5550">
    <p class='ocr_par' dir='ltr' id='par_1_116' title="bbox 2108 5478 3759 5550">
     <span class='ocr_line' id='line_1_116' title="bbox 2108 5478 3759 5550; baseline -0.003 -13"><span class='ocrx_word' id='word_1_900' title='bbox 2108 5482 2365 5538; x_wconf 89' lang='lat' dir='ltr'>miseriis</span> <span class='ocrx_word' id='word_1_901' title='bbox 2397 5480 2615 5536; x_wconf 89' lang='lat' dir='ltr'>nostris</span> <span class='ocrx_word' id='word_1_902' title='bbox 2646 5480 2974 5538; x_wconf 89' lang='lat' dir='ltr'>continebis</span> <span class='ocrx_word' id='word_1_903' title='bbox 3005 5486 3078 5550; x_wconf 89' lang='lat' dir='ltr'>te,</span> <span class='ocrx_word' id='word_1_904' title='bbox 3113 5482 3376 5549; x_wconf 90' lang='lat' dir='ltr'>Domine,</span> <span class='ocrx_word' id='word_1_905' title='bbox 3411 5484 3474 5536; x_wconf 90' lang='lat' dir='ltr'>ut</span> <span class='ocrx_word' id='word_1_906' title='bbox 3502 5496 3614 5534; x_wconf 91' lang='lat' dir='ltr'>non</span> <span class='ocrx_word' id='word_1_907' title='bbox 3646 5478 3759 5532; x_wconf 88' lang='lat' dir='ltr'>im-</span> 
     </span>
    </p>
   </div>
   <div class='ocr_carea' id='block_1_117' title="bbox 2109 5566 3758 5646">
    <p class='ocr_par' dir='ltr' id='par_1_117' title="bbox 2109 5566 3758 5646">
     <span class='ocr_line' id='line_1_117' title="bbox 2109 5566 3758 5646; baseline -0.004 -20"><span class='ocrx_word' id='word_1_908' title='bbox 2109 5572 2331 5646; x_wconf 89' lang='lat' dir='ltr'>pendas</span> <span class='ocrx_word' id='word_1_909' title='bbox 2364 5571 2532 5626; x_wconf 90' lang='lat' dir='ltr'>nobis</span> <span class='ocrx_word' id='word_1_910' title='bbox 2564 5570 3025 5626; x_wconf 89' lang='lat' dir='ltr'>misericordiam</span> <span class='ocrx_word' id='word_1_911' title='bbox 3049 5571 3077 5626; x_wconf 73' lang='lat' dir='ltr'>‘I</span> <span class='ocrx_word' id='word_1_912' title='bbox 3122 5569 3399 5643; x_wconf 89' lang='lat' dir='ltr'>Nunquid</span> <span class='ocrx_word' id='word_1_913' title='bbox 3432 5567 3666 5633; x_wconf 81' lang='lat' dir='ltr'>tacebis,</span> <span class='ocrx_word' id='word_1_914' title='bbox 3702 5566 3758 5622; x_wconf 88' lang='lat' dir='ltr'>id</span> 
     </span>
    </p>
   </div>
   <div class='ocr_carea' id='block_1_118' title="bbox 2106 5657 3756 5734">
    <p class='ocr_par' dir='ltr' id='par_1_118' title="bbox 2106 5657 3756 5734">
     <span class='ocr_line' id='line_1_118' title="bbox 2106 5657 3756 5734; baseline -0.002 -18"><span class='ocrx_word' id='word_1_915' title='bbox 2106 5666 2198 5717; x_wconf 87' lang='lat' dir='ltr'>est</span> <span class='ocrx_word' id='word_1_916' title='bbox 2228 5659 2494 5733; x_wconf 88' lang='lat' dir='ltr'>nunquid</span> <span class='ocrx_word' id='word_1_917' title='bbox 2519 5659 2785 5717; x_wconf 87' lang='lat' dir='ltr'>manebis</span> <span class='ocrx_word' id='word_1_918' title='bbox 2818 5658 2878 5716; x_wconf 92' lang='lat' dir='ltr'>in</span> <span class='ocrx_word' id='word_1_919' title='bbox 2908 5659 3017 5718; x_wconf 86' lang='lat' dir='ltr'>hac</span> <span class='ocrx_word' id='word_1_920' title='bbox 3049 5659 3288 5733; x_wconf 86' lang='lat' dir='ltr'>duritia,</span> <span class='ocrx_word' id='word_1_921' title='bbox 3312 5664 3378 5716; x_wconf 91' lang='lat' dir='ltr'>ut</span> <span class='ocrx_word' id='word_1_922' title='bbox 3406 5657 3630 5734; x_wconf 72' lang='lat' dir='ltr'>efﬂiges</span> <span class='ocrx_word' id='word_1_923' title='bbox 3650 5671 3756 5713; x_wconf 86' lang='lat' dir='ltr'>nos</span> 
     </span>
    </p>
   </div>
   <div class='ocr_carea' id='block_1_119' title="bbox 2105 5749 2531 5810">
    <p class='ocr_par' dir='ltr' id='par_1_119' title="bbox 2105 5749 2531 5810">
     <span class='ocr_line' id='line_1_119' title="bbox 2105 5749 2531 5810; baseline 0 -1"><span class='ocrx_word' id='word_1_924' title='bbox 2105 5751 2481 5810; x_wconf 83' lang='lat' dir='ltr'>vehementer</span> <span class='ocrx_word' id='word_1_925' title='bbox 2503 5749 2531 5809; x_wconf 86' lang='lat'><strong>?</strong></span> 
     </span>
    </p>
   </div>
  </div>
