3956 6380
255 452 406 514 Ιωῦ

855 586 1087 642 CAPUT
1139 589 1296 643 LXV.

325 696 352 722 «
382 674 747 739 Quresierunt
780 692 872 729 me
904 677 1002 746 qui
1035 682 1167 731 ante
1200 695 1310 730 non
1351 679 1898 746 intrrrogabantdn-

249 767 535 817 venerunt
563 763 663 835 qui
696 782 807 818 non
841 765 1201 836 quzesierunt
1235 785 1382 820 me.»
1409 768 1525 821 Vox
1553 769 1675 822 li‘ilii
1705 771 1800 823 Dei
1826 772 1896 825 ad

249 853 357 907 hoc
384 854 539 925 quod
573 853 654 907 illi
683 853 956 925 superius
1003 856 1289 918 dixerant,
1324 874 1503 927 quare
1553 874 1744 913 errare
1795 877 1900 914 nos

249 942 435 997 fecisti
466 943 522 996 in
554 943 662 996 viis
697 942 833 1008 tuis,
867 943 1155 998 indurasti
1189 963 1287 998 cor
1327 953 1590 999 nostrum
1627 965 1694 1000 ne
1729 948 1898 1002 time-

249 1048 446 1086 remus
477 1031 575 1085 te?
606 1032 910 1103 respondit
954 1031 1049 1085 ille
1099 1039 1154 1086 et
1202 1033 1347 1086 dixit
1373 1051 1385 1086 ε
1411 1035 1775 1098 Qumsiernnt
1807 1053 1898 1090 me

247 1119 494 1191 gentiles
528 1136 630 1190 per
655 1121 849 1184 fidem,
883 1120 982 1190 qui
1013 1126 1182 1175 antea
1215 1139 1328 1175 non
1365 1123 1820 1192 intermgabant,
1841 1125 1896 1179 id

247 1213 334 1261 est
365 1208 467 1279 qui
500 1213 820 1278 antequam
857 1209 1114 1264 venirem
1149 1210 1206 1264 in
1239 1227 1430 1278 carne,
1468 1229 1579 1266 non
1617 1213 1898 1280 rogabant

247 1313 434 1367 neque
467 1298 832 1366 invocabant,
866 1297 1209 1352 invenerunt
1241 1316 1332 1352 me
1365 1299 1799 1355 misericordem
1822 1302 1892 1356 ad

247 1403 306 1440 se
338 1386 766 1456 suscipiendos,
795 1387 892 1456 qui
931 1404 1042 1441 non
1071 1388 1428 1457 qun-sierunt
1462 1406 1551 1442 me
1600 1394 1791 1443 antea.
1831 1391 1895 1443 Et

245 1476 314 1528 de
343 1475 558 1546 quibus
582 1475 866 1546 scriptum
887 1481 974 1530 est
999 1493 1011 1530 :
1039 1499 1062 1525 ι(
1090 1477 1313 1541 Quibus
1339 1496 1449 1531 non
1475 1484 1563 1531 est
1586 1479 1895 1534 annuntia-

246 1569 371 1618 tum
405 1563 476 1618 de
501 1581 568 1617 eo
597 1564 896 1630 videbunt,
929 1570 986 1619 et
1015 1565 1114 1635 qui
1159 1583 1272 1619 non
1319 1567 1632 1620 audierunt
1679 1567 1892 1621 intelli-

244 1658 381 1723 gent
413 1669 505 1706 me
536 1653 663 1723 (lsa.
699 1656 828 1719 Lu);
863 1676 890 1702 ››
925 1659 980 1708 et
1009 1659 1099 1708 est
1147 1672 1357 1708 sensus
1385 1671 1395 1708 :
1422 1655 1480 1709 Si
1514 1654 1597 1708 illi
1647 1656 1746 1726 qui
1800 1672 1892 1711 me

241 1746 412 1796 antea
439 1757 552 1796 non
587 1742 944 1812 qutesierunt
992 1743 1338 1798 invenerunt
1373 1744 1807 1799 misericordem
1837 1749 1892 1798 et

237 1829 608 1897 clementem,
643 1830 699 1884 id
731 1835 819 1885 est
849 1831 1117 1901 gentiles,
1151 1849 1332 1902 quare
1364 1849 1463 1887 vos
1505 1848 1596 1887 me
1649 1838 1766 1886 tam
1803 1833 1888 1886 in-

238 1918 585 1974 clementem
617 1924 673 1974 et
703 1919 1226 1975 immisericordem
1273 1921 1622 1975 invenistis?
1654 1921 1888 1975 Subau—

239 2008 330 2061 dis
367 2025 378 2062 :
416 2007 552 2078 quia
582 2009 682 2079 qui
715 2007 901 2078 legem
934 2009 1026 2064 die
1058 2016 1349 2088 noctuque
1391 2010 1778 2073 meditemini,
1814 2011 1885 2064 ad
1919 1982 1965 2046 Β

237 2094 605 2152 iracundiam
637 2098 993 2168 provocastis
1027 2099 1346 2153 recedendo
1371 2116 1403 2153 a
1427 2117 1538 2166 me,
1571 2104 1627 2153 et
1654 2104 1888 2170 propter

236 2203 449 2241 vanam
480 2186 723 2257 gloriam
749 2187 988 2258 jactatis
1017 2187 1414 2258 pccnitentiam
1449 2189 1505 2242 in
1538 2205 1694 2253 voce,
1721 2189 1887 2258 cujus

236 2291 416 2345 opera
445 2291 561 2329 non
593 2275 801 2330 facitis.
836 2277 1136 2341 Quomodo
1167 2276 1514 2331 invenerunt
1540 2293 1675 2347 ergo
1707 2275 1888 2346 genti-

237 2361 361 2418 les?
395 2364 528 2418 vide
584 2365 1005 2431 centurionem,
1059 2367 1128 2420 de
1187 2383 1300 2436 quo
1359 2366 1644 2420 Dominus
1692 2366 1882 2419 dixit:

237 2475 261 2499 ‹‹
297 2454 482 2506 Amen
516 2453 645 2508 dico
674 2454 858 2519 vobis,
897 2472 1000 2509 nec
1035 2455 1091 2508 in
1129 2454 1303 2510 Israel
1339 2460 1561 2508 tantam
1598 2455 1770 2507 tidem
1805 2452 1889 2507 in-

233 2542 360 2596 veni
389 2541 594 2609 (Matth.
619 2547 757 2609 vni).
788 2567 814 2591 ››
848 2567 874 2592 «
912 2544 1052 2598 Vide
1085 2544 1388 2599 mulierem
1420 2544 1807 2598 Cl‘iananzeam
1831 2547 1888 2597 ct

234 2631 402 2684 crede
458 2631 660 2699 (Matth.
695 2636 807 2699 xv).
849 2655 874 2679 ››
917 2632 1224 2703 Propterea
1273 2651 1408 2702 ergo
1459 2633 1598 2703 quia
1641 2631 1887 2702 gentiles

231 2718 528 2773 voluntate
562 2719 732 2790 plena
760 2726 1043 2776 venerunt
1072 2722 1142 2775 ad
1175 2722 1350 2774 Iidem
1387 2720 1885 2785 Domini,merue-

234 2814 370 2864 runt
403 2813 467 2862 ut
496 2808 565 2861 de
597 2808 681 2862 eis
724 2808 847 2879 ipse
879 2809 1098 2863 diceret
1131 2826 1142 2862 :
1179 2835 1204 2857 ‹‹
1239 2810 1493 2879 Populus
1543 2826 1714 2878 quem
1769 2825 1883 2860 non

232 2895 473 2969 cognovi
497 2895 730 2951 servivit
752 2897 894 2951 mihi
918 2899 1088 2965 (Psal.
1109 2899 1266 2967 xvn),
1288 2920 1312 2946 ››
1335 2902 1390 2951 et
1411 2903 1615 2951 caetera
1633 2914 1644 2950 :
1663 2921 1688 2943 ‹‹
1717 2895 1842 2950 Dixi
1868 2911 1880 2949 :

231 2987 376 3042 Ecce
407 3002 534 3056 ego,
567 3002 698 3040 ecce
729 3002 832 3057 ego
865 2986 937 3040 ad
969 2990 1224 3056 gentem,
1259 3003 1386 3056 qua;
1417 3003 1533 3040 non
1579 2984 1883 3038 invocabat

232 3093 448 3131 nomen
480 3092 698 3130 meum.
739 3099 764 3124 ››
797 3075 916 3129 Vox
949 3075 1076 3130 Filii
1111 3075 1232 3128 Dei.
1270 3077 1410 3130 Ecce
1441 3091 1566 3144 ego,
1591 3090 1721 3127 ecce
1751 3089 1878 3141 ego,

230 3165 517 3220 subaudis
549 3165 646 3236 qui
679 3164 816 3219 olim
850 3165 1082 3219 locutus
1105 3180 1236 3219 sum
1261 3165 1331 3218 ad
1359 3165 1616 3233 Moysen,
1640 3162 1876 3216 dicens:

229 3253 346 3324 Ego
379 3269 512 3308 sum
544 3253 645 3324 qui
673 3268 826 3320 sum,
857 3253 929 3306 ad
962 3257 1192 3323 gentem
1221 3267 1348 3320 qum
1381 3249 1675 3304 nesciebat
1706 3251 1882 3312 me,et

227 3359 354 3412 qua:
390 3359 506 3398 non
538 3341 845 3397 invocabat
876 3357 1087 3396 nomen
1120 3357 1338 3394 meum.

296 3455 324 3480 ‹‹
349 3431 612 3503 Expandi
635 3447 844 3485 manus
863 3447 1023 3486 meas
1047 3434 1166 3484 tota
1183 3429 1274 3484 die
1294 3429 1363 3484 ad
1383 3427 1665 3498 populum
1691 3426 1875 3480 inere-

225 3520 460 3591 dulum,
493 3521 592 3591 qui
624 3521 890 3591 graditur
917 3520 1011 3574 via
1035 3536 1147 3574 non
1172 3519 1323 3573 bona
1344 3521 1474 3588 post
1497 3516 1877 3588 cogitationes

225 3609 654 3680 suas.Populus
685 3607 785 3680 qui
818 3609 889 3662 ad
921 3607 1287 3663 iracundiam
1320 3611 1591 3679 provocat
1623 3623 1713 3661 me
1746 3611 1878 3661 ante

226 3699 435 3755 faciem
459 3714 650 3753 meam
675 3714 940 3769 semper:
968 3697 1066 3768 qui
1091 3696 1400 3751 immolant
1423 3696 1479 3750 in
1505 3696 1773 3761 hortis,et
1795 3712 1880 3750 sa-

225 3788 492 3844 crificant
521 3803 700 3858 super
730 3786 939 3842 lateres
963 3803 976 3840 :
1011 3785 1114 3858 qui
1140 3786 1409 3840 habitant
1431 3786 1485 3840 in
1512 3785 1880 3856 sepulcris,et

227 3876 286 3930 in
320 3877 580 3931 delubris
613 3875 902 3931 idolorum
945 3875 1267 3930 dormiunt.
1304 3899 1329 3924 ››
1365 3875 1525 3941 Quod
1560 3875 1735 3940 dicit;
1771 3875 1876 3927 Ex-

228 3964 406 4034 pandi
430 3981 642 4020 manus
666 3981 826 4019 meas
844 3968 964 4019 tota
980 3965 1072 4019 die
1089 3965 1159 4018 ad
1179 3965 1460 4034 populum
1487 3962 1875 4029 ineredulum,
1961 4019 1966 4022 ,

228 4057 286 4106 et
304 4052 442 4107 utin
465 4054 851 4124 Septuaginta
872 4053 1270 4123 subjungitur,
1286 4057 1341 4107 et
1358 4052 1874 4118 contradicentem,

230 4141 540 4213 tripliciter
561 4146 753 4214 potest
774 4142 1048 4212 intelligi:
1066 4141 1325 4211 Expandi
1349 4158 1558 4194 manus
1580 4155 1737 4194 meas
1762 4145 1879 4194 tota

231 4228 324 4284 die
356 4232 616 4302 pendens
649 4231 707 4286 in
739 4231 1010 4299 cruec,ad
1042 4229 1324 4301 populum
1357 4229 1875 4300 incredulum,qui,

227 4334 364 4374 cum
398 4337 501 4391 pro
533 4320 652 4376 illis
701 4337 926 4376 orarem
976 4320 1176 4374 dicens
1210 4319 1281 4374 ad
1316 4318 1540 4373 Patrem
1577 4335 1589 4373 :
1625 4342 1650 4366 «
1689 4318 1874 4385 Pater,

223 4407 465 4480 ignosce
507 4409 621 4464 illis
650 4410 854 4478 (Matth.
887 4411 1085 4477 xxvu),
1121 4431 1148 4457 ››
1182 4408 1494 4463 noluerunt
1543 4407 1774 4462 credere
1817 4408 1875 4462 in

221 4512 342 4565 me,
377 4499 480 4554 sed
537 4497 1015 4553 contradixerunt
1073 4495 1217 4552 mihi
1265 4496 1524 4550 dicentes
1559 4511 1571 4548 :
1607 4495 1729 4550 Vah
1776 4495 1875 4566 qui

225 4584 486 4642 destruis
508 4584 795 4656 templum
813 4585 945 4652 Dei;
967 4583 1136 4641 aliter
1151 4601 1162 4639 :
1178 4583 1438 4654 Expandi
1459 4599 1669 4636 manus
1693 4599 1874 4647 meas,

227 4675 292 4728 ut
319 4692 419 4730 eos
451 4675 766 4746 reciperem
798 4678 854 4729 et
901 4673 1243 4729 collocarem
1299 4673 1356 4726 in
1408 4671 1541 4726 sinu
1592 4688 1741 4736 meo,
1774 4671 1874 4725 sed

225 4759 338 4832 ipsi
370 4780 602 4836 semper
621 4762 903 4819 increduli
927 4767 984 4818 et
1005 4763 1462 4817 contradictores
1491 4761 1873 4827 exstiterunt;

227 4849 495 4908 dicamus
527 4856 584 4908 et
613 4852 783 4907 tertio
815 4852 989 4907 modo
1013 4868 1025 4905 :
1051 4851 1311 4922 Expandi
1341 4868 1551 4906 manus
1577 4868 1735 4905 meas
1758 4854 1875 4905 tota

227 4939 320 4993 die
349 4942 422 4996 ad
449 4941 730 5013 populum
763 4939 1226 5006 incredulum,id
1249 4944 1338 4994 est
1369 4939 1634 4994 omnium
1668 4940 1877 4994 beneﬁ-

227 5027 449 5085 ciorum
482 5048 746 5086 meorum
767 5031 920 5086 dona
939 5029 1190 5084 libenter
1210 5029 1447 5100 praestiti
1467 5030 1551 5084 eis
1569 5047 1600 5082 a
1617 5032 1876 5098 tempore

229 5133 342 5186 quo
374 5119 546 5174 eduxi
577 5137 676 5174 eos
697 5120 767 5174 de
795 5120 1035 5190 [Egypto
1067 5123 1302 5189 propter
1334 5118 1540 5172 merita
1567 5122 1874 5187 parentum

230 5221 415 5277 usque
443 5209 584 5264 dum
615 5208 744 5264 veni
780 5209 839 5262 in
871 5223 1064 5263 carne.
1091 5208 1160 5262 Et
1189 5212 1499 5277 postquam
1524 5207 1673 5273 veni,
1698 5206 1875 5261 etiam

233 5311 346 5350 non
379 5298 582 5353 distuli
605 5297 923 5369 adimplere
944 5297 1162 5367 quibus
1186 5297 1455 5368 egebant,
1471 5296 1732 5350 sanando
1756 5295 1877 5350 illo-

225 5400 361 5439 rum
393 5387 682 5453 infirmos,
715 5392 771 5442 et
801 5387 1119 5442 saturando
1158 5404 1256 5442 eos
1305 5386 1374 5440 de
1422 5386 1674 5457 panibus
1709 5385 1873 5450 meis,

229 5469 490 5547 legisque
521 5481 743 5532 secreta
773 5494 839 5532 ac
871 5475 1289 5547 prophetarum
1340 5491 1466 5545 qua:
1515 5474 1599 5528 eis
1647 5474 1877 5531 occulta

221 5568 393 5616 erant
418 5565 750 5636 aperiendo,
783 5570 841 5620 et
873 5566 945 5620 ad
978 5564 1227 5635 patriam
1275 5564 1568 5619 ccelestem
1619 5565 1875 5620 vocando

220 5650 406 5714 '(Joan.
439 5657 538 5723 vn).
570 5654 658 5709 Illi
692 5659 888 5710 autem
921 5671 1153 5725 semper
1201 5653 1486 5709 increduli
1537 5658 1592 5708 et
1641 5658 1874 5714 eontra-

230 5737 481 5799 dietores
511 5744 880 5816 exstiterunt,
907 5744 1166 5799 dicentes
1191 5760 1203 5799 :
1232 5767 1257 5792 ‹‹
1286 5743 1347 5799 In
1373 5742 1691 5799 Beelzebub
1713 5741 1876 5814 ejicis

547 5871 821 5934 PATROL.
869 5871 964 5932 CX
974 5871 1075 5934 VI.

1306 458 1706 519 COMMENT.
1756 461 1834 520 IN
1879 495 1957 506 -—
2000 462 2288 524 ISAIAM.
2340 467 2483 528 LIB.
2532 471 2635 530 Ill.

3500 485 3660 545 1068

1931 600 1983 664 Α
2015 595 2301 652 dminonia
2359 599 2563 666 (Matth.
2613 606 2746 670 xu);
2785 625 2811 652 n
2843 611 2899 660 et
2932 622 2944 659 :
2982 630 3008 656 ‹‹
3055 607 3420 667 Dmmonium
3481 614 3661 671 habes

2011 685 2185 752 (Imm.
2220 690 2362 753 vni),
2403 712 2429 734 ››
2461 695 2782 762 eademque
2815 693 3220 764 hujuscemodi
3260 716 3271 753 :
3305 704 3362 755 et
3391 703 3658 758 ambula-

2009 780 2216 828 verunt
2248 777 2398 830 viam
2434 795 2546 832 non
2581 780 2818 848 bonum,
2854 783 3248 856 relinquentes
3296 805 3389 843 me
3438 792 3540 862 qui
3572 793 3657 846 eis

2009 861 2124 915 dixi
2152 881 2163 916 :
2192 889 2215 911 ‹‹
2247 865 2361 934 Ego
2393 884 2525 922 sum
2554 869 2643 922 via
2669 872 2852 936 (Joan.
2886 877 3061 941 xxv)»:
3092 876 3161 929 Et
3189 861 3524 948 gradientes
3557 897 3660 952 per

2010 951 2186 1006 latam
2211 959 2266 1006 et
2289 955 2603 1024 spaliosam
2629 976 2754 1029 qum
2779 961 2940 1015 ducit
2960 963 3031 1018 ad
3057 951 3653 1039 mortem(Matth.vn),

2008 1043 2064 1093 et
2097 1044 2225 1108 post
2256 1040 2638 1111 cogitationes
2671 1063 2810 1100 suas
2851 1065 3077 1119 pravas,
3113 1069 3227 1107 non
3259 1058 3392 1124 post.
3422 1055 3654 1128 Domini

2007 1127 2992 1206 culturam.l’opulus,inquam,hoc
3018 1140 3154 1195 fecit
3183 1141 3284 1213 qui
3315 1144 3385 1197 ad
3418 1127 3655 1200 iracun-é

2007 1216 2184 1280 diam,
2224 1217 2278 1270 id
2312 1224 2398 1273 est
2421 1221 2490 1274 ad
2515 1220 2827 1278 vindictam
2854 1234 3124 1296 provocat
3146 1246 3237 1284 me
3257 1247 3269 1284 :
3291 1235 3424 1286 ante
3446 1233 3654 1301 faciem

2009 1321 2198 1358 meam
2232 1323 2486 1378 semper,
2519 1309 2626 1365 hoc
2656 1317 2744 1366 est
2771 1312 2827 1367 in
2863 1318 3172 1385 praesentia
3201 1335 3330 1376 mea
3354 1321 3489 1376 etin
3520 1339 3651 1377 con-

2005 1398 2204 1462 speetu
2241 1411 2368 1448 meo
2404 1414 2416 1450 :
2453 1398 2591 1467 quia
2621 1401 2819 1454 omnia
2850 1420 3025 1473 opera
3067 1407 3461 1477 cogitationis,
3491 1409 3650 1466 locu-

2007 1480 2182 1535 tionis
2211 1489 2269 1536 et
2298 1487 2676 1555 operationis,
2703 1507 2814 1545 non
2840 1491 3021 1547 latent
3041 1494 3240 1549 oculos
3264 1513 3424 1553 meos
3449 1516 3460 1554 :
3484 1499 3569 1554 vel
3591 1499 3652 1556 in

2005 1570 2148 1624 faeie
2182 1573 2395 1638 mea,id
2429 1579 2518 1629 est
2550 1576 2607 1630 in
2643 1578 2986 1649 templo,ubi
3009 1599 3202 1640 meam
3234 1601 3387 1658 erepo
3416 1587 3651 1644 exhibui

2003 1661 2397 1728 prmscntiam.
2433 1662 2585 1717 idola
2622 1682 2728 1719 sua
2779 1675 3118 1737 posuerunt,
3154 1677 3219 1727 ut
3249 1672 3308 1729 in
3359 1675 3652 1733 Ezechiele

2001 1747 2338 1817 plenissime
2363 1750 2629 1808 habetur.
2655 1755 2722 1808 Et
2757 1773 2870 1811 non
2902 1757 3094 1814 solum
3126 1760 3186 1815 in
3218 1762 3434 1834 tem-pio
3465 1764 3650 1828 colus:

2001 1839 2138 1889 runt
2170 1836 2343 1904 idola,
2379 1840 2478 1893 sed
2511 1840 2688 1896 etia'n
2722 1860 2898 1914 super
2923 1846 3100 1902 colles
3131 1853 3188 1903 et
3219 1855 3468 1922 montes,
3500 1857 3560 1908 et
3588 1853 3649 1910 in

2000 1922 2185 1978 hortis
2218 1925 2668 1984 immolaverunt
2699 1931 2814 1987 diis
2837 1933 3391 2009 alienis,jungentes
3413 1941 3651 2000 idolola-

2001 2011 2120 2065 tria:
2153 2011 2465 2083 luxuriam,
2498 2023 2556 2072 et
2587 2035 2690 2089 pro
2723 2039 2839 2076 uno
2871 2022 3039 2080 altari
3069 2027 3226 2096 quod
3256 2032 3381 2084 erat
3410 2029 3470 2085 in
3501 2034 3641 2086 tem-

1997 2100 2093 2171 plo
2127 2102 2354 2158 Domini
2388 2122 2457 2160 ex
2477 2107 2675 2177 politis
2696 2109 2990 2181 lapidibus
3012 2118 3650 2186 construetum,seeun-

1996 2190 2135 2243 dum
2170 2198 2523 2264 praeceptum
2557 2196 2722 2268 legis,
2757 2200 3188 2258 zediﬁcaverunt
3225 2203 3396 2276 plura
3441 2207 3648 2280 altaria

1995 2293 2064 2331 ex
2093 2281 2274 2334 coctis
2295 2281 2576 2340 lateribus
2598 2291 2654 2341 et
2674 2303 2742 2342 ex
2763 2290 3083 2360 cespitibus
3105 2309 3379 2364 agrorum
3405 2314 3418 2352 :
3443 2297 3648 2369 sicque

1996 2367 2248 2438 desuper
2276 2371 2749 2431 sacriﬁcaverunt
2777 2378 3164 2437 daemonibus.
3197 2383 3276 2438 Ac
3307 2400 3378 2439 ne
3423 2367 3644 2456 aliquid

1997 2456 2134 2510 mali
2168 2459 2396 2514 deesset
2426 2464 2580 2532 quod
2605 2464 2714 2535 ipsi
2740 2481 2851 2519 non
2879 2467 3647 2540 implerent,habitabantin

1997 2546 2419 2616 sepulcris,hoc
2451 2551 2625 2616 est,in
2655 2554 3031 2611 domunculis
3063 2566 3428 2615 mortuorum
3460 2578 3475 2616 :
3509 2563 3648 2634 quia

1996 2651 2175 2704 super
2202 2638 2470 2708 sepulcra
2498 2641 2838 2698 Judzeorum
2883 2645 3253 2702 dormiebant
3299 2648 3651 2708 incubantes

1996 2738 2173 2792 super
2205 2725 2384 2794 pelles
2414 2727 2762 2797 hostiarum,
2799 2737 2860 2787 ut
2887 2735 3136 2790 somniis
3175 2737 3422 2808 auguria
3469 2755 3641 2810 cape-

1997 2813 2143 2866 rent.
2181 2809 2430 2866 Delubra
2462 2819 2659 2868 autem
2693 2819 2924 2888 preprie
2955 2825 3123 2875 erant
3153 2822 3375 2893 templa
3417 2823 3476 2878 in
3510 2809 3641 2896 qui-

1996 2896 2105 2950 bus
2152 2905 2319 2952 erant
2377 2901 2564 2955 fontes
2621 2903 2708 2958 vel
2755 2905 2882 2975 rivi,
2929 2906 2989 2961 in
3038 2907 3252 2979 quibus
3295 2909 3645 2968 lavabantur

1994 2983 2216 3050 hostiae,
2241 2990 2299 3040 et
2330 2989 2771 3046 mundabantur
2797 2995 3127 3050 sacerdotes
3151 3012 3165 3052 :
3197 3001 3256 3053 et
3283 2998 3643 3057 vocabantur

1991 3071 2234 3127 delubra
2264 3091 2298 3128 a
2327 3074 2614 3132 deluendo
2646 3078 2889 3146 hostias,
2923 3082 3043 3139 sive
3073 3083 3211 3154 quia
3234 3086 3444 3142 anima:
3473 3105 3640 3145 mun-

1990 3159 2283 3216 dationem
2317 3165 2602 3235 putabant
2623 3183 2686 3223 se
2711 3167 2788 3224 ibi
2812 3171 3216 3243 consequi,vel
3238 3191 3272 3230 a
3294 3175 3636 3246 debriando,

1993 3264 2057 3308 eo
2089 3252 2244 3320 quod
2285 3269 2436 3323 saepe
2483 3253 2637 3310 soliti
2689 3256 2768 3312 ibi
2817 3263 3014 3315 essent
3061 3261 3334 3334 debriari,
3367 3267 3424 3320 et
3453 3265 3641 3324 otiosa

1907 3342 1950 3408 ο
1990 3354 2234 3408 quaeque
2265 3357 2454 3412 agere,
2483 3358 2611 3413 quae
2638 3359 2672 3400 a
2701 3347 3051 3405 rectitudine
3081 3350 3181 3407 viae
3204 3369 3304 3408 eos
3323 3352 3494 3426 longe
3514 3357 3642 3414 ned-

1988 3427 2224 3482 debant.
2250 3429 2545 3500 Sequitur.
2567 3456 2592 3482 ‹‹
2616 3435 2722 3500 Qui
2747 3437 3062 3494 comedunt
3081 3456 3316 3498 carnem
3340 3442 3638 3512 suillam,»

1989 3516 2044 3569 id
2075 3521 2182 3583 est,
2219 3518 2518 3588 porcinam
2551 3527 2754 3580 contra
2791 3524 2938 3596 legis
2984 3535 3363 3602 praeceptum,
3393 3554 3422 3584 «
3455 3537 3514 3589 et
3536 3534 3638 3605 jus

1988 3606 2358 3676 profanum,»
2380 3608 2492 3666 hoc
2521 3616 2628 3680 est,
2663 3613 3037 3673 immundum
3063 3641 3091 3668 «
3115 3618 3176 3674 in
3200 3621 3358 3678 vasis
3378 3638 3640 3679 eorum.»

1991 3694 2152 3750 Unde
2184 3700 2302 3751 tam
2337 3697 2446 3768 ipsi
2481 3716 2657 3770 quam
2690 3718 2827 3760 vasa
2855 3721 3060 3762 eorum
3111 3707 3423 3767 immunda
3450 3715 3637 3770 erant.

1991 3785 2215 3840 Fanum
2245 3791 2335 3840 est
2366 3788 2649 3858 templum
2675 3790 2770 3845 ubi
2798 3791 2999 3864 religio
3018 3795 3244 3866 agitur;
3270 3797 3404 3854 inde
3424 3798 3641 3857 dicitur

1989 3873 2289 3943 profanus,
2323 3875 2493 3944 quasi
2534 3894 2705 3946 porro
2737 3896 2770 3933 a
2803 3880 2958 3945 fano,
2989 3881 3047 3936 id
3079 3887 3169 3939 est
3199 3901 3234 3939 a
3264 3883 3562 3958 religiene.

2058 3985 2085 4010 ‹‹
2120 3962 2226 4026 Qui
2270 3963 2476 4018 dicunt
2506 3981 2520 4018 :
2558 3966 2778 4022 Recede
2809 3985 2843 4024 a
2875 3985 2988 4038 me,
3040 3987 3156 4026 non
3202 3973 3637 4046 appropinqnes

1988 4049 2152 4117 mihi,
2186 4051 2322 4121 quia
2352 4051 2696 4108 immundus
2735 4071 2818 4110 es.
2855 4078 2882 4104 ››
2915 4058 3104 4115 Tanta
3149 4060 3425 4132 superbia
3470 4069 3638 4123 erant

1987 4138 2068 4192 illi
2094 4138 2555 4196 immundissimi
2586 4142 2808 4212 repleti,
2841 4149 2906 4200 ut
2935 4146 3194 4206 dicerent
3224 4166 3339 4205 non
3369 4151 3638 4212 adornati

1985 4227 2142 4282 idola
2170 4233 2228 4283 et
2259 4246 2462 4284 carnes
2493 4230 2698 4286 suillas
2727 4249 2842 4288 non
2887 4237 3268 4294 manducanti
3299 4254 3312 4293 :
3351 4238 3574 4315 Recede
3601 4259 3638 4317 ᾳ

1988 4316 2177 4382 nobis,
2205 4317 2344 4388 quia
2376 4319 2719 4376 immundus
2751 4338 2832 4376 es.
2860 4345 2886 4371 ‹‹
2915 4323 3036 4391 Isti,
3066 4347 3094 4374 ››
3117 4326 3402 4384 subaudis
3432 4328 3533 4400 qui
3556 4316 3640 4388 ta;-

1984 4403 2064 4460 lia
2096 4411 2300 4476 agunt,
2332 4408 2431 4477 qui
2461 4407 2770 4465 immolant
2797 4409 2856 4468 in
2888 4411 3076 4470 hortis
3107 4418 3164 4471 et
3183 4416 3502 4475 comedunt
3517 4434 3639 4477 car-

1987 4511 2089 4553 nes
2141 4495 2367 4563 suillas,
2402 4501 2460 4554 et
2508 4514 2642 4554 cum
2694 4499 2814 4554 sint
2859 4500 3324 4564 immundissimi
3370 4509 3427 4565 et
3473 4507 3634 4566 omni

1984 4585 2269 4656 spurcitia
2300 4585 2476 4657 pleni,
2512 4586 2896 4658 dicuntjusto
2921 4607 2933 4644 :
2960 4591 3183 4649 Recede
3214 4608 3248 4651 ο.
3272 4592 3463 4662 nobis,
3492 4616 3522 4646 ι(
3541 4595 3637 4656 fu-

1914 4715 1956 4777 η
1988 4691 2179 4740 mus,»
2202 4674 2258 4729 id
2289 4680 2378 4732 est
2410 4675 2578 4741 nihil,
2603 4700 2629 4725 ‹‹
2663 4683 2837 4732 erunt
2867 4679 2927 4736 in
2961 4680 3154 4738 furore
3184 4695 3334 4748 meo,
3362 4704 3391 4734 ››
3424 4683 3544 4755 sive
3576 4684 3635 4743 in

1987 4762 2204 4818 ultione
2233 4779 2381 4820 mea.
2417 4788 2443 4812 «
2481 4765 2638 4837 Ignis
2670 4767 2905 4832 ardens,
2939 4790 2968 4817 n
3001 4769 3284 4829 subaudis
3333 4787 3434 4830 eos
3481 4773 3636 4848 apud

1985 4851 2203 4907 inferos
2239 4868 2251 4905 :
2287 4875 2315 4902 «
2348 4856 2469 4910 tota
2499 4853 2613 4921 die,
2652 4877 2677 4902 υ
2712 4854 2819 4911 hoc
2849 4861 2958 4922 est,
2991 4874 3242 4931 semper.

2058 4964 2084 4989 ‹‹
2120 4942 2263 4995 Ecce
2293 4941 2700 5013 scriptum-est
2731 4961 2926 5001 coram
2961 4963 3075 5013 me,-
3111 4970 3137 4996 »
3170 4947 3228 5007 id
3259 4951 3349 5008 est
3373 4948 3433 5010 in
3465 4965 3634 5011 cons-

1985 5034 2156 5101 pectu
2181 5031 2620 5094 meo,subaudis
2644 5035 2798 5102 quod
2817 5033 2927 5105 ipsi
2951 5036 3202 5096 faciunt:
3225 5060 3251 5096 ‹‹
3272 5037 3634 5107 Noui-scelio,

1986 5120 2086 5174 sed
2121 5120 2360 5175 reddam
2394 5125 2452 5174 et
2481 5121 2801 5177 retribuam
2831 5123 2892 5178 in
2913 5124 3045 5181 sinu
3067 5140 3270 5183 eorum
3299 5125 3638 5198 iniquitates

1985 5213 2300 5275 vestras,et
2323 5207 2664 5279 iniquitates
2689 5216 2920 5281 patrum
2943 5218 3270 5274 vestrorum
3291 5214 3639 5284 simul,dicit

1988 5297 2398 5368 Dominus,qui
2432 5298 2906 5356 sacrificaverunt
2939 5313 3115 5373 super
3136 5307 3364 5362 montes
3385 5308 3442 5367 et
3462 5318 3640 5376 super

1986 5385 2186 5453 colles,
2218 5391 2274 5440 et
2304 5387 2802 5456 exprobraverunt
2825 5389 2990 5457 mihi,
3014 5395 3069 5446 et
3091 5391 3364 5452 remetiar
3382 5409 3529 5466 opus
3549 5409 3640 5455 eo—

1987 5493 2116 5530 rum
2151 5475 2404 5546 primum
2430 5475 2488 5529 in
2512 5477 2645 5530 sinu
2669 5493 2930 5533 eorum.»
2949 5479 3048 5540 Ille
3070 5481 3169 5550 qui
3193 5481 3464 5552 superius
3486 5481 3640 5546 dixe-

1987 5571 2075 5623 rat
2104 5581 2116 5619 :
2144 5565 2583 5635 'I‘aeui,semper
2607 5565 2764 5634 silui,
2791 5568 3022 5638 patiens
3044 5569 3334 5649 fui,m0do
3359 5570 3499 5633 dicit
3521 5587 3636 5636 non

1979 5653 2326 5719 .tacebo,hoc
2341 5659 2430 5709 est
2451 5670 2566 5708 non
2587 5671 2825 5725 parcam
2849 5657 3104 5728 amplius
3123 5674 3314 5729 neque
3336 5659 3636 5724 sustinebo

1987 5743 2330 5815 iniquitates
2359 5759 2583 5811 eorum,
2608 5749 2666 5800 et
2687 5745 3010 5806 retribuam
3031 5751 3089 5807 et
3108 5748 3348 5810 reddam
3361 5747 3640 5821 iniquita-

3241 5876 3319 5937 34
