3944 6414
110 339 210 396 2H

1503 343 1866 403 COMMENT.
1907 350 1975 405 ΙΝ
2017 351 2174 407 GEN.

3457 353 3561 407 242

114 463 441 537 nipotentis
474 463 578 521 Dei
606 465 811 534 Jacob,
846 482 919 522 ex
961 468 1135 538 cujus
1166 484 1268 524 ore
1299 468 1427 541 ipse
1475 469 1787 537 Dominus,
1821 478 1869 531 Α
1893 472 2088 543 jamia
2120 475 2393 533 ultimam
2450 476 2836 550 consequitur
2863 474 3367 545 benedictionem,
3398 475 3482 531 ita
3507 491 3564 544 et

113 552 314 608 bonus
346 556 582 625 pastor,
598 569 873 625 egressus
897 555 1159 629 estlapis
1185 562 1242 612 et
1269 556 1524 613 ﬁrmitas
1546 557 1791 614 creden-

115 643 262 698 tium
292 643 355 698 in
388 643 595 699 lsrael.
627 647 786 700 Deus
814 647 1016 715 patris
1067 647 1159 702 tui
1199 648 1315 703 erit
1345 647 1597 717 adjutor
1625 653 1786 703 tuus.

116 731 258 797 Quis
280 731 519 803 adjuvit
563 732 773 789 Filium
804 734 919 791 nisi
952 738 1105 791 Deus
1137 737 1331 805 Pater,
1358 736 1460 809 qui
1490 736 1656 793 dixit.
1691 738 1789 793 Ja-

114 818 230 875 cob
284 835 440 891 puer
488 837 681 888 meus,
716 822 1002 896 suscipiet
1043 839 1183 879 eum
1233 824 1440 880 anima
1483 826 1668 882 mea?
1710 826 1791 881 Et

114 910 495 979 omnipotens
524 911 826 969 benedicet
857 914 968 969 tibi
997 914 1501 970 benedictionibus
1535 915 1672 971 caeli
1689 915 1787 971 de-

113 1014 321 1068 super,
373 999 891 1058 banedictionibus
948 1004 1152 1073 abyssi
1187 1005 1451 1074 jacentis
1489 1004 1787 1060 deorsum.

115 1087 409 1146 Universa
436 1090 600 1146 enim
632 1091 886 1163 subjecit
913 1092 986 1163 ei,
1016 1093 1277 1150 coelestia
1299 1110 1410 1167 per
1428 1093 1793 1149 benedictio-

112 1193 279 1246 nem,
304 1178 461 1245 creli,
481 1184 539 1236 et
558 1185 796 1237 terrena
824 1198 933 1255 per
959 1182 1445 1240 benedictionem
1477 1183 1681 1256 abyssi
1701 1184 1791 1254 ja-

114 1267 307 1324 centis
338 1267 651 1337 deorsum,
684 1274 751 1327 ut
787 1271 1071 1327 omnibus
1098 1272 1327 1343 angelis
1357 1278 1411 1328 et
1440 1272 1791 1329 hominibus

113 1356 558 1415 dominaretur.
587 1360 1114 1417 Benedictionibus
1140 1361 1419 1429 uberum,
1454 1362 1515 1418 id
1539 1366 1626 1418 est
1666 1362 1790 1418 sive

112 1448 384 1504 duorum
412 1451 954 1518 Testamentorum,
977 1468 1239 1524 quorum
1272 1452 1458 1508 altero
1480 1453 1791 1508 nuntiatus

114 1542 227 1605 est,
242 1536 437 1593 altero
457 1537 929 1596 demonstratus.
955 1542 1087 1597 Sive
1108 1541 1629 1597 benedictionibus
1652 1541 1794 1596 ube-

114 1643 255 1684 rum
284 1626 503 1693 Mariae,
531 1645 669 1700 quze
699 1644 833 1685 vere
861 1629 1181 1687 benedicta
1210 1634 1366 1697 erat;
1401 1630 1546 1703 quia
1576 1630 1790 1686 eadem

117 1720 336 1772 saneta
360 1715 532 1786 virgo
560 1716 637 1772 de
670 1734 736 1773 se
769 1719 1021 1774 Domino
1053 1725 1263 1791 potum
1284 1719 1454 1775 lactis
1475 1718 1785 1775 immulsit.

118 1804 288 1860 Unde
317 1802 421 1861 illa
449 1804 666 1861 mulier
691 1805 751 1861 in
784 1808 1105 1877 Evangelio
1131 1809 1245 1864 ait:
1279 1809 1639 1865 Benedictus
1658 1824 1789 1865 ven-

117 1900 210 1949 ter
238 1894 351 1964 qui
393 1900 451 1950 te
477 1896 771 1964 portavit,
799 1903 852 1953 et
884 1897 1069 1953 ubera
1118 1913 1251 1969 quae
1273 1900 1494 1955 suxisti
1516 1898 1684 1969 (Luc.
1710 1914 1789 1962 x1,

114 1987 182 2038 27
196 1986 235 2054 ).
252 2014 326 2024 —
340 1984 867 2042 Benedictionibus
884 1986 1133 2043 uberum
1156 1993 1210 2044 et
1243 1989 1457 2044 vulvas.
1485 1988 1676 2044 Etiam
1692 1988 1795 2043 be-

115 2072 421 2129 nedieitur
446 2073 631 2130 vulva
680 2075 955 2144 ejusdem
986 2076 1218 2145 matris,
1253 2076 1353 2133 illa
1386 2078 1590 2149 utique
1618 2076 1797 2146 virgi-

113 2164 300 2227 nalis,
322 2181 461 2237 qum
482 2165 660 2221 nobis
683 2166 979 2222 Christum
1011 2167 1335 2223 Dominum
1354 2167 1558 2233 edidit,
1578 2167 1653 2223 de
1673 2183 1797 2240 qua

115 2256 297 2310 Pater
326 2270 434 2326 per
459 2254 781 2312 Jeremiam
814 2257 1175 2330 prophetam
1221 2257 1394 2313 dicit:
1430 2259 1795 2327 Priusquam

117 2350 178 2400 te
199 2343 539 2414 formarem
568 2347 631 2400 in
663 2351 852 2413 utero,
886 2349 1029 2403 novi
1057 2353 1130 2412 te,
1155 2353 1209 2404 et
1238 2354 1560 2418 antequam
1601 2347 1795 2403 exires

115 2433 194 2489 de
238 2434 449 2504 vulva,
481 2435 862 2503 sanctiﬁcavi
890 2442 947 2491 te
972 2436 1116 2506 (Jer.
1161 2452 1199 2504 1,
1235 2441 1312 2495 5).
1341 2436 1795 2493 Benedictiones

110 2522 320 2593 patris
337 2523 456 2578 tuis
477 2523 838 2593 con/artata:
858 2531 999 2580 sunt
1028 2526 1529 2582 benedictionibus
1548 2530 1796 2596 patrum

119 2618 396 2669 tuorum.
428 2614 1137 2688 Benedictiones,inquit,
1161 2617 1366 2672 Patris
1398 2618 1488 2672 tui
1512 2614 1790 2677 ecelestis,

116 2718 261 2775 qua:
292 2700 454 2758 datas
480 2708 622 2759 sunt
665 2702 771 2759 tibi
799 2720 836 2759 a
866 2721 1108 2760 summo
1158 2704 1286 2761 caeli
1314 2710 1371 2761 et
1400 2703 1631 2777 abyssi,
1662 2720 1797 2760 con—

115 2793 374 2862 fortatae
425 2798 586 2860 sunt,
618 2792 682 2847 id
730 2797 819 2848 est
867 2793 1331 2866 praevaluerunt,
1364 2793 1793 2849 benedictioni-

123 2881 237 2936 bus
264 2885 513 2953 patrum
544 2885 810 2938 tuorum.
844 2881 1003 2938 Ultra
1042 2899 1222 2939 omne
1251 2883 1413 2939 enim
1445 2888 1795 2939 sanctorum

118 2975 409 3027 meritum
442 2970 922 3043 patriarcharum
956 2972 1080 3028 sive
1101 2973 1535 3045 prephetarum
1564 2988 1793 3029 conva-

117 3061 231 3117 luit
281 3060 625 3118 benedictio
656 3062 1083 3136 omnipotentis
1123 3063 1306 3118 Patris
1335 3062 1396 3119 in
1426 3063 1591 3128 Filio,
1622 3063 1704 3119 ita
1734 3068 1798 3119 ut

119 3152 174 3208 ei
206 3150 417 3208 nullus
446 3157 796 3209 sanctorum
835 3157 1124 3225 mquetur.
1159 3155 1360 3211 Donec
1390 3155 1617 3211 veniret
1642 3154 1795 3210 desi-

117 3242 363 3298 derium
395 3242 643 3298 collium
676 3247 1061 3299 aeternorum.
1094 3242 1284 3298 Colles
1314 3242 1407 3298 isti
1439 3242 1628 3298 sancti
1659 3247 1795 3298 sunt

117 3331 253 3405 qui,
282 3330 495 3387 Christi
524 3330 858 3387 adventum
905 3332 1358 3405 prophetantcs,
1393 3348 1620 3402 magno
1657 3348 1796 3388 cum

119 3420 433 3477 desiderio
468 3421 947 3478 incarnationem
994 3422 1123 3493 ejus
1154 3426 1687 3495 exspectaverunt;
1721 3421 1796 3478 de

118 3509 355 3583 quibus
388 3510 679 3566 Dominus
709 3510 880 3567 dicit:
912 3513 1064 3580 Quia
1080 3512 1260 3567 multi
1276 3513 1434 3582 justi
1463 3518 1517 3568 et
1536 3512 1796 3581 prophe-

120 3605 200 3655 εκ
230 3601 556 3669 cupierunt
610 3600 811 3657 videre
853 3616 986 3671 qua?
1016 3601 1224 3657 videtis
1259 3602 1492 3671 (Matth.
1530 3617 1655 3671 xm,
1691 3601 1795 3671 l7).

121 3688 194 3744 Hi
223 3704 372 3759 ergo
401 3689 590 3745 sancti
637 3687 779 3745 dicti
831 3694 973 3746 sunt
1015 3689 1196 3746 colles
1218 3696 1463 3763 propter
1500 3690 1795 3746 excellen—

120 3778 273 3836 tiam
306 3778 656 3835 sanctitatis.
699 3779 803 3845 Qui
851 3779 1031 3836 etiam
1073 3780 1276 3835 aeterni
1305 3785 1620 3849 vocantur,
1654 3780 1800 3852 quia

117 3869 311 3925 vitam
345 3873 803 3941 consequuntur
831 3874 1139 3933 aeternam,
1172 3886 1283 3925 nec
1333 3874 1631 3925 intereunt
1659 3886 1798 3925 cum

116 3955 384 4024 mundo,
418 3956 529 4012 sed
559 3973 690 4013 esse
716 3956 1045 4013 creduntur
1069 3957 1293 4013 aeterni.
1326 3959 1509 4015 Fiant
1540 3960 1603 4014 in
1634 3958 1798 4027 capi-

118 4054 178 4104 te
204 4047 455 4117 Joseph,
485 4062 699 4104 omnes
731 4047 953 4104 scilicet
983 4047 1434 4103 benedictiones
1465 4048 1592 4103 istas
1620 4063 1801 4120 super

118 4135 359 4192 Christo
385 4140 719 4208 ponuntur,
754 4152 908 4209 quas
951 4137 1299 4192 incarnatus
1343 4137 1590 4208 accepit,
1625 4142 1677 4193 et
1706 4152 1802 4191 su-

111 4242 230 4298 per
254 4227 542 4282 verticem
578 4227 887 4297 Nazarrei,
916 4226 992 4282 de
1020 4243 1144 4300 quo
1177 4227 1466 4299 scriptum
1497 4231 1616 4282 est:
1652 4227 1801 4294 Quo-

116 4319 290 4372 niam
334 4316 672 4373 Nazaraeus
719 4317 1037 4373 vocabitur
1079 4317 1320 4387 (Matth.
1354 4333 1420 4381 ιι,
1452 4318 1563 4388 23),
1602 4316 1664 4372 id
1710 4320 1803 4371 est

117 4412 374 4463 sanctus
426 4407 525 4462 Dei
574 4409 729 4463 inter
774 4406 985 4462 fratres
1038 4424 1201 4477 suos,
1254 4407 1399 4479 quia
1442 4407 1570 4479 ipse
1620 4410 1803 4479 caput

118 4496 406 4576 omnium
446 4495 720 4553 eminens
772 4496 1195 4553 universorum
1246 4501 1613 4561 sanctorum,
1646 4511 1801 4568 quos

119 4587 308 4643 etiam
340 4591 399 4641 et
427 4586 640 4642 fratres
671 4594 850 4642 vocat
878 4587 940 4643 in
971 4586 1241 4643 Psalmis.

194 4677 532 4746 Benjamin
552 4678 733 4747 lupus
752 4692 974 4747 rapax,
987 4692 1166 4733 mane
1181 4677 1442 4733 comedet
1457 4677 1730 4747 prwdam
1748 4682 1803 4733 et

121 4781 369 4837 vespere
380 4765 608 4822 dividet
630 4767 849 4835 spolia.
876 4766 1106 4832 Quibus
1128 4764 1302 4821 dictis
1327 4766 1637 4838 apostolus
1660 4768 1807 4821 Pau-

120 4854 217 4911 lus
249 4855 627 4925 designatur,
653 4854 729 4910 de
759 4855 1072 4927 Benjamin
1091 4857 1273 4926 stirpe
1303 4855 1675 4927 progenitus,
1700 4855 1804 4928 qui

122 4962 311 5003 mane
340 4944 547 5018 rapuit
574 4945 869 5017 praedam,
892 4944 952 5001 id
984 4950 1073 5000 est
1103 4945 1166 5001 in
1197 4945 1542 5016 primordiis
1570 4944 1802 5011 ﬁdeles,

122 5054 284 5112 quos
314 5035 534 5108 potuit,
559 5034 916 5091 devastavit.
943 5037 1196 5107 Vespere
1215 5040 1414 5090 autem
1440 5034 1635 5107 spolia
1664 5034 1811 5090 divi-

123 5129 208 5185 dit
235 5145 249 5183 :
283 5124 457 5199 quia,
490 5125 686 5180 ﬁdelis
712 5123 1106 5197 postmodum
1124 5123 1338 5191 factus,
1373 5140 1545 5180 sacra
1569 5123 1812 5197 eloquia

126 5215 523 5273 audientibus
546 5214 948 5286 descriptione
972 5213 1223 5269 mirifica
1245 5212 1629 5286 dispensavit.
1651 5215 1812 5284 Legi-

124 5324 261 5364 mus
278 5303 623 5379 quemdam
641 5321 714 5360 ex
736 5304 1189 5373 doetoribus,ad
1208 5303 1419 5360 urbem
1438 5302 1808 5359 Hierusalem

126 5414 195 5454 ea
220 5412 361 5469 quae
379 5395 455 5450 de
485 5394 803 5465 Benjamin
832 5394 1056 5466 scripta
1078 5400 1237 5458 sunt,
1262 5392 1639 5449 referentem.
1668 5393 1814 5447 Ben-

123 5488 337 5559 jamiu,
364 5485 587 5558 inquit,
603 5485 772 5555 ﬁlius
803 5484 1028 5540 doloris
1052 5484 1492 5556 interpretatur.
1521 5482 1624 5538 Hic
1652 5487 1809 5538 sorte

130 5575 495 5633 hereditatis
527 5590 671 5629 eum
705 5577 907 5629 locum
940 5573 1188 5646 accepit,
1214 5573 1273 5628 in
1304 5589 1427 5644 quo
1463 5578 1697 5628 terrena
1721 5576 1813 5628 est

135 5666 527 5735 Hierusalem,
558 5680 697 5737 qua:
728 5679 891 5719 nunc
919 5670 1164 5735 propter
1192 5662 1671 5718 incredulitatem
1702 5662 1811 5719 ab-

129 5757 277 5827 jecta
306 5762 402 5811 est
450 5761 639 5827 atque
696 5752 966 5824 repulsa.
1001 5756 1132 5808 Haec
1183 5753 1345 5808 enim
1400 5753 1461 5808 in
1511 5751 1646 5807 ﬁliis
1687 5753 1812 5808 suis

135 5844 244 5901 sub
272 5859 545 5919 persona
578 5841 895 5915 Benjamin
924 5842 1294 5913 designatur.
1318 5846 1467 5899 Nam
1499 5842 1650 5899 sicut
1670 5844 1812 5898 Ben-

1900 562 2061 621 idem
2092 567 2356 640 populus
2379 566 2624 623 ultimus
2656 571 2747 622 est
2782 565 3129 633 salvandus,
3162 569 3563 638 posteaquam

1898 654 2211 728 plenitudo
2259 657 2525 728 gentium
2556 656 2863 712 introierit.
2900 655 3054 711 Dixit
3095 654 3290 711 enim:
3340 656 3565 726 Benja-

1900 747 2025 801 min
2055 748 2232 816 lupus
2263 762 2482 817 rapax,
2516 746 2698 819 lupus
2730 745 3126 818 scilicet,quia
3152 746 3282 818 ipse
3304 745 3565 817 populus

1902 833 2114 891 effudit
2144 836 2505 907 sanguinem
2550 835 2981 907 prophetarum
3026 840 3205 906 atque
3236 834 3561 905 justorum.

1900 925 2121 994 Rapax
2149 930 2351 982 autem
2376 931 2622 998 propter
2643 924 2991 981 aviditatem
3021 924 3254 980 dicitur.
3275 926 3355 979 Ex
3377 923 3566 980 multa

1901 1014 2062 1070 enim
2093 1014 2254 1071 fame
2282 1015 2451 1070 verbi
2499 1015 2594 1069 Dei
2644 1019 2700 1069 et
2737 1014 2938 1070 inedia
2970 1013 3132 1070 venit
3179 1030 3390 1085 rapax,
3420 1014 3565 1085 quia
3674 1022 3683 1025 '

1902 1109 1959 1160 et
1988 1104 2114 1177 ipse
2140 1104 2430 1161 violenter
2476 1104 2723 1177 diripuit
2767 1120 3023 1175 regnum
3075 1104 3191 1159 Dei.
3228 1103 3331 1159 Hie
3363 1107 3563 1159 autem

1901 1212 2079 1252 mane
2109 1196 2359 1251 comedit
2384 1196 2679 1265 praedam.
2715 1197 2881 1250 Mane
2922 1193 3070 1249 illud
3110 1199 3347 1265 tempus
3374 1193 3563 1249 credi-

1905 1289 1998 1340 tur
2017 1300 2141 1357 quo
2165 1284 2360 1354 legem
2388 1284 2633 1357 accepit.
2649 1286 2814 1339 Tune
2836 1282 3066 1338 mundo
3095 1282 3290 1354 prima
3315 1282 3564 1354 quidem

1900 1373 2258 1430 illuminatio
2288 1373 2546 1429 scientiae
2574 1372 2717 1429 data
2747 1378 2852 1428 est.
2889 1371 3162 1429 Comedit
3190 1376 3392 1427 autem
3431 1388 3563 1427 Ina-

1901 1479 1997 1531 ne,
2048 1464 2191 1536 quia
2246 1463 2461 1533 legem,
2511 1478 2703 1535 quam
2758 1477 2939 1517 mane
2995 1461 3244 1532 accepit,
3304 1459 3567 1516 comedit

1901 1554 2122 1617 adhuc,
2151 1559 2208 1609 et
2234 1552 2595 1619 meditatur;
2628 1551 2763 1607 licet
2803 1567 3063 1624 sequens
3104 1550 3299 1620 legem
3321 1549 3564 1621 justitiee

1900 1643 1960 1698 in
1988 1642 2183 1712 legem
2222 1642 2363 1698 fidei
2413 1657 2535 1697 non
2575 1641 2867 1715 pervenit.
2898 1641 2998 1696 Ad
3029 1655 3334 1710 vesperam
3365 1645 3563 1695 autem

1903 1733 2127 1788 dividet
2153 1733 2367 1801 spolia.
2402 1731 2665 1803 Vespere
2705 1734 2793 1786 est
2828 1729 2977 1785 illud
3028 1732 3267 1801 tempus
3317 1726 3567 1783 novissi-

1905 1837 2075 1876 mum
2105 1837 2225 1893 quo
2257 1823 2652 1875 convertetur.
2687 1818 2857 1874 Tunc
2900 1833 3042 1889 ergo
3079 1816 3302 1873 dividet
3339 1832 3564 1886 escam,

1903 1917 2046 1968 tunc
2076 1909 2765 1981 intelligetdividendam
2795 1924 2926 1965 esse
2952 1908 3211 1964 litteram
3229 1907 3308 1964 ab
3330 1906 3563 1979 spiritu,

1904 2007 1963 2059 et
1979 2007 2120 2058 tunc
2139 2005 2461 2067 cognoscet
2476 2000 2619 2072 quia
2640 2001 2842 2056 littera
2859 1998 3350 2067 occidit,spiritus
3366 2002 3565 2053 autem

1904 2093 2188 2160 viviﬁcat.
2222 2091 2371 2155 Quia
2421 2106 2565 2159 ergo
2606 2090 2738 2161 jam
2781 2105 2890 2162 per
2933 2088 3188 2158 gratiam
3230 2086 3465 2142 Domini
3495 2086 3564 2141 il-

1904 2182 2234 2238 luminatus
2268 2180 2473 2251 incipit
2523 2179 2583 2234 in
2615 2179 2745 2247 lege
2775 2176 3065 2250 spiritalia
3092 2193 3128 2233 a
3152 2174 3566 2248 corporalibus

1905 2271 2171 2329 dividere
2203 2276 2259 2326 et
2289 2285 2587 2343 separare,
2617 2268 2754 2324 ideo
2780 2268 3016 2335 dicitur,
3045 2267 3127 2323 ad
3149 2282 3456 2336 vesperam
3482 2266 3567 2321 di-

1905 2362 2063 2419 videt
2094 2377 2308 2430 escam,
2337 2358 2502 2433 quod
2547 2362 2671 2415 tota
2700 2357 2796 2413 die
2823 2358 2886 2414 in
2932 2357 3062 2428 lege
3107 2356 3407 2413 meditans
3428 2359 3567 2412 ante

1907 2468 2028 2508 non
2059 2452 2211 2507 fecit.

1979 2539 2273 2606 Quaeritur
2302 2542 2504 2594 autem
2531 2536 2605 2592 de
2634 2535 2824 2592 Jacob
2854 2550 2961 2591 cur
2989 2550 3202 2591 omnes
3224 2549 3379 2607 quos
3399 2533 3474 2589 de
3504 2531 3569 2587 li-

1904 2629 2065 2685 beris
2084 2633 2140 2685 et
2159 2627 2390 2684 ancillis
2416 2624 2919 2698 genuit,eequales
2940 2625 3169 2680 honore
3195 2623 3351 2679 ﬁlios
3373 2627 3429 2678 et
3448 2624 3569 2677 hae-

1903 2720 2076 2776 redes
2099 2717 2505 2774 constituerit?
2528 2716 2644 2772 Nisi
2663 2721 2726 2771 ut
2745 2714 3090 2771 ostenderet
3111 2713 3277 2786 quod
3301 2712 3568 2770 Christus

1905 2808 2194 2864 Dominus
2228 2806 2512 2862 omnibus
2543 2804 2840 2875 gentibus,
2862 2804 2967 2877 qui
2997 2819 3105 2877 per
3126 2802 3310 2858 ﬁdem
3333 2801 3570 2874 corpori

1905 2898 2034 2969 ejus
2066 2895 2479 2960 conciliantur,
2500 2893 2730 2950 cunctis
2761 2892 2892 2965 pari
2923 2892 3151 2947 honore
3177 2894 3233 2946 et
3255 2889 3443 2960 gloria
3463 2889 3572 2944 ha-

1903 2986 2041 3043 bitis
2069 2984 2335 3041 caelestia
2365 2982 2618 3055 praemia
2645 2981 2951 3050 largiatur.
2989 2984 3114 3037 Non
3141 2983 3230 3035 est
3259 2979 3421 3035 enim
3454 2978 3571 3034 dis-

1905 3077 2123 3130 cretio:
2168 3073 2414 3127 Judqu
2455 3087 2536 3127 an
2570 3070 2834 3136 ercus,
2870 3067 3166 3124 barbarus
3203 3082 3283 3123 an
3315 3066 3569 3136 Scytha,

1904 3180 2108 3222 servus
2139 3179 2219 3220 an
2249 3162 2399 3218 liber
2422 3162 2535 3232 sit;
2575 3161 2720 3231 quia
2746 3175 2858 3229 per
2885 3159 3089 3214 omnia
3115 3162 3171 3214 et
3200 3158 3265 3212 in
3296 3156 3571 3212 omnibus

1908 3255 2183 3311 Christus
2205 3257 2287 3307 est
2320 3252 2473 3319 (Coi.
2508 3266 2589 3316 ιιι,
2623 3251 2731 3320 lt).
2766 3249 3088 3320 Propterea
3115 3245 3276 3301 enim
3307 3244 3571 3314 figuram

1907 3342 2064 3399 servi
2094 3342 2368 3397 Salvator
2396 3344 2597 3395 noster
2626 3341 2683 3394 et
2710 3336 3000 3393 Dominus
3039 3334 3252 3403 induit,
3285 3338 3341 3389 et
3372 3348 3478 3404 pro
3504 3324 3570 3387 1i-

1904 3433 2047 3489 bero
2079 3436 2136 3487 et
2164 3447 2274 3504 pro
2309 3444 2481 3484 servo
2505 3427 2761 3494 servivit,
2794 3430 2854 3482 ut
2883 3424 3169 3481 omnibus
3189 3421 3570 3478 credentibus

1904 3523 1963 3578 in
1998 3538 2059 3577 se
2088 3519 2318 3593 aequale
2367 3518 2600 3573 donum
2644 3516 2946 3572 bonorum
2993 3513 3323 3569 caelestium
3359 3510 3573 3580 largia-

1906 3618 2018 3669 tur.
2054 3614 2167 3666 Nee
2197 3610 2509 3685 praetertur
2534 3606 2700 3679 apud
2729 3605 2899 3660 illum
2937 3603 3043 3677 qui
3075 3601 3413 3658 secundum
3444 3616 3572 3655 car-

1903 3717 2045 3758 nem
2067 3698 2326 3755 nobilior
2356 3696 2446 3753 sit.
2482 3697 2837 3767 Quicunque
2859 3694 3021 3749 enim
3052 3691 3236 3747 ﬁdem
3262 3705 3569 3764 promere-

1905 3796 2021 3857 tur,
2057 3789 2235 3844 nullis
2266 3786 2520 3842 maculis
2552 3783 2810 3840 carnalis
2855 3782 3179 3838 nativitatis
3218 3780 3568 3835 offuscatur.

1905 3884 2055 3937 Nam
2085 3879 2199 3934 hoc
2239 3878 2318 3932 ita
2348 3875 2619 3931 futurum
2657 3873 2836 3929 etiam
2868 3887 2975 3944 per
3002 3870 3362 3943 prophetam
3394 3865 3572 3935 signi-

1904 3970 2138 4037 ﬁcatur,
2171 3967 2404 4022 dicente
2425 3963 2713 4020 Domino:
2748 3962 2885 4017 Erit
2910 3962 2972 4014 in
2986 3959 3191 4014 diebus
3212 3956 3568 4025 novissimis,

1907 4058 2214 4129 eﬁ’undam
2266 4056 2337 4111 de
2380 4054 2600 4123 spirita
2649 4066 2776 4107 meo
2828 4064 3010 4119 super
3048 4063 3277 4104 omnem
3327 4061 3570 4102 carnem

1908 4148 2074 4219 (Joet.
2108 4162 2165 4213 ιι,
2192 4145 2301 4217 28).
2337 4142 2637 4216 Sequitur.

2578 4230 2807 4286 CAPUT
2844 4230 2905 4285 L.

1978 4325 2157 4380 Vens.
2185 4325 2352 4378 23.—
2391 4322 2635 4377 Vocavit
2674 4324 2874 4375 autem
2906 4318 3128 4387 Joseph
3154 4317 3385 4386 fratres
3411 4330 3569 4381 suos,

1909 4415 2183 4485 dixitque
2194 4413 2307 4469 eis:
2336 4413 2482 4467 Post
2498 4415 2747 4466 mortem
2768 4424 2962 4465 meam
2987 4406 3249 4464 visitabit
3273 4421 3372 4461 vos
3397 4408 3569 4470 Deus,

1910 4511 1963 4561 et
1986 4502 2308 4560 asccndere
2318 4516 2419 4556 vos
2435 4501 2620 4571 faciet
2637 4498 2709 4556 de
2733 4504 2898 4555 terra
2912 4499 3030 4554 ista
3046 4496 3128 4554 ad
3149 4502 3375 4552 terram
3393 4508 3572 4566 quam

1836 4561 1878 4614 Β
1900 4594 2139 4664 juravit
2165 4561 2499 4660 Abraham,
2528 4591 2698 4646 Isaac
2727 4594 2784 4645 et
2808 4588 3021 4644 Jacob.
3043 4586 3368 4655 Asportate
3389 4561 3576 4637 vobis-

1911 4699 2046 4741 cum
2072 4698 2205 4739 ossa
2226 4696 2356 4737 mea
2386 4681 2459 4736 de
2488 4681 2617 4735 loco
2643 4680 2774 4734 isto.
2796 4676 2949 4743 Quid
2975 4679 3063 4730 est
3083 4673 3250 4746 quod
3272 4676 3472 4727 tantus
3484 4668 3575 4724 vir

1912 4788 2055 4829 ossa
2085 4782 2197 4826 sua
2226 4769 2305 4825 ab
2328 4772 2582 4840 Egypto
2603 4766 2898 4840 asportari
2922 4761 3252 4837 praecepit?
3275 4763 3398 4815 Non
3413 4757 3575 4812 enim

1912 4862 2100 4918 otiose
2131 4858 2455 4916 mandasse
2471 4856 2808 4912 credendus
2827 4856 2938 4909 est.
2957 4854 3065 4917 Qui
3090 4848 3448 4921 prophetare
3464 4860 3575 4917 po-

1912 4951 2044 5020 tuit,
2078 4965 2200 5006 non
2226 4944 2563 5019 improvide
2584 4945 2699 5000 ista
2725 4940 3026 5016 praecepit.
3056 4941 3205 4994 Cum
3231 4936 3392 4991 enim
3422 4939 3578 4991 esset

1914 5040 1977 5096 in
2025 5039 2125 5093 Dei
2169 5035 2454 5093 creatoris
2502 5033 2822 5089 devotione
2867 5027 3245 5101 propensior,
3276 5026 3472 5081 sciens
3498 5024 3577 5080 ab

1916 5129 2049 5201 ipso
2078 5124 2415 5199 percepisse
2444 5121 2609 5196 quod
2642 5123 2962 5192 (Egyptum
3010 5117 3073 5173 in
3103 5120 3269 5173 tanta
3297 5114 3579 5186 majesta-

1916 5223 1971 5273 te
2004 5215 2386 5285 gubernaret,
2426 5210 2618 5267 noluit
2668 5214 2733 5265 ut
2781 5207 2896 5264 sibi
2938 5207 3151 5270 honor,
3187 5205 3295 5262 sed
3341 5204 3580 5259 debitus

1918 5303 2182 5361 Creatori
2207 5302 2534 5358 deferretur
2560 5318 2573 5356 :
2616 5303 2673 5355 et
2699 5298 2836 5354 ideo
2866 5311 3128 5353 errorem
3158 5299 3296 5367 post
3322 5297 3580 5347 mortem

1919 5410 2096 5450 suam
2139 5390 2379 5464 expetiit
2418 5387 2659 5457 auferri,
2711 5385 3116 5460 perpendens,
3167 5383 3245 5438 ab
3294 5380 3583 5453 .Egyptiis

1918 5500 2107 5541 causa
2143 5480 2424 5539 vanitatis
2483 5478 2754 5534 illicitum
2809 5477 3105 5532 honorem
3147 5471 3416 5545 impendi
3468 5470 3585 5527 sibi

1918 5578 2054 5648 post
2112 5575 2390 5640 mortem,
2449 5573 2646 5625 certus
2697 5565 3023 5623 vanitatem
3079 5562 3247 5633 vulgi
3313 5566 3585 5618 mortuos

1923 5661 2113 5732 magis
2169 5666 2234 5716 ut
2276 5658 2424 5714 deos
2452 5656 2727 5713 venerari
2774 5670 2963 5728 quam
2993 5653 3183 5709 vivos.
3232 5654 3298 5707 Et
3344 5651 3479 5707 ideo
3520 5652 3588 5706 ut

1919 5755 2076 5809 esset
2122 5750 2354 5807 alienus
2407 5764 2444 5803 a
2480 5762 2640 5804 vana
2686 5742 3107 5818 superstitione
3147 5740 3585 5813 Egyptiorum,

1924 5857 2001 5899 ne
2031 5839 2363 5915 aliquando
2403 5836 2482 5897 ad
2534 5837 2636 5901 Dei
2686 5834 2971 5907 iniuriam
3023 5832 3140 5890 ista
3181 5832 3410 5899 tierent,
3440 5844 3592 5909 prie.
