3956 6382
257 457 418 521 1077

1319 456 1723 517 COMMENT.
1771 454 1848 515 ΙΝ
1895 452 2187 515 ISAIAM.
2221 455 2472 517 —LlB.
2524 456 2629 519 ΙΙῐ.

3529 462 3685 529 1078

254 590 497 649 illo.Vel
531 594 596 648 ut
626 589 725 648 alii
755 588 1269 658 dicunt,illusores
1292 588 1389 645 hic
1419 587 1672 663 appellat
1692 589 1911 643 daamo-
1940 588 1997 655 Α
2028 592 2138 655 est,
2156 591 2220 644 ut
2250 607 2367 645 una
2398 608 2533 662 pars
2565 589 2761 663 populi
2785 596 2844 648 et
2865 592 3236 651 sacerdotum
3258 596 3525 654 tenerent
3543 601 3686 656 tem-

251 699 365 738 nes
395 686 453 737 et
482 680 1036 751 Romanos,quibus
1056 678 1142 734 illi
1165 679 1363 734 traditi
1397 679 1644 734 sunt.Et
1663 681 1753 733 est
1783 695 1915 733 sen-

253 788 408 828 sus:
443 769 588 837 Quia
622 786 760 843 ergo
811 768 933 824 haec
980 767 1181 823 omnia
1223 768 1565 837 delegerunt
1615 767 1672 821 in
1724 766 1917 839 pravis

250 859 610 925 actionibus,
644 863 700 914 et
728 875 835 931 ego
867 873 1100 929 quoque
1133 857 1468 929 permittam
1501 855 1585 910 eis
1617 856 1831 911 habere
1860 860 1918 910 et

248 946 547 1005 dominari
575 946 796 1002 multos
827 945 1122 1019 principes
1171 946 1619 1017 sacerdotesque
1671 962 1784 999 non
1836 962 1918 999 re-

248 1040 398 1103 ctos,
424 1034 630 1109 quales
671 1038 995 1090 merentur.
1045 1035 1115 1089 Et
1162 1034 1319 1089 mala
1349 1051 1474 1105 qua:
1530 1033 1760 1101 timent,
1794 1034 1916 1089 sive

252 1125 453 1195 famis,
478 1124 598 1180 sive
630 1123 1026 1189 mortalitatis,
1061 1140 1164 1179 seu
1215 1122 1567 1194 captivitatis
1622 1122 1913 1178 adducam

252 1213 342 1270 eis
364 1230 378 1269 :
402 1213 492 1269 vel
512 1213 740 1268 tradam
764 1229 863 1268 eos
886 1212 1255 1268 daemonibus
1274 1210 1766 1283 Romanisque.Et
1786 1205 1913 1283 qute

256 1302 567 1369 timebant,
591 1301 851 1357 dicentes
881 1318 894 1355 :
932 1323 959 1351 ‹‹
984 1302 1095 1357 Sed
1124 1299 1482 1355 dimittimus
1513 1317 1647 1355 eum
1666 1300 1770 1367 sic,
1795 1317 1916 1355 om-

257 1409 364 1447 nes
393 1392 632 1447 credent
670 1390 727 1446 in
778 1407 934 1446 eum.
968 1390 1143 1462 (Joan.
1176 1391 1278 1456 x1).
1316 1412 1342 1437 ››
1375 1389 1445 1444 Et
1490 1389 1635 1443 forte
1682 1389 1916 1444 venient

256 1480 507 1561 Romani
530 1483 587 1535 et
606 1479 813 1535 tollent
837 1483 1104 1535 nostrum
1138 1478 1333 1534 locum
1364 1483 1423 1533 et
1442 1483 1675 1549 gentem
1702 1479 1915 1533 :addu-

253 1586 387 1626 cam
417 1569 524 1636 eis,
559 1573 617 1624 et
646 1569 891 1641 perdent
921 1567 1115 1624 locum
1144 1566 1345 1639 templi
1377 1571 1435 1622 et
1463 1584 1677 1622 nomen
1725 1565 1909 1637 regni.

250 1660 627 1729 Causamque
658 1656 851 1712 reddit
879 1672 1060 1728 quare
1089 1655 1231 1711 talia
1260 1656 1345 1710 eis
1386 1654 1671 1710 intulerit.
1706 1678 1733 1705 ‹‹
1768 1654 1914 1720 Quia

248 1745 452 1802 vocavi
487 1768 515 1794 ››
547 1744 750 1801 dicens
773 1761 787 1800 :
814 1768 842 1794 «
868 1744 1278 1800 Pmnitentiam
1316 1743 1469 1816 agite
1502 1744 1708 1815 (Matth.
1742 1744 1849 1815 iv);
1884 1766 1911 1792 »

250 1839 315 1891 et
345 1840 424 1889 :‘«
453 1832 662 1890 Venite
693 1834 765 1889 ad
798 1849 910 1897 me,
931 1848 1137 1888 omnes
1159 1831 1261 1904 qui
1283 1832 1566 1887 laboratis
1596 1837 1654 1887 et
1687 1831 1911 1887 onerati

251 1923 495 1989 estis,et
522 1938 629 1995 ego
657 1939 762 1978 vos
788 1922 1046 1977 reficiam
1069 1920 1279 1989 (Matth.
1302 1921 1407 1992 xi),
1436 1942 1464 1971 ››
1499 1942 1527 1970 ‹‹
1558 1924 1616 1976 et
1644 1938 1759 1975 non
1787 1924 1913 1975 erat
1942 1956 1989 2021 Β

251 2011 358 2085 qui
384 2011 779 2084 responderet.
797 2032 826 2061 »
862 2011 1174 2082 Sequendo
1194 2014 1251 2064 et
1280 2010 1606 2065 obediendo
1629 2032 1657 2057 ‹‹
1684 2009 1913 2065 locutus

252 2117 391 2157 sum
411 2104 470 2156 et
498 2116 614 2155 non
645 2098 1017 2166 audierunt,»
1048 2098 1107 2153 id
1131 2102 1222 2153 est
1242 2115 1358 2153 non
1392 2099 1629 2153 fuerunt
1647 2097 1912 2153 obedien-

250 2192 368 2247 ωε.
399 2211 427 2239 ‹‹
459 2189 860 2260 Feceruntque
892 2186 1115 2243 malum
1148 2186 1207 2242 in
1240 2186 1425 2242 oculis
1448 2187 1667 2253 meis,»
1693 2186 1801 2241 hoc
1823 2192 1914 2242 est

254 2277 319 2334 in
362 2277 673 2350 praesentia
716 2293 870 2345 mea,
906 2298 934 2327 α
960 2279 1017 2332 et
1045 2293 1175 2348 qum
1203 2275 1362 2331 nolui
1385 2276 1705 2349 elegerunt,
1740 2274 1795 2330 id
1824 2280 1914 2330 est

256 2383 517 2423 errorem
549 2366 789 2423 falsum.

335 2477 364 2505 «
391 2456 604 2511 Audite
622 2455 866 2511 verbum
898 2454 1131 2510 Domini
1163 2454 1263 2527 qui
1296 2453 1545 2509 tremitis
1567 2454 1637 2508 ad
1670 2455 1909 2509 verbum

257 2545 412 2615 ejus.
448 2544 729 2600 Dixerunt
751 2545 959 2599 fratres
988 2544 1166 2599 vestri
1195 2544 1460 2599 odientes
1509 2560 1632 2609 vos,
1663 2547 1721 2597 et
1767 2542 1911 2613 abji-

257 2631 480 2688 cientes
507 2636 747 2705 propter
779 2648 992 2688 nomen
1018 2649 1217 2687 meum
1250 2648 1264 2687 :
1298 2632 1670 2687 Gloriﬁcetur
1716 2632 1911 2686 Domi-

258 2737 395 2791 nus,
428 2725 488 2777 et
533 2721 866 2776 videbimus
921 2719 980 2775 in
1030 2719 1232 2776 laetitia
1282 2724 1520 2775 vestra:
1553 2718 1665 2791 ipsi
1714 2724 1911 2774 autem

256 2810 755 2866 confundentur.»
776 2808 900 2863 Vox
928 2808 1224 2881 prophetae
1259 2807 1548 2862 hortantis
1576 2806 1873 2879 apostolos
1897 2823 1909 2861 :

251 2898 490 2964 Audite,
516 2895 739 2970 populi,
760 2897 1003 2953 verbum
1036 2896 1407 2967 Domini,qui
1437 2895 1711 2961 tremitis,
1735 2895 1791 2950 id
1823 2900 1915 2950 est

252 2986 359 3059 qui
392 2985 777 3042 reverentiam
828 2984 1060 3041 habetis
1090 2985 1161 3039 ad
1212 3001 1542 3040 sermonem
1583 2985 1733 3055 ejus.
1759 2983 1914 3040 Dixe-

253 3077 397 3130 runt
420 3075 631 3129 fratres
652 3073 829 3128 vestri
849 3072 1035 3128 Judaai
1058 3072 1324 3128 odientes
1345 3090 1466 3138 vos,
1490 3076 1546 3127 et
1574 3072 1914 3143 abjicientes

249 3178 358 3217 vos
389 3178 456 3217 eo
492 3161 647 3233 quod
667 3160 725 3215 in
749 3176 842 3215 me
862 3159 1194 3229 creditis,et
1216 3164 1450 3232 propter
1470 3177 1681 3215 nomen
1714 3177 1910 3215 meum

2026 676 2212 748 plum,
2236 696 2370 750 pars
2403 679 2756 752 principium
2788 686 2845 736 et
2869 682 3069 755 populi
3095 701 3287 740 arcem
3321 686 3683 761 domumque

2026 766 2268 835 regiam,
2302 771 2359 822 et
2392 768 2564 823 tertia
2605 786 2739 840 pars
2788 770 3077 842 reliquam
3126 776 3353 845 partem
3404 774 3679 843 civitatis,

2026 854 2278 910 maxime
2310 860 2505 911 tamen
2536 856 2768 928 vulgus.
2805 858 3147 931 Pugnabam
3178 877 3316 933 ergo
3353 862 3682 922 forinsecus

2025 946 2229 997 contra
2260 943 2478 1009 hostes,
2507 945 2865 1003 intrinsecus
2895 952 3098 1004 contra
3129 950 3301 1005 cives.
3319 952 3431 1007 Sed
3465 952 3679 1009 Roma-

2026 1030 2119 1084 nis
2150 1032 2517 1104 capientibus
2541 1035 2881 1101 urbcm,vox
2903 1036 3100 1108 populi
3124 1038 3457 1111 plangentis
3478 1041 3682 1099 audita

2026 1124 2117 1174 est
2146 1119 2204 1174 in
2255 1122 2533 1179 Romanis
2580 1124 3035 1193 exsultantibus,
3068 1127 3166 1197 qui
3217 1128 3345 1198 ejus
3382 1128 3680 1187 voluntate

2023 1214 2327 1275 venerunt,
2345 1212 2654 1267 reddentes
2674 1213 3117 1270 retributionem
3140 1215 3397 1273 inimicis
3427 1218 3551 1275 suis
3580 1220 3681 1276 Ju-

2024 1295 2185 1351 dmis.
2200 1299 2269 1353 Et
2292 1316 2471 1370 quare
2489 1301 2691 1356 audita
2712 1305 2802 1356 est
2821 1319 2927 1357 vox
2950 1304 3321 1360 sacerdotum
3342 1306 3413 1361 de
3434 1306 3675 1379 templo,

2024 1385 2380 1458 principium
2404 1392 2459 1443 et
2482 1388 2635 1460 vulgi
2655 1390 2727 1444 de
2747 1390 3012 1459 civitate;
3037 1392 3176 1463 quia
3194 1409 3400 1450 omnes
3420 1398 3561 1451 sunt
3576 1400 3682 1452 aut

2023 1473 2220 1545 gladio
2253 1476 2460 1541 necati,
2494 1482 2597 1532 aut
2628 1477 2759 1550 igne
2788 1480 3051 1545 cremati,
3084 1485 3189 1535 aut
3228 1480 3361 1538 aliis
3404 1484 3678 1555 gentibus

2022 1563 2208 1633 pretio
2239 1565 2528 1636 distracti,
2564 1565 2650 1620 vel
2682 1568 3140 1635 venundati,aut
3169 1568 3347 1625 etiam
3369 1570 3428 1626 in
3444 1571 3679 1644 captivi-

2021 1654 2201 1706 tatem
2216 1653 2375 1707 ducti
2400 1669 2413 1707 ε
2436 1658 2643 1725 praeter
2658 1653 2792 1709 illos
2805 1654 2903 1726 qui
2921 1655 3167 1711 diversis
3185 1656 3439 1714 miseriis
3451 1659 3675 1729 afﬂicti,

2021 1738 2178 1794 intra
2199 1741 2493 1796 civitatem
2517 1747 2655 1797 tunc
2676 1742 2913 1797 mortui.
2929 1744 3092 1798 Tunc
3113 1761 3250 1817 ergo
3274 1745 3567 1817 completa
3584 1751 3677 1804 est

2022 1829 2403 1884 comminatio
2439 1831 2666 1886 Domini
2698 1831 2944 1887 dicentis
2979 1848 2991 1886 :
3028 1833 3470 1905 «Relinquetur
3509 1835 3673 1893 vobis

2022 1915 2233 1973 domus
2262 1922 2457 1974 vestra
2486 1920 2717 1974 deserta
2747 1920 2953 1991 (Matth.
2985 1923 3166 1990 xxm).
3203 1943 3231 1971 »

2096 2027 2124 2055 ‹‹
2154 2008 2481 2078 Antequam
2532 2009 2870 2080 parturiret,
2922 2011 3147 2081 peperit
3178 2026 3191 2064 :
3225 2014 3540 2083 antequam
3577 2029 3672 2069 ve-

2023 2093 2175 2149 niret
2204 2100 2405 2165 partus
2436 2097 2823 2168 ejus,peperit
2843 2098 3196 2153 masculum.
3224 2121 3250 2147 »
3281 2099 3401 2155 Hoc
3420 2100 3673 2173 duplici-

2023 2186 2110 2237 ter
2130 2188 2322 2254 potest
2348 2184 2595 2257 intelligi
2620 2202 2634 2239 :
2660 2190 2972 2258 antequam
3012 2187 3328 2259 parturiret
3356 2186 3519 2261 virgo
3551 2189 3672 2245 Ma-

2021 2271 2127 2338 ria,
2150 2277 2209 2327 et
2236 2278 2553 2345 antequam
2582 2275 2805 2329 veniret
2834 2279 3039 2346 partus
3082 2277 3232 2347 ejus,
3267 2278 3470 2349 genuit
3516 2279 3675 2335 Deus

2024 2360 2813 2429 Patermaseulum,Verbum
2837 2363 3059 2419 scilicet
3074 2368 3131 2420 et
3144 2364 3351 2420 Filium
3367 2383 3541 2421 suum
3557 2367 3672 2423 for-

2021 2448 2343 2517 tissimum,
2361 2468 2462 2522 per
2482 2468 2656 2522 quem
2679 2452 2814 2506 fecit
2834 2456 2892 2507 et
2907 2453 3196 2523 gubernat
3215 2454 3435 2509 omnia.
3456 2454 3669 2512 Aliter:

2023 2543 2341 2610 antequam
2374 2540 2691 2610 parturiret
2711 2541 2995 2607 Sion,hoc
3018 2546 3107 2595 est
3148 2542 3443 2613 primitiva
3477 2543 3672 2599 Eccle-

2024 2628 2130 2690 sia,
2152 2632 2209 2682 et
2239 2633 2554 2699 antequam
2577 2629 2797 2684 veniret
2819 2635 3024 2700 partus
3040 2630 3255 2700 ejus,id
3279 2634 3368 2686 est
3386 2630 3447 2686 in
3473 2631 3674 2687 veloci-

2021 2719 2139 2771 tate
2172 2717 2473 2787 temporis,
2507 2716 2729 2787 peperit
2758 2716 3090 2772 masculum
3140 2719 3370 2789 fortem,
3411 2718 3676 2776 videlicet

2022 2803 2579 2875 populum,quando
2612 2822 2729 2858 una
2754 2805 2847 2858 die
2873 2805 3247 2860 crediderunt
3275 2809 3529 2877 quatuor
3548 2792 3676 2862 mil-

2022 2892 2120 2959 lia,
2154 2892 2339 2948 altera
2369 2893 2462 2949 die
2511 2894 2773 2964 quinque
2810 2893 3014 2960 millia,
3047 2911 3115 2949 ac
3160 2893 3435 2966 deinceps
3483 2893 3675 2952 multa

2022 2980 2209 3036 millia
2240 2999 2254 3037 :
2287 2998 2356 3036 ex
2387 2999 2638 3053 quorum
2687 2999 2932 3036 numero
2970 2981 3082 3037 fuit
3125 2981 3505 3038 beatissimus
3553 2984 3677 3040 Ste-

2021 3069 2506 3142 phanus,aliique
2536 3069 2955 3142 quamplurimi
2990 3070 3092 3124 ﬁlii
3126 3069 3546 3143 apostolorum,
3571 3072 3673 3144 qui

2022 3164 2196 3214 antea
2216 3163 2534 3231 potuerunt
2549 3158 2730 3214 occidi
2752 3175 2931 3230 quam
2953 3175 2987 3213 a
3010 3159 3122 3214 fide
3144 3158 3358 3215 Christi
3386 3160 3670 3231 separari.

254 3250 415 3322 quod
448 3248 853 3321 habetis,quia
883 3265 918 3303 a
938 3264 1031 3303 me
1049 3248 1282 3304 Christo
1302 3248 1913 3304 Christianivocamini
1962 3320 1985 3322 Μ
2024 3248 2150 3302 Non
2182 3251 2377 3302 autem
2402 3248 2474 3301 de
2504 3246 2720 3302 carnali
2754 3246 3139 3318 parturitione
3168 3250 3227 3302 et
3273 3248 3675 3319 procreatione

253 3320 436 3411 (ὶοαη.
471 3337 572 3405 ix.)
602 3320 745 3393 Jamﬁ
785 3335 943 3393 enim
993 3336 1476 3408 conspiraverunt
1519 3338 1702 3393 Judaei
1752 3340 1820 3392 ut
1864 3337 1911 3392 si
1945 3320 1988 3387 (ἶ
2027 3336 2136 3391 hoc
2166 3336 2399 3403 dicitur,
2421 3336 2519 3391 sed
2544 3336 2614 3391 de
2645 3334 2935 3407 spirituali
2962 3352 2975 3389 :
3000 3335 3140 3407 quia
3169 3335 3555 3408 spiritualiter
3574 3353 3674 3393 eos

255 3427 394 3500 quis
423 3427 803 3483 confiteretur
830 3442 965 3482 eum
998 3425 1295 3481 Christum
1332 3429 1495 3480 extra
1544 3426 1912 3499 Synagogam

256 3517 441 3573 fieret.
471 3516 703 3571 Fratres
734 3519 930 3571 autem
960 3519 1247 3570 vocantur
1276 3515 1603 3570 secundum
1650 3531 1912 3582 carnem,

257 3621 375 3660 non
413 3604 548 3672 fide,
573 3619 763 3676 neque
812 3603 1197 3677 operatione:
1234 3607 1299 3658 ut
1345 3602 1457 3674 ipsi
1508 3604 1720 3675 apstoli
1774 3620 1915 3658 suos

257 3696 663 3765 persecutores
692 3696 752 3748 et
781 3709 880 3747 eos
911 3690 1009 3763 qui
1060 3708 1123 3746 se
1170 3691 1587 3746 abominantur
1619 3692 1676 3746 in
1717 3691 1912 3746 locum

258 3782 506 3837 fratrum
537 3780 991 3836 habeant.Unde
1024 3780 1229 3835 Petrus
1258 3779 1405 3834 dixit
1437 3796 1449 3834 :
1484 3802 1511 3828 ‹‹
1534 3780 1658 3835 Viri
1682 3780 1912 3847 fratres,

258 3869 456 3926 audite
488 3869 621 3941 (Act.
656 3871 742 3938 ιι),
783 3891 811 3918 »
842 3873 901 3924 et
950 3868 1205 3925 Paulus:
1244 3890 1273 3918 ‹‹
1322 3868 1590 3924 Tristitia
1634 3873 1726 3925 est
1768 3868 1913 3923 mihi

257 3973 476 4031 magna
504 3974 609 4030 pro
637 3957 921 4013 fratribus
942 3957 1091 4012 meis
1122 3957 1223 4029 qui
1255 3961 1395 4012 sunt
1436 3957 1710 4013 Israelitaa
1739 3957 1911 4028 (Rom.

256 4049 423 4116 1v.).»
444 4045 729 4102 Dicebant
744 4061 882 4118 ergo
902 4044 1091 4101 Judaei
1106 4046 1178 4101 ad
1202 4045 1497 4117 apostolos
1520 4061 1534 4099 :
1557 4045 1917 4117 glorificetur

255 4135 569 4203 Dominus,
606 4134 666 4190 id
696 4139 788 4191 est
816 4138 1099 4207 appareat
1129 4133 1403 4189 sublimis
1451 4138 1508 4189 et
1535 4133 1825 4206 gloriosus
1854 4133 1915 4187 in

257 4224 571 4295 majestate
591 4227 649 4279 et
669 4221 875 4279 habitu
902 4222 1222 4295 regnantis.
1236 4222 1307 4277 Et
1321 4222 1653 4278 videbimus
1668 4220 1836 4277 illum
1857 4222 1916 4277 in

254 4311 461 4368 laetitia
489 4315 709 4379 nostra,
743 4311 801 4367 id
832 4314 922 4367 est
951 4311 1061 4366 hoc
1091 4308 1201 4365 erit
1230 4314 1432 4366 nostra
1460 4308 1659 4365 laetitia
1686 4313 1745 4365 et
1774 4327 1916 4383 gau-

255 4400 447 4468 dium,
483 4416 619 4455 eum
648 4399 983 4455 videbimus
1012 4414 1148 4454 eum
1186 4397 1529 4470 gloriosum.
1563 4398 1733 4453 Modo
1787 4415 1917 4453 vero

258 4488 443 4545 nolite
476 4488 646 4544 nobis
677 4488 964 4543 humilem
995 4492 1054 4542 et
1084 4488 1426 4559 despectum
1450 4486 1791 4558 praedicare;
1815 4487 1917 4541 sed

262 4577 579 4633 audiamus
612 4576 755 4649 quid
786 4575 1072 4648 sequitur.
1107 4575 1224 4647 Ipsi
1256 4579 1454 4630 autem
1491 4575 1678 4631 Judaei
1711 4575 1919 4631 fratres

259 4663 441 4721 vestri
472 4664 573 4736 qui
605 4663 749 4720 talia
776 4664 982 4719 dicunt
1010 4663 1464 4728 confundentur,
1489 4667 1548 4718 et
1576 4663 1922 4718 erubescent
1947 4685 1996 4750 D

257 4754 333 4809 de
364 4770 474 4809 sua
502 4752 933 4821 incredulitate,
965 4770 1101 4809 cum
1130 4751 1399 4808 Christus
1430 4752 1705 4808 sublimis
1727 4756 1785 4807 et
1804 4751 1921 4824 glo-

255 4841 451 4898 riosus
474 4840 816 4914 apparuerit
833 4842 1114 4898 omnibus
1130 4841 1473 4897 hominibus
1495 4841 1553 4896 in
1577 4841 1671 4896 die
1684 4839 1916 4913 judicii.

254 4930 360 4987 Vel
389 4929 567 4986 etiam
598 4930 739 5002 quia
766 4929 908 4985 talia
927 4930 1201 4986 dixerunt
1227 4929 1665 4985 confundentur
1691 4933 1747 4984 et
1767 4927 1917 5001 peri-

257 5020 410 5075 bunt
433 5018 495 5073 in
527 5018 821 5090 praesenti,
844 5019 1001 5075 sicut
1030 5018 1341 5090 sequentia
1355 5018 1755 5073 manifestant.
1770 5017 1916 5072 Nam

261 5106 536 5163 subditur
558 5123 572 5162 :

331 5217 360 5245 ‹‹
388 5194 511 5250 Vox
536 5193 742 5267 populi
774 5195 846 5250 de
876 5193 1131 5262 civitate,
1162 5211 1272 5249 vox
1300 5194 1372 5249 de
1404 5192 1646 5266 templo,
1677 5212 1785 5248 vox
1815 5193 1922 5248 Do-

259 5282 405 5338 mini
439 5282 739 5339 reddentis
768 5281 1220 5341 retributionem
1243 5282 1502 5337 inimicis
1522 5281 1666 5337 suis.
1692 5305 1719 5330 ››
1738 5282 1920 5337 Adve-

260 5370 455 5427 niente
486 5372 750 5426 Romano
780 5371 1038 5426 exercitu
1077 5374 1135 5425 et
1182 5371 1585 5425 circumdante
1628 5369 1921 5425 civitatem

257 5458 436 5530 (sicut
464 5459 761 5532 Josephus
781 5458 1292 5531 historiographus
1324 5458 1573 5526 scribit),
1600 5458 1749 5514 versi
1784 5462 1925 5513 sunt

258 5548 362 5619 qui
395 5552 563 5604 erant
592 5548 748 5603 intra
774 5546 1069 5603 civitatem
1093 5547 1152 5601 in
1177 5547 1525 5603 seditionem
1551 5547 1611 5601 in
1650 5552 1765 5601 tres
1788 5564 1920 5618 par-

254 5640 365 5703 tes,
397 5637 817 5693 contendentes
844 5637 915 5692 de
945 5635 1303 5708 principatu.
1338 5634 1466 5690 Una
1513 5652 1651 5707 pars
1700 5635 1924 5707 eligens

252 5729 460 5809 istum,
494 5724 613 5782 alia
645 5724 854 5797 alium,
885 5724 1174 5796 tertiaque
1206 5724 1472 5780 tertium.
1497 5724 1567 5779 Et
1591 5724 1673 5779 ita
1702 5724 1924 5780 factum

2020 3428 2371 3496 genuerunt,
2391 3425 2566 3479 fidem
2598 3424 2813 3479 Christi
2844 3424 2903 3478 in
2936 3441 3137 3479 eorum
3172 3425 3449 3481 cordibus
3469 3425 3672 3481 infun-

2022 3514 2232 3568 dendo.
2249 3514 2465 3569 Omnes
2492 3531 2748 3584 namque
2771 3513 3032 3569 carnales
3054 3514 3457 3585 generationes
3481 3519 3679 3586 partu-

2023 3602 2257 3657 riuntur
2286 3606 2344 3657 et
2372 3603 2630 3674 pariunt,
2652 3602 2986 3673 spirituales
3009 3608 3204 3658 autem
3237 3602 3435 3659 dolore
3476 3607 3536 3659 et
3564 3621 3677 3659 usu

2021 3696 2242 3746 carent.

2096 3803 2122 3828 ‹‹
2159 3780 2299 3845 Quis
2330 3781 2554 3836 audivit
2583 3797 2844 3851 unquam
2888 3778 3046 3835 tale?
3073 3783 3131 3834 et
3178 3779 3313 3850 quis
3355 3779 3500 3835 vidit
3539 3779 3679 3835 huic

2023 3866 2255 3922 simile?
2274 3889 2300 3916 ››
2326 3867 2690 3922 Subauditur
2719 3871 2783 3921 ut
2809 3871 2966 3921 esset
2994 3867 3091 3937 qui
3145 3870 3320 3922 natus
3359 3869 3676 3937 antequam

2026 3954 2341 4026 parturiret
2361 3954 2571 4009 mulier
2596 3970 2608 4007 :
2633 3959 2735 4008 aut
2753 3954 2813 4007 in
2837 3957 2956 4009 tam
2980 3952 3136 4008 brevi
3160 3956 3421 4024 tempore
3437 3956 3524 4008 tot
3543 3952 3676 4008 mil-

2026 4043 2105 4097 lia
2152 4042 2460 4098 hominum
2510 4042 2644 4114 quis
2690 4042 2835 4096 vidit
2893 4039 3281 4112 spiritualiter
3327 4041 3679 4113 generatos?

2030 4154 2057 4182 «
2088 4131 2366 4203 Nunquid
2392 4129 2672 4203 parturiat
2703 4134 2857 4184 terra
2886 4128 2947 4183 in
2970 4128 3063 4183 die
3091 4145 3277 4193 una,»
3308 4128 3365 4183 id
3397 4132 3488 4184 est
3526 4146 3678 4185 nun-

2025 4219 2165 4291 quid
2186 4218 2488 4292 generabit
2506 4218 2706 4273 omnia
2724 4217 2954 4273 semina
2982 4217 3075 4272 die
3112 4233 3248 4271 una.
3274 4239 3304 4266 «
3326 4218 3443 4272 Aut
3471 4221 3677 4289 partu-

2029 4307 2211 4363 rietur
2220 4324 2365 4379 gens
2378 4303 3045 4378 simul,quiaparturivit
3061 4307 3118 4359 et
3139 4302 3513 4377 peperitSion
3526 4304 3681 4362 filios

2029 4415 2227 4453 suos.»
2257 4397 2375 4451 Hoc
2398 4400 2486 4451 est
2516 4394 2762 4466 apostoli
2793 4397 2850 4448 et
2880 4393 3183 4465 apostolici
3207 4392 3313 4449 viri
3346 4392 3683 4450 multitudi-

2030 4503 2163 4540 nem
2197 4484 2577 4541 credentium.
2598 4482 2697 4537 Ille
2727 4480 2980 4554 populus
3002 4481 3102 4553 qui
3128 4482 3302 4537 modo
3322 4498 3467 4553 gens
3488 4481 3684 4554 appel-

2027 4573 2182 4629 latur
2211 4574 2271 4628 in
2294 4573 2387 4627 die
2410 4571 2636 4644 unalest
2656 4574 2714 4625 et
2734 4572 2965 4625 creatus
2987 4567 3332 4640 simul,quia
3347 4569 3407 4623 in
3428 4568 3681 4641 Christo,

2029 4662 2128 4735 qui
2158 4666 2248 4718 est
2278 4660 2379 4716 lux
2409 4664 2467 4716 et
2496 4660 2642 4724 dies,
2677 4658 3063 4729 spiritualiter
3091 4657 3273 4713 creati
3321 4661 3462 4714 sunt
3502 4657 3682 4714 simul

2029 4751 2089 4807 in
2121 4751 2347 4806 unitate
2378 4749 2535 4803 fidei.
2569 4746 2829 4820 Apostoli
2858 4746 3383 4818 enim,generando
3412 4746 3589 4802 ﬁdem
3619 4746 3682 4802 in

2030 4839 2307 4895 cordibus
2339 4837 2695 4904 auditorum,
2728 4839 2946 4891 matres
2977 4835 3231 4891 fuerunt.

2099 4951 2126 4977 ‹‹
2154 4922 2432 4997 Nunquid
2460 4942 2565 4997 ego
2587 4923 2688 4995 qui
2712 4923 2858 4979 alios
2880 4940 3083 4995 parere
3099 4921 3306 4988 facio,»
3329 4921 3685 4978 subauditur

2027 5014 2340 5072 carnaliter
2359 5036 2386 5064 «
2410 5012 2535 5086 ipse
2552 5031 2664 5069 non
2689 5010 2972 5083 pariam,»
2996 5010 3347 5067 subauditur
3366 5008 3684 5083 spirituali-

2025 5109 2134 5170 ter,
2157 5127 2185 5153 «
2210 5102 2354 5158 dicit
2385 5101 2712 5157 Dominus?
2744 5121 2771 5150 n
2798 5100 2957 5155 Deus
2979 5097 3280 5170 Pater,qui
3313 5097 3459 5154 alios
3480 5114 3683 5171 parere

2028 5193 2166 5249 facit
2195 5190 2528 5259 carnaliter,
2545 5207 2657 5244 non
2691 5192 2781 5244 est
2800 5189 3021 5259 absque
3044 5187 3185 5243 Filio
3212 5204 3225 5241 :
3250 5186 3390 5258 quia
3407 5191 3542 5242 ante
3563 5203 3685 5243 om—

2032 5283 2131 5337 nia
2172 5279 2385 5335 seecula
2431 5277 2634 5351 genuit
2680 5277 2937 5331 Verbum
2988 5293 3162 5331 suum
3212 5273 3505 5346 coaequale
3545 5274 3681 5343 sibi.

2032 5371 2215 5425 Habet
2243 5369 2419 5424 etiam
2451 5367 2673 5421 multos
2704 5364 2855 5420 ﬁlios
2884 5381 3033 5435 quos
3068 5364 3192 5435 ipse
3241 5361 3466 5434 peperit
3492 5362 3685 5436 gratia

2032 5460 2247 5525 sua,de
2277 5456 2495 5530 quibus
2525 5456 2673 5510 dicit
2688 5454 2944 5509 Joannes
2969 5454 3027 5507 in
3062 5450 3372 5523 Evangelio
3401 5467 3414 5506 :
3449 5472 3478 5501 «
3512 5452 3686 5517 Quot-

2032 5551 2176 5619 quot
2198 5545 2574 5601 crediderunt
2596 5543 2652 5597 in
2677 5540 3009 5606 eum,dedit
3037 5540 3122 5596 eis
3144 5540 3491 5611 potestatem
3530 5537 3685 5595 ﬁlios

2033 5635 2135 5692 Dei
2166 5633 2291 5689 ﬁeri
2322 5634 2498 5702 (Joan.
2536 5631 2640 5703 1).»
2676 5653 2703 5680 «
2741 5630 2798 5685 Si
2830 5628 3071 5702 ego,qui
3105 5625 3538 5701 generationem
3569 5642 3684 5682 cae-

2032 5722 2173 5780 teris
2203 5718 2648 5787 tribuo,sterilis
2678 5734 2796 5786 ero,
2832 5717 2912 5773 ait
2954 5717 3240 5773 Dominus
3269 5715 3425 5772 Deus
3447 5714 3625 5772 tuus?
3656 5735 3685 5763 »
