3956 6392
261 479 414 543 ιωι

1307 477 1713 541 COMMENT.
1760 475 1838 538 IN
1879 472 2259 539 lSAIAM.-—
2288 477 2434 540 LIB.
2479 477 2586 541 IIl.

3519 475 3674 540 me:

253 616 316 672 in
350 631 590 687 corpore
617 618 678 670 et
705 614 904 670 anima
930 613 1223 670 exsultent
1254 613 1310 668 in
1343 618 1560 669 aeterna
1595 611 1906 668 beatitudi-
1939 608 1999 677 Α
2029 611 2106 667 ibi
2142 611 2379 680 idola,et
2395 613 2842 669 luxuriabantur
2855 615 2992 669 ante
3008 611 3164 669 idola
3179 614 3236 667 et
3255 626 3388 667 aras
3408 610 3672 678 deorum,

256 723 352 761 ne.
386 730 414 754 «
450 706 520 759 Et
551 708 936 773 cognoscatur
966 720 1179 757 manus
1220 702 1450 758 Domini
1502 719 1676 772 super
1719 717 1913 757 servos

257 796 411 864 ejus,
445 798 502 848 et
549 792 958 862 indignabitur
1003 790 1260 846 inimicis
1309 790 1513 845 suis.»
1557 791 1686 844 Ilmc
1738 789 1915 843 verba

258 883 493 955 proprie
524 882 595 936 ad
629 880 782 934 diem
805 880 1013 951 judicii
1050 881 1340 951 pertinere
1381 878 1673 932 videntur.
1708 878 1915 932 Manus

257 973 419 1026 enim
453 970 683 1026 Domini
717 969 898 1025 Filius
929 974 1036 1033 est,
1071 968 1206 1040 quia
1239 986 1340 1039 per
1370 968 1564 1038 ipsum
1605 967 1804 1021 omnia
1836 967 1914 1020 fe-

257 1061 341 1116 cit
372 1061 525 1114 Deus
552 1059 741 1122 Pater,
773 1057 870 1129 qui
905 1063 1290 1125 cognoscetur
1313 1057 1368 1110 in
1393 1056 1484 1110 die
1499 1055 1707 1126 judicii
1734 1072 1767 1109 a
1791 1055 1916 1109 suis

261 1147 537 1203 fidelibus
571 1146 861 1217 benignus
893 1152 949 1200 et
971 1145 1202 1200 suavis:
1232 1144 1428 1215 impiis
1450 1162 1581 1199 vero
1605 1142 1714 1198 erit
1733 1144 1918 1197 durus

260 1241 320 1291 et
353 1235 589 1308 punitor
618 1251 843 1288 eorum.
877 1233 980 1288 Vel
1026 1249 1268 1288 manum
1317 1233 1546 1287 Domini
1600 1249 1917 1303 possumus

261 1323 590 1395 intelligere
638 1322 1031 1394 operationem
1063 1326 1121 1376 et
1169 1321 1488 1394 potentiam
1538 1320 1719 1382 illius,
1748 1321 1919 1389 juxta

261 1413 419 1484 quod
453 1429 557 1483 per
597 1412 830 1482 Moysen
881 1411 1098 1464 dicitur
1145 1411 1216 1464 ad
1271 1410 1629 1464 Pharaonem
1667 1427 1678 1464 :
1715 1434 1740 1459 ‹‹
1775 1411 1918 1464 Ecce

264 1518 480 1556 manus
512 1499 764 1564 Domini,
793 1522 818 1547 »
852 1498 908 1552 id
941 1505 1030 1553 est
1051 1499 1312 1570 potentia
1334 1498 1587 1560 Domini,
1616 1519 1642 1548 ‹‹
1666 1516 1843 1568 super
1864 1503 1918 1552 te

263 1595 324 1645 et
347 1606 523 1660 super
555 1587 835 1660 populum
860 1592 1028 1641 tuum
1053 1588 1364 1654 (Exod.v).»
1391 1588 1788 1656 Cognoscetur
1809 1588 1916 1641 Do-

267 1679 466 1733 minus
496 1693 633 1744 ergo
666 1676 724 1729 in
757 1676 850 1730 die
873 1676 1082 1745 judicii
1108 1692 1285 1746 super
1317 1693 1511 1730 servos
1534 1675 1919 1747 suos,quibus

274 1767 430 1821 dicet
465 1783 476 1820 :
515 1787 542 1814 ε(
573 1763 797 1833 Venite,
833 1765 1122 1819 benedicti
1159 1764 1343 1818 Patris
1369 1765 1479 1818 mei
1506 1764 1916 1831 (Matt/xxxv)»

266 1855 337 1910 Et
353 1853 759 1925 indignabitur
779 1852 1033 1906 inimicis
1048 1853 1172 1908 suis
1186 1852 1621 1908 dazmonibuset
1635 1852 1918 1923 reprobis,

2024 719 2158 756 cum
2193 701 2473 758 masculis
2504 707 2562 757 et
2585 701 3006 766 feminis,more
3026 701 3427 772 canum,quod
3451 705 3541 756 est
3561 703 3677 756 tun

2026 790 2156 862 pius
2186 791 2397 846 dicere.
2433 793 2502 846 Et
2532 792 2639 846 hoc
2669 796 2760 846 est
2780 791 2935 862 quod
2958 791 3099 845 dicit
3122 794 3251 861 post
3274 807 3451 844 unam
3478 789 3678 844 intrin-

2026 896 2216 945 secus,
2249 880 2306 933 id
2339 886 2429 934 est
2479 885 2630 934 retro
2679 879 2737 934 in
2790 879 2917 950 ipso
2963 895 3164 934 earum
3213 893 3473 949 corpore.
3507 901 3536 928 (ι
3569 877 3676 944 Qui
3738 931 3740 934 ,

2025 970 2411 1024 comedebant
2440 987 2674 1024 carnem
2723 968 2982 1033 suillam,
3018 989 3045 1016 ››
3076 967 3429 1022 subauditur
3475 971 3677 1023 contra

2025 1057 2234 1128 legem,
2275 1082 2301 1106 υ
2334 1063 2389 1112 et
2420 1057 2941 1124 abominationem,
2969 1079 2995 1105 »
3017 1055 3074 1110 id
3098 1060 3186 1112 est
3212 1055 3672 1123 immolatitium,

2030 1152 2094 1200 ut
2123 1147 2364 1217 quidam
2396 1152 2599 1216 gentes
2649 1146 2841 1200 adhuc
2894 1145 3131 1200 faciunt.
3168 1168 3194 1195 ‹‹
3232 1145 3419 1201 Simul
3466 1161 3676 1201 consu-

2029 1241 2293 1298 muntur,
2328 1235 2469 1290 dicit
2498 1235 2804 1290 Dominus.
2837 1236 2955 1306 Ego
3003 1239 3199 1289 autem
3249 1252 3424 1307 opera
3473 1252 3675 1291 eorum

2028 1330 2085 1378 et
2133 1324 2517 1395 cogitationes
2567 1340 2767 1378 eorum
2815 1324 2982 1378 venio
3032 1329 3097 1378 ut
3144 1341 3514 1396 congregem,
3542 1340 3675 1378 cum

2027 1413 2305 1468 omnibus
2334 1414 2631 1482 gentibus.
2664 1435 2691 1460 υ
2724 1413 2846 1467 Vox
2879 1411 3111 1466 Domini
3141 1413 3560 1483 omnipotentis
3607 1414 3678 1468 de

2027 1503 2121 1556 die
2145 1501 2375 1571 judicii.
2414 1501 2630 1556 Idcirco
2656 1499 2892 1571 (inquit)
2923 1500 3094 1555 venio
3125 1501 3198 1556 ad
3222 1499 3514 1571 judicium
3544 1518 3678 1557 eum

2029 1591 2304 1644 omnibus
2353 1591 2630 1662 gentibus
2679 1595 2736 1644 et
2775 1589 3013 1661 linguis,
3047 1595 3114 1644 ut
3160 1607 3506 1662 congregem
3555 1608 3679 1646 om-

2028 1679 2127 1733 nia
2156 1696 2331 1750 opera
2360 1696 2561 1733 eorum
2594 1682 2652 1732 et
2681 1677 3066 1748 cogitationes
3095 1695 3320 1746 eorum,
3353 1682 3412 1734 et
3441 1679 3680 1734 reddam

2029 1767 2114 1821 eis
2135 1765 2332 1838 qualia
2353 1766 2841 1830 menentur.Quod
2862 1782 3066 1820 omnes
3091 1771 3294 1837 gentes
3308 1767 3680 1838 adjudicium

2027 1859 2284 1909 ventura:
2317 1853 2454 1917 sint,
2479 1854 2765 1908 Dominus
2797 1854 3139 1909 manifestat
3190 1855 3391 1910 dicens
3426 1871 3439 1909 ε
3474 1878 3502 1906 ‹‹
3535 1858 3680 1911 Cum

265 1943 487 2014 quibus
515 1942 669 1996 dicet
701 1957 713 1995 :
751 1941 852 2005 Ite,
887 1941 1205 2007 maledicti,
1237 1940 1296 1994 in
1335 1941 1529 2012 ignem
1578 1946 1881 1996 atomum.
1951 1975 2000 2040 Β
2033 1942 2248 1997 sederit
2283 1942 2462 1997 Filius
2496 1941 2753 1997 hominis
2785 1942 2843 1996 in
2893 1943 3031 1997 sede
3079 1942 3406 2013 majestatis
3453 1961 3595 2011 suae,
3626 1947 3683 1999 et

342 2055 369 2080 ‹‹
404 2029 550 2096 Quia
599 2046 730 2084 ecce
784 2029 1070 2084 Dominus
1118 2029 1178 2083 in
1223 2028 1358 2098 igne
1405 2029 1617 2095 veniet,
1653 2034 1710 2083 et
1757 2029 1923 2100 quasi

269 2120 443 2174 turbo
475 2118 762 2190 quadriga
791 2118 1187 2188 ejus,reddere
1218 2117 1276 2170 in
1319 2117 1718 2186 indignatione
1768 2119 1922 2172 furo-

270 2224 392 2263 rem
419 2212 678 2272 suum,et
695 2205 1152 2278 increpationem
1175 2222 1343 2260 suam
1369 2206 1428 2259 in
1453 2207 1690 2260 ﬂamma
1712 2206 1922 2277 ignis.»

269 2296 353 2350 Ad
386 2296 541 2350 diem
565 2295 775 2365 judicii
810 2295 1105 2365 pertinent
1143 2293 1275 2349 ista.
1311 2295 1390 2348 De
1439 2293 1547 2347 hoc
1602 2295 1734 2363 igne
1784 2295 1926 2349 dicit

272 2382 614 2440 Psalmista:
640 2406 668 2432 ‹‹
695 2376 852 2455 Ignis
874 2388 1010 2437 ante
1036 2383 1232 2453 ipsum
1257 2383 1918 2454 praecedet(l’sai.x1.v).p

273 2473 385 2528 Iste
417 2471 570 2543 ignis
601 2471 971 2526 transitorius
1002 2471 1113 2525 erit
1144 2470 1472 2542 clectis,qui
1503 2471 1819 2526 habuerint
1841 2473 1924 2527 fe-

272 2578 415 2616 num
434 2564 490 2615 et
505 2559 783 2632 stipulam
802 2578 813 2614 :
831 2561 970 2631 quia
987 2560 1400 2630 purgabuntur
1417 2560 1494 2614 ibi
1517 2565 1572 2614 et
1589 2561 1927 2616 transibunt

273 2650 345 2703 ad
379 2665 625 2718 regnum
653 2647 814 2712 vitae;
850 2654 1103 2702 internus
1129 2649 1240 2702 erit
1275 2648 1554 2719 reprobis,
1581 2666 1728 2720 quos
1753 2649 1929 2704 invol-

270 2741 386 2803 vet,
415 2741 472 2792 et
504 2738 677 2790 ducet
705 2737 777 2790 ad
809 2735 1098 2807 supplicia
1146 2742 1381 2791 aeterna.
1418 2738 1487 2791 Et
1535 2737 1705 2808 quasi
1754 2737 1926 2792 turbo

274 2827 398 2881 sive
431 2828 753 2895 tempestas
785 2839 993 2878 currus
1015 2825 1281 2894 ejus.Per
1299 2841 1538 2879 currum
1573 2824 1731 2880 illius
1762 2826 1929 2879 debe-

275 2931 410 2969 mus
440 2912 768 2984 intelligere
789 2913 1084 2984 angclicas
1107 2918 1447 2983 potestates,
1463 2931 1587 2984 quae
1610 2914 1926 2968 Dominum

273 3002 714 3058 comitabuntur
744 3002 816 3055 ad
833 3001 1148 3069 judicium.
1183 3003 1310 3057 Non
1353 3003 1509 3073 quod
1559 3003 1713 3057 Deus
1753 3020 1927 3057 curru

276 3096 544 3164 portetur
568 3089 681 3144 ista
711 3095 1047 3154 narrantur,
1083 3091 1182 3144 sed
1227 3091 1521 3162 quomodo
1555 3091 1612 3145 in
1663 3090 1807 3146 solio
1839 3109 1927 3146 se-

277 3180 417 3234 dere
448 3177 682 3244 dicitur,
717 3179 951 3250 quando
983 3178 1234 3233 assumit
1265 3179 1529 3233 habitum
1556 3179 1880 3250 judicantis
1915 3197 1927 3234 :

275 3267 360 3323 sic
392 3267 627 3338 quando
659 3266 731 3322 ad
761 3265 1079 3321 vindictam
1112 3271 1397 3321 venturus
1436 3271 1526 3322 est
1573 3273 1638 3322 ut
1679 3268 1927 3324 debellet

2033 2030 2578 2102 cmperitjudicare,
2617 2034 2756 2084 tunc
2802 2031 3315 2102 congregabuntur
3363 2037 3496 2086 ante
3545 2049 3679 2087 eum

2033 2136 2237 2174 omnes
2267 2124 2470 2190 gentes
2503 2119 2896 2186 (Matth.mn).
2925 2141 2951 2166 »
2976 2118 3190 2174 Omnes
3219 2119 3374 2174 enim
3406 2125 3608 2192 gentes
3628 2125 3685 2177 et

2033 2208 2245 2280 linguae
2276 2225 2409 2262 cum
2443 2207 2894 2279 cogitationibus
2926 2207 3050 2262 suis
3081 2207 3298 2276 pariter
3318 2208 3684 2264 adducentur

2035 2298 2093 2351 in
2125 2296 2407 2364 medium,
2440 2301 2496 2350 et
2527 2296 3107 2365 dijudicabuntur.ld
3135 2295 3330 2367 ipsum
3363 2301 3559 2352 autem
3593 2297 3681 2352 in-

2033 2385 2317 2453 telligitur
2339 2402 2439 2456 per
2459 2384 2692 2455 linguas
2713 2385 2867 2455 quod
2891 2389 2948 2438 et
2969 2401 3071 2455 per
3090 2390 3310 2452 gentes.
3327 2408 3353 2434 α
3375 2386 3686 2441 Etvenient

2034 2478 2093 2528 et
2120 2473 2402 2528 videbunt
2432 2472 2677 2542 gloriam
2712 2488 2924 2526 meam.
2963 2493 2990 2520 »
3025 2472 3086 2526 In
3119 2472 3287 2527 libris
3331 2473 3684 2545 propheticis

2036 2561 2230 2616 subito
2263 2565 2566 2615 mutantur
2611 2564 2897 2630 tempora,
2933 2558 3086 2614 sicut
3112 2565 3170 2614 et
3209 2578 3490 2632 personae.
3523 2562 3686 2618 Unde

2035 2648 2095 2702 in
2130 2648 2398 2718 prmsenti
2449 2647 2571 2701 loco
2604 2663 2672 2701 ea
2700 2664 2828 2716 qua:
2879 2645 3184 2717 praemissa
3231 2650 3389 2710 sunt,
3423 2648 3494 2703 ad
3529 2648 3684 2703 diem

2028 2737 2238 2807 judicii
2273 2736 2565 2806 pertinent
2599 2752 2609 2789 :
2647 2735 2758 2789 ista
2788 2751 2921 2790 vero
2955 2752 3083 2805 qua:
3117 2736 3290 2790 modo
3317 2736 3686 2807 subsequun-

2037 2826 2239 2888 tur,ad
2274 2825 2530 2895 primum
2563 2823 2794 2878 Domini
2827 2823 3144 2878 adventum
3174 2824 3488 2894 pertinent,
3523 2828 3581 2880 et
3610 2826 3682 2881 ad

2037 2915 2300 2985 gentium
2335 2913 2529 2967 fidem.
2562 2911 2810 2965 Veniant
2839 2910 3094 2982 (inquit),
3129 2928 3196 2965 ex
3226 2912 3501 2967 omnibus
3539 2929 3684 2984 gen-

2037 3004 2198 3058 tibus
2231 3001 2429 3056 ﬂdeles
2461 3001 2516 3055 in
2549 2999 2890 3067 Ecclesiam,
2920 3004 2978 3054 et
3006 2999 3306 3067 videbunt,
3337 3000 3446 3056 hoc
3476 3006 3566 3056 est
3595 3002 3684 3056 in~

2037 3091 2300 3162 telligent
2333 3094 2525 3144 mente
2555 3088 2800 3160 gloriam
2831 3087 3155 3142 divinitatis
3177 3105 3341 3153 mete,
3361 3092 3419 3144 et
3439 3089 3684 3162 gloriam

2039 3178 2426 3235 humanitatis
2460 3195 2472 3231 :
2506 3177 2798 3249 quomodo
2828 3175 3002 3231 homo
3052 3192 3188 3232 cum
3233 3177 3368 3244 sim,
3396 3178 3687 3235 exaltatus

2039 3287 2172 3325 sum
2205 3285 2382 3339 super
2405 3284 2611 3322 omnes
2648 3265 2881 3321 ordines
2930 3264 3294 3337 angelorum,
3327 3265 3467 3338 quia
3509 3267 3686 3324 homo

273 3336 639 3412 adversarios
671 3372 830 3421 suos,
856 3354 915 3408 in
940 3354 1146 3410 habitu
1169 3343 1408 3410 victoris
1429 3359 1484 3410 et
1504 3355 1926 3428 triumphantis
1957 3336 2000 3402 Ο
2039 3375 2170 3413 sum
2203 3336 2418 3429 pai-iter
2447 3360 2504 3410 et
2532 3356 2707 3410 Deus.

277 3443 643 3498 ostendetur.
680 3443 904 3498 Reddet
932 3441 992 3496 in
1026 3442 1428 3514 indignatione
1461 3443 1717 3498 furorem
1751 3462 1925 3500 suum

274 3531 558 3603 reprobis,
594 3531 796 3586 dicens
829 3546 841 3585 :
879 3552 908 3580 «
945 3531 1023 3584 Ite
1051 3529 1110 3584 in
1145 3531 1340 3603 ignem
1385 3536 1669 3588 aeternum
1720 3533 1924 3600 (Matth.

271 3621 423 3690 xxv),
452 3642 480 3669 ››
499 3624 558 3674 et
580 3619 1042 3690 increpationem
1065 3635 1234 3674 suam
1260 3619 1317 3673 in
1343 3620 1584 3675 ﬂamma
1603 3621 1926 3690 ignis,dum

271 3708 481 3764 dixerit
509 3708 914 3779 exprobrando
948 3725 960 3762 :
999 3707 1248 3774 Esurivi,
1270 3713 1326 3763 et
1358 3726 1470 3763 non
1503 3709 1749 3765 dedistis
1783 3711 1929 3766 mihi

274 3798 654 3867 manducare,
679 3800 739 3850 et
787 3790 1011 3852 caetera.
1065 3797 1368 3852 Sententia
1415 3797 1574 3852 enim
1624 3799 1926 3868 terribilis,

272 3885 443 3957 quasi
469 3885 643 3957 ignis,
678 3884 983 3939 devorabit
1012 3902 1132 3940 eos.

345 3996 373 4022 ‹‹
407 3973 556 4038 Quia
584 3973 641 4026 in
667 3973 800 4044 igne
824 3973 1109 4028 Dominus
1129 3973 1633 4044 dijudicabitur,et
1654 3975 1712 4029 in
1733 3975 1928 4047 gladio

275 4080 382 4116 suo
413 4062 484 4116 ad
518 4077 754 4116 omnem
785 4077 1046 4117 carnem.
1080 4083 1108 4111 »
1145 4062 1207 4117 In
1237 4062 1393 4132 igne,
1416 4062 1474 4117 id
1495 4067 1605 4130 est,
1629 4063 1928 4134 injudicio

274 4151 640 4206 discernatur
669 4167 704 4204 a
732 4149 1064 4206 senioribus
1095 4150 1292 4222 populi
1325 4150 1604 4221 sui,justo
1638 4169 1744 4207 suo
1766 4152 1928 4222 judi-

275 4239 365 4294 cio
397 4240 676 4294 damnare
706 4239 1004 4310 reprobos,
1031 4255 1147 4292 non
1171 4238 1701 4310 potentiaﬁladius
1719 4240 1821 4295 Dei
1842 4245 1931 4295 est

273 4327 519 4382 verbum
551 4332 609 4382 et
639 4327 933 4382 sententia
963 4326 1148 4396 illius,
1180 4327 1251 4382 de
1281 4343 1398 4399 quo
1447 4327 1707 4399 loquitur
1751 4329 1930 4384 Amos

277 4413 580 4487 propheta.
613 4413 837 4481 Gladio,
862 4415 922 4470 id
953 4419 1044 4470 est
1072 4415 1365 4471 sententia
1384 4415 1486 4471 Dei
1509 4416 1928 4486 peribunt-om.

275 4520 382 4558 nes
415 4506 747 4574 peccatores
776 4503 958 4571 (Amos
980 4503 1383 4575 ix).Quid'quid
1403 4521 1539 4576 ergo
1564 4504 1928 4576 punit,quid-

275 4591 417 4662 quid
450 4590 682 4662 afﬂigit,
712 4590 1000 4663 quidquid
1049 4591 1323 4663 percutit,
1355 4591 1644 4664 quidquid
1683 4593 1925 4660 cruciat,

2107 3471 2134 3497 (‹
2172 3448 2240 3502 Et
2268 3462 2482 3517 ponam
2512 3443 2571 3499 in
2602 3443 2687 3498 eis
2718 3443 2980 3516 signum,
3010 3446 3068 3497 et
3098 3443 3329 3498 mittam
3360 3461 3430 3500 ex
3451 3443 3538 3500 eis
3585 3445 3685 3516 qui

2037 3536 2241 3592 salvati
2295 3534 2512 3589 fuerint
2557 3535 2628 3588 ad
2679 3537 2900 3604 gentes.
2939 3554 2966 3580 ›ι
2999 3531 3215 3586 Ponam
3244 3533 3484 3604 (inquit)
3513 3533 3571 3588 in
3602 3533 3686 3590 eis

2037 3625 2136 3697 qui
2168 3622 2522 3679 crediderint
2551 3621 2788 3692 signum
2819 3621 3032 3686 crucis,
3065 3621 3302 3692 signum
3340 3621 3686 3678 Christiani-

2037 3715 2175 3769 tatis
2205 3717 2261 3767 et
2292 3711 2808 3767 salutis.Emittam
2843 3710 2915 3764 ad
2946 3714 3150 3781 gentes
3180 3726 3249 3764 ex
3280 3709 3388 3777 eis,
3411 3711 3690 3766 subaudi-

2038 3799 2510 3871 tur,Judaeis,qui
2541 3799 2746 3854 salvati
2769 3797 3306 3868 fuerint,apostolos
3327 3798 3596 3854 videlicet
3615 3799 3688 3854 de

2038 3891 2256 3962 quibus
2286 3887 2428 3943 dicit
2455 3887 2636 3942 Isaias
2662 3903 2674 3941 :
2702 3910 2729 3934 ‹‹
2754 3885 2877 3940 Nisi
2909 3885 3194 3940 Dominus
3221 3884 3558 3955 reliquisset
3582 3903 3685 3940 no-

2037 3978 2128 4034 bis
2150 3975 2546 4046 semen,quasi
2569 3974 2822 4028 Sodoma
2842 3973 3161 4027 fuissemus
3183 3971 3523 4041 (Isa.1.).»Ad
3538 3989 3686 4043 quas

2037 4069 2240 4138 gentes
2262 4062 2490 4117 miserit
2509 4078 2610 4117 eos
2632 4059 3354 4126 manifestat,subnectens
3374 4082 3400 4107 ιι
3428 4059 3492 4114 in
3503 4077 3684 4127 mare,

2037 4155 2096 4208 in
2127 4151 2400 4213 Africam,
2431 4149 2488 4204 in
2525 4149 2766 4221 Lydiam
2799 4147 3105 4203 tendentes
3151 4145 3447 4218 sagittam,
3479 4147 3538 4201 in
3573 4149 3684 4204 ita-

2038 4241 2176 4296 liam
2209 4243 2265 4295 et
2295 4238 2596 4304 Graeciam,
2628 4241 2688 4292 et
2719 4236 2777 4290 in
2826 4234 3053 4291 insulas
3099 4234 3291 4307 longe,
3322 4235 3395 4290 ad
3443 4250 3544 4292 eos
3583 4236 3683 4308 qui

2037 4347 2153 4385 non
2213 4327 2526 4384 audierunt
2571 4327 2640 4380 de
2692 4342 2808 4396 me,
2840 4329 2899 4379 et
2939 4341 3054 4380 non
3112 4324 3384 4378 viderunt
3435 4322 3684 4395 gloriam

2038 4435 2252 4473 meam.
2289 4437 2316 4465 n
2351 4415 2455 4470 Per
2484 4432 2643 4470 mare
2669 4414 2952 4470 debemus
2979 4411 3303 4484 intelligere
3333 4411 3489 4467 hunc
3521 4429 3686 4468 mun-

2037 4507 2181 4562 dum
2211 4502 2683 4577 generaliter,qui
2704 4501 2858 4557 sicut
2877 4513 3037 4557 mare
3057 4498 3365 4571 semperin
3387 4503 3551 4555 metu
3571 4505 3682 4568 est,

2037 4611 2194 4649 nunc
2215 4591 2667 4648 ascendentibus
2687 4589 3142 4661 procellis,nunc
3158 4588 3682 4645 descendentibus:

274 4677 507 4750 gladius
540 4683 734 4749 potest
763 4679 1136 4750 appellariln
1167 4679 1370 4752 gladio
1393 4679 1610 4752 quippe
1639 4698 1747 4736 suo
1768 4680 1925 4752 diju-
1957 4702 2003 4766 Β
2037 4683 2117 4738 ita
2149 4681 2409 4736 mundus
2457 4696 2613 4734 nunc
2653 4679 2712 4733 in
2743 4695 2907 4750 pace,
2937 4693 3093 4733 nunc
3123 4677 3182 4732 in
3214 4676 3405 4744 bellis,
3439 4694 3594 4732 nunc
3625 4678 3683 4733 in

275 4765 568 4822 dicabitur
595 4767 678 4822 ad
693 4783 899 4823 omnes
918 4767 1220 4823 homines:
1244 4767 1548 4839 quiadum
1570 4768 1928 4825 dederitsin-

275 4854 431 4927 gulis
461 4855 618 4926 quod
649 4860 970 4923 merentur,
1002 4873 1207 4912 omnes
1237 4857 1780 4929 eognoscentillum
1796 4859 1925 4929 jus-

278 4949 404 4998 tum
427 4943 692 5013 judicem
727 4960 878 5010 esse,
911 4951 969 5000 et
997 4944 1324 5001 laudabunt
1337 4945 1633 5016 judicium
1652 4948 1701 5016 ej
1715 4965 1837 5003 us.«
1861 4949 1930 5002 Et

277 5030 834 5103 multiplicabuntur
859 5032 1147 5088 interfecti
1179 5032 1930 5101 aDomino.nJudini,hasre-

277 5119 401 5185 tiei,
432 5119 667 5192 pagani,
697 5125 762 5176 et.
783 5121 1012 5191 reprobi
1037 5121 1292 5178 universi
1315 5122 1599 5189 damnati,
1626 5122 1822 5194 plures
1849 5124 1930 5178 in-

276 5207 601 5264 Venientur.
630 5208 958 5264 Interfectio
991 5210 1147 5265 enim
1181 5210 1275 5265 hic
1306 5210 1456 5266 nihil
1484 5211 1740 5282 appellat
1768 5211 1925 5268 aliud

278 5296 396 5350 nisi
423 5296 885 5363 damnationem,
917 5303 976 5354 et
1004 5299 1393 5370 perditionem
1426 5300 1828 5370 reproborum.

344 5406 373 5432 ‹‹
409 5383 516 5448 Qui
548 5385 1072 5442 sanctiﬁcabantur
1101 5390 1163 5441 et
1189 5388 1446 5442 mundos
1474 5403 1535 5442 se
1558 5388 1845 5457 putabant
1867 5389 1925 5444 in

273 5471 461 5526 hortis
484 5473 865 5544 postjanuam
884 5474 1258 5530 intrinsecus.
1271 5474 1330 5528 η]
1341 5474 1668 5540 υὰωἱ,ἱηιει·
1685 5481 1925 5532 casteros

271 5571 498 5614 errores
528 5576 675 5629 quos
704 5559 1126 5632 adimplebant,
1159 5561 1458 5619 habebant
1486 5562 1554 5617 in.
1577 5563 1700 5618 suis
1739 5563 1924 5620 hortis

269 5646 464 5706 fontes
491 5651 551 5702 et
571 5647 938 5719 baptisteria,
953 5650 1012 5704 in
1035 5650 1252 5720 quibus
1274 5648 1488 5720 saep-ius
1509 5666 1574 5706 se
1595 5650 1920 5720 abluentes,

270 5734 560 5804 putabant
591 5754 652 5790 se
683 5738 956 5792 mundari
987 5739 1163 5792 etiam
1195 5756 1228 5792 a
1261 5737 1533 5808 peccatis.
1559 5737 1626 5791 Et
1655 5737 1923 5794 colebant

2036 4771 2211 4834 fame,
2245 4785 2400 4824 nunc
2429 4769 2488 4823 in
2513 4767 2877 4823 abundantia
2905 4766 3210 4832 consistit;
3245 4781 3401 4821 nunc
3432 4783 3684 4822 nascun-

2036 4864 2133 4914 tur
2161 4857 2615 4924 homines,nunc
2647 4856 2999 4912 moriuntur.
3016 4855 3120 4911 Per
3146 4853 3422 4924 Africam,
3448 4871 3684 4910 omnem

2037 4946 2274 5019 plagam
2304 4944 2693 5000 meridianam
2725 4943 2786 5000 in
2817 4962 2934 5014 qua
2962 4943 3155 4998 Africa
3185 4942 3376 5014 posita
3405 4944 3683 5007 δεῖ.ουοά

2037 5052 2173 5090 vero
2194 5033 2294 5102 ait,
2331 5032 2654 5088 mittamiu
2686 5033 2927 5103 Lydiam
2961 5032 3266 5087 tendentes
3295 5030 3686 5104 Sagittasdalb

2037 5128 2127 5179 est
2155 5141 2222 5178 ac
2253 5123 2307 5178 si-
2335 5120 2551 5176 diceret
2575 5139 2588 5176 :
2616 5120 2845 5175 Mittam
2876 5120 2956 5176 ad-
2985 5119 3332 5191 Lydios,q.ui
3364 5123 3505 5174 sunt
3527 5120 3683 5190 peri-

2038 5211 2256 5268 tissimi
2287 5209 2664 5282 sagittariiJn
2692 5209 3005 5275 Italiam,id
3025 5209 3194 5265 estin
3222 5208 3684 5276 occidentem,ad

2039 5300 2264 5356 insulas
2292 5315 2516 5364 omnes,
2548 5302 2606 5354 et
2635 5299 2704 5353 ad
2737 5311 2838 5354 eos
2885 5299 2985 5370 qui
3037 5315 3154 5353 non
3203 5296 3520 5352 audierunt
3566 5307 3680 5364 me,

2037 5407 2226 5460 neque
2256 5407 2359 5460 per
2377 5387 2650 5459 angelum
2673 5403 2864 5458 neque
2891 5404 2992 5458 per
3031 5385 3400 5457 prepbetam.
3434 5385 3515 5440 De
3555 5384 3682 5441 istis

2035 5477 2177 5532 dicit
2207 5476 2487 5548 propheta
2512 5490 2525 5528 :
2551 5474 2776 5539 Quibus
2807 5492 2922 5529 non
2951 5480 3042 5530 est
3061 5489 3258 5529 ann-un
3269 5475 3477 5529 tiatum
3500 5475 3570 5529 de
3591 5489 3680 5540 eo,

2033 5564 2330 5622 videbunt.
2365 5564 2433 5618 Et
2463 5561 2900 5617 annuntiabunt
2927 5562 3172 5634 gloriam
3195 5577 3386 5618 meam
3409 5561 3683 5634 gentibus

2034 5655 2404 5717 subauditur,
2437 5651 2522 5706 illi
2555 5652 2654 5721 qui
2686 5651 2896 5706 salivati
2927 5652 3144 5708 fuerint
3172 5669 3242 5707 ex
3268 5652 3508 5707 Judmis.

2105 5766 2129 5790 ‹‹
2166 5744 2236 5798 Et
2281 5741 2572 5796 adducent
2607 5762 2634 5788 ››
2665 5739 2913 5812 apostoli
2965 5763 2992 5789 «
3043 5757 3246 5795 omnes
3299 5741 3506 5794 fratres
3556 5757 3679 5795 ves-
