3956 6390
351 445 506 510 1083

776 447 1184 511 HAYMONIS
1217 447 1761 510 HALBER’STA'I‘.
1794 443 2039 507 EPISG.
2074 444 2247 507 OPP.
2280 445 2484 508 PARS
2510 445 2559 508 Ῑ.
2595 480 2673 492 -
2701 446 3115 511 COMMENT.
3153 446 3347 511 BIBL.

3614 449 3769 514 1084

347 587 545 654 tros,»
571 581 810 638 oJudaei
843 580 1168 648 credentes,
1195 603 1223 629 «
1249 581 1319 636 de
1344 579 1574 637 cunctis
1603 579 2001 654 gentibus,do‘-
2031 577 2088 646 Α
2117 577 2197 634 cit
2233 578 2543 637 Dominus.
2579 602 2608 630 n
2641 581 2759 638 Hoc
2806 580 3118 654 dupliciter
3162 585 3356 654 potest
3403 580 3668 656 intelligi,
3701 589 3770 641 ut

347 689 490 729 num
523 669 856 736 Domino,in
889 667 1056 742 equis
1087 673 1145 724 et
1173 668 1498 742 quadrigis,
1523 673 1579 724 et
1607 668 1666 724 in
1692 667 1916 724 lecticis
1947 671 2004 723 et

346 763 406 818 in
437 759 616 816 mulis
645 763 700 815 et
723 759 779 814 in
813 758 1073 815 carrucis
1105 759 1175 814 ad
1210 762 1470 814 montem
1503 761 1775 813 sanctum
1803 773 2001 812 meum

347 848 732 914 Hierusalem,
765 848 907 904 dicit
937 848 1244 913 Dominus,
1270 870 1298 898 »
1325 847 1434 903 hoc
1456 852 1546 904 est
1575 849 1646 902 ad
1680 846 1999 903 Ecclesiam

345 943 690 1013 praesentem
721 943 780 993 et
809 939 880 993 ab
913 937 1027 993 ista
1075 937 1346 1010 praesenti
1386 937 1456 993 ad
1491 936 1804 992 ccclestem.
1840 936 2004 991 Sicut

344 1046 446 1101 per
467 1045 535 1084 ea
564 1027 827 1083 locorum
862 1027 1101 1083 nomina
1140 1044 1267 1098 quze
1317 1026 1592 1099 superius
1642 1041 1999 1081 commemo-

343 1118 490 1173 ravit
519 1117 826 1188 Propheta,
859 1115 1202 1189 signiﬁcatis
1248 1120 1387 1171 sunt
1434 1133 1638 1170 omnes
1686 1119 1909 1187 gentes,
1945 1118 2003 1169 et

342 1208 541 1263 omnia
571 1206 699 1263 loca
720 1206 791 1261 ad
825 1223 952 1278 qua:
979 1223 1181 1261 rumor
1212 1205 1644 1278 praedicationis
1667 1204 1999 1276 apostolicae

342 1296 677 1352 decucurrit
709 1312 722 1352 ε
756 1295 838 1350 ita
870 1311 971 1366 per
1017 1295 1138 1350 hazc
1170 1294 1449 1349 animalia
1479 1293 1887 1365 signiﬁcantur
1913 1293 1996 1348 di-

339 1385 646 1442 versitates
663 1384 929 1458 gentium
947 1388 1004 1438 et
1017 1383 1324 1438 hominum
1340 1383 1411 1438 ad
1427 1383 1604 1437 fidem
1617 1381 1996 1437 venientium.

343 1475 406 1530 In
439 1474 611 1546 equis
642 1471 932 1546 deportati
964 1475 1250 1527 venerunt
1279 1472 1351 1526 ad
1375 1469 1825 1543 Ecclesiam,qui
1848 1469 2001 1526 citis-

341 1563 491 1620 sime
521 1562 985 1619 crediderunt.In
1018 1559 1322 1633 quadrigis
1350 1564 1655 1628 venerunt,
1675 1559 1776 1631 qui
1805 1559 1864 1614 in
1896 1560 1998 1614 do-

340 1653 532 1709 ctrina
561 1649 969 1724 phiIOSOphicu
988 1655 1046 1705 et
1068 1649 1376 1706 honestate
1408 1667 1638 1705 morum
1675 1647 1995 1722 fulgebant.

340 1743 492 1798 inter
521 1740 689 1809 alios,
723 1744 790 1795 ut
815 1738 1218 1812 Augustinus;
1251 1742 1308 1794 et
1329 1754 1432 1810 per
1452 1737 1616 1793 illam
1644 1737 1998 1811 sapientiam

340 1831 707 1887 mundanam
741 1831 1131 1901 pervenerunt
1155 1827 1228 1882 ad
1260 1826 1585 1882 doctrinam
1613 1843 1998 1898 veram,qua-

2113 669 2399 725 referatur
2428 673 2549 726 tam
2582 671 2654 726 ad
2684 670 2923 727 Judaeos
2965 687 3146 744 quam
3189 671 3261 728 ad
3295 671 3564 746 gentiles.
3594 674 3772 730 Assu-

2111 775 2293 824 mam,
2328 757 2543 832 inquit,
2573 777 2643 815 ex
2671 759 2777 827 eis,
2802 759 2860 815 id
2884 763 2997 828 est,
3018 775 3088 816 ex
3115 760 3338 818 Judsais
3368 761 3768 832 credentibus,

2111 852 2169 903 et
2198 852 2370 904 erunt
2407 847 2553 904 mihi
2598 848 2658 903 in
2708 849 3040 905 sacerdotes
3071 853 3130 904 et
3159 849 3408 907 Levitas.
3443 851 3523 907 De
3551 851 3770 924 quibus

2112 953 2268 992 unus
2301 936 2384 992 sic
2413 936 2802 1009 loquebatur:
2828 961 2856 987 ‹‹
2880 937 2976 994 Sic
3005 955 3114 996 nos
3143 938 3482 996 existiment
3501 940 3676 997 homo
3703 945 3772 996 ut

2112 1026 2416 1082 ministros
2473 1024 2689 1082 Christi
2742 1027 2791 1094 (1
2837 1026 2958 1083 Cor.
2994 1030 3094 1095 ιν).
3129 1049 3158 1078 η
3211 1027 3551 1085 Sacerdotes
3606 1030 3768 1086 enim

2111 1115 2443 1188 crant,quia
2474 1133 2641 1171 sacra
2671 1132 2954 1188 responsa
2983 1117 3204 1172 dabant
3225 1117 3540 1190 populis,et
3560 1124 3771 1176 semet-

2110 1204 2272 1277 ipsos
2315 1205 2637 1260 oiferebant
2668 1209 2800 1274 Deo,
2826 1209 2884 1261 et
2913 1204 3059 1262 alios
3090 1223 3238 1278 quos
3269 1206 3320 1263 ei
3351 1223 3460 1262 sua
3487 1208 3767 1280 praadica-

2109 1294 2268 1349 tione
2305 1293 2690 1366 acquirebant
2721 1311 2734 1349 :
2765 1298 2831 1350 ut
2860 1293 3078 1350 Paulus
3126 1294 3521 1353 Timotheum.
3557 1297 3768 1354 Levitis

2109 1388 2295 1449 erant,
2328 1384 2386 1439 id
2418 1387 2508 1440 est
2537 1382 2849 1456 assumpti,
2884 1383 3024 1456 quia
3052 1402 3086 1440 a
3118 1383 3363 1441 Domino
3393 1385 3626 1441 fuerunt
3654 1385 3768 1442 ele-

2109 1473 2209 1544 cti,
2241 1477 2298 1528 et
2326 1473 2618 1545 assumpti
2644 1473 2716 1528 ad
2748 1473 3012 1528 offlcium
3051 1473 3501 1545 praedicationis.
3531 1473 3720 1533 Aliter
3747 1491 3761 1530 :

2096 1553 2444 1630 'Assumam,
2479 1561 2690 1634 inquit,
2725 1579 2794 1617 ex
2838 1560 2945 1630 eis,
2993 1560 3280 1618 subaudis
3337 1561 3610 1636 gentibus
3659 1563 3763 1636 qui

2109 1650 2483 1720 crediderint,
2516 1655 2575 1707 et
2604 1655 2776 1708 erunt
2806 1649 2954 1706 mihi
2986 1650 3044 1706 in
3078 1652 3407 1708 sacerdotes
3437 1655 3494 1708 et
3513 1651 3762 1720 Levitas,

2110 1741 2419 1813 reprobato
2450 1739 2776 1798 sacerdotio
2806 1740 3166 1797 Judaaorum.
3199 1739 3363 1796 Unde
3410 1740 3552 1797 dicit
3586 1743 3767 1815 Apos-

2108 1828 2266 1886 tolus
2300 1846 2314 1885 :
2353 1851 2381 1880 ‹‹
2413 1829 2726 1886 Translata
2754 1829 2994 1902 (inquit)
3033 1828 3382 1901 sacerdotio,
3415 1847 3649 1887 necesse
3677 1836 3768 1888 est

338 1927 475 1977 tuor
520 1918 839 2018 virtutibus
877 1915 1346 2018 principalibus,
1366 1916 1748 2018 adncoelestia
1804 1917 2000 2015 mente
2033 1953 2080 2018 Β
2112 1922 2177 1973 ut
2207 1917 2352 1990 legis
2382 1917 2687 1975 translatio
2717 1916 3184 1990 fiat(Hebr.vn).»
3206 1919 3369 1984 Quod
3399 1919 3628 1991 probari
3661 1937 3765 1992 po-

339 2008 726 2067 sublevati.ln
758 2005 1001 2073 lecticis,
1035 2005 1137 2077 qui
1169 2005 1387 2061 auxilio
1419 2005 1668 2061 aliorum
1702 2004 1914 2078 portati
1946 2008 2005 2059 et
2036 2004 2079 2018 “’
2117 2011 2232 2062 test
2260 2024 2330 2063 ex
2349 2006 2626 2080 hoc,quia
2656 2007 2829 2063 modo
2857 2023 2927 2063 ex
2955 2006 3176 2064 Judwis
3207 2011 3308 2064 aut
3337 2025 3503 2064 rarus
3523 2011 3623 2064 aut
3640 2009 3768 2065 nul-

339 2098 530 2170 adjuti
565 2099 868 2152 venerunt.
905 2095 1136 2151 Lectica
1167 2099 1366 2151 autem
1397 2099 1486 2150 est
1515 2093 1705 2150 lectus
1753 2096 2007 2165 desuper
2115 2095 2209 2152 lus
2241 2095 2537 2152 invenitur
2574 2096 2848 2152 sacerdos
2880 2096 2939 2151 in
2971 2099 3177 2152 saneta
3222 2095 3501 2166 Ecclesia,
3530 2101 3631 2153 aut
3659 2098 3764 2154 ali-

338 2194 552 2252 tectus,
586 2187 740 2242 idem
772 2189 862 2242 est
890 2190 948 2240 et
974 2183 1476 2241 feretrum.Mulos
1505 2189 1702 2240 autem
1733 2184 1791 2239 in
1825 2183 2007 2256 scrip'

339 2279 418 2334 tis
459 2270 642 2333 sacris
674 2274 992 2347 dupliciter
1022 2273 1369 2345 accipimus,
1404 2273 1514 2328 hoc
1556 2279 1647 2329 est
1677 2278 1779 2328 aut
1808 2273 1867 2327 in
1895 2274 2002 2329 bo-

2115 2185 2248 2257 quis
2275 2184 2564 2240 minister.
2588 2185 2659 2239 Et
2678 2184 2737 2240 in
2770 2183 3020 2256 singulis
3045 2184 3320 2241 Ecclesiis
3352 2187 3676 2242 sacerdotes
3705 2193 3764 2243 et

2113 2273 2419 2330 ministros
2431 2273 3065 2346 mysteriorumChristi
3079 2291 3148 2329 ex
3159 2273 3432 2347 gentibus
3444 2275 3738 2332 cernimus

339 2370 611 2437 nam,aut
639 2364 697 2419 in
732 2363 952 2419 malam
985 2363 1306 2436 partem.ln
1340 2362 1557 2418 malam
1591 2367 1840 2434 partem,
1863 2362 2003 2434 quia
2112 2364 2209 2435 qui
2236 2362 2496 2436 quotidie
2515 2363 3158 2436 corpusetsanguinem
3182 2361 3395 2419 Christi
3421 2381 3522 2436 pro
3543 2365 3764 2422 redem-

339 2455 509 2530 proni
540 2458 682 2511 sunt
711 2454 782 2509 ad
815 2457 1099 2518 scortum,
1130 2453 1200 2506 de
1231 2452 1449 2524 quibus
1482 2452 1732 2507 dicitur:
1757 2475 1784 2501 ‹‹
1810 2451 1999 2507 Nolite

338 2545 464 2601 fieri
500 2543 654 2599 sicut
683 2558 873 2612 equus
903 2545 962 2596 et
992 2541 1190 2596 mulus
1223 2540 1571 2611 (Psal.xxxx).
1609 2563 1635 2588 ››
1670 2541 1732 2595 In
1759 2540 1996 2609 bonam,

339 2639 407 2690 ut
438 2631 664 2706 physici
716 2630 940 2696 dicunt,
972 2629 1200 2686 steriles
1247 2634 1387 2685 sunt
1415 2648 1448 2684 a
1480 2630 1696 2685 fetibus
1728 2631 1998 2701 quamvis

338 2721 584 2778 luxuriae
607 2720 726 2776 sint
747 2719 929 2776 dediti
954 2736 966 2773 :
991 2719 1242 2791 quilibet
1263 2718 1413 2774 sedit
1435 2719 1607 2774 David
1629 2719 1678 2775 ei
1698 2719 1994 2786 Salomon,

337 2827 590 2885 quorum
623 2807 771 2865 alter
793 2808 1214 2881 interpretatur
1244 2808 1412 2864 fortis
1444 2808 1808 2876 manu,alter
1837 2809 1996 2881 paci-

336 2902 506 2956 ﬁcus.
544 2900 605 2955 In
638 2896 818 2954 mulis
849 2913 986 2969 ergo
1015 2900 1318 2964 venerunt,
1353 2896 1455 2968 qui
1485 2896 1714 2952 steriles
1759 2897 1998 2952 fuerunt

335 3008 371 3046 a
401 2986 879 3045 malitia.Verum
901 2985 1081 3041 David
1109 2989 1167 3041 et
1187 2984 1464 3041 Salomon
1488 2985 1546 3040 in
1569 2986 1845 3041 cordibus
1869 2986 1994 3042 suis

333 3078 626 3134 sesSorem
643 3074 1105 3146 habuerunt,qui
1126 3073 1362 3146 propria
1377 3074 1718 3130 fortitudine
1736 3073 1990 3143 Goliath,

331 3166 391 3222 id
423 3170 532 3232 est,
565 3162 870 3220 diabolum
921 3161 1256 3230 debellavit,
1287 3166 1344 3219 et
1373 3180 1480 3218 nos
1513 3179 1614 3235 per
1642 3163 1991 3236 sanguinem

332 3255 628 3329 passionis
674 3271 793 3309 sua:
845 3257 959 3308 Deo
1009 3253 1162 3308 Patri
1224 3253 1554 3324 pacificavit
1583 3253 1630 3324 (l
1657 3255 1792 3327 Reg.
1825 3255 1988 3322 xvu).

331 3346 393 3401 In
428 3342 686 3399 carrucis
716 3341 1130 3412 venerunt,qui
1161 3341 1409 3397 aliorum
1452 3341 1666 3396 auxilio
1712 3342 1898 3414 adjuti
1926 3341 1984 3396 in
2017 3322 2060 3387 C

329 3433 650 3490 Ecclesiam
680 3449 782 3503 per
813 3429 1286 3502 praedicationem
1318 3430 1740 3503 apostolorum,
1765 3431 1986 3486 donum

330 3523 580 3580 Domino
612 3521 845 3576 Christo
873 3520 1112 3574 fuerunt
1135 3536 1146 3573 :
1173 3519 1328 3574 sicut
1355 3519 1407 3574 ei
1441 3520 1608 3575 Pater
1631 3519 1774 3575 dicit
1798 3537 1810 3574 :
1837 3544 1862 3568 η
1891 3520 1990 3575 Po-

331 3611 489 3667 stula
518 3627 552 3664 a
583 3625 697 3674 me,
730 3613 788 3662 et
819 3608 969 3662 dabo
1003 3607 1109 3660 tibi
1141 3611 1344 3679 gentos
1375 3607 1774 3662 haereditatem
1825 3612 1985 3663 tuam

329 3700 506 3769 (Psal.
546 3703 622 3764 ll).
659 3719 686 3748 ››
722 3698 791 3752 Et
820 3696 945 3768 ipse
978 3695 1161 3751 Filius
1185 3713 1198 3750 :
1224 3696 1342 3768 Ego
1363 3696 1600 3768 (inquit)
1630 3697 1987 3752 constitutus

330 3806 465 3845 sum
497 3805 595 3842 rex
626 3786 698 3841 ab
730 3803 796 3842 eo
828 3801 1007 3856 super
1038 3784 1200 3851 Sion,
1223 3783 1282 3840 id
1313 3789 1404 3840 est
1433 3802 1612 3856 super
1641 3784 1982 3841 Ecclesiam.

329 3876 610 3950 Sequitur
641 3891 654 3929 :
692 3898 718 3923 α
755 3873 918 3940 Quod
951 3872 1000 3928 si
1033 3873 1289 3928 inferant
1319 3873 1422 3928 filii
1459 3873 1634 3930 Israel
1675 3891 1895 3930 munus
1927 3874 1984 3929 in

327 3984 464 4023 vase
495 3965 718 4021 mundo
752 3963 810 4019 in
841 3963 1083 4019 domum
1117 3962 1373 4018 Domini.
1402 3985 1428 4012 »
1454 3963 1811 4035 Praeceperat
1833 3964 1986 4020 Deus

329 4055 700 4127 omnipotens
732 4053 791 4108 in
824 4052 969 4125 lege,
995 4057 1062 4108 ut
1083 4057 1168 4108 ter
1190 4069 1294 4124 per
1323 4070 1546 4107 annum
1577 4052 1840 4108 venirent
1869 4069 1988 4108 om-

330 4162 433 4201 nes
465 4144 537 4200 ad
569 4141 857 4215 templum
898 4141 1151 4209 Domini,
1184 4140 1295 4197 hoc
1321 4145 1412 4196 est
1439 4139 1498 4195 in
1531 4139 1842 4196 festivitate
1877 4141 1987 4196 Pa-

329 4233 502 4299 schaz,
540 4232 910 4287 Pentecostes
949 4233 1008 4284 et
1035 4228 1595 4299 Tabernaculorum,
1627 4233 1685 4284 et
1715 4229 1990 4284 offerrent

329 4339 533 4379 omnes
568 4335 787 4376 munus
817 4319 876 4373 in
907 4319 1082 4374 domo
1111 4317 1368 4373 Domini.
1393 4318 1488 4373 Sic
1508 4335 1764 4388 namque
1793 4317 1989 4388 praeci~

329 4411 526 4484 picbat
555 4409 643 4464 lex
670 4427 682 4463 :
707 4411 852 4464 Cave
875 4429 901 4457 «
925 4407 1163 4479 (inquit)
1185 4425 1257 4463 ne
1277 4424 1562 4478 appareas
1587 4406 1643 4461 in
1669 4411 1986 4478 conspectu

328 4499 560 4555 Domini
609 4513 830 4552 vacuus
880 4495 1078 4564 (Exod.
1110 4513 1211 4560 xu,
1244 4496 1418 4565 xxnv).
1455 4519 1482 4544 ››
1510 4497 1578 4550 Et
1605 4500 1694 4550 est
1726 4512 1937 4551 sensus
1970 4512 1982 4551 :

327 4588 491 4644 Sicut
519 4585 758 4658 (inquit)
781 4584 1048 4640 solebant
1069 4583 1172 4639 filii
1198 4584 1545 4652 Israel,dum
1567 4599 1771 4639 eorum
1794 4583 1986 4639 adhuc

2109 2453 2308 2524 ptione
2337 2451 2567 2525 generis
2597 2451 2844 2507 humani
2878 2452 3130 2507 oﬂ‘erunt
3161 2450 3219 2506 in
3265 2453 3762 2510 commemoratio-

2111 2557 2244 2596 nem
2267 2539 2560 2612 passionis
2582 2541 2809 2611 ejus.Et
2827 2539 2981 2596 sicut
2997 2539 3243 2612 apostoli
3261 2540 3602 2614 semetipsos
3623 2543 3754 2598 olfe-

2108 2630 2316 2685 rebant
2345 2630 2545 2696 Dec,et
2572 2628 2720 2685 alios
2749 2646 3134 2702 quoscunque
3165 2633 3432 2701 poterant
3455 2647 3468 2684 :
3494 2630 3570 2686 ita
3591 2635 3646 2685 et
3666 2649 3754 2686 sa-

2105 2719 2370 2774 cerdotes
2417 2719 2705 2791 gentium.
2737 2718 2912 2774 Verbi
2962 2719 3172 2791 gratia,
3207 2718 3360 2774 sicut
3388 2719 3522 2775 fecit
3549 2719 3753 2776 beatus

2106 2807 2381 2875 Hilarius,
2406 2806 2507 2880 qui
2539 2807 2777 2863 beatum
2809 2807 3130 2863 Martinum
3161 2811 3272 2863 Deo
3304 2807 3752 2865 obtulit.Levitae

2104 2902 2268 2964 sunt,
2301 2897 2442 2969 quia
2472 2897 2543 2952 ad
2579 2897 2689 2952 hoc
2721 2897 3118 2953 ministerium
3146 2901 3547 2953 assumuntur.

2176 3010 2204 3036 «
2235 2986 2384 3052 Quia
2413 2986 2567 3042 sicut
2596 2985 2726 3042 caeli
2759 2985 2890 3042 novi
2923 2990 2981 3042 et
3011 2989 3168 3042 terra
3198 3003 3363 3053 nova,
3380 3003 3505 3058 qua
3535 3001 3638 3058 ego
3669 2986 3751 3040 fa-

2103 3077 2193 3132 cio
2224 3080 2381 3132 stare
2412 3092 2608 3131 coram
2642 3092 2758 3143 me,
2790 3075 2933 3131 dicit
2963 3075 3250 3132 Dominus
3281 3091 3295 3129 :
3331 3074 3414 3131 sic
3446 3073 3624 3130 stabit
3657 3091 3752 3129 se-

2103 3182 2237 3221 men
2267 3169 2529 3220 vestrum
2561 3169 2619 3220 et
2640 3181 2853 3220 nomen
2874 3168 3194 3220 vestrum.»
3219 3163 3337 3219 Ista
3357 3180 3483 3235 quis
3505 3179 3757 3234 sequunc

2100 3259 2200 3310 tur
2229 3271 2417 3326 usque
2449 3254 2522 3309 ad
2554 3253 2732 3308 finem
2764 3251 3000 3321 libri,ad
3024 3252 3179 3308 diem
3203 3252 3748 3323 extremumjudicii

2099 3343 2412 3416 pertinent.
2445 3341 2666 3399 Caelum
2698 3342 2758 3396 in
2789 3341 2899 3397 hoc
2931 3340 3056 3397 loco
3088 3358 3274 3414 neque
3305 3341 3616 3397 aathereum
3649 3358 3750 3413 per

2098 3433 2254 3505 quod
2279 3436 2506 3505 septem
2538 3431 2785 3503 planetae
2825 3431 3188 3497 discurrunt,
3223 3447 3412 3503 neque
3458 3429 3746 3486 sidereum

2098 3522 2197 3577 ubi
2231 3526 2371 3576 sunt
2399 3520 2626 3592 reliqua
2651 3519 2866 3586 sidera,
2902 3519 3058 3591 quod
3098 3523 3155 3574 et
3185 3517 3620 3575 firmamentum
3653 3535 3750 3589 ap-

2099 3609 2368 3682 pellatur,
2393 3609 2676 3664 debemus
2711 3607 3036 3680 intelligere
3066 3626 3078 3664 :
3115 3608 3214 3665 sed
3247 3607 3457 3664 coelum
3483 3607 3634 3662 istud
3659 3624 3748 3661 ae-

2097 3715 2285 3765 reum,
2313 3699 2410 3753 ubi
2433 3702 2574 3754 sunt
2596 3698 2782 3753 nubes
2803 3701 2859 3753 et
2879 3699 3102 3770 grando
3126 3698 3490 3770 nubiumque
3512 3713 3750 3751 concur-

2096 3805 2221 3844 sus.
2254 3786 2476 3842 Caelum
2509 3802 2645 3859 ergo
2679 3785 2835 3841 istud
2868 3803 3104 3842 aereum
3135 3789 3192 3841 et
3221 3785 3474 3858 terra,ab
3496 3784 3603 3840 hac
3626 3800 3750 3855 spe.

2097 3876 2183 3932 cie
2214 3892 2391 3948 quam
2426 3891 2582 3930 nunc
2621 3873 2840 3930 habent
2888 3873 3327 3930 innovabuntur
3354 3890 3454 3946 per
3482 3871 3748 3928 meliora-

2097 3965 2364 4020 tionem:
2401 3963 2540 4035 quia
2596 3961 2988 4019 crassitudine
3045 3980 3154 4019 sua
3211 3961 3552 4035 privabitur,
3583 3965 3640 4016 et
3690 3961 3746 4015 in

2098 4053 2486 4109 subtilitatem
2518 4051 2750 4108 aetheris
2783 4051 3080 4120 transibit,
3111 4056 3170 4108 et
3198 4052 3351 4108 sicut
3379 4051 3632 4108 Joannes
3662 4049 3747 4105 di-

2097 4142 2197 4208 cit,
2231 4166 2256 4192 ‹‹
2291 4142 2674 4198 Postmodum
2732 4141 2844 4196 erit
2891 4156 3124 4213 semper
3173 4139 3385 4196 cmlum
3433 4156 3645 4196 novum
3694 4141 3751 4194 et

2099 4236 2254 4287 terra
2300 4248 2449 4287 nova
2493 4230 2678 4303 (Apoc.
2708 4231 2843 4297 xw).
2879 4250 2907 4281 »
2941 4229 3010 4284 Et
3039 4233 3127 4285 est
3155 4245 3405 4302 sensus:
3434 4228 3598 4285 Sicut
3638 4227 3749 4284 ista

2097 4321 2214 4376 duo
2265 4319 2554 4376 elementa
2603 4318 2816 4375 coelum
2845 4321 2902 4374 et
2927 4322 3100 4383 terra,
3132 4321 3447 4389 postquam
3480 4317 3750 4373 innovata

2099 4410 2335 4478 fuerint,
2370 4407 2722 4464 aeternaliter
2751 4408 2810 4463 in
2855 4423 2960 4462 sua
3008 4405 3260 4460 novitate
3307 4406 3654 4471 manebunt,
3688 4408 3751 4460 ut

2097 4515 2471 4571 nequaquam
2522 4498 2902 4570 postmodum
2955 4495 3182 4551 dicatur
3229 4492 3443 4550 caelum
3494 4497 3553 4549 et
3596 4500 3754 4551 terra

2098 4586 2438 4643 transibunt
2469 4603 2482 4642 :
2516 4585 2601 4644 sic
2631 4602 2832 4642 semen
2863 4587 3182 4650 vestrum,o
3204 4581 3668 4656 apostoli,stabit
3693 4588 3752 4639 et

328 4681 510 4734 staret
539 4675 742 4748 religio
773 4679 830 4730 et
859 4673 1172 4745 templum,
1195 4673 1475 4729 omnibus
1496 4673 1760 4729 sanctius
1792 4673 1987 4729 venire
2021 4691 2064 4755 D
2096 4675 2467 4748 permanebit
2525 4673 2874 4731 aaternaliter
2919 4690 3117 4730 coram
3165 4689 3279 4740 me,
3308 4671 3648 4728 innovatum
3674 4671 3749 4726 ab

326 4782 462 4822 cum
494 4764 711 4839 gaudio
750 4767 808 4820 et
855 4761 1102 4836 psalmis
1148 4761 1209 4817 in
1258 4761 1645 4834 Hierusalem,
1677 4763 1986 4819 otl‘erentes

327 4870 575 4910 munera
603 4852 1030 4910 sacriﬁciorum
1052 4850 1302 4907 Domino
1327 4867 1340 4905 :
1361 4850 1445 4907 sic
1467 4851 1760 4907 adducent
1779 4852 1988 4908 fratres

325 4947 551 4999 vestros
584 4940 834 5013 apostoli
864 4940 937 4995 de
967 4939 1258 4996 universis
1290 4939 1630 4995 nationibus
1661 4957 1796 4995 cum
1839 4957 1987 5013 gau-

328 5029 444 5099 dio,
478 5031 540 5085 in
571 5029 741 5103 equis
772 5033 832 5085 et
862 5028 1041 5084 mulis
1071 5033 1130 5085 et
1159 5027 1406 5085 diversis
1433 5027 1742 5098 vehiculis,
1765 5033 1822 5084 et
1847 5031 1985 5086 oti'e-

327 5125 456 5174 rent
482 5136 703 5173 munus
734 5117 982 5173 Domino
1017 5118 1074 5172 in
1106 5135 1240 5173 vase
1283 5118 1527 5174 mundo.
1562 5118 1779 5174 Munus
1826 5119 1984 5174 istud

329 5208 483 5277 quod
517 5207 780 5279 quotidie
820 5208 1073 5262 offerunt
1122 5208 1370 5263 Domino
1422 5207 1526 5261 filii
1579 5207 1774 5275 Israel,
1809 5208 1866 5262 id
1898 5211 1988 5263 est

330 5293 412 5348 illi
446 5295 544 5365 qui
577 5296 762 5350 Deum
793 5299 989 5350 mente
1019 5297 1238 5364 vident,
1273 5295 1475 5351 hostia:
1520 5299 1660 5351 sunt
1709 5296 1984 5367 spiritua-

329 5378 434 5446 les,
471 5382 614 5436 fides
646 5383 1497 5452 videlicet,charitas,castitas,
1525 5384 1709 5439 oratio
1741 5386 1985 5452 munda,

329 5470 662 5540 ceterasque
689 5473 959 5527 virtutes.
992 5471 1147 5529 Vasa
1177 5490 1310 5529 vero
1361 5474 1585 5529 munda
1615 5478 1818 5529 sancta
1849 5479 1989 5531 sunt

329 5565 572 5619 corpora
602 5564 659 5614 et
686 5559 1155 5630 immaculata,et
1184 5562 1348 5618 nulla
1377 5563 1722 5634 contagione
1749 5562 1982 5620 violata.

400 5656 426 5678 α
462 5635 531 5690 Et
559 5657 868 5702 assumam
899 5660 968 5700 ex
998 5649 1082 5706 eis
1112 5650 1171 5706 in
1204 5651 1536 5707 sacerdotes
1556 5653 1613 5706 et
1637 5650 1987 5719 Levitas,di-

2096 4764 2254 4819 omni
2303 4763 2678 4837 corruptione
2731 4761 3109 4820 mortalitatis
3156 4766 3214 4817 et
3261 4760 3502 4834 peccati.
3534 4760 3604 4815 Et
3634 4775 3748 4814 non

2098 4852 2291 4910 solum
2335 4869 2562 4925 semen,
2594 4852 2696 4908 sed
2745 4853 2921 4908 etiam
2971 4867 3188 4907 nomen
3235 4855 3518 4917 vestrum,
3551 4847 3607 4904 id
3639 4853 3746 4914 est,

2097 4958 2310 4998 nomen
2342 4941 2800 4999 Christianitatis
2827 4944 2885 4997 et
2910 4939 3215 4996 filiationis
3245 4938 3347 4996 Dei
3371 4956 3385 4994 :
3412 4943 3477 4993 ut
3497 4936 3747 5009 amplius

2096 5049 2214 5087 non
2245 5031 2523 5086 succedat
2551 5029 2668 5087 illis
2701 5029 2817 5086 alia
2841 5045 3008 5102 gens,
3041 5029 3194 5085 sicut
3224 5027 3360 5084 fecit
3386 5025 3622 5090 Judaais,
3645 5025 3750 5081 sed

2096 5118 2450 5175 aeternaliter
2479 5122 2759 5175 maneant
2789 5119 2846 5172 in
2876 5122 3092 5173 aeterna
3121 5115 3634 5173 felicitate.Semen
3652 5129 3747 5168 au-

2096 5213 2212 5264 tem
2244 5207 2644 5281 apostolorum
2687 5208 2972 5264 debemus
3023 5205 3346 5278 intelligam
3391 5220 3614 5270 omnes,
3645 5202 3742 5274 qui

2096 5297 2360 5370 exemplo
2392 5301 2449 5352 et
2492 5297 2905 5369 praedicatione
2955 5293 3189 5350 illorum
3231 5293 3529 5349 salvantur
3557 5290 3740 5362 quoti-

2097 5386 2190 5442 die
2221 5403 2421 5442 eorum
2456 5386 2629 5441 fidem
2663 5385 2947 5441 habentes
2975 5387 3033 5440 et
3078 5400 3256 5456 opera
3297 5383 3612 5438 imitantes.
3645 5380 3741 5434 Se-

2097 5475 2301 5547 quitur
2332 5491 2346 5530 :

2169 5587 2198 5613 «
2222 5564 2292 5620 Et
2322 5561 2434 5618 erit
2464 5561 2687 5617 mensis
2717 5578 2786 5618 ex
2819 5578 3044 5633 mense,
3083 5565 3139 5617 et
3183 5561 3493 5617 sabbatum
3525 5572 3592 5612 ex
3621 5556 3740 5612 sab-

2098 5652 2254 5708 bato.
2293 5674 2321 5700 »
2349 5651 2515 5707 Mene
2573 5651 2766 5706 Graece
2823 5651 3040 5708 dicitur
3085 5650 3245 5719 luna,
3282 5666 3315 5706 a
3344 5665 3458 5720 quo
3515 5645 3744 5702 nomine
