3956 6380
255 446 415 508 1085

679 445 1093 508 HAYMONIS
1124 445 1670 507 HALBERSTA'I‘.
1706 440 1950 505 EPISC.
1983 439 2154 500 OPP.
2186 441 2389 505 PARS
2420 443 2471 505 I.
2502 476 2584 489 —
2610 443 3024 507 COMMENT.
3056 443 3256 508 BIBL.

3520 449 3678 513 1086

256 578 635 652 componitur
664 578 994 651 neomenia,
1016 578 1074 634 id
1106 582 1195 635 est
1224 578 1525 634 exordium
1549 595 1707 633 novae
1738 576 1912 632 lunae.
1943 571 1998 640 Α
2027 573 2099 628 de
2129 573 2345 646 quibus
2376 575 2624 633 dicitur:
2662 599 2690 627 ‹‹
2723 576 2902 634 Filios
2932 578 3106 651 genui
3158 583 3217 635 et
3256 579 3523 651 exaltavi,
3570 582 3681 656 ipsi

255 669 331 724 Et
358 686 393 724 a
423 685 613 733 mene,
646 685 774 738 qua:
804 667 1024 722 dicitur
1055 666 1214 731 luna,
1246 672 1486 722 vocatur
1506 665 1726 723 mensis
1757 665 1912 737 apud

256 756 394 812 illos
424 754 524 827 qui
554 753 793 810 initium
827 753 1218 810 Kalendarum
1254 771 1369 809 non
1392 754 1564 824 juxta
1600 751 1741 808 solis
1784 768 1913 807 cur-

258 862 393 900 sum
416 849 473 900 ct
494 845 724 899 diversa
742 844 1035 898 mensium
1072 842 1388 916 spatia,sed
1415 843 1585 912 juxta
1604 841 1913 897 circuitum

257 934 415 989 lunm
446 931 738 1005 incipiunt
766 935 825 986 et
854 930 1176 986 terminant
1226 948 1240 986 :
1298 936 1363 986 ut
1407 931 1627 987 Hobrmi
1671 930 1912 985 faciunt.

260 1023 369 1077 Per
397 1037 659 1076 mensem
692 1036 829 1092 ergo
859 1020 983 1075 vult
1014 1019 1259 1091 intelligi
1313 1018 1535 1075 lunam.
1572 1021 1641 1075 Et
1670 1019 1790 1074 hmc
1829 1022 1917 1073 est

260 1110 424 1178 luna,
460 1110 517 1164 id
549 1114 640 1164 est
669 1113 874 1164 sancta
903 1108 1262 1177 Ecclesia,de
1293 1126 1410 1181 qua
1430 1109 1487 1163 in
1515 1108 1760 1180 psalmis
1784 1106 1917 1162 diri-

260 1204 360 1255 tur
391 1216 405 1254 :
440 1222 467 1247 «
494 1197 872 1253 Permanebis
903 1214 1036 1252 cum
1064 1197 1183 1254 sole
1215 1202 1273 1253 et
1294 1202 1427 1253 ante
1457 1196 1660 1253 lunam
1711 1197 1771 1252 in
1817 1206 1915 1269 ge-

261 1287 593 1344 nerationes
641 1291 699 1342 et
744 1287 1181 1359 generationem
1232 1287 1403 1358 (Psal.
1461 1287 1630 1357 1.xx1).
1678 1308 1706 1335 η
1740 1287 1809 1341 Et
1856 1285 1913 1340 in

259 1376 522 1433 Canticis
552 1375 914 1432 canticorum
950 1391 964 1429 :
1002 1397 1029 1426 ‹‹
1064 1376 1198 1441 Quae
1230 1380 1320 1431 est
1352 1375 1467 1431 ista
1495 1392 1622 1448 qua:
1654 1373 1919 1430 ascendit

260 1465 417 1522 sicut
445 1481 656 1539 aurora
684 1463 1322 1537 consurgens,pulchra
1347 1469 1410 1519 ut
1440 1463 1599 1530 luna,
1633 1462 1818 1519 electa
1848 1467 1915 1518 ut

260 1553 348 1611 sol
380 1553 561 1621 (Cant.
594 1553 915 1619 v1)?»0uod
941 1569 1079 1625 ergo
1110 1552 1404 1619 dicit,Erit
1428 1550 1647 1608 mensis
1671 1570 1736 1607 ex
1760 1568 1918 1606 men-

258 1657 346 1710 se,
382 1640 497 1696 tale
545 1644 636 1695 est
682 1657 749 1695 ac
800 1641 849 1696 si
898 1641 1117 1696 diceret
1147 1656 1161 1695 :
1194 1641 1317 1696 Erit
1345 1641 1602 1696 Ecclesia
1631 1643 1827 1697 futura
1851 1657 1919 1696 ex

259 1730 534 1805 praesenti
565 1729 843 1798 Ecclesia,
877 1729 1018 1803 quia
1065 1746 1132 1785 ex
1183 1730 1453 1802 praesenti
1500 1729 1758 1786 Ecclesia
1786 1747 1921 1786 con-

259 1820 587 1887 struentur,
620 1822 677 1874 et
706 1818 1099 1892 complebitur
1125 1817 1226 1875 illa
1253 1836 1382 1891 qua:
1399 1820 1524 1888 jam
1559 1823 1765 1893 regnat
1784 1835 1917 1874 cum

261 1907 517 2003 Christo,
546 1911 606 1963 et
636 1924 763 1980 qua
798 1923 932 1965 cum
965 1906 1064 1963 illo
1095 1906 1287 2003 veniet
1318 1908 1389 1963 ad
1412 1906 1727 2003 judicium.
1738 1907 1921 2003 aiunt
1947 1938 1997 2003 Β

264 1995 516 2071 physici,
562 1999 619 2051 et
670 2013 922 2068 quorum
950 2012 1091 2052 cura
1120 2000 1210 2051 est
1238 1996 1309 2052 de
1338 1995 1672 2052 ccclestibus
1721 1997 1922 2069 dispu-

262 2091 412 2150 tare,
441 2084 642 2141 lunam
672 2102 789 2141 non
821 2084 1035 2141 habere
1067 2084 1369 2157 proprium
1399 2084 1621 2151 lumen,
1656 2086 1754 2142 sed
1778 2085 1919 2142 solis

265 2174 450 2230 radiis
481 2172 784 2229 illustrari.
816 2173 903 2228 Ab
954 2190 1023 2228 ea
1069 2173 1225 2229 enim
1274 2190 1507 2246 semper
1547 2174 1707 2229 orbis
1757 2179 1919 2247 parte

268 2262 599 2335 completur
622 2266 679 2317 et
710 2261 913 2333 fulget,
949 2279 983 2317 a
1010 2279 1129 2334 qua
1160 2262 1267 2317 soli
1315 2262 1562 2317 vicinior
1606 2267 1714 2318 est.
1760 2268 1917 2331 Qua-

264 2354 505 2424 propter
532 2349 791 2406 Ecclesia
821 2351 967 2406 bene
998 2355 1374 2422 comparatur
1402 2350 1576 2416 lunae,
1609 2351 1747 2424 quia
1769 2352 1922 2408 sicut

268 2438 411 2494 luna
442 2438 727 2511 quidquid
762 2437 1092 2511 splendoris
1142 2438 1319 2493 habet
1362 2457 1395 2493 a
1425 2439 1546 2495 sole
1577 2440 1808 2513 accipit,
1841 2441 1920 2496 ita

266 2527 527 2584 Ecclesia
555 2527 843 2601 quidquid
876 2526 1011 2582 boni
1043 2526 1277 2592 babet,a
1304 2528 1534 2583 Christo
1565 2530 1796 2601 accipit,
1822 2531 1920 2602 qui

263 2621 356 2673 est
383 2633 556 2672 verus
586 2615 773 2681 sol,de
804 2632 919 2687 quo
946 2615 1228 2688 propheta
1256 2616 1338 2670 ait
1371 2633 1385 2671 :
1420 2618 1793 2675 Timentibus
1827 2636 1925 2674 no-

265 2722 401 2760 men
434 2720 632 2759 meum
666 2702 885 2758 orietur
915 2702 1000 2758 sol
1024 2704 1368 2775 justitiaeEt
1398 2704 1551 2760 sicut
1580 2704 1721 2762 luna
1766 2724 1923 2763 nunc

262 2793 476 2849 crescit
511 2791 571 2847 in
603 2790 846 2859 lumine,
879 2809 1036 2848 nunc
1067 2792 1370 2860 decrescit,
1394 2793 1475 2849 ita
1503 2799 1707 2850 sancta
1736 2795 1925 2851 Eccle-

266 2881 357 2937 sia
384 2898 541 2936 nunc
571 2879 630 2935 in
662 2897 803 2954 pace
848 2882 1076 2948 crescit,
1111 2898 1270 2937 nunc
1316 2881 1377 2937 in
1416 2883 1924 2955 persecutionibus

267 2969 573 3026 decrescit.
608 2969 893 3042 Quodque
923 2970 1210 3042 sequitur,
1242 2973 1300 3026 et
1343 2970 1454 3026 erit
1505 2972 1815 3028 sabbatum
1855 2990 1925 3029 ex

269 3058 536 3126 sabbato,
572 3056 847 3113 similiter
874 3058 945 3113 ad
979 3058 1238 3131 requiem
1289 3058 1604 3115 electorum
1650 3061 1921 3133 pertinet.

266 3146 592 3205 Sabbatum
606 3144 763 3201 enim
776 3146 1195 3219 interpretatur
1210 3147 1460 3220 requies.
1492 3147 1615 3205 Erit
1634 3165 1769 3223 ergo
1793 3151 1924 3207 sab-

2023 680 2156 718 vero
2188 669 2533 735 spreverunt
2579 682 2672 721 me
2716 666 2844 733 (ιω.
2896 670 2957 735 1),
3015 690 3041 715 η
3087 668 3189 722 sed
3238 670 3522 726 cadavera
3552 688 3685 728 om-

2024 751 2189 806 nium
2224 754 2602 824 reproborum
2638 753 2737 827 qui
2771 755 3130 827 praevaricati
3181 762 3322 813 sunt
3366 757 3426 813 in
3477 764 3680 827 Deum,

2025 841 2305 895 mandata
2327 841 2473 913 legis
2492 842 2778 899 naturalis
2798 842 2887 898 vel
2910 844 3139 917 scriptae
3163 847 3680 919 transgredientes.

2025 929 2138 983 Nec
2159 929 2371 985 mirum
2394 931 2440 984 si
2461 930 2626 986 electi
2652 932 2779 1003 jam
2804 933 3167 989 immortales
3186 933 3468 991 videbunt
3491 954 3688 1010 repro-

2025 1016 2130 1071 bos
2162 1018 2488 1085 damnatos,
2525 1037 2659 1075 cum
2695 1021 2988 1093 prophetas
3021 1022 3213 1078 adhuc
3247 1024 3527 1081 mortales
3559 1027 3683 1084 haec

2025 1106 2223 1161 omnia
2256 1124 2359 1179 per
2387 1107 2837 1181 intelligentiam
2868 1109 3064 1166 videre
3095 1113 3437 1169 meruerint.
3473 1137 3502 1165 «
3536 1115 3685 1181 Quia

2024 1211 2158 1250 vero
2206 1212 2275 1250 ex
2306 1196 2426 1251 viro
2449 1202 2686 1269 sumpta
2705 1202 2796 1253 est
2816 1198 3268 1273 mulier,corpus
3288 1201 3394 1257 viri
3417 1206 3507 1258 est
3526 1203 3680 1271 (Gen.

2025 1286 2089 1351 11)
2124 1300 2136 1338 :
2176 1308 2201 1332 ››
2227 1285 2441 1340 idcirco
2473 1285 2531 1339 in
2566 1286 2800 1342 nomine
2822 1286 3079 1341 virorum
3105 1289 3686 1362 comprehenduntur

2025 1376 2084 1426 et
2115 1372 2410 1428 mulieres.
2444 1373 2736 1430 Cadavera
2784 1379 2980 1431 autem
3031 1376 3417 1447 appellantur,
3452 1380 3595 1451 quia
3623 1381 3682 1436 in

2026 1465 2302 1515 aeternam
2336 1461 2547 1517 cadent
2579 1462 3038 1518 damnationem.
3066 1463 3229 1519 Unde
3258 1470 3314 1519 et
3346 1465 3454 1537 ipsi
3478 1468 3688 1524 daemo-

2026 1565 2131 1603 nes
2163 1549 2444 1605 cadavera
2475 1549 2587 1605 dici
2621 1554 2890 1623 possunt,
2937 1550 3037 1623 qui
3089 1551 3365 1609 similiter
3393 1554 3452 1610 in
3484 1572 3686 1628 paruas

2026 1636 2304 1709 gehennae
2334 1638 2733 1694 cadent.Unde
2764 1643 2821 1695 et
2850 1655 2884 1694 a
2914 1638 3163 1695 Domino
3194 1641 3571 1714 appellantur
3589 1644 3688 1701 ho-

2028 1725 2237 1781 mines.
2270 1749 2299 1775 ‹‹
2335 1725 2636 1793 Inimicus,
2668 1726 2880 1799 inquit,
2914 1726 3090 1783 homo
3134 1728 3257 1784 haec
3308 1730 3446 1786 fecit
3474 1732 3682 1804 (Matth.

2026 1814 2150 1887 x11).
2188 1837 2214 1863 υ
2246 1835 2276 1864 ‹‹
2308 1814 2550 1871 Vermes
2597 1832 2800 1871 eorum
2853 1833 2967 1871 non
3020 1816 3368 1884 morientur,
3420 1824 3480 1875 et
3528 1820 3686 1893 ignis

2028 1921 2229 1960 eorum
2262 1921 2377 1959 non
2408 1903 2894 1977 exstinguetur,et
2923 1908 3096 1960 erunt
3127 1921 3314 1979 usque
3345 1908 3417 1963 ad
3451 1909 3688 1966 satieta-

2029 1998 2146 2049 tem
2177 1992 2421 2048 visionis
2452 1992 2611 2049 omni
2642 1992 2824 2049 carni.
2862 2015 2888 2041 ››
2918 1992 3128 2049 Vernis
3177 1998 3235 2050 et
3283 1994 3437 2068 ignis
3469 1995 3527 2052 in
3575 1998 3685 2056 hoc

2027 2082 2152 2138 loco
2184 2086 2375 2154 potest
2402 2080 2648 2155 intelligi
2700 2081 3060 2138 conscientia
3110 2088 3504 2154 peccatorum,
3554 2104 3685 2159 quae

2027 2175 2473 2243 torquetomnes
2493 2170 2549 2225 in
2568 2168 2877 2242 suppliciis
2889 2170 3450 2244 constitutos,quare
3468 2174 3527 2229 in
3548 2192 3687 2248 pra:-

2030 2260 2177 2315 senti
2212 2258 2423 2315 sarculo
2470 2259 2627 2315 vitiis
2674 2260 3010 2328 servientes,
3038 2262 3333 2317 caruerint
3375 2263 3529 2319 bono
3581 2282 3685 2338 pro

2030 2365 2144 2421 quo
2189 2352 2723 2404 remunerarentur.
2776 2347 2939 2403 Unde
2989 2348 3245 2421 quodam
3294 2349 3419 2405 loco
3470 2352 3689 2409 dicitur

2031 2437 2115 2492 sic
2149 2454 2162 2490 :
2196 2436 2379 2492 Tinea
2408 2437 2659 2491 comedit
2691 2436 3130 2504 vestimentum,
3163 2441 3222 2492 et
3249 2440 3466 2495 vermis
3497 2457 3686 2498 corro-

2031 2526 2120 2581 dit
2147 2524 2397 2597 lignum,
2430 2530 2487 2581 et
2541 2524 2694 2597 ignis
2739 2526 2976 2581 devorat
3027 2524 3188 2599 ligna
3222 2544 3235 2581 :
3270 2526 3355 2583 sic
3388 2545 3602 2585 mceror
3629 2534 3690 2587 et

2033 2613 2275 2669 tristitia
2302 2614 2596 2669 excruciat
2623 2630 2724 2669 cor
2747 2614 2999 2669 viri.lste
3028 2613 3185 2687 ignis
3207 2628 3320 2671 non
3353 2616 3690 2692 exstingue-

2031 2706 2148 2768 tur,
2181 2706 2239 2756 et
2285 2702 2499 2756 vermis
2548 2718 2665 2757 non
2716 2702 3018 2769 morietur,
3051 2703 3193 2774 quia
3223 2702 3307 2759 illi
3339 2706 3691 2764 mternaliter

2031 2790 2090 2845 in
2124 2789 2311 2861 poenis
2344 2790 2685 2857 manebunt,
2720 2794 2779 2844 et
2807 2806 3041 2863 semper
3069 2790 3303 2863 propria
3331 2794 3689 2851 conscientia

2029 2879 2479 2950 torquehuntur.
2514 2878 2707 2934 Potest
2732 2882 2791 2933 et
2820 2878 2901 2933 ita
2931 2878 3199 2952 intelligi,
3232 2882 3299 2934 ut
3324 2881 3599 2938 credatur
3624 2883 3684 2939 in

2032 2967 2259 3022 inferno
2289 2966 2444 3039 ignis
2472 2984 2600 3022 esse
2631 2966 2975 3033 materialis,
3017 2971 3077 3022 et
3121 2968 3338 3023 vermis
3387 2969 3683 3039 similiter,

2032 3055 2133 3127 qui
2182 3056 2497 3111 comedunt
2526 3059 2584 3109 et
2612 3055 2892 3111 devorant
2941 3053 3175 3111 illorum
3224 3072 3468 3129 corpora
3499 3075 3513 3114 :
3552 3058 3690 3117 licet

2031 3143 2270 3215 quidam
2305 3142 2452 3199 falso
2482 3142 2736 3198 dixerint
2764 3158 2978 3214 corpus
3008 3159 3244 3198 aereum
3272 3160 3403 3200 esse
3430 3150 3565 3217 post
3592 3162 3691 3219 ge-

263 3235 471 3290 batum
513 3252 581 3290 ex
629 3235 896 3301 sabbato,
950 3235 1007 3291 id
1059 3240 1149 3291 est
1191 3236 1292 3309 qui
1342 3236 1438 3295 hic
1483 3237 1832 3310 requieverit
1886 3257 1920 3296 ει
1962 3305 1995 3310 _
2032 3232 2287 3288 neralem
2321 3232 2830 3297 resurrectionem,
2860 3235 2917 3286 et
2946 3230 3005 3286 in
3038 3235 3243 3288 tenues
3273 3249 3449 3290 auras
3480 3234 3689 3291 dissol-

262 3339 440 3395 pravo
470 3338 662 3395 opere,
696 3321 816 3378 illic
842 3322 1168 3396 requiescet
1196 3305 1256 3380 in
1289 3328 1504 3381 aeterna
1534 3326 1915 3383 beatitudine.
1952 3305 1996 3371 (ἶ
2032 3322 2308 3378 vendam.
2345 3320 2563 3375 Idcirco
2593 3324 2788 3375 autem
2818 3319 3033 3375 vermis
3063 3336 3266 3376 eorum
3314 3338 3431 3377 non
3482 3324 3689 3379 morie-

271 3435 292 3461 ι
326 3410 535 3467 Veniet
572 3411 766 3468 omnis
817 3427 972 3479 caro,
1025 3416 1090 3467 ut
1136 3413 1337 3469 adoret
1364 3430 1561 3470 coram
1594 3415 1737 3472 facie
1767 3433 1915 3485 mea,

266 3499 411 3555 dicit
440 3499 747 3556 Dominus.
784 3522 811 3550 ››
842 3501 959 3556 Hoc
990 3501 1320 3572 specialiter
1348 3507 1538 3575 potest
1584 3505 1810 3561 rcferrri
1845 3506 1918 3561 ad

265 3587 502 3653 electos,
531 3592 590 3644 et
621 3588 970 3663 generaliter
1015 3589 1088 3645 ad
1136 3607 1309 3645 omne
1351 3607 1539 3663 genus
1568 3592 1917 3649 humanum.

271 3677 474 3733 Veniet
505 3676 741 3750 (inquit)
773 3677 967 3734 omnis
998 3695 1153 3746 caro,
1186 3677 1242 3733 id
1275 3683 1368 3734 est
1395 3680 1589 3736 omnis
1619 3681 1838 3738 electus
1858 3681 1920 3737 in

264 3764 360 3819 die
382 3765 616 3836 judicii,
650 3769 717 3821 ut
745 3766 949 3822 adoret
995 3783 1192 3822 coram
1242 3767 1390 3823 facie
1438 3785 1587 3837 mea,
1616 3769 1676 3825 id
1726 3775 1817 3826 est
1858 3770 1917 3826 in

264 3854 575 3925 praesentia
606 3870 738 3909 mea
767 3871 1000 3927 semper
1022 3872 1035 3911 :
1057 3854 1146 3911 vel
1177 3855 1237 3911 in
1269 3856 1396 3929 ipso
1417 3857 1665 3929 judicio,
1693 3864 1751 3914 et
1783 3859 1918 3921 boni

262 3945 323 3996 et
349 3941 489 3997 mali
546 3941 755 3999 timore
787 3941 1166 3999 inenarrabili
1217 3944 1530 4017 perterriti,
1593 3947 1923 4004 adorabunt

262 4029 685 4103 omnipotentis
715 4029 815 4087 Dei
848 4031 1191 4103 potentiam,
1225 4034 1549 4090 secundum
1583 4034 1727 4091 illud
1752 4036 1921 4091 :«Vi-

261 4118 425 4173 debit
453 4118 648 4175 omnis
677 4134 812 4175 caro
843 4118 1102 4177 salutare
1134 4119 1253 4189 Dei,
1287 4120 1345 4176 id
1389 4126 1481 4179 est
1520 4122 1716 4180 omnis
1744 4123 1921 4181 homo

261 4205 391 4277 (13a.
427 4208 537 4275 ιι).
565 4228 595 4255 ››

2028 3415 2146 3477 tur,
2177 3415 2234 3465 et
2265 3408 2418 3483 ignis
2450 3426 2564 3465 non
2604 3408 3029 3485 exstinguetur,
3079 3408 3219 3481 quia
3264 3427 3400 3467 esca
3448 3410 3684 3468 illorum

2028 3503 2201 3556 erunt
2229 3516 2435 3554 omnes
2468 3498 2718 3571 reprobi,
2751 3502 2809 3552 et
2835 3515 2904 3553 ex
2933 3498 3079 3570 ipsis
3110 3499 3375 3570 reprobis
3417 3499 3528 3556 erit
3558 3518 3683 3557 ma-

2029 3588 2205 3643 teries
2239 3588 2392 3659 ignis
2424 3592 2481 3641 et
2509 3585 2744 3653 vermis,
2778 3586 2878 3657 qui
2927 3586 3132 3642 tandiu
3179 3586 3382 3643 vivunt
3418 3590 3679 3662 quandiu

2030 3677 2248 3732 habent
2277 3676 2581 3731 materiam
2613 3692 2729 3747 qua
2760 3679 3094 3746 pascantur.
3134 3677 3297 3743 Quod
3349 3682 3548 3733 autem
3605 3695 3691 3734 se-

2030 3765 2251 3836 quitur,
2301 3767 2475 3819 erunt
2521 3779 2725 3819 omnes
2770 3763 2999 3835 reprobi
3053 3781 3240 3836 usque
3287 3765 3360 3820 ad
3413 3765 3684 3822 satietem

2027 3853 2271 3910 visionis
2300 3852 2460 3908 omni
2495 3852 2678 3919 carni,
2712 3852 2769 3906 id
2803 3856 2893 3907 est
2921 3852 3079 3907 omni
3130 3852 3331 3918 electo,
3377 3853 3689 3926 tripliciter

2029 3941 2275 4014 intelligi
2325 3944 2515 4012 potest
2546 3957 2559 3995 :
2590 3938 2676 3995 vel
2717 3939 2858 4011 quia
2907 3939 2967 3994 in
3016 3939 3127 3995 hoc
3176 3939 3492 3996 satiabitur
3540 3941 3687 3999 visio

2029 4030 2345 4086 electorum
2376 4028 2532 4101 quod
2564 4026 2818 4083 viderint
2846 4044 2946 4083 eos
2977 4044 3011 4083 a
3040 4044 3102 4082 se
3123 4028 3289 4099 justo
3315 4028 3543 4099 judicio
3583 4029 3687 4087 Dei

2030 4122 2353 4192 separatos,
2385 4122 2443 4173 et
2473 4114 2797 4190 potentiam
2846 4114 3127 4171 amissam
3158 4132 3339 4188 quam
3370 4119 3684 4174 tenuerant

2030 4224 2209 4280 super
2256 4206 2626 4273 innocentes;
2676 4203 2764 4259 vel
2813 4204 2954 4276 quia
2997 4203 3079 4259 ita
3125 4204 3573 4261 damnabuntur
3619 4211 3688 4263 ut

340 4316 362 4343 ι
396 4295 466 4349 Et
494 4295 867 4366 egredientur
912 4299 971 4351 et
1015 4295 1300 4353 videbunt
1345 4298 1630 4355 cadavera
1657 4299 1919 4357 virorum
2022 4296 2172 4370 justi
2204 4294 2462 4367 amplius
2491 4292 2809 4362 nolint,nec
2839 4296 3153 4365 exposcent
3182 4292 3440 4365 amplius
3469 4293 3688 4351 vindic-

262 4381 366 4454 qui
396 4383 755 4455 praevaricati
788 4389 928 4441 sunt
957 4384 1015 4440 in
1051 4402 1164 4441 me.
1198 4408 1227 4436 »
1263 4385 1350 4441 Illi
1395 4386 1493 4459 qui
1525 4389 1919 4460 egredientur.

263 4471 431 4526 electi
454 4470 827 4528 solummodo
851 4472 1263 4546 intelliguntur
1288 4475 1923 4551 Egredientur(inquit)

263 4557 431 4614 electi
463 4575 580 4614 non
608 4557 758 4625 loco,
791 4560 892 4616 sed
924 4559 1274 4633 intelligent,
1324 4561 1411 4617 vel
1461 4561 1683 4619 visione
1732 4566 1922 4621 mani-

262 4645 432 4739 festa,
465 4650 532 4702 ut
562 4646 621 4702 in
653 4646 859 4739 laudes
889 4648 991 4705 Dei
1025 4648 1212 4722 magis
1245 4649 1737 4739 accendantur.Et
1756 4653 1913 4709 vide-
1946 4675 1994 4739 Ι)

264 4734 415 4791 bunt
443 4736 727 4793 cadavera
747 4736 1005 4793 virorum
1036 4754 1153 4794 non
1183 4737 1556 4795 solummodo
1584 4739 1924 4799 Iudaeorum

2030 4390 2173 4453 tam,
2224 4384 2379 4439 sicut
2424 4383 2598 4438 modo
2649 4382 2895 4445 faciunt,
2940 4381 3201 4437 dicentes
3236 4399 3249 4437 :
3283 4405 3311 4432 ‹‹
3346 4382 3684 4456 Usquequo,

2031 4474 2296 4538 Domine,
2331 4489 2446 4527 non
2479 4471 2741 4526 vindicas
2781 4470 3130 4543 sanguinem
3182 4474 3451 4527 nostrum
3502 4472 3683 4544 (Apoc.

2030 4562 2153 4634 v1)?
2184 4585 2208 4615 ι
2242 4560 2344 4617 Vel
2374 4559 2433 4614 in
2467 4558 2577 4615 hoc
2621 4558 2733 4615 erit
2779 4557 3016 4613 illorum
3066 4558 3328 4627 satietas,
3380 4558 3519 4632 quia
3567 4576 3683 4616 non

2033 4650 2374 4726 gaudebunt
2400 4648 2472 4704 de
2503 4649 2884 4721 reproborum
2915 4646 3313 4715 damnatione,
3339 4648 3443 4705 sed
3474 4648 3547 4705 de
3576 4665 3686 4705 sua

2035 4738 2399 4797 liberatione.
2430 4738 2634 4793 Amen.
