3944 6416
370 326 476 384 243

1492 318 1846 375 ANGELOMI
1884 315 2346 379 LUXOVIENSIS
2383 318 2693 379 MONACHI

3708 321 3817 377 244

374 448 532 520 cepit
556 462 697 505 ossa
728 462 837 505 sua
858 444 1147 515 asportari
1168 442 1247 499 ab
1269 445 1561 515 Egypto;
1586 441 1753 515 quod
1778 440 2023 511 quidem
2055 443 2102 494 Α
2212 440 2379 499 Liber
2406 443 2563 503 enim
2586 442 2714 511 jam
2747 442 2929 497 tinem
2970 442 3236 514 exposcit
3279 441 3553 504 clausula
3607 444 3817 501 termi-

374 542 432 595 et
460 535 763 610 apostolos
784 532 1125 591 invenimus
1156 539 1413 597 secutos,
1441 531 1693 591 Paulum
1722 530 1943 589 scilicet
1974 533 2030 584 et

374 625 736 687 Barnabam.
785 626 933 681 Nam
987 637 1123 677 cum
1176 621 1499 679 sacriﬁcari
1557 620 1669 677 sibi
1715 620 2025 684 vidissent,

375 716 626 775 scientes
638 727 887 767 exosum
906 726 1038 765 esse
1064 714 1201 777 Deo,
1228 710 1533 771 sciderunt
1548 710 1901 769 vestimenta
1920 724 2030 765 sua

373 804 676 861 dicentes:
706 799 858 865 Quid
892 798 1131 856 facitis?
1172 801 1333 857 Nam
1379 807 1431 855 et
1468 816 1571 855 nos
1625 798 1887 854 homines
1929 814 2027 853 su-

370 908 502 951 mus
531 890 690 949 vobis
720 888 941 944 similes
967 888 1121 953 (Act.
1146 905 1263 951 xlv,
1300 890 1405 959 lt).
1436 892 1498 943 Et
1530 888 1612 943 sic
1639 902 2027 959 compcscue.

280 993 293 1001 ”
369 984 508 1039 runt
531 978 762 1037 turbas.
797 976 1023 1037 Verum
1056 977 1105 1032 si
1155 978 1251 1033 cui
1296 976 1631 1048 spiritaliter
1657 975 2029 1050 interpretari

368 1065 677 1139 placuerit,
711 1064 985 1123 videlicet
1025 1072 1090 1129 ut
1116 1067 1338 1139 Joseph
1368 1065 1662 1135 signiﬁcet
1706 1064 2027 1120 Dominum

368 1172 437 1213 ac
467 1154 930 1228 Redemptorem
961 1160 1257 1213 nostrum.
1277 1158 1589 1227 Egyptus,
1621 1153 1725 1227 qui
1752 1154 2027 1225 interpre-

366 1249 524 1307 tatur
549 1245 826 1307 tenebrae,
853 1243 1129 1305 Judteam
1171 1250 1416 1316 propter
1445 1244 1871 1301 obscuritatem
1904 1260 2028 1299 suae

366 1333 673 1407 perﬁdia;
706 1349 852 1389 ossa
880 1334 1033 1403 ejus,
1062 1334 1310 1396 virtutes
1344 1332 1504 1399 ﬁdei,
1535 1348 1722 1406 quam
1748 1331 1913 1389 Judre
1946 1348 2031 1386 rea

367 1424 553 1487 tinnire
577 1422 850 1492 indigna,
881 1423 1007 1485 suis
1037 1422 1415 1491 exigentibus
1460 1422 1717 1485 tenebris
1745 1421 2027 1489 ignoran-

368 1512 487 1582 tia,
518 1511 646 1578 fuit;
666 1515 724 1568 et
750 1511 962 1575 fratres
989 1512 1230 1585 Joseph,
1263 1518 1503 1569 sanctos
1534 1510 1859 1584 apostolos,
1884 1527 2031 1583 quo-

365 1616 505 1663 rum
530 1600 792 1670 ﬁguram
821 1600 1026 1658 multis
1046 1600 1107 1657 in
1132 1601 1278 1657 locis
1299 1601 1596 1668 obtinent;
1627 1605 1843 1689 terram
1873 1599 2029 1689 ipso-
2054 1680 2061 1689 .

365 1705 525 1759 rum.
555 1688 876 1751 Ecclesiam
922 1704 998 1747 ex
1045 1690 1347 1759 gentibus,
1370 1690 1473 1751 ubi
1499 1689 1683 1749 ﬁdem
1712 1687 2031 1746 Salvatoris

2137 543 2285 584 num
2311 529 2470 600 petit.
2494 529 2659 585 Unde
2688 534 2742 584 et
2768 528 2825 589 in
2860 529 3019 585 calce
3050 528 3331 587 lectorem
3354 529 3667 593 humiliter
3680 546 3818 607 pre-

2136 634 2347 677 camur
2378 622 2440 677 ut
2483 618 2528 675 si
2568 619 2682 675 hoc
2728 618 3092 689 opusculum
3121 619 3373 675 lectione
3408 620 3669 690 dignum
3698 620 3817 676 du-

2136 707 2303 767 xerit,
2332 711 2387 762 et
2420 706 2557 761 utile
2606 708 2652 760 si
2693 708 2837 780 quid
2868 707 3179 775 invenerit,
3211 713 3521 767 auctorem
3553 709 3819 781 quidem

2138 782 2472 865 scriptionis
2530 797 2783 851 Domino
2833 795 3261 853 commendare
3320 812 3442 853 non
3500 797 3818 867 abnuerit,

2136 884 2277 954 quia
2310 884 2437 953 ejus
2465 889 2552 941 est
2576 884 2807 939 donum
2835 886 3001 956 quod
3034 885 3261 959 aliquid
3304 885 3571 945 utilitatis
3601 886 3817 943 edide-

2136 972 2272 1031 rim.
2306 976 2452 1029 Nam
2498 973 2544 1028 si
2594 973 2797 1046 aliqua
2840 974 3025 1039 digna
3068 975 3534 1047 reprehensione
3565 978 3818 1053 reperit,

2138 1070 2353 1116 uestrae
2407 1062 2665 1117 stultitiae
2707 1079 2777 1117 ac
2825 1062 3153 1119 inﬁrmitati
3200 1064 3467 1136 deputet,
3507 1066 3820 1137 quoniam

2136 1166 2258 1205 non
2305 1156 2474 1218 grata
2520 1166 2630 1207 nec
2670 1156 3175 1223 praesumptuosa,
3209 1152 3317 1209 sed
3363 1153 3669 1226 imperata
3700 1171 3823 1227 ρος

2137 1238 2250 1293 tius
2281 1238 2616 1299 describere
2670 1240 2868 1295 conati
2912 1257 3153 1307 sumus;
3200 1247 3256 1297 et
3296 1242 3340 1297 si
3374 1242 3448 1297 de
3479 1243 3823 1305 artiﬁciosa

2136 1328 2572 1399 campositione
2623 1335 2904 1386 causatus
2951 1330 3147 1394 fuerit,
3185 1330 3332 1389 sciat
3355 1332 3503 1403 quia
3540 1334 3822 1404 pruden.

2136 1421 2224 1473 tes
2258 1417 2364 1475 viri
2395 1434 2517 1473 non
2552 1422 2796 1487 compta
2826 1419 2930 1473 sed
2966 1419 3127 1474 utilia
3154 1421 3216 1479 in
3259 1420 3578 1493 Scripturis
3603 1423 3821 1496 requis

2136 1509 2294 1570 runt,
2327 1510 2382 1561 et
2426 1506 2508 1561 eis
2556 1521 2679 1560 non
2720 1507 2903 1562 verba
2947 1509 3288 1575 artiﬁciosa,
3321 1509 3429 1568 sed
3470 1510 3634 1567 dicta
3676 1527 3825 1584 pro-

2137 1593 2295 1648 ﬁcua
2352 1594 2626 1665 placent;
2685 1596 2829 1666 quia
2880 1596 3073 1652 sciunt
3125 1597 3293 1670 quod
3356 1613 3481 1655 non
3536 1614 3634 1654 res
3697 1616 3823 1675 pro

2135 1681 2358 1745 verbis,
2409 1680 2512 1736 sed
2558 1682 2739 1739 verba
2790 1700 2896 1756 pro
2954 1684 3135 1741 rebus
3204 1684 3621 1745 describendis
3670 1693 3828 1746 sunt

364 1778 808 1851 pradicarunt;
840 1793 955 1839 nos
987 1779 1395 1838 contradicere
1426 1778 1745 1844 nolumus;
1784 1776 1887 1831 sed
1918 1792 2029 1832 suo
2059 1787 2103 1841 Β
2138 1770 2430 1829 instituta.

362 1862 593 1935 judicio
623 1862 752 1927 sine
781 1864 1165 1923 contentione
1193 1864 1543 1939 delinquere
1572 1860 1970 1920 decrevimus.

372 2039 741 2046 Ἡ

368 2068 693 2079 ﬂ.-

1757 2458 2124 2500 LUIOVIBNSIS
2165 2458 2410 2499 MONACHI

785 2619 1919 2745 ENARRATIONES
2023 2619 2174 2749 ΙΝ
2285 2621 2804 2743 LIBROS
2890 2625 3389 2747 REGUM

1146 2991 1265 3071 DE
1316 2990 1811 3083 ANGELQMO
1868 2988 2340 3067 PREFATIO
2394 2988 3020 3062 APOLOGETICA

1834 3144 2266 3167 ’.Ψ-Ὗ-Ἧ

426 3290 579 3353 Cum
604 3288 1126 3364 aquampluribus
1151 3289 1457 3355 fratribus,
1476 3294 1533 3346 et
1560 3289 1741 3347 etiam
1773 3286 2025 3344 nonnul-
2053 3287 2094 3341 C
2131 3285 2468 3355 legentibus
2496 3287 2748 3356 detecta,
2774 3289 3093 3351 manifesta
3123 3290 3293 3361 foret,
3314 3296 3370 3348 et
3395 3291 3807 3355 oblocutionig

355 3378 430 3438 lis
443 3379 842 3450 prudentibus
874 3384 932 3435 et
955 3378 1261 3439 nobilibus
1280 3379 1443 3448 viris,
1462 3395 1705 3448 rogarer
1725 3383 1788 3432 ut
1815 3394 2025 3439 secun-

358 3466 509 3527 dum
538 3466 843 3529 solertiam
871 3466 1189 3527 doctorum
1227 3471 1285 3523 et
1320 3468 1704 3525 traditionem
1754 3466 2023 3536 magistri

356 3555 470 3612 viri
496 3554 924 3621 dissertissimi,
948 3555 1196 3627 aliquod
1225 3556 1588 3628 opusculum
1618 3556 1679 3612 in
1711 3556 2024 3613 volumina

357 3645 589 3713 Regum
618 3643 975 3713 digererem,
998 3658 1111 3712 ego
1141 3642 1305 3715 quod
1335 3660 1373 3699 a
1393 3643 1557 3701 nullo
1578 3644 1893 3700 doctorum
1917 3660 2025 3719 per

358 3731 566 3793 omnia
586 3732 927 3806 expositum
946 3731 1111 3804 apud
1132 3747 1244 3789 nos
1269 3731 1588 3788 haberetur
1608 3731 2019 3804 antiquorum,

356 3819 438 3881 ob
490 3820 850 3879 memoriam
885 3820 1161 3876 videlicet
1213 3819 1589 3892 frequentata
1646 3819 1896 3875 lectione
1932 3836 2020 3876 re.

357 3910 782 3978 creandam,et
800 3909 1132 3982 praesertim
1160 3913 1405 3982 propter
1433 3907 1566 3963 illos
1594 3908 1698 3981 qui
1730 3909 1916 3973 aiunt,
1941 3910 2018 3966 si-

356 4002 459 4061 cut
487 3998 549 4055 in
579 3997 826 4054 exordio
871 3997 1121 4068 hujusce
1162 3997 1485 4053 voluminis
1515 3997 1785 4053 notando
1835 3999 2016 4068 tetigi,

355 4101 481 4142 non
511 4086 627 4141 alia
642 4086 931 4141 contineri
955 4088 1068 4141 nisi
1089 4087 1296 4158 przelia
1316 4102 1526 4155 regum
1550 4092 1839 4159 actusque
1862 4089 2016 4149 mul-

355 4180 589 4231 torum:
621 4174 789 4245 quod
817 4190 930 4243 ego
960 4174 1064 4237 diu
1093 4174 1471 4247 multumque
1502 4176 1901 4233 delitescendo
1928 4179 2014 4233 t‘a-

355 4278 489 4329 cere
505 4261 727 4330 distuli,
743 4263 1004 4327 maxime
1030 4279 1170 4323 cum
1189 4279 1377 4336 parva
1400 4264 1589 4323 forem
1612 4266 1856 4327 scientia
1871 4283 2019 4341 prae-

356 4352 536 4419 ditus,
568 4368 680 4408 nec
726 4351 1175 4410 elucubratione
1214 4354 1355 4410 artis
1387 4355 1687 4411 saecularis
1720 4358 2014 4430 sapientia

354 4442 562 4512 fretus,
593 4445 670 4508 et,
702 4445 769 4498 ut
793 4441 877 4499 ita
911 4441 1136 4505 dicam,
1166 4442 1445 4501 indoctus
1494 4444 1755 4516 eloquio,
1787 4462 2012 4518 parvus

351 4531 613 4602 ingenio,
644 4546 755 4588 nec
798 4530 994 4589 dicere
1033 4537 1305 4603 poteram
1352 4532 1499 4589 illud
1525 4532 1887 4591 Psalmistte:
1920 4558 1947 4585 ι(
1966 4542 2009 4599 Α

2132 3375 2248 3433 bus
2265 3375 2503 3432 occasio
2520 3377 2880 3449 panderetur
2894 3380 3483 3451 reprehendentium.
3510 3386 3664 3439 Nam
3679 3390 3807 3456 sty:

2132 3464 2257 3520 lum
2280 3480 2419 3520 cum
2441 3465 2519 3520 ad
2540 3466 2805 3537 primum
2835 3468 3057 3527 librum
3083 3468 3482 3531 describendo
3516 3472 3799 3545 appuliss

2133 3568 2280 3616 sem,
2315 3558 2375 3607 ut
2420 3553 2619 3609 abdite
2668 3554 2874 3617 abdita
2919 3561 3161 3613 auctore
3206 3562 3326 3614 Deo
3374 3576 3797 3633 congererem,

2130 3642 2406 3713 exemplo
2434 3658 2569 3697 mea
2599 3643 2973 3716 impudentia
3003 3653 3091 3702 est
3114 3647 3366 3715 delecta,
3390 3655 3447 3704 et
3468 3650 3656 3706 sacris
3688 3667 3801 3709 au-

2129 3729 2297 3784 ribus
2318 3732 2620 3799 magniﬁci
2648 3735 2959 3804 Urogonis,
2974 3736 3194 3805 egregii
3216 3737 3437 3793 scilicet
3460 3739 3792 3810 pontiﬁcis,

2130 3833 2252 3889 quo
2268 3818 2415 3873 nihil
2444 3820 2704 3875 nobilius
2726 3823 2990 3895 nihilque
3012 3825 3386 3895 prudentius,
3412 3833 3500 3884 est
3524 3828 3797 3889 revelata

2128 3906 2464 3974 nugacitas.
2498 3911 2625 3974 Quo
2644 3919 2971 3982 comperto,
2989 3913 3168 3985 cmpit
3188 3914 3448 3984 ingenue
3470 3915 3663 3975 libera
3683 3933 3803 3973 au.

2127 3996 2391 4052 ctoritate
2420 3996 2715 4069 imperare
2750 4006 2810 4061 ut
2854 4000 3061 4059 darem
3109 4018 3379 4075 operam,
3413 4011 3471 4059 et
3516 4012 3795 4079 emptum

2127 4098 2280 4155 opus
2325 4101 2445 4141 non
2477 4086 2732 4153 ﬁnirem,
2766 4089 2870 4143 sed
2914 4091 3210 4160 sagaciter
3237 4092 3315 4148 ad
3348 4093 3577 4153 calcem
3610 4100 3796 4153 tenus

2125 4170 2536 4242 perducerem.
2554 4175 2735 4246 Cujus
2756 4193 2999 4249 quoque
3018 4181 3314 4250 preconiis
3332 4181 3675 4247 nullatenus
3698 4201 3794 4241 re-

2124 4260 2328 4316 sistere
2359 4261 2540 4326 valui,
2566 4280 2773 4321 verum
2809 4283 2917 4321 nec
2948 4273 3123 4324 tantae
3164 4271 3501 4331 auctoritati
3531 4288 3791 4333 renuere

2122 4351 2502 4422 praesumpsi,
2517 4367 2637 4407 non
2658 4354 2850 4410 solum
2875 4356 3123 4427 quidem
3144 4359 3288 4429 quia
3310 4358 3467 4417 ﬁlius
3491 4366 3617 4419 erat
3633 4377 3792 4435 prae-

2124 4438 2469 4494 stantissimi
2493 4442 2681 4499 Caroli
2714 4444 2979 4509 (lasseris,
3010 4446 3134 4503 imo
3155 4446 3335 4504 frater
3355 4449 3655 4509 mitissimi
3676 4453 3791 4507 Lu-

2121 4526 2313 4583 dovici
2343 4529 2651 4601 principis,
2684 4549 2894 4593 verum
2916 4535 3091 4590 etiam
3123 4536 3266 4608 quia
3296 4543 3422 4597 erat
3452 4539 3788 4613 praeclarus

350 4621 657 4681 mandatis
703 4620 820 4681 tuis
876 4620 1155 4678 intellexi.
1183 4641 1211 4672 »
1260 4624 1375 4678 Nec
1424 4622 1644 4692 dignus
1696 4639 1882 4693 eram,
1923 4625 2009 4683 in-
2037 4637 2084 4692 ι)
2121 4616 2388 4689 pontifex
2412 4622 2469 4673 et
2496 4619 2688 4675 abbas
2718 4638 2888 4679 meus
2918 4626 3213 4695 egregius.
3243 4627 3343 4683 His
3377 4629 3539 4687 enim
3568 4645 3784 4687 neces-

347 4728 559 4785 quam,
584 4715 651 4767 ut
676 4710 928 4781 angelus
955 4709 1218 4767 carbone
1240 4715 1495 4766 torrente
1527 4711 1601 4766 de
1632 4712 1802 4769 altari
1833 4731 2007 4786 spur,-

346 4815 420 4859 ca
446 4803 733 4874 purgaret
753 4798 993 4868 labella,
1020 4802 1083 4855 ut
1110 4797 1374 4855 valerem
1406 4800 1614 4856 Christi
1654 4800 1833 4869 digne
1864 4820 2013 4869 enu,

345 4883 538 4942 clears
569 4883 873 4956 mysteria.
897 4882 1012 4945 Sed
1040 4898 1250 4939 rursus
1279 4882 1370 4939 his
1402 4884 1891 4941 excusationibus
1922 4903 2007 4944 re.

342 4970 669 5031 luctantem
698 4977 1010 5045 omperunt
1033 4987 1131 5027 me
1153 4971 1419 5027 suasoris
1452 4970 1862 5041 aifaminibus,
1882 4976 2005 5037 imo

344 5060 848 5130 objurationibus,
868 5059 1228 5133 compellere
1259 5063 1325 5114 ut
1352 5060 1579 5132 aliquid
1604 5062 1776 5135 juxta
1807 5064 2003 5134 fruga-

339 5148 569 5209 litatem
590 5162 821 5219 sensus,
836 5153 893 5205 et
916 5146 1200 5218 ingenioli
1220 5148 1338 5205 mei
1359 5150 1768 5223 capacitatem,
1794 5171 2003 5212 secun.

340 5238 488 5296 dum
518 5237 687 5311 quod
717 5253 754 5297 a
783 5236 1093 5295 didascalo
1118 5236 1415 5295 inculcata
1434 5238 1687 5309 fuerant,
1707 5242 2001 5300 describe-

337 5344 402 5386 re
446 5328 789 5385 nullatenus
840 5326 1192 5389 abnuerem.
1246 5328 1359 5384 Sed
1410 5346 1550 5385 cum
1608 5348 1827 5401 negare
1874 5350 1998 5395 non

338 5410 884 5481 valerem,tandem
914 5425 1231 5469 assensum
1258 5413 1524 5486 praebere
1552 5413 1808 5487 decrevi,
1841 5423 1895 5473 et
1917 5418 1997 5475 ad

337 5493 560 5566 aliqua,
590 5495 727 5551 licet
756 5498 975 5550 temere
1005 5500 1060 5550 ct
1087 5494 1489 5566 formidolose,
1514 5498 1841 5569 digerenda
1860 5519 1995 5563 sum

337 5597 684 5651 aggressus,
704 5598 774 5637 eo
800 5582 1213 5656 videlicetjure
1241 5588 1475 5643 utintra
1504 5589 1866 5644 domesticos
1891 5608 1993 5663 pa-

334 5672 511 5739 rietes
542 5671 821 5726 secretius
852 5672 1186 5743 retinerent,
1215 5692 1323 5731 nec
1356 5678 1530 5733 alicui
1561 5678 1638 5733 ad
1670 5678 1995 5747 legendum

335 5757 719 5829 traderent,et
737 5760 857 5831 [ne]
872 5778 1010 5829 mea
1027 5763 1344 5839 imperitia,
1362 5781 1576 5835 verum
1588 5771 1645 5825 et
1665 5769 1990 5845 temeritas,

2122 4706 2394 4762 sitatibus
2440 4708 2709 4772 adactus.
2742 4714 3177 4788 priecouiisque
3207 4717 3582 4775 multimodis
3614 4736 3788 4782 com-

2117 4793 2347 4866 pulsus.
2368 4795 2471 4850 sed
2498 4798 2716 4867 potius,
2746 4807 2808 4854 ut
2836 4800 2917 4855 ita
2938 4801 3158 4866 dicam.
3179 4804 3389 4861 Christi
3405 4807 3642 4863 auxiliis
3660 4808 3785 4864 fre-

2116 4887 2231 4949 tus,
2263 4884 2366 4955 qui
2395 4890 2636 4956 praastat
2659 4889 2913 4944 inﬁrmis
2943 4890 3371 4950 conﬁdentiam
3396 4900 3454 4951 et
3478 4896 3661 4952 mutis
3692 4897 3783 4954 lo-

2115 4972 2435 5039 cntionem,
2458 4978 2745 5031 tentatum
2758 4993 2913 5051 opus
2930 4981 3244 5037 enucleare
3263 4986 3778 5061 praesumpsiﬁed

2115 5060 2426 5117 sciendum
2456 5067 2546 5117 est
2580 5064 2722 5137 quia
2753 5067 3125 5137 quibusdam
3147 5070 3207 5127 in
3237 5071 3384 5127 locis
3416 5077 3604 5131 totam
3635 5092 3782 5133 sen-

2114 5150 2380 5217 tentiam,
2412 5158 2591 5226 prout
2625 5170 2661 5210 a
2688 5156 3034 5213 doctoribus
3065 5164 3153 5215 est
3189 5163 3485 5234 exposita,
3516 5164 3778 5238 digessi;

2111 5238 2480 5310 quibusdam
2515 5242 2672 5297 enim
2725 5242 2905 5314 ivero}
2958 5263 3171 5303 eorum
3204 5266 3449 5307 sensum
3487 5269 3777 5325 sequeas,

2111 5328 2539 5400 compendiose
2568 5348 2841 5389 sermone
2872 5336 3061 5392 multa
3098 5338 3341 5407 inserui,
3366 5345 3424 5397 et
3460 5357 3533 5397 ex
3567 5344 3778 5402 multis

2111 5416 2187 5470 ad
2202 5433 2391 5473 unum
2406 5420 2676 5489 perduxi:
2692 5424 3065 5494 quibusdam
3077 5444 3321 5501 quoque
3339 5430 3505 5502 quod
3524 5431 3585 5486 in
3602 5431 3779 5492 libris

2109 5510 2492 5562 tractatorum
2526 5524 2646 5565 non
2677 5514 2889 5583 reperi,
2923 5515 3076 5572 sicut
3109 5533 3145 5573 a
3176 5520 3465 5585 magistro
3493 5537 3638 5577 aure
3668 5538 3773 5579 ac-

2107 5597 2527 5651 commodante
2552 5598 2749 5665 didici,
2776 5604 3031 5673 propriis
3052 5605 3221 5661 intuli
3239 5608 3775 5670 vcrbis..\’onnulla

2104 5683 2351 5754 quippe,
2381 5684 2515 5741 licet
2564 5678 2781 5759 pauca,
2815 5709 2949 5764 qua:
2981 5693 3197 5763 legenti
3237 5698 3441 5767 pateni
3479 5701 3774 5771 stipulam.

2102 5772 2389 5844 exemplis
2419 5777 2662 5849 pr0pria
2690 5780 2948 5840 inserere
2988 5786 3370 5859 praesumpsi,
3404 5792 3461 5847 et
3484 5788 3548 5847 in
3578 5788 3771 5851 libelli
