3944 6412
116 328 206 385 168
1322 323 1577 385 “ABR.
1627 320 1697 378 IN
1735 317 1986 387 ωηοε
2023 324 2284 387 REGUM.

3418 341 3521 396 246

117 415 341 509 modum
370 449 600 507 Christo
630 449 784 505 duce
822 447 992 505 ﬁnire
1020 448 1278 505 decrevi.
1345 454 1405 506 ln
1452 464 1575 522 quo
1628 460 1752 502 non
1780 445 1832 501 A
1859 446 2014 505 riam
2065 451 2379 511 mulierem
2419 454 2657 513 incaute
2712 455 3030 529 respicere.
3086 461 3151 516 ln
3200 475 3325 532 quo
3364 461 3524 520 facto

118 558 350 616 persona
394 545 482 597 est
530 539 896 597 attendenda
948 539 1282 602 scribentis.
1334 541 1442 597 sed
1489 538 1751 613 qualitas

117 630 532 688 consideranda
556 634 647 687 est
682 629 979 687 dictionis.
1024 633 1087 685 In
1139 646 1329 702 quam
1357 630 1580 686 multos
1610 633 1752 685 stre—

112 737 250 777 nuos
318 720 498 777 etiam
559 719 879 776 doctorum
942 719 1289 788 modernos,
1372 720 1479 793 qui
1560 718 1752 776 multa

110 825 331 883 quoque
386 808 647 882 posteris
704 808 1174 882 dereliquerunt,
1238 824 1311 866 ex
1365 809 1537 865 dictis
1591 807 1752 864 colli-

112 899 292 969 gendo
318 902 717 955 monumenta
747 903 1116 954 sanctorum.
1162 901 1290 957 Non
1340 897 1476 954 ideo
1519 897 1655 953 dico
1686 900 1754 953 ut

111 1005 300 1045 eorum
331 988 639 1058 gressibus
668 1003 767 1045 me
792 1003 1110 1060 coaequare
1135 988 1395 1055 valeam,
1420 986 1751 1061 praesertim

106 1095 229 1134 cum
257 1077 334 1134 illi
362 1094 498 1134 rore
528 1077 784 1134 caelestis
812 1076 1071 1133 nectaris
1100 1093 1354 1149 campos
1378 1076 1751 1135 maduerunt

106 1168 426 1224 divinarum
470 1168 913 1240 Scripturarum
959 1166 1374 1235 multimodos,
1428 1172 1486 1224 et
1534 1166 1749 1223 futuris

107 1257 318 1313 saeculis
363 1256 646 1313 dimisere
704 1256 979 1330 proﬁcua
1036 1255 1384 1326 legentlbus
1424 1274 1436 1313 :
1493 1272 1607 1326 ego
1654 1254 1751 1310 vix

104 1362 362 1419 aegreque
388 1347 607 1404 saltem
636 1363 889 1420 possum
938 1361 1011 1402 ex
1066 1362 1278 1402 eorum
1331 1346 1504 1402 dictis
1550 1344 1751 1401 decer-

104 1453 230 1509 pere
248 1436 599 1509 permodica
628 1441 684 1492 et
704 1435 952 1494 tandem
978 1435 1307 1506 intelligere
1333 1435 1429 1492 vel
1454 1434 1745 1491 minima:

103 1525 198 1581 sed
222 1540 296 1581 ne
319 1525 549 1582 videret
575 1525 849 1595 ingratus
876 1524 1167 1596 largitori,
1197 1524 1334 1581 licet
1372 1523 1743 1597 compulsus,

102 1614 306 1671 contuli
326 1614 708 1673 mediocriter
723 1614 827 1687 qui
842 1614 1011 1688 potui
1036 1614 1541 1689 praecipientibus.
1559 1611 1748 1671 Simul

100 1704 265 1759 etiam
289 1704 631 1761 notandum
673 1707 763 1761 est
798 1704 915 1760 illis
944 1704 1050 1776 qui
1100 1704 1159 1760 in
1200 1704 1315 1760 hoc
1344 1703 1499 1760 libro
1526 1718 1747 1775 parum

1862 535 2181 607 allegorica
2226 543 2403 601 etiam
2444 545 2801 615 signiﬁcatio
2844 546 3200 617 continetur,
3260 549 3412 608 sicut
3460 552 3525 609 in

1861 642 1972 682 suo
2008 626 2143 685 loco
2186 633 2430 697 abunde
2476 633 2928 708 descripsimus.
2974 637 3234 703 Quartus
3275 640 3523 714 modus,

1861 714 1966 771 ubi
2008 718 2184 775 nobis
2233 721 2563 796 aliquando
2606 724 2867 798 proprie,
2919 724 3249 799 aliquando
3298 730 3524 804 tropice

1860 804 2145 864 Divinitas
2175 810 2359 868 sacris
2390 812 2645 887 eloquiis
2673 814 3021 872 intimatur:
3064 815 3329 891 Proprie,
3372 819 3526 878 sicut

1860 894 2016 951 Elias
2047 896 2128 953 ait
2153 916 2165 954 :
2193 920 2221 949 «
2251 900 2400 957 Vivit
2418 902 2706 959 Dominus
2726 902 2789 960 in
2815 904 2990 975 cujus
3007 909 3334 979 conspectu
3355 912 3469 967 sto.
3492 931 3521 961 »

1862 986 1927 1039 Et
1952 983 2101 1042 illud
2126 1005 2138 1042 :
2173 1009 2201 1037 «
2233 991 2319 1046 Tu
2345 1005 2410 1046 es
2439 991 2601 1047 enim
2628 991 2785 1050 Deus
2807 993 2870 1051 in
2900 993 3052 1051 coelo
3083 1011 3350 1067 sursum,
3380 999 3522 1056 etin

1858 1077 2013 1130 terra
2045 1075 2351 1135 deorsum.
2388 1101 2417 1129 »
2452 1082 2554 1137 Et:
2602 1103 2631 1132 «
2681 1085 2803 1152 Ego
2833 1099 2970 1139 sum
3001 1085 3158 1141 Deus
3186 1085 3519 1160 Abraham,

1858 1166 1916 1219 et
1946 1165 2099 1219 Deus
2128 1169 2314 1237 lsaac,
2333 1172 2391 1225 et
2418 1169 2573 1226 Deus
2596 1171 2800 1227 Iacob.
2828 1193 2858 1223 »
2887 1173 3152 1245 Tropice,
3166 1174 3339 1243 juxta
3352 1176 3523 1249 quod

1859 1253 2167 1310 Michaeas:
2212 1278 2239 1306 ι(
2282 1256 2409 1315 Vidi
2436 1259 2759 1316 Dominum
2791 1260 3119 1323 sedentem.
3167 1268 3225 1320 et
3271 1280 3520 1323 omnem

1858 1342 2132 1401 militiam
2160 1345 2294 1403 coeli
2323 1348 2704 1405 assistentem
2727 1349 2798 1416 ei,
2824 1371 2853 1401 η
2885 1354 2944 1407 et
2966 1356 3181 1409 caetera
3198 1354 3358 1422 talia,
3380 1371 3521 1428 quas

1857 1432 1933 1488 de
1964 1434 2084 1488 Deo
2118 1434 2399 1492 translate
2427 1452 2551 1493 non
2581 1438 2824 1511 proprie
2852 1439 3044 1513 accipi
3077 1441 3289 1499 solent.
3335 1444 3519 1507 Quin-

1857 1525 1952 1576 tus
1982 1522 2376 1594 parabolaris,
2408 1542 2532 1599 quo
2570 1542 2712 1585 cum
2755 1526 2917 1585 aliud
2953 1527 3190 1598 dicitur,
3248 1530 3414 1587 aliud
3456 1531 3521 1588 in

1857 1611 2042 1667 sacris
2071 1613 2308 1685 paginis
2337 1614 2655 1673 invenitur.
2718 1616 2843 1675 Hoc
2895 1621 2985 1675 est
3030 1619 3200 1692 quod
3236 1619 3299 1677 in
3349 1619 3519 1677 titulo

1856 1701 2075 1774 psalmi
2095 1720 2275 1765 XXXIV
2295 1703 2538 1764 dicitur:
2565 1729 2593 1757 «
2617 1706 2893 1765 Psalmus
2912 1706 3029 1781 ipsi
3051 1708 3519 1783 David,quando

101 1792 342 1864 spiritale
374 1793 672 1850 contineri
701 1792 1093 1862 contendant,
1121 1792 1290 1865 quod
1320 1792 1415 1848 hic
1445 1791 1749 1863 Scriptura
1784 1799 1829 1854 Β
1856 1793 2250 1853 commutavit
2298 1794 2536 1855 vultum
2579 1812 2760 1857 suum
2806 1812 3016 1855 coram
3066 1797 3415 1859 Abimelech
3460 1802 3520 1855 et

101 1882 259 1951 (sicut
283 1882 343 1937 in
373 1881 583 1937 multis
626 1880 841 1937 divinis
890 1880 1328 1948 voluminibus)
1374 1894 1500 1935 non
1548 1878 1746 1934 solum

98 1970 268 2025 tribus
291 1970 494 2026 modis
522 1970 912 2042 dignoscitur,
950 1970 1124 2041 juxta
1171 1969 1318 2025 illud
1366 1966 1741 2025 Salomonis:

100 2062 227 2115 Ecce
255 2059 549 2133 descripsi
580 2076 716 2117 eam
743 2059 1082 2133 tripliciter:
1113 2058 1509 2115 verumetiam
1540 2056 1745 2114 multi-

96 2148 303 2219 pliciter
330 2149 647 2219 contineri,
678 2148 1015 2205 secundum
1060 2148 1227 2221 quod
1276 2148 1337 2203 in
1387 2147 1540 2203 libro
1584 2146 1747 2202 beati

95 2238 196 2292 Job
223 2238 589 2294 inscribitur.
618 2242 806 2311 Atque
838 2238 1089 2300 utinam,
1117 2237 1333 2310 inquit,
1361 2238 1514 2291 Deus
1538 2236 1744 2308 loque-

97 2331 240 2383 retur
267 2332 483 2396 tecum,
520 2333 580 2385 et
618 2327 954 2385 ostenderet
1002 2327 1108 2383 tibi
1156 2331 1381 2383 secreta
1412 2325 1741 2398 sapientiae,

97 2417 318 2488 etquod
344 2416 670 2489 multiplex
698 2418 828 2488 ejus
858 2422 1015 2473 esset
1041 2415 1156 2472 lex.
1211 2415 1385 2483 Quod
1426 2415 1745 2471 doctorum

99 2504 316 2563 solertia
346 2511 670 2564 attestante
692 2505 1117 2577 septemforme
1148 2506 1606 2575 dignoscuntur.
1628 2503 1745 2577 Ipsi

98 2598 219 2650 sunt
248 2595 405 2652 enim
441 2600 681 2669 septem
708 2595 902 2666 sigilli,
934 2595 1161 2668 quibus
1188 2594 1302 2651 iste
1326 2595 1495 2661 liber,
1530 2609 1744 2649 secun-

96 2683 227 2740 dum
254 2684 688 2759 Apocalypsim
726 2684 993 2753 Joannis,
1045 2686 1317 2755 signatus
1348 2701 1480 2740 esse
1510 2683 1744 2757 procla-

96 2779 292 2845 matur,
314 2791 502 2849 quem
523 2791 708 2831 nemo
729 2775 923 2847 potuit
941 2774 1192 2843 solvere,
1219 2779 1276 2831 et
1297 2774 1527 2847 aperire
1549 2772 1745 2844 signa-

96 2862 213 2919 cula
232 2864 378 2935 ejus,
406 2864 527 2921 nisi
549 2864 645 2920 leo
671 2863 747 2919 de
781 2864 940 2920 tribu
968 2864 1144 2928 Juda,
1165 2864 1271 2937 qui
1296 2863 1482 2920 habet
1509 2862 1744 2919 clavem

97 2953 282 3025 David,
329 2954 438 3027 qui
469 2955 638 3011 hunc
667 2958 726 3010 et
755 2953 1069 3024 signacula
1118 2954 1249 3025 ejus
1293 2952 1546 3026 aperuit.
1597 2954 1746 3010 Sunt

95 3043 235 3100 enim
288 3045 524 3117 primus
574 3043 920 3114 historialis,
986 3043 1291 3100 secundus
1359 3041 1741 3113 allegorialis,

97 3132 278 3189 tertius
305 3135 622 3207 utriusque
654 3136 738 3190 rei
767 3134 1018 3202 modus;
1063 3138 1338 3206 quartus,
1392 3132 1468 3189 de
1514 3132 1741 3189 incom-

94 3223 343 3281 mutabili
372 3224 601 3283 divinae
632 3224 927 3293 Trinitatis
957 3223 1252 3279 essentia:
1304 3222 1555 3295 quando
1586 3221 1744 3278 vide-
1794 3228 1799 3233 ‘

93 3309 211 3369 licet
253 3314 516 3388 proprie,
580 3313 833 3386 quando
880 3313 1105 3386 tropice
1165 3313 1350 3370 sacris
1407 3312 1744 3368 insinuetur

94 3403 347 3459 oraculis.
402 3404 666 3472 Quintus
721 3402 1118 3476 parabolaris,
1177 3401 1456 3459 videlicet
1495 3401 1741 3474 quando

93 3490 235 3548 aliud
262 3492 500 3565 dicitur,
520 3493 756 3550 etaliud
778 3493 1077 3550 invenitur
1095 3493 1405 3565 scriptum.
1429 3493 1641 3549 Sextus
1666 3490 1742 3547 de

95 3582 308 3648 gemino
337 3582 672 3640 Salvatoris
697 3583 983 3651 adventu,
1017 3599 1094 3638 ne
1120 3587 1225 3639 aut
1254 3581 1487 3655 primus
1514 3596 1627 3654 pro
1653 3596 1744 3638 see

93 3671 289 3742 eundo,
320 3678 424 3730 aut
445 3672 757 3730 secundus
783 3689 893 3746 pro
919 3673 1117 3746 primo
1146 3671 1532 3741 intelligatur.
1560 3670 1743 3744 Septi-

92 3774 210 3816 mus
227 3778 348 3834 quo
370 3763 457 3819 sic
477 3761 705 3819 divinis
735 3762 1045 3835 praeceptis
1066 3761 1440 3830 instruimur,
1486 3764 1552 3816 ut
1580 3764 1742 3816 certa

92 3848 204 3906 vitas
239 3852 489 3923 agendae
530 3852 751 3923 forma,
788 3851 942 3909 alius
981 3868 1125 3908 vero
1154 3851 1288 3907 vitae
1327 3849 1741 3922 signiﬁcandae

93 3939 262 4008 ﬁgura
288 3943 646 4013 regulariter
673 3942 1026 3998 innotescat.
1058 3940 1175 3998 Sed
1199 3941 1326 4013 jam
1351 3940 1641 4014 exemplis
1667 3956 1743 3996 ex

93 4026 189 4083 hoc
226 4031 531 4089 volumine
584 4031 869 4101 convenit
912 4030 1186 4097 edocere,
1234 4034 1302 4086 ut
1348 4029 1444 4085 his
1475 4030 1742 4104 primum

92 4117 261 4176 edocti
285 4122 479 4179 sciant
498 4120 697 4187 multa
716 4120 1003 4193 mysteria
1031 4120 1094 4177 in
1124 4136 1196 4176 eo
1227 4119 1481 4190 contegi.
1502 4119 1742 4176 Primus

93 4205 378 4266 historicus
405 4210 505 4271 ille
536 4214 651 4277 est,
683 4209 787 4267 ubi
813 4208 961 4266 nihil
991 4208 1253 4282 spiritale
1280 4209 1638 4276 continetur,
1662 4207 1739 4265 si-

92 4301 175 4351 cut
194 4297 270 4354 ait
286 4299 529 4356 Samuel
555 4316 569 4356 :
595 4321 627 4349 α
659 4298 855 4356 Melior
876 4303 969 4354 est
997 4297 1344 4353 obedientia
1368 4313 1555 4371 quam
1576 4296 1741 4353 victi-

95 4397 209 4452 mis,
232 4409 260 4435 »
285 4392 341 4443 et
363 4388 529 4444 mille
556 4386 720 4445 talia.
758 4386 1070 4444 Secundus
1104 4386 1488 4457 allegorialis,
1531 4385 1635 4442 ubi
1661 4385 1743 4457 ait

1854 1880 2083 1937 dimisit
2102 1898 2263 1956 eum,
2294 1906 2323 1935 »
2356 1900 2495 1941 cum
2519 1884 2584 1941 in
2610 1886 2728 1943 hoc
2756 1885 2911 1943 libro
2940 1903 3148 1944 coram
3173 1889 3350 1946 Achis
3374 1904 3517 1961 rege

1854 1971 1969 2026 hoc
1996 1971 2203 2029 fecisse
2233 1979 2533 2036 narratur.
2578 1978 2726 2032 Cum
2755 1991 2899 2047 ergo
2928 1993 3039 2050 pro
3067 1977 3244 2034 Achis
3272 1976 3516 2035 Abime-

1853 2058 1987 2117 lech
2016 2061 2234 2133 posuit,
2264 2062 2565 2132 legentem
2594 2064 2848 2131 monuit,
2876 2081 2951 2121 ex
2978 2065 3167 2138 ipsius
3224 2066 3515 2140 interpre-

1855 2150 2077 2205 tatione
2104 2151 2384 2209 nominis.
2439 2152 2631 2209 latens
2687 2153 2863 2210 altius
2920 2158 3233 2222 penetrare
3289 2160 3515 2229 myste-

1852 2240 2031 2308 rium,
2064 2239 2139 2295 de
2169 2257 2291 2312 quo
2317 2242 2560 2298 inferius
2588 2260 2700 2298 suo
2729 2243 2791 2298 in
2816 2242 2950 2298 loco
2977 2243 3360 2315 digessimus.
3408 2244 3516 2301 Cui

1854 2329 2034 2385 etiam
2060 2331 2338 2386 convenit
2359 2330 2507 2387 illud
2532 2351 2544 2388 :
2580 2355 2609 2383 «
2642 2332 2917 2389 Carduus
2943 2333 3048 2406 qui
3078 2337 3167 2389 est
3192 2333 3255 2389 in
3287 2333 3515 2391 Libano

1855 2418 2014 2474 misit
2042 2418 2122 2476 ad
2152 2419 2422 2490 cedrum,
2468 2438 2603 2493 quae
2635 2426 2724 2478 est
2748 2422 2813 2479 in
2845 2422 3093 2488 Libano,
3139 2426 3204 2479 ut
3240 2422 3413 2480 daret
3459 2423 3515 2480 ei

1852 2508 2041 2564 ﬁliam
2067 2525 2265 2579 suam,
2290 2532 2319 2559 »
2350 2514 2406 2565 et
2426 2510 2676 2583 reliqua.
2714 2514 2792 2569 De
2822 2515 2990 2569 sexto
3014 2527 3179 2580 vero,
3203 2511 3307 2569 ubi
3330 2512 3515 2581 gemi-

1851 2613 1969 2653 nus
1998 2598 2292 2655 adventus
2321 2599 2529 2657 Christi
2564 2600 2922 2671 continetur,
2960 2601 3190 2659 cunctis
3219 2604 3385 2674 patet
3407 2602 3515 2675 qui

1852 2686 1926 2742 sit
1950 2686 2207 2759 primus,
2234 2688 2370 2760 quis
2398 2689 2505 2746 erit
2528 2689 2786 2758 futurus,
2818 2690 2926 2763 qui
2951 2693 3201 2763 uterque
3232 2688 3329 2746 hic
3358 2703 3514 2760 prte-

1851 2775 2165 2845 ﬁguratur.
2190 2776 2489 2850 Septimus
2520 2780 2774 2853 proinde
2801 2779 3046 2850 modus,
3070 2778 3176 2852 qui
3206 2777 3516 2849 geminam

1852 2871 2290 2939 praeceptorum
2321 2869 2534 2926 retinet
2561 2869 2932 2943 qualitatem.
2956 2869 3052 2927 ille
3071 2873 3162 2927 est
3178 2868 3315 2926 vitae
3335 2882 3517 2938 agen-

1853 2956 1967 3025 dtB,
2012 2960 2079 3017 ut
2105 2957 2363 3030 exempli
2394 2959 2587 3028 gratia
2612 2976 2625 3016 :
2656 2982 2685 3012 «
2716 2959 2934 3032 Diliges
2962 2959 3311 3033 proximum
3343 2962 3516 3015 tuum

1854 3050 2148 3117 tanquam
2176 3047 2472 3119 teipsum:
2532 3049 2644 3114 Qui
2696 3049 2858 3105 enim
2907 3048 3100 3119 diligit
3142 3047 3513 3120 proximum,

1850 3135 2046 3206 legem
2068 3136 2454 3209 adimplevit:
2518 3160 2546 3189 »
2599 3139 2774 3205 Quod
2822 3138 3012 3195 David
3053 3154 3180 3209 non
3221 3136 3423 3194 solum
3450 3136 3515 3193 in

1824 3208 1829 3229 ⁵
1850 3226 2110 3283 Jonatha
2126 3208 2414 3297 implevit,
2432 3244 2643 3283 verum
2660 3227 2791 3284 etin
2815 3227 2976 3297 Saul,
3000 3208 3185 3300 quem
3199 3224 3516 3283 inimicum

1849 3314 2090 3373 dilexit:
2123 3313 2198 3371 de
2221 3330 2346 3387 quo
2380 3316 2682 3389 Scriptura
2704 3316 2812 3373 ait:
2846 3338 2878 3369 α
2908 3315 3139 3373 Planxit
3166 3318 3367 3371 autem
3398 3314 3515 3371 Da-

1848 3404 1953 3460 vid
1979 3420 2161 3477 super
2188 3404 2329 3461 Saul
2353 3408 2412 3462 et
2434 3404 2629 3462 ﬁlium
2654 3407 2808 3478 ejus,
2840 3427 2870 3459 »
2897 3408 2956 3462 et
2981 3405 3231 3479 reliqua.
3262 3405 3396 3477 Ipse
3425 3406 3516 3461 est

1850 3497 1908 3550 et
1933 3493 2269 3564 ﬁguraudte
2291 3494 2447 3559 vitae,
2471 3495 2807 3552 carnalium
2836 3494 3112 3553 videlicet
3132 3493 3515 3551 victimarum

1849 3588 1907 3641 et
1932 3599 2221 3641 vasorum
2246 3573 2703 3658 compositione.
2735 3585 2994 3643 Victima
3022 3583 3185 3642 enim
3213 3584 3329 3642 hoc
3357 3598 3516 3657 prae-

1846 3673 2196 3745 ﬁgurabant
2221 3674 2390 3748 quod
2412 3675 2685 3733 hortatur
2707 3675 3050 3749 Apostolus,
3073 3678 3140 3732 ut
3166 3696 3199 3730 ι(
3230 3673 3515 3732 exhibeas

1849 3763 1922 3820 tis
1955 3779 2211 3836 corpora
2256 3768 2456 3821 vestra
2491 3765 2758 3822 hostiam
2794 3764 3021 3832 vivam,
3062 3766 3359 3830 sanctam,
3389 3764 3515 3821 Deo

1848 3853 2209 3927 placentem.
2238 3874 2269 3904 »
2315 3854 2475 3911 Vasa
2516 3871 2655 3912 vero
2687 3853 2954 3911 similiter
2978 3852 3199 3911 electos
3229 3852 3514 3923 designa-

1848 3943 2017 4011 bant,
2049 3943 2268 4001 divinis
2311 3942 2525 4000 oﬂiciis
2563 3949 2912 4018 occupatos.
2945 3942 3057 4009 Qui
3104 3940 3330 3999 modus
3370 3957 3514 3998 cum

1850 4032 2118 4091 secundo
2149 4032 2357 4090 similis
2385 4033 2682 4101 videatur,
2714 4033 2818 4090 illa
2854 4037 3062 4091 tamen
3106 4031 3339 4089 ratione
3385 4030 3512 4087 dis-o

1851 4121 2110 4179 cernitur
2133 4121 2302 4195 quod
2329 4122 2426 4179 hic
2455 4122 2536 4179 ad
2564 4139 2765 4179 mores
2788 4126 3047 4192 tantum,
3078 4119 3175 4178 ille
3204 4120 3388 4178 etiam
3417 4136 3514 4178 re-

1850 4212 2151 4282 digendas
2180 4215 2271 4269 est
2293 4212 2372 4269 ad
2392 4211 2598 4270 ﬁdem.
2624 4215 2842 4271 Verum
2860 4212 2998 4270 licet
3016 4212 3109 4270 isti
3129 4211 3298 4270 modi
3318 4210 3518 4269 multi«

1850 4301 2080 4374 pliciter
2107 4300 2240 4357 istic
2268 4301 2669 4371 inveniantur,
2719 4307 2923 4360 tamen
2966 4302 3141 4375 juxta
3193 4301 3514 4374 jugitatem

1851 4389 2094 4463 triplicis
2122 4388 2456 4454 divisionis,
2480 4390 2823 4449 studuimus
2846 4391 3113 4465 primum
3140 4391 3511 4462 historicum,

92 4474 317 4577 quodin
340 4477 635 4577 omnibus
655 4476 885 4576 ﬁnibus
907 4475 1087 4575 Israel
1106 4476 1309 4577 puella
1327 4475 1601 4577 speciosa
1602 4473 1744 4577 regi
1776 4521 1820 4577 Β
1850 4497 2001 4577 quae.
2016 4484 2194 4577 gesta
2220 4479 2542 4555 depromit,
2567 4484 2845 4553 tangere:
2877 4480 3096 4577 deinde
3114 4480 3514 4577 .allegoricam

97 4559 255 4620 David
274 4568 621 4640 requiritur,
650 4566 713 4622 in
734 4565 906 4636 cujus
929 4565 1064 4623 sinu
1086 4565 1349 4622 dormiat
1378 4568 1435 4622 et
1466 4562 1702 4623 caleﬁat
1725 4581 1739 4621 :

93 4655 195 4708 tam
214 4666 395 4723 casta,
429 4662 497 4714 ut
516 4654 880 4713 calefactum
911 4655 991 4713 ad
1020 4654 1335 4711 libidinem
1362 4670 1487 4713 non
1513 4671 1739 4729 provo-.

94 4746 198 4810 cet;
226 4759 357 4817 quae
374 4745 744 4819 sapientiam
767 4744 1006 4815 ﬁgurat,
1031 4760 1168 4819 quae
1190 4744 1372 4802 etiam
1398 4743 1462 4801 in
1492 4743 1740 4803 senibus

94 4845 196 4887 non
219 4837 492 4901 senescit,
536 4834 647 4891 sed
690 4833 1149 4905 frigescentibus
1179 4834 1467 4893 membris
1492 4834 1740 4893 dilecth

96 4933 171 4974 res
191 4938 322 4980 suos
344 4925 485 4997 igne
517 4924 816 4997 ampliore
845 4922 1175 4981 succendit.
1203 4926 1455 4997 Tertius,
1487 4930 1739 4999 uterque

97 5013 263 5070 modis
290 5016 440 5073 sicut
463 5017 527 5073 in
562 5014 755 5072 David
776 5015 1129 5082 ostenditur,
1152 5014 1257 5072 ubi
1281 5015 1563 5072 Betsabee
1588 5032 1738 5073 uxo—

97 5114 200 5156 rem
228 5106 369 5161 Uria:
392 5106 641 5162 incaute
672 5104 1007 5178 respexisse
1039 5104 1274 5175 dicitur,
1325 5108 1383 5160 et
1411 5120 1694 5178 peccasse
1720 5122 1735 5167 :

101 5194 149 5243 ut
170 5190 605 5253 demonstretur
633 5192 804 5268 quod
843 5193 1046 5251 nullus
1074 5194 1295 5252 debeat
1329 5194 1503 5266 juxta
1550 5195 1737 5252 histo-

1852 4569 2372 4640 signiﬁcationem,
2416 4587 2553 4644 quae
2595 4570 2783 4628 ﬁdem
2824 4569 3085 4628 aediﬁcat
3110 4568 3399 4643 pandere,
3430 4567 3514 4627 ad

1849 4663 2185 4717 extremum
2203 4675 2450 4731 quoque
2474 4661 2897 4729 moralitatem,
2924 4676 3062 4733 quea
3081 4658 3267 4716 vitam
3292 4659 3513 4714 hones-

1849 4752 1975 4810 tam
2004 4749 2316 4822 componit
2342 4747 2716 4818 subnectere,
2775 4765 2851 4806 ne
2905 4746 3176 4821 pondere
3223 4744 3409 4803 solius
3451 4747 3513 4802 et

1851 4837 2029 4895 unius
2055 4837 2458 4909 intelligentiae
2486 4853 2753 4911 pressus,
2802 4840 2908 4893 aut
2950 4833 3214 4892 historias
3257 4836 3315 4889 et
3362 4831 3510 4889 alle-

1849 4927 2030 4997 goriae
2058 4925 2218 4987 mole
2240 4929 2524 4995 gravatus
2552 4925 2893 4984 desidiosus
2914 4923 3099 4980 lector
3125 4921 3511 4980 occasionem

1846 5017 2036 5090 possit
2063 5015 2326 5079 invenire
2356 5013 2780 5081 excusationis,
2835 5011 2943 5069 sed
2992 5010 3194 5085 potius
3223 5026 3363 5068 cum
3392 5011 3511 5069 hac
3608 5042 3617 5045 λ

1847 5109 2199 5178 paupertate
2226 5104 2559 5161 discurrere
2586 5101 2783 5159 valeat
2809 5104 3171 5174 provocatus
3199 5116 3307 5175 per
3339 5117 3508 5160 camn

1847 5210 1959 5268 pos
1986 5209 2181 5252 ovans
2209 5192 2536 5253 latissimos
2564 5190 2908 5252 doctorum.

3075 5349 3495 5367 ὴ

1504 5472 2093 5565 PROLOGUS

108 5723 152 5780 Si
170 5731 355 5801 mavis,
382 5731 596 5798 lector,
624 5729 859 5804 typicos
884 5729 1243 5801 dignoscere
1274 5745 1509 5802 sensus,

160 5818 281 5885 Qum
306 5827 482 5893 tenet,
511 5820 858 5899 ingredere,
887 5820 1141 5881 ﬂoridus
1167 5821 1277 5881 iste
1304 5820 1474 5882 liber.

1839 5731 1935 5789 Bis
1964 5730 2176 5789 retinet
2196 5728 2343 5788 bina
2369 5743 2447 5786 en
2473 5733 2709 5789 sacrata
2737 5728 3049 5790 volumina
3074 5733 3329 5803 Regum,

1913 5824 2059 5892 Quis
2082 5826 2331 5897 patuere
2362 5820 2533 5896 prius
2556 5835 2663 5883 ore
2692 5823 2939 5885 tonante
2969 5823 3188 5901 sOpho.
