3944 6412
391 335 501 388 247

391 458 558 510 Hunc
585 454 810 510 studuit
837 454 1106 510 calamus
1136 459 1341 510 noster
1369 455 1734 526 conjungere
1765 453 1970 521 fretus,

463 546 530 599 Et
556 542 745 599 voluit
774 544 1016 598 tandem
1048 547 1241 599 texere
1281 550 1486 600 nostra
1515 559 1755 599 manus.

394 632 621 692 Scilicet
655 631 997 701 ingrediens
1027 647 1275 704 campos
1305 637 1361 686 et
1391 637 1563 704 prata
1593 633 1853 706 piorum,

463 721 743 793 Carperet
769 725 836 776 ut
861 720 1039 776 ﬂores
1069 720 1486 777 Celsitonantis
1515 737 1648 794 ope.

394 813 477 866 Ex
506 808 728 882 quibus
754 808 1014 881 accipias
1043 808 1258 864 divina
1285 809 1484 882 stirpis
1519 809 1757 874 odores,

461 899 530 954 Et
560 897 759 954 valeas
788 897 1016 954 fructus
1042 897 1243 954 tollere
1270 899 1375 954 rite
1404 900 1616 955 bonos.

395 987 642 1044 Fercula
671 987 782 1043 fert
806 987 1024 1043 animis
1049 988 1303 1044 nimium
1334 988 1741 1061 pulcherrima
1769 988 1964 1056 claris,

467 1076 632 1132 Unde
662 1076 855 1132 fames
887 1076 1105 1132 anima
1127 1077 1365 1150 pellitur
1387 1082 1521 1133 acta
1550 1077 1778 1150 procul.

395 1164 540 1222 Lilia
565 1181 706 1221 cum
727 1165 900 1221 violis
927 1164 1198 1221 redolent
1226 1166 1596 1238 percandida
1623 1166 1837 1235 rubris,

466 1257 534 1310 Et
562 1255 784 1326 pariter
807 1254 1078 1321 fragrant
1107 1253 1411 1324 cinnama,
1443 1270 1601 1320 rosa,
1630 1259 1784 1309 ruta.

398 1343 671 1400 Continet
699 1343 794 1398 hic
820 1342 1033 1398 Christi
1065 1342 1319 1398 nimium
1347 1345 1710 1400 charismata
1741 1359 1932 1412 sacra,

471 1434 615 1498 Qua
639 1431 866 1487 latuere
895 1432 1062 1504 prius
1087 1433 1300 1488 cortice
1332 1438 1485 1488 tecta
1512 1433 1634 1488 diu.

402 1521 626 1593 llicque
656 1523 1087 1594 prophetarum
1114 1522 1320 1594 pangit
1350 1522 1727 1581 sanctissima
1758 1526 1942 1591 gesta,

476 1609 736 1666 Plurima
765 1610 1092 1665 multorum
1123 1613 1378 1682 mystica
1408 1611 1591 1667 verba
1622 1611 1799 1666 canit.

405 1701 549 1766 Qua
580 1699 762 1756 David
793 1700 992 1770 gessit,
1018 1700 1227 1756 cecinit
1245 1717 1487 1773 quoque
1510 1706 1566 1756 et
1586 1701 1809 1773 inclyta
1832 1700 2050 1773 proles,

476 1792 596 1846 Hoc
626 1789 842 1862 typice,
875 1789 1078 1861 lector,
1111 1789 1218 1846 iste
1247 1790 1482 1846 libellus
1512 1790 1712 1846 habet.

1488 329 1846 387 ANGELOMI
1885 327 2356 386 LUXOVIENSIS
2395 327 2710 385 MONACHI

2077 459 2125 512 Α
2153 452 2256 507 Hic
2289 451 2696 520 evangelicam
2727 451 3028 524 quadriga
3055 455 3378 523 concrepat
3411 450 3643 516 aulam,

3710 327 3816 384 248

2228 543 2319 598 Sic
2349 547 2405 596 et
2430 541 2832 614 apostolicum
2861 541 3068 597 lumen
3101 541 3325 597 habere
3355 541 3597 614 probat.

2155 630 2286 687 Istic
2318 631 2584 687 invenies
2613 631 2900 687 thesaura
2929 631 3237 687 recondita
3267 633 3532 699 Patrum,

2226 721 2448 776 Horum
2479 725 2536 776 et
2564 719 2921 792 multiplices
2948 721 3043 776 hic
3072 719 3401 777 retinentur
3429 735 3599 792 opes.

2155 808 2372 866 Abdita
2401 825 2547 866 nam
2574 815 2820 881 raserat,
2852 816 2907 866 et
2933 810 3179 866 tandem
3211 810 3465 882 mystica
3489 810 3734 884 pandit,

2227 902 2291 953 1n
2323 897 2589 954 medium
2620 899 2847 971 profert
2875 899 3086 954 intima
3112 898 3408 971 quidquid
3437 899 3695 955 habent.

2158 987 2420 1043 Grandia
2448 987 2700 1043 ccelestis
2731 988 3023 1060 promittit
3051 988 3303 1060 pramia
3333 988 3490 1053 vita,

2229 1077 2431 1133 Vivere
2463 1093 2602 1133 cum
2634 1077 2886 1133 Domino
2911 1093 3098 1147 regna
3130 1077 3388 1133 tenendo
3416 1077 3562 1150 poli.

2159 1165 2329 1221 Istius
2359 1181 2502 1235 ergo
2533 1165 2687 1221 celer
2714 1165 2895 1222 calles
2925 1166 3193 1221 discurre
3218 1165 3489 1230 libenter,

2233 1253 2466 1309 Discute
2497 1253 2841 1326 paginulas,
2874 1253 2992 1310 mel
3022 1254 3124 1310 tibi
3156 1260 3355 1327 portat
3383 1256 3534 1327 apis.

2162 1343 2276 1397 Has
2305 1357 2452 1414 cape
2485 1342 2746 1412 divitias,
2779 1343 2992 1398 mundi
3021 1349 3337 1399 contemne
3367 1345 3661 1414 caducas,

2233 1431 2405 1495 Quod
2431 1431 2590 1487 canit
2619 1431 2725 1486 iste
2754 1431 2903 1488 liber
2933 1447 3170 1504 semper
3197 1434 3256 1487 in
3284 1449 3386 1488 ore
3415 1438 3571 1502 tene,

2163 1520 2379 1578 Lurida
2408 1519 2611 1593 linque
2639 1520 2830 1576 libens
2859 1536 3089 1593 spurca
3119 1522 3401 1591 contagia
3429 1523 3652 1590 carnis,

2237 1614 2295 1664 In
2331 1616 2592 1666 mentem
2619 1611 2820 1667 veniat
2848 1611 3015 1684 quod
3046 1613 3368 1667 moriturus
3399 1613 3536 1678 eris,

2161 1703 2251 1757 Sis
2283 1716 2516 1756 memor
2543 1701 2802 1756 auctoris
2827 1716 3034 1756 versus
3065 1718 3203 1757 cum
3230 1701 3444 1771 legeris
3473 1702 3644 1770 istos,

2086 1781 2125 1836 Β
2236 1792 2442 1857 ANGE,
2474 1791 2646 1858 Deus,
2683 1792 2845 1846 LOMI
2877 1789 2973 1846 dic
3004 1791 3285 1846 miserere
3315 1791 3417 1846 tui.

1530 2066 1641 2154 IN
1729 2063 2162 2152 LIBRUM
2252 2063 2704 2152 PRIMUM

1033 2323 1416 2382 PR/EFXI‘IO.

469 2410 685 2480 Viginti
741 2416 799 2466 et
846 2412 1001 2467 duas
1042 2427 1171 2467 esse
1221 2412 1444 2468 litteras
1489 2413 1654 2485 apud
1687 2413 1965 2468 Hebraos
1995 2413 2056 2468 in

400 2499 750 2555 auctoribus
805 2499 1146 2555 divinarum
1207 2501 1647 2573 Scripturarum
1702 2501 2054 2572 reperimus,

398 2587 566 2660 quod
596 2587 803 2642 nullus
841 2589 945 2660 qui
983 2604 1088 2644 eos
1136 2588 1360 2657 legerit,
1410 2591 1662 2659 ignorat.
1713 2590 2055 2646 Secundum

399 2689 662 2747 quarum
690 2691 1014 2732 numerum
1058 2676 1223 2748 apud
1265 2693 1368 2732 eos
1413 2677 1616 2747 viginti
1669 2683 1725 2733 et
1771 2678 1894 2734 duo
1950 2695 2056 2734 vo-

397 2761 632 2820 lumina
665 2767 1107 2836 supputantur-z
1167 2764 1318 2820 inter
1359 2781 1496 2838 qua"
1539 2766 1718 2822 etiam
1768 2766 1862 2821 hic
1909 2766 2058 2823 liber

400 2853 654 2921 Regum,
713 2852 968 2924 dequo
1017 2853 1318 2909 tractaturi
1373 2871 1602 2924 sumus,
1665 2856 2056 2928 comprehen-

400 2939 580 2997 ditur.
615 2940 726 3006 Qui
772 2941 835 2996 in
875 2941 1400 3015 supputationibus
1447 2961 1656 3001 eorum
1702 2951 1839 3018 post
1883 2945 2052 3002 Judi-

400 3045 541 3084 cum
571 3028 630 3084 in
671 3028 880 3085 ordine
932 3031 1136 3086 tertius
1184 3031 1459 3088 habetur.
1519 3037 1581 3088 ln
1632 3050 1756 3106 quo
1803 3034 2050 3107 quidem

396 3115 703 3173 volumine
736 3121 1112 3192 (quanquam
1142 3121 1434 3188 nonnulli,
1484 3123 1742 3179 scientia
1775 3123 2049 3196 spiritalis

397 3205 798 3275 intelligentia
851 3207 1066 3277 ignari,
1137 3215 1241 3265 aut
1309 3211 1593 3266 humana
1665 3213 2050 3270 solummodo

398 3295 708 3367 sapientia
736 3295 938 3365 dediti,
985 3297 1154 3354 aiunt
1198 3298 1344 3354 nihil
1388 3300 1551 3355 aliud
1601 3318 1778 3373 posse
1808 3302 2051 3372 intelligi

395 3383 512 3438 nisi
541 3383 885 3457 superﬁcies
915 3386 1194 3456 historia,
1227 3393 1281 3442 et
1309 3389 1515 3460 pralia
1546 3393 1792 3460 Regum,
1841 3407 1912 3448 ac
1951 3408 2052 3447 ca-

397 3490 501 3528 sus
529 3475 905 3546 multorum),
935 3476 1127 3534 multa
1174 3483 1375 3533 tamen
1425 3485 1804 3536 sacramenta
1842 3480 2051 3537 Christi

396 3567 455 3618 et
477 3563 750 3620 Ecclesia
778 3564 960 3618 variis
999 3564 1222 3620 scilicet
1249 3566 1446 3621 modis
1490 3567 1794 3624 continere
1842 3569 2052 3626 viden-

399 3655 512 3707 tur.
554 3655 702 3708 Nam
733 3650 814 3708 ab
841 3653 974 3725 ipso
1013 3653 1260 3709 exordio
1314 3657 1562 3727 Regum,
1612 3661 2053 3714 commutatum

397 3740 802 3798 sacerdotium
854 3741 917 3797 in
974 3741 1338 3814 Samuelem,
1395 3743 1716 3816 reprobato
1769 3745 1928 3815 Heli;
1996 3751 2055 3803 et

395 3835 837 3886 commutatum
862 3846 1118 3901 regnum
1142 3832 1204 3888 in
1238 3832 1442 3898 David,
1488 3833 1810 3906 reprobato
1843 3835 2049 3892 Saule:

395 3918 750 3976 exclamavit
787 3921 1190 3992 pranuntiare
1222 3937 1450 3977 novum
1501 3923 1902 3980 sacerdotium
1947 3941 2055 3981 no-

394 4022 664 4078 vumque
695 4023 970 4078 regnum,
1002 4009 1323 4082 reprobato
1361 4011 1562 4078 veteri,
1618 4011 1785 4084 quod
1834 4013 2054 4072 umbra

397 4097 522 4149 erat
565 4094 768 4162 futuri,
823 4095 884 4151 in
927 4097 1181 4152 Domino
1238 4100 1380 4152 .Iesu
1423 4100 1651 4156 Christo
1708 4107 2048 4159 venturum.

397 4184 605 4238 Nonne
623 4182 750 4254 ipse
775 4184 961 4240 David
982 4201 1121 4240 cum
1142 4201 1332 4258 panes
1353 4190 1776 4262 propositionis
1799 4193 2054 4249 mandu-

399 4269 571 4332 cavit,
596 4287 754 4343 quos
781 4287 903 4327 non
929 4272 1144 4330 licebat
1163 4276 1531 4334 manducare
1553 4279 1665 4336 nisi
1693 4281 1833 4337 solis
1861 4297 2052 4338 sacer-

396 4358 660 4424 dotibus,
688 4360 749 4416 in
777 4377 902 4418 una
929 4378 1187 4434 persona
1217 4371 1538 4441 utrumque
1570 4370 1859 4440 futurum,
1892 4371 2054 4428 idem

398 4447 461 4503 in
490 4463 612 4505 uno
641 4449 782 4504 Jesu
809 4451 1036 4508 Christo
1061 4468 1317 4524 regnum
1361 4460 1418 4512 et
1463 4457 1868 4515 sacerdotium
1898 4461 2054 4531 figu-

396 4536 551 4592 ravit
575 4538 603 4593 ?
633 4537 773 4610 Ipsa
797 4537 999 4612 itaque
1043 4522 1334 4598 Samuelis
1378 4545 1703 4602 sacerdotis
1733 4522 2051 4621 successio,
2082 4522 2126 4575 υ

395 4641 646 4696 novum,
681 4632 746 4684 ut
773 4629 1128 4700 pradictum
1158 4636 1269 4703 est,
1310 4639 1364 4689 et
1394 4637 1826 4708 sempiternum
1855 4654 2052 4695 sacer-

395 4714 627 4773 dotium
658 4717 1108 4790 praﬁgurabat,
1147 4722 1252 4794 qui
1285 4729 1376 4778 est
1404 4725 1581 4780 Jesus
1611 4727 1896 4798 Christus,
1928 4729 2053 4786 Heli

395 4807 702 4864 sacerdote
754 4809 1096 4882 reprobato,
1156 4811 1218 4868 id
1274 4818 1362 4868 est
1419 4814 1672 4872 Judaico
1720 4817 2052 4876 sacerdotio

395 4893 651 4964 abjecto,
684 4903 876 4954 mater
903 4915 1147 4973 quoque
1175 4900 1308 4974 ipsa
1343 4903 1657 4975 Samuelis,
1710 4921 1847 4978 qua
1887 4908 2052 4979 prius

394 4979 504 5038 fuit
534 4984 744 5039 sterilis
775 4991 830 5041 et
858 4990 1171 5058 posteriori
1197 4990 1559 5048 fecunditate
1613 4992 1807 5050 latata
1877 4996 2051 5068 cujus

395 5068 576 5124 etiam
600 5086 846 5141 nomen,
879 5076 939 5131 id
961 5082 1052 5133 est
1081 5081 1276 5146 Anna,
1307 5080 1473 5152 quod
1501 5084 1703 5151 gratia
1725 5087 1854 5154 ejus
1877 5085 2051 5142 inter-

392 5160 682 5229 pretatur,
741 5161 941 5232 ipsam
999 5165 1350 5236 religionem
1391 5169 1806 5244 Christianam,
1853 5175 2048 5247 ipsam

390 5250 702 5319 postremo
733 5250 833 5306 Dei
864 5253 1119 5322 gratiam
1152 5255 1468 5328 signiﬁcat,
1497 5261 1640 5333 quia
1660 5264 1834 5320 nobis
1858 5265 2050 5322 Chris-

390 5339 486 5390 tus
516 5338 742 5427 oritur:
789 5340 987 5414 ipsam
1030 5360 1274 5418 quoque
1317 5349 1663 5423 Ecclesiam,
1717 5371 1853 5427 qua
1902 5356 2046 5413 olim

391 5424 622 5494 sterilis,
663 5443 827 5485 nunc
856 5429 1137 5505 fecunda,
1195 5436 1256 5492 in
1312 5439 1412 5495 Dei
1466 5424 1756 5498 laudibus
1787 5443 2041 5502 latatur.

391 5513 541 5606 Sunt
563 5515 724 5572 enim
754 5519 1104 5590 hujusmodi
1129 5525 1609 5599 innumerabilia,
1634 5534 1855 5606 quibus
1881 5551 2045 5592 com-

386 5599 682 5689 probatur
708 5607 875 5678 quod
901 5606 1052 5668 liber
1075 5613 1181 5670 iste
1213 5618 1577 5689 spiritalibus
1601 5599 1852 5678 ﬂoribus
1874 5624 2046 5681 redo-

383 5687 467 5788 let
490 5693 552 5788 et
575 5690 904 5788 allegoricis
931 5687 1468 5771 signiﬁcationibus
1490 5710 1691 5783 pollet.
1719 5715 1798 5768 De
1817 5712 2043 5785 quibus

379 5777 458 5849 (si
489 5781 774 5841 Dominus
797 5786 1042 5864 dederit)
1074 5777 1647 5859 describemus'suis
1676 5801 1738 5856 in
1765 5777 1912 5863 locis
1931 5817 2043 5883 per

2165 2325 2400 2396 singula
2427 2341 2563 2399 qua
2592 2341 2920 2396 congruere
2950 2326 3164 2383 rationi
3191 2327 3528 2384 videbimus
3577 2328 3638 2384 in
3680 2345 3834 2402 pos-

2167 2421 2375 2472 terum.
2414 2420 2544 2472 Hac
2571 2416 2892 2472 scientibus
2917 2433 3114 2489 pauca
3145 2417 3450 2489 pralibata
3477 2417 3790 2475 sufﬁciant
3814 2438 3829 2475 :

2164 2505 2431 2576 tandem,
2458 2506 2709 2560 Domino
2728 2505 2985 2570 favente,
3003 2505 3082 2561 ad
3103 2505 3362 2562 historia
3385 2508 3594 2563 seriem
3621 2509 3832 2565 venire

2163 2596 2561 2651 decrevimus.
2597 2597 2660 2651 In
2691 2611 2815 2668 qua
2843 2595 3088 2668 quidem
3116 2597 3280 2670 prius
3302 2597 3700 2654 fundamenta
3730 2599 3829 2671 ip-

2164 2685 2288 2739 sius
2318 2684 2599 2752 historia,
2639 2685 2740 2740 ubi
2770 2685 3027 2748 libuerit.
3059 2685 3183 2741 imo
3219 2685 3321 2741 ubi
3355 2688 3718 2757 congruerit,
3768 2694 3832 2744 et

2162 2774 2553 2846 postmodum
2585 2774 2824 2830 culmen
2852 2774 3132 2847 spiritalis
3157 2775 3581 2846 intelligentia.
3605 2793 3827 2834 verum

2162 2864 2341 2920 etiam
2368 2863 2736 2937 quibusdam
2768 2863 2829 2920 in
2859 2864 3024 2933 locis,
3067 2863 3310 2920 moralis
3336 2866 3644 2922 suavitatis
3678 2867 3827 2922 har-

2162 2953 2430 3011 moniam
2451 2953 2706 3010 inserere
2731 2953 2995 3021 nitimur,
3010 2957 3076 3011 ut
3102 2953 3286 3010 lector
3305 2970 3429 3010 non
3446 2954 3641 3011 solum
3672 2972 3829 3013 con-

2162 3046 2360 3098 tentus
2391 3043 2463 3098 sit
2505 3043 2676 3098 dictis
2713 3042 2992 3109 historia,
3036 3058 3246 3099 verum
3281 3043 3706 3113 allegoriarum
3750 3062 3829 3102 ac

2165 3131 2484 3188 moralium
2515 3131 2700 3188 melos
2727 3131 3044 3206 decerpere
3084 3131 3273 3204 possit
3321 3132 3654 3189 salubriter.
3705 3135 3829 3191 Sed

2162 3221 2329 3295 prius
2360 3221 2696 3277 notandum
2727 3227 2819 3278 est
2852 3222 3018 3295 quod
3058 3222 3212 3278 bene
3256 3227 3398 3295 post
3424 3223 3726 3293 iudicum,
3758 3231 3831 3281 ut

2162 3313 2445 3379 diximus,
2473 3313 2715 3386 ponitur
2741 3313 2993 3381 Regum,
3026 3312 3299 3369 videlicet
3328 3313 3618 3386 quoniam
3653 3330 3829 3371 nunc

2161 3404 2301 3457 sunt
2324 3401 2609 3474 prasules
2643 3401 2933 3468 Ecclesia,
2959 3401 3067 3457 sed
3094 3401 3486 3474 postmodum
3517 3417 3780 3470 regnum
3810 3422 3824 3460 :

2161 3506 2265 3545 seu
2313 3490 2458 3562 quia
2501 3489 2668 3562 prius
2724 3489 2831 3545 erit
2879 3490 3198 3561 judicium,
3257 3490 3474 3547 deinde
3533 3498 3829 3564 sequetur

2161 3579 2590 3651 sempiternum
2619 3578 2956 3651 imperium.
2973 3580 3063 3635 Ait
3083 3579 3244 3635 enim
3273 3595 3443 3635 sacra
3468 3579 3822 3652 descriptio.

2707 3724 2936 3780 CAPUT
2975 3723 3262 3782 PRIMUM.

2231 3869 2259 3896 «
2290 3846 2416 3902 Fuit
2438 3846 2528 3902 vir
2549 3863 2705 3903 unus
2724 3847 2797 3902 de
2821 3849 3200 3906 Ramathaim
3223 3849 3493 3922 Sophim,
3515 3849 3591 3905 de
3613 3855 3826 3907 monte

2161 3956 2190 3982 ‹‹
2224 3935 2525 4007 Ephraim,
2555 3940 2612 3992 et
2639 3951 2862 3992 nomen
2893 3938 3022 4008 ejus
3057 3938 3295 4007 Elcana,
3328 3939 3485 3994 filius
3513 3940 3826 4009 Jeroham,

2161 4046 2189 4074 α
2223 4023 2328 4080 lilii
2381 4024 2528 4095 Eliu,
2574 4025 2674 4081 ﬁlii
2719 4027 2910 4094 Thau,
2967 4027 3070 4084 ﬁlii
3127 4029 3314 4102 Suph,
3366 4030 3736 4102 Ephrataus.
3799 4056 3827 4079 υ

2163 4112 2315 4178 Quia
2344 4113 2504 4169 enim
2536 4114 2596 4170 in
2629 4115 3076 4187 prolegomena,
3125 4117 3246 4173 imo
3296 4118 3355 4173 in
3401 4118 3648 4189 isagoge
3689 4120 3827 4191 pol-

2160 4202 2299 4259 liciti
2351 4219 2560 4258 sumus
2615 4203 2781 4277 prius
2827 4205 3223 4262 fundamenta
3267 4207 3526 4263 historia
3569 4224 3826 4280 ponere,

2161 4296 2219 4347 et
2282 4292 2674 4364 postmodum
2746 4293 2987 4349 culmen
3065 4294 3384 4364 allegoria,
3458 4300 3639 4368 atque
3718 4296 3827 4352 ubi

2163 4384 2398 4452 gratum
2448 4381 2642 4452 fuerit,
2691 4383 3044 4440 moralitatis
3091 4385 3473 4440 harmoniam
3536 4387 3826 4450 inserere,

2160 4469 2417 4544 ideoque
2478 4471 2744 4544 primum
2795 4472 3048 4542 dignum
3107 4474 3231 4530 fore
3291 4474 3658 4530 arbitramur
3745 4476 3825 4531 de

2163 4561 2544 4631 generatione
2601 4563 2790 4618 sancti
2846 4564 3139 4619 Samuelis
3168 4565 3476 4637 propheta
3507 4565 3828 4621 historiam

2160 4649 2506 4724 pradiccre,
2540 4656 2602 4706 ut
2630 4651 3018 4723 postmodum
3047 4653 3438 4709 continuatim
3470 4653 3828 4722 allegoriam

2161 4740 2291 4811 ejus
2319 4739 2653 4803 valeamus.
2690 4740 2940 4796 Domino
2970 4741 3224 4808 favente,
3271 4742 3544 4811 dirigere.
3602 4743 3828 4799 Elcana

2160 4843 2426 4902 namque
2452 4835 2621 4901 pater
2646 4830 2836 4902 ipsius
2866 4830 2942 4885 de
2972 4831 3151 4903 stirpe
3192 4832 3320 4886 Levi
3363 4832 3488 4897 fuit,
3543 4832 3648 4888 sed
3696 4848 3826 4887 non

2159 4917 2235 4974 de
2265 4918 2647 4989 generatione
2677 4925 2875 4975 Aaron
2897 4920 3252 4977 sacerdotis:
3284 4921 3449 4993 quod
3468 4922 3628 4977 enim
3651 4929 3831 4994 pater

2160 5006 2290 5078 ejus
2320 5006 2395 5062 de
2425 5007 2585 5062 tribu
2608 5007 2744 5064 Levi
2768 5007 2963 5079 fuerit,
2988 5009 3178 5065 Verba
3198 5009 3433 5066 dierum
3456 5010 3829 5066 manifestis-

2162 5095 2312 5151 sime
2334 5095 2753 5168 comprobant,
2776 5096 2878 5152 ubi
2903 5097 3082 5153 series
3101 5099 3503 5167 generationis
3526 5115 3721 5170 usque
3745 5101 3829 5156 ad

2159 5183 2292 5239 Levi
2318 5183 2685 5256 perducitur.
2728 5185 2950 5241 Dicitur
2975 5187 3137 5242 enim
3167 5187 3324 5242 ﬁlius
3357 5187 3536 5244 fuisse
3575 5211 3601 5238 «
3653 5190 3826 5245 Jero-

2156 5272 2324 5342 ham,
2348 5272 2451 5328 ﬁlii
2470 5272 2616 5340 Elin,
2634 5273 2739 5330 ﬁlii
2761 5274 2947 5343 Thau,
2968 5274 3072 5330 ﬁlii
3092 5277 3430 5348 Sophonia,
3451 5277 3556 5332 ﬁlii
3580 5277 3828 5344 Elcana,

2157 5360 2263 5416 ﬁlii
2293 5361 2508 5427 Maath,
2542 5361 2644 5417 ﬁlii
2675 5363 2938 5428 Amasai,
2974 5363 3076 5419 lilii
3110 5365 3363 5430 Elcana,
3397 5365 3501 5421 ﬁlii
3527 5365 3678 5435 Joel,
3719 5366 3832 5423 filii

2156 5449 2394 5520 Azaria,
2420 5449 2525 5506 ﬁlii
2548 5451 2889 5525 Sophonia,
2943 5452 3046 5508 lilii
3069 5453 3320 5520 Tbaatli,
3368 5453 3472 5509 lilii
3504 5455 3655 5521 Asir,
3719 5455 3832 5512 ﬁlii

2156 5536 2488 5611 Abiasaph,
2521 5539 2625 5594 ﬁlii
2655 5542 2823 5607 Core,
2856 5540 2960 5596 lilii
2987 5546 3168 5610 lsaar,
3202 5543 3307 5597 lilii
3340 5543 3470 5599 Levi
3503 5566 3531 5592 ››
3577 5547 3644 5614 (Ι.
3677 5546 3829 5600 Par.

2155 5628 2258 5697 v1),
2339 5635 2396 5684 et
2443 5628 2678 5701 reliqui.
2734 5630 2915 5701 Cujus
2973 5633 3277 5702 generatio
3317 5632 3412 5689 hic
3452 5635 3830 5690 concordare

2156 5716 2605 5788 comprobatur.
2681 5721 2875 5784 Quam
2940 5721 3394 5790 generationem
3451 5723 3510 5777 in
3568 5739 3832 5796 sequen-

2154 5803 2312 5907 tibus
2361 5806 2610 5877 spiritali
2653 5807 2977 5871 intellectui
3027 5811 3385 5868 concinuere
3437 5812 3827 5871 conabimur.

2342 6099 2473 6152 ,μέν
