3944 6412
341 265 441 318 211

1416 250 1797 311 -ΑΝΟΕΕΟΜΙ
1838 246 2309 313 LUXOWENSIS
2349 256 2671 315 MONACHI

342 384 526 451 mine,
559 380 871 438 derelictus
910 382 1001 434 est
1045 395 1277 451 pauper
1305 378 1532 452 pupillo
1565 382 1627 433 tu
1665 376 1780 432 eris
1835 373 2006 444 adju-
2033 374 2085 429 Α
2114 380 2170 432 et
2199 379 2435 437 diversa
2465 382 2919 455 concupiscunt,
2972 378 3284 436 instabiles
3329 376 3675 434 efﬁciuntur
3719 377 3780 432 in

344 478 438 530 tor
467 472 652 547 (Psal.
682 470 819 540 XIX).
855 468 956 523 Cui
985 472 1125 521 vota
1149 469 1447 535 justorum
1494 470 1633 521 sunt
1685 463 2004 538 placabilia

346 567 404 620 et
426 561 583 618 oculi
614 560 742 630 ejus
775 557 852 612 ad
881 572 1087 630 preces
1110 572 1339 612 eorum.

419 673 449 701 «
488 652 735 705 Factum
762 651 850 701 est
876 662 1019 715 ergo
1050 661 1188 700 cum
1219 645 1320 701 illa
1352 644 1772 717 multiplicaret
1802 658 2007 714 preces

347 763 377 793 «
420 754 622 796 coram
652 736 926 805 Domino,
946 740 1011 790 ut
1037 735 1161 789 Heli
1182 735 1532 791 observaret
1559 751 1627 789 os
1658 734 2007 803 ejus.l’orro

350 851 378 880 »
418 832 591 884 Anna
619 826 977 897 loquebatur
1001 823 1064 878 in
1096 824 1275 878 corde
1301 839 1433 892 suo,
1462 828 1817 894 tantumque
1845 820 2007 874 labia

348 940 379 969 ‹‹
416 916 570 973 illius
601 913 1020 976 movebantur,
1055 918 1112 968 et
1167 928 1280 967 vox
1311 912 1548 984 penitus
1573 927 1694 967 non
1725 909 2010 966 audieba-

348 1030 376 1057 α
416 1011 530 1062 tur.
565 1002 890 1060 IEstimavit
912 1002 1090 1071 igitur
1117 1018 1253 1057 eam
1286 1001 1407 1056 Heli
1438 998 2011 1069 temulentam,dixit

348 1118 375 1146 ‹‹
416 1110 532 1169 que
563 1094 648 1149 ei:
686 1095 1009 1164 Usquequo
1041 1091 1205 1147 ebria
1234 1092 1393 1146 eris?
1456 1092 1660 1161 Digere
1704 1089 2011 1163 paulisper

350 1207 379 1235 «
417 1185 624 1239 vinum
654 1198 776 1255 quo
816 1180 1050 1237 mades.
1108 1181 1499 1252 Respondens
1544 1185 1735 1241 Anna,
1782 1182 2013 1251 Nequa-

347 1296 377 1325 «
419 1289 603 1346 quam
638 1271 896 1343 (inquit),
929 1270 1176 1325 domine
1204 1270 1307 1325 mi.
1366 1274 1514 1325 Nam
1547 1269 1761 1325 mulier
1808 1268 2012 1325 infelix

349 1385 378 1414 ι(
420 1362 603 1419 Nimis
633 1375 747 1429 ego
794 1376 951 1430 sum,
1002 1359 1333 1432 vinumque
1363 1364 1419 1415 et
1460 1374 1640 1414 omne
1668 1358 1833 1429 quod
1885 1357 2012 1410 ine‘

351 1473 381 1503 ‹‹
419 1450 617 1506 briare
640 1452 837 1520 potest
856 1463 979 1503 non
1009 1447 1157 1517 bibi,
1181 1449 1284 1503 sed
1317 1449 1500 1503 effudi
1527 1448 1797 1503 animam
1813 1460 2015 1501 meam

351 1558 383 1593 ‹
421 1538 483 1594 in
505 1541 835 1608 conspectu
867 1535 1127 1591 Domini.
1157 1540 1234 1592 Ne
1265 1542 1503 1609 reputes
1534 1535 1816 1592 ancillam
1847 1538 2014 1589 tuam

354 1650 383 1679 ι(
423 1627 598 1699 quasi
623 1640 805 1680 unam
836 1624 911 1679 de
954 1625 1194 1679 filiabus
1227 1625 1426 1693 Belial,
1460 1625 1603 1697 quia
1654 1640 1727 1679 ex
1756 1621 2017 1678 multitu-

2114 470 2398 525 omnibus
2424 472 2530 526 viis
2562 472 2703 527 suis.
2754 475 2899 526 Ecce
2943 469 3251 524 historiam
3302 466 3782 539 praelibavimus,

2115 558 2219 612 sed
2244 560 2609 630 spiritualem
2638 560 3001 615 intellectum
3038 573 3282 613 necesse
3313 560 3403 611 est
3429 561 3493 611 ut
3519 554 3787 611 breviter

2113 649 2357 703 tandem
2390 654 2743 719 tangamus:
2786 649 2881 704 Vir
2906 648 3067 705 enim
3119 648 3224 702 iste
3276 646 3515 714 Eleana,
3558 644 3669 717 qui
3698 644 3790 699 in-

2116 741 2469 807 terpretatur
2498 740 2608 794 Dei
2648 740 2957 808 possessio,
3014 736 3275 803 ﬁguram
3321 733 3574 803 gestavit
3621 732 3790 788 unici

2118 827 2236 882 Filii
2269 829 2388 897 Dei,
2412 830 2518 901 qui
2550 845 2689 884 vera
2734 835 2791 884 et
2834 827 3108 900 specialis
3153 831 3243 881 est
3275 825 3374 881 Dei
3420 824 3611 880 Patris
3642 839 3790 895 pos-

2117 918 2323 973 sessio.
2358 919 2436 974 De
2458 919 2592 989 ipso
2641 934 2906 990 namque
2937 932 3044 989 per
3098 915 3483 972 Salomonem
3522 912 3789 970 dicitur:

2118 1027 2145 1054 «
2200 1007 2487 1062 Dominus
2547 1006 2814 1079 possedit
2866 1022 2963 1060 me
3017 1004 3183 1060 initio
3233 1003 3472 1059 viarum
3532 1017 3792 1058 suarum

2117 1094 2318 1163 (Prov.
2350 1096 2488 1165 vui).
2527 1117 2554 1145 ››
2586 1098 2650 1150 Et
2700 1098 2868 1149 Pater
2915 1093 2989 1148 de
3022 1092 3192 1163 ipso:
3248 1113 3275 1142 ι(
3311 1090 3411 1148 Hic
3463 1094 3556 1146 est
3610 1089 3794 1146 Filius

2118 1200 2290 1239 meus
2316 1185 2649 1249 dilectus,in
2671 1202 2794 1256 quo
2810 1184 2957 1239 mihi
2985 1183 3137 1238 bene
3162 1180 3502 1253 complacui
3532 1180 3791 1250 (Matth.

2119 1290 2177 1328 ιιι
2208 1278 2451 1345 etxvn).
2506 1278 2572 1330 Et
2625 1274 2787 1329 idem
2824 1273 3000 1330 Filius
3046 1272 3108 1328 in
3134 1270 3496 1337 Evangelio:
3551 1292 3580 1319 ι(
3613 1270 3798 1324 Pater

2120 1362 2180 1417 in
2210 1380 2306 1419 me
2332 1379 2607 1432 manens,
2634 1364 2760 1434 ipse
2785 1362 2923 1418 facit
2947 1376 3165 1433 opera:
3190 1360 3295 1431 qui
3325 1359 3478 1415 bene
3506 1358 3602 1414 vir
3631 1373 3798 1415 unus

2120 1452 2336 1506 dicitur
2382 1456 2574 1519 (.Ioan.
2637 1458 2778 1512 xxv).
2853 1471 2880 1499 η
2949 1452 3112 1506 Unus
3177 1452 3379 1504 autem
3446 1445 3802 1519 appellatur

2125 1546 2298 1607 Deus,
2348 1558 2469 1597 non
2519 1543 2595 1597 de
2642 1557 2917 1607 numero,
2964 1539 3068 1595 sed
3109 1538 3253 1611 quia
3279 1554 3595 1609 nunquam
3631 1552 3670 1595 ει
3701 1553 3801 1592 se-

2123 1631 2381 1702 metipso
2415 1630 2561 1686 alter
2607 1631 2878 1700 efﬁcitur,
2943 1630 3077 1686 ideo
3134 1632 3453 1700 nunquam
3501 1631 3803 1682 mutatur.

354 1739 381 1766 ‹‹
424 1716 564 1771 dine
594 1714 819 1769 doloris
850 1718 908 1769 et
931 1714 1203 1771 maeroris
1259 1715 1378 1773 mei
1406 1714 1606 1769 locuta
1662 1728 1797 1768 sum
1821 1726 2014 1782 usque
2044 1732 2084 1785 Β
2124 1720 2289 1775 Unde
2319 1720 2682 1776 Psalmista:
2719 1742 2747 1771 κ
2776 1722 2861 1775 Tu
2891 1723 3093 1775 autem
3126 1717 3289 1777 idem
3310 1717 3440 1787 ipse
3466 1731 3531 1771 es
3560 1721 3619 1771 et
3646 1713 3805 1773 anni

354 1827 383 1856 «
423 1805 486 1860 in
510 1819 800 1871 praesens.
838 1823 863 1851 ο
896 1803 1078 1858 Belial
1107 1803 1528 1875 interpretatur
1575 1803 1795 1873 absque
1834 1804 2011 1870 jugo.

353 1898 499 1951 Nota
523 1892 690 1965 quod
720 1892 780 1947 hi
809 1892 914 1964 qui
943 1891 1293 1948 ebrietatem
1324 1897 1648 1957 sectantur,
1680 1890 1788 1944 ﬁlii
1835 1888 2013 1944 Belial

354 1984 727 2051 vocitentur:
754 1981 870 2045 hoc
890 1980 1024 2045 loco
1050 1981 1332 2054 impletur
1360 1980 1509 2041 illud
1534 1978 1696 2054 quod
1729 1980 2015 2052 scriptum

354 2078 463 2139 est,
484 2095 512 2127 α
546 2076 737 2137 Homo
768 2070 931 2131 videt
960 2070 1023 2133 in
1052 2070 1221 2132 facie.
1242 2074 1395 2139 Deus
1412 2076 1613 2129 autem
1633 2070 1893 2128 intuetur
1915 2083 2018 2124 cor

356 2163 575 2232 ([Reg.
607 2165 752 2234 χιιι),
806 2161 1010 2234 siquia
1059 2159 1184 2215 Heli
1242 2164 1477 2221 tantum
1533 2176 1599 2215 os
1638 2157 2015 2230 deprecantis

355 2253 545 2315 Annia
571 2249 930 2317 intuebatur,
965 2253 1021 2307 et
1050 2264 1262 2306 vocem
1311 2249 1440 2320 ejus
1488 2248 1726 2325 penitus
1754 2262 1877 2303 non
1908 2262 2015 2302 au-

354 2339 578 2407 diebat,
611 2342 718 2397 sed
746 2343 980 2405 motum
1015 2338 1318 2396 labiorum
1349 2337 1652 2407 cernebat,
1682 2332 2020 2391 aestimabat

357 2426 585 2491 ebriam
609 2442 761 2482 esse.
792 2426 899 2493 111a
925 2431 1148 2495 autem,
1179 2427 1323 2503 quia
1350 2441 1588 2482 sursum
1610 2422 1887 2480 elevabat
1916 2434 2018 2476 cor

357 2521 415 2575 et
439 2515 835 2577 conﬁtebatur
864 2516 1116 2572 Domino
1146 2514 1208 2581 in
1235 2520 1354 2573 toto
1385 2514 1563 2571 corde
1593 2529 1727 2583 suo,
1758 2509 2019 2582 respexit

357 2604 647 2663 Dominus
674 2605 751 2662 ad
782 2606 1114 2673 orationem
1144 2605 1296 2677 ejus,
1320 2610 1374 2661 et
1406 2620 1527 2659 non
1560 2601 1783 2676 sprevit
1810 2614 2019 2677 preces

356 2693 533 2764 illius.
564 2692 865 2766 Nobisque
911 2693 1176 2767 optimus
1204 2692 1423 2749 modus
1454 2689 1666 2749 orandi
1714 2689 1792 2743 ad
1821 2703 2020 2743 exem-

357 2783 528 2856 ptum
552 2782 729 2843 datus
746 2788 834 2841 est
857 2782 1031 2855 (sicut
1051 2782 1113 2843 in
1140 2781 1529 2857 sequentibus
1552 2778 1785 2852 plenius
1806 2775 2020 2832 dicturi

359 2872 611 2944 Sumus),
646 2875 709 2931 ut
734 2886 857 2937 non
904 2871 966 2927 in
1016 2869 1393 2944 multiloquio
1451 2869 1781 2925 formemus
1811 2881 2019 2941 preces

356 2964 594 3025 nostras
622 2958 699 3015 ad
733 2960 1075 3030 Dominum,
1101 2958 1206 3017 sed
1235 2960 1295 3016 in
1327 2958 1791 3032 compunctione
1822 2954 2020 3011 cordis

358 3052 414 3107 et
443 3047 732 3111 effusione
766 3047 1198 3120 lacrymarum,
1230 3064 1341 3105 nos
1391 3045 1662 3103 exaudiri
1691 3044 1770 3100 ab
1796 3059 1868 3099 eo
1899 3057 2018 3098 cre-
2055 3082 2097 3139 Ο

357 3137 593 3195 dimus:
649 3137 793 3213 quia
836 3159 863 3189 «
896 3130 1260 3194 sacriﬁcium
1296 3137 1418 3192 Deo
1448 3140 1558 3204 est,
1595 3134 1839 3207 spiritus
1880 3147 2020 3188 con-

358 3226 694 3295 tribulatus,
723 3243 825 3285 cor
854 3227 1175 3287 contritum
1205 3234 1262 3282 et
1304 3225 1686 3282 humiliatum
1717 3226 1870 3278 Deus
1895 3235 2021 3295 non

359 3316 584 3398 spernit
606 3317 792 3384 (l’sal.
826 3320 900 3384 ι).
936 3338 964 3365 ››
996 3315 1167 3379 Quod
1199 3320 1337 3372 tunc
1371 3315 1550 3384 digne
1582 3315 1667 3384 tit,
1701 3313 1767 3380 si,
1804 3310 2019 3367 oratio-

357 3418 436 3460 ne
460 3403 778 3477 completa,
810 3418 922 3458 nos
952 3404 1013 3458 in
1043 3404 1259 3460 eodem
1294 3409 1497 3459 tenore
1520 3400 1762 3472 justitize
1784 3414 2021 3475 perma-

360 3490 661 3557 nebimus.
696 3490 860 3547 Unde
882 3494 938 3549 et
967 3492 1255 3564 sequitur.

434 3601 463 3629 ‹(
504 3581 573 3643 Et
602 3578 749 3639 abiit
778 3578 989 3639 mulier
1018 3580 1079 3637 in
1109 3581 1270 3637 viam
1300 3596 1476 3635 suam
1502 3582 1559 3635 et
1590 3577 1869 3647 comedit,
1893 3575 2027 3631 vul-

363 3690 393 3719 «
436 3675 654 3742 tusque
672 3667 831 3729 illius
857 3684 976 3727 non
1001 3674 1139 3724 sunt
1162 3669 1422 3741 amplius
1445 3669 1504 3723 in
1530 3666 1767 3722 diversa
1789 3665 2019 3720 mutati.

366 3779 396 3811 «
436 3761 503 3816 Et
528 3757 755 3819 factum
786 3762 873 3814 est
912 3762 1045 3830 post
1100 3756 1392 3827 circulum
1441 3756 1696 3818 dierum,
1752 3754 2027 3826 concepit

365 3869 395 3901 ‹‹
434 3855 607 3909 Anna
644 3853 703 3905 et
724 3847 955 3921 peperit
999 3847 1211 3916 ﬁlium,
1243 3846 1595 3919 vacavitque
1627 3860 1850 3899 nomen
1894 3844 2024 3914 ejus

363 3959 393 3990 ι(
438 3938 697 4007 Samuel,
730 3954 801 3994 eo
848 3938 1013 4014 quod
1061 3955 1096 3994 a
1130 3936 1381 3993 Domino
1408 3934 1774 4007 postulasset
1798 3948 1958 3988 eum.
1994 3953 2025 3982 »

363 4029 503 4082 Post
527 4026 818 4082 circulum
842 4042 985 4097 ergo
1032 4027 1290 4096 dierum,
1320 4026 1383 4080 id
1412 4029 1499 4079 est
1535 4029 1671 4097 post
1694 4022 1837 4079 anni
1867 4021 2024 4079 redi-

365 4118 515 4185 tum,
574 4115 802 4186 peperit
856 4120 1029 4170 Anna
1054 4131 1330 4187 puerum,
1380 4114 1741 4185 vocavitque
1796 4127 2023 4167 nomen

364 4202 493 4272 ejus
526 4200 785 4257 Samuel.
818 4201 1057 4257 Samuel
1090 4202 1197 4274 qui
1227 4202 1646 4272 interpretatur
1695 4201 2023 4270 postulatio

365 4291 495 4354 Dei,
526 4290 649 4344 sive
677 4305 889 4346 nomen
918 4291 1045 4359 ejus
1066 4293 1243 4356 Deus,
1282 4291 1427 4362 quia
1458 4295 1667 4346 auctor
1694 4288 2022 4345 nativitatis

365 4378 497 4448 ejus
525 4381 678 4434 Deus
710 4384 857 4443 erat,
914 4379 1020 4451 qui
1056 4379 1134 4435 ab
1186 4379 1363 4435 sterili
1394 4384 1672 4435 exoratus
1725 4377 2026 4433 concessit

365 4465 587 4521 habere
608 4465 820 4533 ﬁlium,
851 4466 955 4542 qui
981 4466 1201 4536 dignus
1234 4468 1554 4524 haberetur
1578 4468 1639 4522 in
1668 4465 1893 4538 templo
1921 4464 2023 4520 Dei

364 4555 593 4611 cunctis
618 4556 830 4611 diebus
858 4556 1133 4612 assistere
1164 4557 1243 4613 ad
1273 4556 1579 4612 servitium
1605 4556 1754 4625 ejus.
1785 4555 1896 4620 Qui
1927 4570 2024 4608 su-

362 4646 566 4718 perius
596 4660 720 4700 non
752 4644 949 4701 solum
971 4646 1074 4709 vir,
1091 4645 1195 4701 sed
1217 4646 1308 4700 vir
1331 4661 1484 4700 unus
1506 4643 1862 4717 appellatur,
1881 4643 2026 4714 quia

365 4735 635 4791 videlicet
664 4751 787 4791 non
814 4735 875 4791 in
906 4735 1146 4792 diversa
1197 4734 1620 4805 vagabundus,
1661 4732 1755 4789 vel
1783 4731 2026 4787 mobilis

365 4830 546 4898 atque
593 4826 909 4897 instabilis,
960 4827 1064 4884 sed
1120 4826 1333 4889 ﬁrmus
1391 4829 1569 4896 atque
1630 4824 2026 4879 inconcussus

366 4915 687 4987 persistens
718 4917 807 4977 vir
863 4933 1019 4975 unus
1050 4921 1197 4974 erat.
1250 4918 1313 4971 Et
1358 4930 1479 4969 non
1530 4913 1727 4968 solum
1755 4912 1839 4967 vir
1869 4927 2026 4975 unus

365 5002 600 5065 dicitur.
623 5004 719 5060 ille
740 5006 844 5077 qui
873 5006 1085 5062 ﬁrmus
1111 5008 1472 5077 perseverat,
1492 5001 1597 5057 sed
1628 5018 1838 5057 omnes
1868 5018 2029 5056 com-

365 5096 633 5164 petentes
662 5108 818 5149 unus
848 5094 1152 5158 dicuntur,
1212 5108 1399 5151 unam
1428 5092 1784 5163 sapientiam
1811 5108 2024 5149 omnes

365 5179 680 5247 habentes,
720 5181 825 5252 qui
854 5196 1043 5241 unum
1071 5182 1375 5238 Christum
1398 5183 1603 5237 Jesum
1646 5180 2024 5251 conﬁtentur,

365 5269 426 5327 in
457 5284 580 5327 uno
604 5269 821 5340 Spiritu
852 5269 953 5326 Dei
976 5269 1726 5342 replentur.Unusquisque
1748 5270 2027 5341 insipien-

367 5358 516 5421 tium
545 5372 669 5413 non
712 5361 805 5415 est
862 5372 1047 5423 unus,
1078 5357 1184 5414 sed
1235 5358 1423 5419 multi.
1480 5359 1644 5417 Unde
1683 5358 2023 5432 Scriptura:

369 5467 398 5503 ιι
430 5445 653 5509 Stultus
708 5450 774 5503 ut
824 5445 972 5505 luna
998 5451 1259 5504 mutatur
1311 5449 1497 5520 (Eccl.
1531 5449 1740 5520 xxvu).
1787 5470 1816 5505 ιο
1858 5450 2028 5506 Luna.

368 5550 506 5590 cum
539 5534 766 5591 videtur
792 5551 915 5597 una
940 5552 1067 5592 esse
1100 5553 1205 5609 per
1234 5537 1659 5609 substantiam,
1692 5554 1799 5609 per
1829 5541 2029 5599 muta-

368 5620 590 5678 tionem
620 5623 851 5680 dierum
884 5642 1117 5698 semper
1139 5626 1270 5699 ipsa
1301 5627 1416 5684 alia
1441 5634 1532 5683 est
1560 5633 1616 5682 et
1644 5626 1904 5681 diversa.
1937 5627 2030 5680 Sic

368 5716 426 5783 et
448 5716 815 5784 peccatores,
844 5715 949 5788 qui
975 5722 1287 5787 mutantur
1306 5733 1343 5774 a
1365 5716 1662 5790 sapientia
1682 5721 1739 5775 et
1760 5716 2029 5785 scientia,

2123 1810 2207 1864 tui
2232 1825 2356 1866 non
2412 1810 2690 1865 deﬁcient
2739 1810 2929 1879 (Psal.
2982 1809 3115 1873 CIV).
3169 1829 3199 1865 η
3255 1805 3630 1865 Armathaim
3690 1807 3803 1861 So-

2123 1899 2312 1969 phim,
2335 1915 2471 1970 quas
2496 1899 2918 1970 interpretatur
2964 1898 3202 1955 excelsa
3229 1895 3324 1953 vel
3377 1895 3646 1964 specula,
3675 1909 3804 1949 caa-

2122 1987 2335 2042 lestem
2391 1989 2685 2057 signiﬁcat
2712 1987 3060 2043 Jerusalem.
3118 1988 3197 2042 De
3253 2000 3379 2055 qua
3418 1983 3644 2043 adnos
3696 1998 3808 2037 ve-

2125 2077 2319 2143 niens,
2350 2078 2629 2133 eamdem
2652 2075 3125 2148 speculationem
3152 2079 3209 2133 et
3228 2073 3453 2137 docuit,
3478 2072 3601 2128 imo
3623 2076 3685 2127 et
3713 2071 3806 2131 ad

2125 2165 2404 2219 eamdem
2431 2164 2860 2236 possidendam
2892 2180 3001 2221 sua
3029 2164 3217 2221 inerte
3239 2160 3559 2233 reparavit.
3579 2164 3645 2217 1n
3666 2174 3810 2231 qua

2126 2254 2252 2325 ipse
2302 2253 2519 2310 sedens
2548 2253 2628 2310 ad
2682 2253 2993 2310 dexteram
3045 2251 3252 2317 Patris,
3294 2248 3635 2321 interpellat
3681 2263 3805 2319 pro

2125 2342 2301 2397 nobis
2327 2342 2665 2399 secundum
2701 2342 2868 2413 quod
2925 2340 3250 2413 Apostolus
3303 2338 3475 2399 eius:
3523 2336 3810 2393 Advoca-

2125 2435 2251 2488 tum
2276 2431 2572 2487 habemus
2602 2430 2765 2503 apud
2810 2431 3068 2496 Patrem,
3113 2431 3319 2491 Iesum
3362 2426 3663 2484 Christum
3689 2426 3803 2496 ju-

2127 2525 2284 2576 stum
2318 2521 2374 2591 (Ι
2393 2524 2571 2577 Joan.
2604 2524 2692 2586 ii),
2726 2538 2756 2577 δ
2777 2524 2890 2576 etc.
2910 2519 3021 2584 Qui
3049 2518 3204 2581 bene
3233 2516 3392 2573 ﬁlius
3424 2515 3664 2579 dicitur,
3688 2514 3808 2571 ﬁlii

2124 2610 2425 2671 Jeroham,
2457 2609 2562 2664 ﬁlii
2594 2608 2895 2677 Heliu,ﬁlii
2925 2609 3088 2679 Suph
3123 2604 3807 2678 Ephrataeusderoham

2125 2698 2353 2770 quippe
2403 2698 2742 2754 misericors
2789 2698 3227 2769 interpretatur.
3282 2694 3409 2751 Elin
3435 2710 3578 2750 vero
3633 2695 3807 2750 Deus

2127 2802 2327 2845 meus:
2349 2788 2535 2859 Suph,
2580 2786 2890 2855 e/fundens
2918 2802 2931 2840 :
2960 2801 3097 2857 quae
3127 2784 3398 2851 nomina,
3432 2783 3585 2839 sicut
3610 2782 3808 2838 nobis

2127 2876 2382 2942 videtur,
2409 2876 2541 2946 jure
2567 2876 2647 2931 ad
2676 2877 2863 2932 Deum
2892 2875 3129 2939 Patrem
3159 2873 3512 2935 referuntur.
3539 2872 3672 2943 Ipse
3700 2876 3810 2929 est

2128 2963 2541 3021 misericordia
2567 2968 2788 3026 nostra.
2836 2962 2982 3035 quia
3017 2978 3127 3019 sua
3181 2961 3561 3021 miseratione
3589 2964 3809 3016 actum

2128 3057 2233 3117 est.
2249 3058 2311 3109 ut
2336 3052 2678 3121 unigenitus
2708 3052 2887 3108 Filius
2919 3050 2997 3109 ad
3027 3066 3138 3107 nos
3160 3052 3423 3113 veniens,
3442 3065 3551 3105 suo
3581 3064 3809 3104 cruore

2126 3158 2239 3197 nos
2290 3141 2627 3207 redimeret,
2674 3142 2848 3211 juxta
2895 3139 3063 3212 quod
3111 3139 3432 3213 Apostolus
3463 3138 3582 3197 ait:
3636 3158 3667 3189 α
3704 3138 3809 3193 Sic

2127 3229 2288 3285 enim
2315 3229 2521 3287 dilexit
2551 3232 2704 3289 Deus
2754 3228 3078 3299 mundum,
3110 3233 3174 3285 ut
3205 3227 3585 3298 Unigenitum
3610 3242 3807 3283 suum

2127 3318 2297 3374 daret
2325 3334 2435 3390 pro
2464 3318 2640 3373 nobis
2670 3318 2871 3389 (Joan.
2904 3321 3011 3383 ιιι).
3043 3339 3070 3367 ››
3104 3317 3215 3383 Qui
3245 3318 3305 3372 in
3336 3315 3640 3389 passione,
3685 3330 3808 3388 pro

2127 3408 2303 3465 nobis
2338 3407 2647 3474 laborans,
2680 3407 2908 3463 aiebat:
2943 3430 2972 3460 ι(
3007 3408 3161 3463 Deus
3189 3422 3378 3475 meus,
3414 3408 3568 3461 Deus
3597 3419 3804 3472 meus,

2130 3501 2195 3557 ut
2219 3497 2366 3569 quid
2394 3514 2490 3553 me
2550 3496 2913 3568 'lereliquisti
2933 3496 2960 3552 *ἲ
2991 3496 3179 3567 (Ρεαι.
3207 3498 3403 3563 Πι).›
3436 3493 3601 3550 Unde
3628 3493 3812 3565 Suph

2130 3586 2445 3645 effundens
2475 3588 2721 3655 dicitur,
2754 3586 2897 3657 quia
2923 3585 3002 3642 ad
3051 3600 3163 3653 nos
3192 3584 3361 3647 sinus
3406 3598 3529 3641 suae
3558 3580 3807 3654 pietatis

2132 3691 2269 3730 eum
2300 3675 2375 3730 de
2403 3673 2746 3730 ccelestibus
2772 3673 3003 3744 effudit,
3033 3679 3096 3733 ut
3156 3672 3546 3744 semetipsum
3586 3669 3803 3729 exina-

2131 3762 2303 3830 niret,
2323 3768 2502 3834 atque
2532 3762 2989 3835 quodammodo
3016 3761 3367 3827 effunderet,
3381 3765 3437 3816 et
3463 3775 3655 3830 genus
3682 3759 3807 3814 hu-

2133 3869 2385 3908 manum
2416 3851 2712 3909 liberaret.
2768 3852 2930 3909 Unde
2962 3868 3068 3925 per
3098 3851 3484 3908 Salomonem
3512 3851 3575 3907 in
3596 3848 3806 3906 Canti-

2134 3942 2217 3998 cis
2239 3941 2621 3997 canticorum
2640 3941 2893 3997 dicitur:
2937 3964 2963 3993 ι(
3002 3944 3384 4012 Unguentum
3415 3937 3678 3999 effusum
3709 3941 3809 3993 est

2132 4047 2356 4088 nomen
2392 4035 2559 4087 tuum
2593 4032 2863 4102 (Canta).
2897 4053 2924 4082 ››
2958 4034 3185 4087 Nomen
3225 4046 3370 4100 ergo
3392 4028 3495 4085 Dei
3522 4043 3806 4097 unguen-

2134 4126 2261 4179 tum
2277 4120 2539 4176 effusum
2561 4125 2665 4188 est,
2679 4120 2927 4192 quando
2945 4119 3024 4176 ab
3043 4120 3444 4177 immensitate
3467 4116 3807 4173 divinitatis

2134 4227 2278 4276 suae,
2308 4209 2384 4265 ad
2416 4215 2694 4265 naturam
2720 4216 2989 4266 nostram
3014 4225 3076 4264 se
3105 4208 3356 4264 exterius
3385 4206 3613 4271 effudit,
3632 4210 3694 4261 et
3717 4205 3806 4261 ab

2133 4314 2201 4354 eo
2232 4298 2398 4370 quod
2432 4303 2559 4354 erat
2587 4298 2921 4369 invisibilis,
2972 4297 3266 4357 visibilem
3306 4313 3371 4351 se
3425 4295 3704 4353 reddidit.
3740 4295 3807 4352 Si

2133 4387 2293 4443 enim
2317 4404 2378 4442 se
2409 4403 2531 4442 non
2557 4386 2908 4454 effunderet,
2956 4402 3349 4459 nequaquam
3391 4385 3569 4441 nobis
3618 4399 3682 4439 se
3712 4384 3808 4439 in-

2134 4482 2484 4532 notesceret.
2505 4477 2583 4531 De
2612 4492 2737 4548 qua
2756 4477 3046 4533 etfusione
3073 4475 3286 4532 Paulus
3308 4475 3427 4533 ait:
3453 4498 3481 4531 ςι
3516 4473 3623 4540 Qui
3654 4489 3806 4529 cum

2135 4566 2195 4621 in
2226 4565 2421 4619 forma
2453 4565 2549 4621 Dei
2580 4571 2754 4632 esset,
2770 4581 2891 4620 non
2916 4564 3193 4637 rapinam
3211 4563 3533 4620 arbitratus
3563 4568 3808 4618 estesse

2135 4670 2196 4709 se
2222 4653 2517 4725 aequalem
2550 4655 2687 4719 Deo,
2721 4654 2825 4709 sed
2852 4656 3242 4725 semetipsum
3272 4652 3599 4709 exinanivit
3629 4652 3808 4722 (Phi-

2137 4744 2242 4811 lip.
2278 4743 2361 4813 ii).
2394 4764 2421 4792 »ι
2472 4746 2528 4798 et
2553 4742 2803 4814 reliqua.
2857 4742 3030 4807 Quod
3056 4742 3272 4798 Paulus
3315 4741 3398 4799 ait
3434 4742 3807 4807 exinanirit,

2135 4832 2249 4886 hoc
2288 4831 2571 4886 Salomon
2621 4830 2788 4897 dixit,
2840 4832 3072 4900 e/fudit.
3120 4832 3230 4896 Qui
3261 4831 3397 4902 jure
3446 4831 3810 4902 Ephrataaus

2135 4922 2369 4989 dicitur,
2413 4922 2760 4991 Eplirataaus
2806 4922 3078 4990 frugifer
3129 4921 3569 4991 interpretatur.
3623 4918 3809 4984 Quod

2135 5008 2289 5063 bene
2347 5008 2542 5064 eidem
2594 5008 2900 5078 unigenito
2950 5008 3049 5064 Dei
3096 5008 3241 5064 Filio
3285 5008 3605 5063 convenit:
3666 5006 3810 5077 ipse

2136 5098 2297 5159 enim
2328 5098 2613 5155 omnibus
2639 5097 2815 5155 donis
2866 5098 3115 5171 Spiritus
3159 5097 3347 5153 sancti
3377 5102 3435 5154 et
3475 5096 3810 5154 virtutibus

2137 5187 2457 5243 abundans
2505 5186 2784 5241 habetur.
2846 5187 2990 5243 Hinc
3034 5187 3220 5243 Isaias
3250 5188 3366 5241 ait:
3419 5208 3448 5238 α
3490 5185 3814 5257 Requievit

2137 5292 2317 5348 super
2370 5291 2510 5331 eum
2554 5276 2798 5348 spiritus
2870 5276 3125 5342 Domini,
3181 5276 3423 5346 spiritus
3482 5274 3805 5347 sapientia

2137 5367 2194 5418 et
2222 5361 2574 5430 intellectus,
2607 5362 2849 5435 spiritus
2877 5362 3109 5419 consilii
3154 5366 3211 5418 et
3255 5359 3622 5419 fortitudinis
3654 5362 3810 5437 (18a.

2136 5451 2221 5522 ιι),
2256 5471 2285 5502 ››
2336 5454 2393 5507 et
2428 5450 2682 5523 reliqua.
2736 5450 3050 5523 Sequitur:
3102 5471 3130 5505 (ι
3187 5449 3532 5522 Habuitque
3581 5464 3812 5521 uxores

2140 5538 2312 5606 duas,
2368 5554 2593 5594 nomen
2620 5538 2724 5593 uni
2777 5540 3117 5610 Phenenna,
3162 5543 3220 5594 et
3247 5553 3471 5594 nomen
3520 5537 3814 5597 secundm

2144 5630 2335 5684 Anna.
2388 5630 2767 5699 Fueruntque
2795 5628 3127 5683 Phenennae
3186 5627 3309 5683 ﬁlii.
3375 5630 3563 5682 Annae
3598 5632 3811 5685 autem

2147 5732 2271 5773 non
2296 5723 2465 5775 erant
2508 5717 2698 5787 liberi,
2728 5736 2757 5767 »
2798 5722 2858 5775 et
2904 5717 3155 5793 reliqua.
3198 5718 3329 5774 Istae
3375 5715 3512 5773 duae
3560 5732 3813 5789 uxores,
