3944 6410
88 248 175 305 263
1105 245 1361 313 ENABB.
1395 244 1465 309 IN
1494 243 1645 309 UBE

1965 246 2033 311 Μ.
2068 276 2136 299 πη
2164 250 2235 309 ΙΝ
2264 250 2399 309 LIB.
2426 252 2469 307 Ι.
3412 265 3522 326 2M

89 374 242 427 Anna
278 366 572 437 videlicet,
605 384 743 440 quae
773 366 1193 440 interpretatur
1229 365 1454 436 gratia,
1478 368 1533 421 et
1579 363 1728 418 Phe-
1761 369 1810 422 Α
1840 370 1996 425 tatur
2042 372 2439 437 discalceatus
2491 378 2621 439 sine
2671 379 2913 436 insania
2964 382 3399 441 conversionis:
3462 391 3524 452 et

89 473 285 527 neuna,
316 473 455 531 qua
485 456 706 515 dicitur
721 457 1049 525 conversio,
1082 454 1337 524 gemina:
1369 454 1582 530 plebis,
1613 452 1729 510 hoc
1840 458 2087 519 Phinees
2102 467 2494 540 quoque,qui
2518 468 2737 525 dicitur
2779 486 2865 527 οοι
2885 475 3143 540 magum,
3186 472 3414 537 scribas
3462 479 3520 537 οι

88 553 165 605 est
200 546 467 605 Ecclesiae
507 546 779 617 gentium
796 551 853 602 et
898 547 1257 617 Synagogze,
1281 543 1731 619 praetenderunt
1840 547 2174 608 Pbariszeos
2231 555 2573 625 signiﬁcant
2616 558 2985 621 Judaeorum.
3041 560 3153 627 Qui
3206 561 3363 619 bene
3411 552 3518 623 filii

88 637 412 705 imaginem.
462 636 786 693 Phenenna
823 650 1092 708 namque
1134 636 1474 706 Synagogae
1513 637 1730 706 typum
1840 637 1965 696 Heli
1994 640 2294 712 dicuntur,
2322 647 2427 718 qui
2452 652 2665 720 typum
2687 649 2928 709 tenebat
2948 650 3264 713 sacerdotii
3284 652 3520 715 Judae-

88 724 421 798 praelibabat
450 741 587 799 quas
615 724 875 783 fecunda
914 725 1179 797 primum
1226 722 1286 778 in
1325 722 1461 779 ﬁliis
1492 724 1731 789 exstitit,
1840 744 1978 784 rum
2012 738 2255 803 propter
2285 737 2579 797 sacrificia
2607 739 2874 797 carnalia
2911 739 3062 809 legis
3108 746 3164 797 et
3201 742 3517 807 sacerdotii

85 831 224 889 quos
276 818 391 871 Deo
414 830 522 887 per
549 813 1044 889 praedicationem
1076 812 1224 883 legis
1255 828 1544 883 generare
1575 814 1732 869 vide-
1841 816 2133 889 ipsorum.
2197 824 2311 895 ipsi
2365 826 2527 885 enim
2605 827 2817 887 scribae.
2879 832 2937 889 et
3007 829 3289 889 Pharisaei
3359 832 3510 891 dum

84 904 261 963 batur.
292 902 405 960 Sed
433 903 581 977 quia
604 919 903 963 conversa
922 907 1010 959 est
1037 918 1073 959 a
1100 902 1220 959 lide
1251 903 1733 975 patriarcharum
1843 922 2038 974 suam,
2085 910 2258 979 juxta
2304 914 2660 987 Apostolum
2705 918 2891 986 (Rom.
2924 918 3007 989 x),
3038 918 3360 981 voluerunt
3400 926 3519 980 sta-a

86 999 135 1052 et
162 994 589 1069 prophetarum
639 992 719 1050 ad
758 992 1195 1063 inﬁdelitatem,
1236 993 1560 1051 infecunda
1596 1010 1731 1067 per~
1845 1001 2006 1052 tuere
2027 999 2345 1071 justitiam,
2377 1009 2434 1059 et
2468 1005 2712 1075 justitiaa
2757 1009 2856 1063 Dei
2900 1013 3377 1076 contemnentes,
3408 1027 3518 1071 no-

86 1088 479 1175 manet.Anna
504 1099 645 1175 vero
668 1083 1041 1175 sterilis,quae
1064 1084 1487 1158 interpretatur
1505 1086 1729 1161 gratia,
1841 1085 2079 1175 luerunt
2127 1106 2264 1148 esse
2306 1094 2580 1163 subiecti,
2608 1112 2718 1153 nec
2762 1098 2965 1170 ipsum
3013 1099 3280 1172 recipere
3327 1118 3513 1175 quem

87 1172 386 1231 Ecclesiam
415 1173 799 1244 signiﬁcabat
830 1174 1120 1243 gentium,
1162 1191 1297 1247 quae
1330 1176 1525 1245 gratia
1563 1191 1735 1235 sanc—
1842 1173 1935 1232 lex
1954 1178 2328 1249 etprophetee
2347 1182 2895 1252 praedixeruntesse
2913 1172 3515 1259 venturum,degene-

85 1262 122 1319 ti
169 1262 480 1325 Salvatoris
546 1264 930 1335 cognoscitur
990 1280 1120 1321 esse
1167 1265 1502 1338 redempta.
1559 1268 1737 1331 Juxta
1842 1266 2239 1323 rantesaﬁde
2262 1270 2741 1340 patriarcharum
2762 1277 2818 1331 et
2856 1274 3515 1345 prophetarum,adin-

84 1353 235 1425 quod
254 1353 575 1426 Apostolus
602 1353 716 1410 ait:
751 1374 781 1407 ‹
815 1354 1015 1411 Gratia
1044 1354 1207 1410 enim
1253 1355 1355 1413 Dei
1404 1355 1550 1411 salvi
1595 1354 1737 1413 facti
1846 1355 2081 1412 saniam
2102 1357 2465 1417 inﬁdelitatis
2482 1364 2778 1432 conversi,
2801 1379 2871 1418 os
2899 1369 3138 1423 mutum
3170 1372 3516 1425 meruerunt

86 1444 209 1497 estis
241 1459 343 1517 per
372 1443 578 1513 ﬁdem,
613 1449 671 1500 et
697 1459 822 1500 non
869 1460 944 1501 ex
991 1443 1186 1512 vobis,
1221 1444 1455 1501 donum
1499 1446 1600 1501 Dei
1644 1450 1737 1507 est
1846 1441 2132 1509 habere,a
2157 1463 2295 1503 vero
2318 1449 2878 1511 sacerdotioChristi
2901 1455 2957 1507 et
2984 1452 3366 1509 confessione
3386 1455 3516 1513 veri

85 1532 309 1601 (Ep/tes,
354 1533 435 1603 ιι),
487 1555 515 1582 ››
575 1536 641 1590 Et
680 1534 927 1595 iterum;
983 1555 1010 1585 ‹‹
1037 1533 1276 1591 Vocabo
1320 1550 1445 1591 non
1492 1534 1736 1607 plebem
1848 1533 2198 1605 sacerdotis,
2224 1536 2300 1591 d0
2342 1553 2466 1609 quo
2497 1538 2786 1610 scriptum
2818 1544 2937 1595 est:
2996 1541 3275 1599 «Iuravit
3312 1542 3514 1599 Domi-

85 1637 289 1691 meam,
319 1622 562 1705 plebem
586 1639 815 1691 meam,
853 1628 909 1680 et
937 1640 1063 1680 non
1094 1624 1572 1681 misericordiam
1590 1641 1735 1683 con-
1845 1636 1960 1677 nus
1990 1628 2047 1678 et
2075 1640 2197 1681 non
2224 1626 2537 1697 prenitebit
2567 1644 2727 1694 eum,
2763 1632 2825 1689 tu
2852 1644 2915 1683 es
2949 1630 3230 1695 sacerdos
3259 1631 3320 1693 in
3351 1635 3517 1688 mter.

86 1716 334 1769 secutam
375 1711 858 1771 misericordiam
898 1719 1287 1770 consecutam
1338 1714 1528 1785 (Rom.
1560 1724 1663 1786 ιχ),
1705 1737 1732 1765 ››
1773 1724 1816 1785 Β
1845 1726 1995 1767 num
2027 1714 2363 1773 secundum
2385 1717 2660 1775 ordinem
2683 1717 3113 1777 Melchisedech
3134 1720 3515 1793 (Psal.c1x).»

85 1807 179 1856 etc.
208 1802 345 1867 Qum
373 1802 591 1859 sterilis
624 1802 858 1870 dicitur,
883 1803 1057 1877 juxta
1086 1803 1252 1877 quod
1286 1805 1578 1878 scriptum
1611 1812 1732 1865 est;
1849 1801 1913 1863 Et
1941 1801 2085 1873 quia
2111 1801 2437 1865 Ecclesiam
2466 1805 2601 1877 sibi,
2628 1807 2870 1879 proprie
2908 1821 3046 1879 quae
3077 1808 3306 1864 Christo
3336 1807 3517 1875 debe-

86 1912 109 1936 ιι
140 1892 366 1961 Laetare,
387 1890 627 1959 sterilis,
646 1908 783 1967 quae
807 1907 933 1949 non
964 1892 1128 1965 paris
1153 1911 1166 1961 ;
1202 1908 1517 1966 erumpere
1545 1900 1601 1953 et
1622 1894 1739 1953 clas
1845 1886 2041 1957 batur,
2074 1891 2179 1964 qui
2209 1897 2334 1951 erat
2363 1909 2541 1953 verus
2571 1910 2854 1967 sponSUS,
2887 1900 3179 1968 tanquam
3206 1896 3517 1969 propriam

85 1993 191 2046 ma,
216 1996 347 2053 qua:
362 1995 493 2037 non
517 1980 804 2059 parturis,
822 1980 968 2057 quia
988 1979 1162 2043 multi
1176 1979 1282 2041 ﬁlii
1315 1981 1589 2053 desertas,
1611 2000 1736 2047 ma-
1845 1976 2152 2037 vindicare
2182 1980 2517 2052 voluerunt,
2547 1987 2604 2039 et
2631 1982 2953 2049 noluerunt
2978 1984 3268 2051 suscitare
3307 1999 3517 2049 semen

84 2068 161 2136 gis
188 2085 366 2142 quam
387 2071 525 2143 ejus
549 2086 686 2145 quae
704 2070 889 2133 habet
908 2070 1102 2129 virum
1128 2072 1268 2143 (Isa.
1298 2074 1431 2144 Liv).
1455 2091 1484 2121 »
1514 2074 1594 2128 De
1611 2089 1739 2146 qua
1846 2063 1986 2125 fidei
2036 2066 2099 2129 in
2156 2070 2401 2131 nomine
2453 2070 2717 2129 defuncti
2759 2071 2981 2138 fratris,
3011 2072 3075 2137 id
3130 2076 3224 2128 est
3280 2071 3516 2142 Chr-isti,

82 2157 245 2216 etiam
273 2159 593 2219 Psalmista
622 2161 735 2223 ait;
771 2183 799 2210 «
826 2159 940 2233 Qui
968 2161 1244 2219 habitare
1283 2162 1425 2223 facit
1471 2163 1737 2231 sterilem
1840 2157 2016 2227 juxta
2042 2157 2210 2231 quod
2234 2158 2296 2215 in
2338 2159 2469 2229 lege
2500 2160 2790 2234 scriptum
2818 2167 2963 2229 erat,
2997 2176 3120 2226 non
3166 2164 3519 2223 meruerunt

83 2247 135 2303 in
158 2248 350 2319 domo,
382 2255 648 2311 matrem
676 2249 942 2309 ﬁliorum
972 2250 1274 2311 laetantem
1313 2252 1505 2325 (Psal.
1540 2254 1735 2325 (11:11).»
1848 2263 1978 2303 esse
2015 2246 2077 2309 in
2118 2252 2276 2311 sorte
2325 2264 2559 2309 eorum.
2614 2250 2693 2306 De
2738 2250 2963 2322 quibus
3015 2249 3098 2309 ait
3133 2249 3497 2323 Apostolus:

84 2337 209 2409 Quae
237 2337 376 2397 olim
427 2337 647 2398 sterilis
680 2354 717 2399 a
748 2337 1112 2399 fecunditate
1162 2340 1349 2415 prolis
1388 2342 1733 2417 spiritualis,
1849 2356 1879 2389 ‹
1910 2341 1974 2399 Et
1998 2336 2244 2397 calceati
2274 2338 2458 2411 pedes
2484 2339 2545 2396 in
2572 2340 3011 2412 praeparatione
3060 2338 3365 2409 Evangelii
3409 2352 3519 2411 pau-

81 2440 223 2491 nunc
282 2430 398 2489 Deo
458 2427 797 2509 spirituales
852 2427 1007 2485 ﬁlios
1051 2445 1159 2503 per
1221 2429 1447 2489 fontem
1508 2431 1738 2504 baptis-
1849 2427 1932 2483 eis
1955 2426 2195 2498 (Ep/tes.
2226 2429 2370 2498 γη.»
2394 2430 2461 2487 Et
2485 2428 2560 2489 de
2585 2428 2809 2500 quibus
2838 2444 2946 2502 per
2976 2428 3335 2502 prophetam
3373 2426 3519 2485 dici-

81 2516 258 2583 matis,
289 2523 344 2575 et
371 2517 637 2590 gratiam
671 2517 921 2593 Spiritus
952 2520 1143 2575 sancti
1192 2518 1437 2590 gignere
1472 2536 1595 2576 non
1640 2521 1739 2579 de-
1850 2522 1975 2573 tur:
2001 2520 2237 2587 «Quam
2267 2518 2519 2590 speciosi
2544 2517 2728 2589 pedes
2759 2534 2970 2575 eorum
3013 2518 3117 2591 qui
3152 2517 3519 2585 annuntiant

84 2604 232 2663 sistit.
257 2609 332 2663 De
362 2623 494 2682 qua
519 2605 584 2669 in
614 2606 870 2665 Canticis
908 2607 1285 2667 canticorum
1332 2609 1603 2687 Apostoli
1647 2609 1737 2673 di-
1847 2606 2012 2662 bona
2030 2608 2217 2678 (Rom.
2242 2608 2322 2677 Χ).
2345 2629 2374 2658 υ
2405 2608 2472 2663 Et
2496 2607 2632 2663 ideo
2661 2608 2810 2664 nudi
2839 2612 2894 2664 et
2918 2607 3263 2671 discalceati
3297 2623 3335 2669 ει
3375 2622 3516 2673 vera

84 2702 236 2755 cunt:
262 2719 289 2747 »
332 2699 516 2761 Soror
555 2704 763 2757 nostra
810 2697 1063 2770 parvula
1105 2703 1217 2769 est,
1258 2703 1316 2756 et
1368 2699 1557 2756 ubera
1613 2714 1739 2757 non
1850 2694 1968 2752 ﬁde
1990 2700 2045 2750 et
2065 2694 2352 2765 dignitate
2374 2696 2688 2753 sacerdotii
2716 2701 3157 2761 remanserunt.
3182 2694 3359 2762 Quod
3383 2710 3519 2768 per.—

83 2782 243 2845 habet
264 2788 461 2861 (Cant.
498 2788 644 2861 vui).
677 2810 704 2838 ››
737 2788 891 2850 Quid
930 2788 1223 2846 faciemus
1266 2788 1456 2846 sorori
1493 2793 1734 2859 nostrae,
1850 2783 2199 2842 timescebat
2218 2800 2396 2853 agere
2414 2787 2674 2843 Joannes
2695 2786 2943 2859 quando
2959 2785 3198 2849 dicebat
3213 2784 3317 2851 eis,
3337 2806 3365 2836 ί(
3385 2787 3516 2849 Non

83 2873 134 2931 in
161 2876 249 2934 die
278 2877 534 2961 quando
566 2875 936 2952 alloquenda
963 2882 1082 2935 est:
1126 2877 1403 2949 Parvula,
1433 2878 1737 2959 inquiunt,
1848 2890 1986 2931 sum
2006 2888 2119 2944 ego
2138 2874 2432 2932 Christus:
2470 2875 2635 2937 venit
2657 2876 2821 2933 enim
2859 2875 3066 2939 fortior
3100 2890 3196 2937 me
3226 2877 3363 2948 post
3391 2889 3513 2943 me.

85 2971 156 3022 est
177 2966 313 3041 quia
355 2967 721 3043 mysterium
759 2966 1204 3045 praedicationis
1248 2972 1526 3029 nondum
1574 2966 1740 3024 suﬁiq
1848 2963 2023 3035 cujus
2047 2979 2168 3021 non
2188 2980 2319 3021 sum
2342 2964 2565 3036 dignus
2598 2969 2663 3023 ut
2685 2965 2920 3031 solvam
2942 2964 3262 3033 corrigiam
3282 2962 3515 3030 calcea-z

85 3056 149 3113 cit
191 3056 407 3126 subire,
437 3062 506 3117 ut
550 3055 708 3113 ﬁlios
755 3071 1054 3127 generans
1113 3056 1191 3112 ab
1244 3054 1469 3117 intimis
1519 3061 1739 3131 myste-
1774 3079 1818 3133 ο
1848 3054 2033 3115 menti
2056 3056 2184 3126 ejus
2202 3055 2399 3125 (Joan.
2421 3056 2479 3125 ι).
2510 3078 2535 3103 ››
2559 3058 2640 3110 Ac
2671 3054 2721 3110 si
2741 3054 3000 3113 diceret:
3032 3056 3154 3124 Ego
3178 3052 3518 3125 redempto-

82 3145 186 3216 riis,
213 3145 298 3205 vel
336 3150 400 3204 ut
431 3163 509 3207 ex
557 3146 847 3203 uberibus
885 3146 1113 3206 nutrire
1157 3146 1367 3220 possit.
1396 3145 1550 3215 Quid
1595 3161 1739 3217 ergo
1849 3145 1929 3199 ris
1947 3143 2517 3213 vestigiadenudare
2536 3159 2658 3203 non
2682 3142 2872 3210 valeo,
2888 3142 3035 3216 quia
3058 3158 3283 3207 nomen
3305 3140 3517 3215 sponsi

85 3235 170 3291 tibi
197 3236 442 3306 videtur,
477 3252 517 3293 ο
549 3237 896 3310 Synagoga,
925 3235 1000 3292 de
1032 3251 1235 3293 sorore
1265 3240 1476 3294 nostra
1513 3234 1737 3291 facien-
1850 3232 1994 3288 mihi
2024 3232 2360 3299 imrneritus
2386 3249 2510 3300 non
2540 3249 2789 3306 usurpo.
2822 3230 2995 3300 Quod
3027 3231 3173 3305 quia
3199 3230 3411 3295 scriba
3458 3233 3518 3291 et

83 3324 229 3393 dum,
278 3324 533 3399 quando
584 3323 973 3403 alloquenda,
1006 3330 1116 3397 est,
1165 3325 1228 3382 id
1273 3330 1361 3381 est
1406 3340 1516 3398 per
1568 3322 1739 3382 verbi
1849 3323 2127 3383 Pharisaei
2149 3322 2409 3383 indebita
2427 3338 2719 3395 usurpare
2742 3322 3097 3381 conatisunt
3118 3320 3392 3384 videlicet
3410 3335 3518 3379 nos

83 3415 406 3486 mysterium
429 3415 719 3473 ducenda
747 3417 821 3471 ad
848 3413 1055 3481 ﬁdem,
1095 3419 1156 3469 ut
1207 3430 1345 3494 quae
1393 3414 1580 3470 modo
1626 3416 1738 3471 ste-
1847 3428 1987 3471 men
2021 3412 2228 3484 sponsi
2278 3412 2388 3477 sibi
2427 3419 2484 3468 et
2510 3428 2632 3477 non
2678 3412 2911 3469 Christo
2941 3411 3222 3478 tribuere,
3255 3414 3313 3469 et
3353 3411 3516 3468 insu-

84 3502 185 3557 rilis
214 3504 436 3562 videtur
473 3503 669 3581 possit
707 3502 969 3561 fecunda
1004 3503 1386 3576 spiritualiter
1431 3502 1586 3563 ﬁlios
1639 3516 1736 3571 ge-i
1847 3518 2004 3575 pere
2025 3502 2325 3567 contrario
2346 3506 2855 3575 contempserunt,
2878 3501 3001 3561 imo
3022 3501 3082 3557 in
3104 3501 3318 3559 faciem
3340 3515 3517 3557 cons-

83 3595 309 3651 nerare?
341 3596 677 3666 Synagoga
702 3592 1093 3667 tacente,ipse
1108 3608 1371 3664 sponsus
1389 3592 1508 3651 sive
1542 3593 1736 3667 Apes-2
1848 3608 2031 3663 puere
2054 3608 2175 3651 non
2197 3590 2626 3655 dubitaverunt
2652 3608 2665 3646 :
2693 3591 2827 3662 jure
2852 3606 3077 3649 nomen
3106 3589 3346 3653 illorum
3372 3588 3515 3652 dici-

84 3682 167 3739 toli
192 3683 329 3757 quid
358 3683 486 3742 ﬁeri
511 3683 755 3761 debeat,
797 3682 1201 3755 respondent:
1253 3682 1311 3739 Si
1358 3697 1570 3739 murus
1625 3685 1733 3745 est.
1848 3688 1941 3740 tur
1970 3683 2179 3744 domus
2220 3682 2590 3748 discalceati,
2624 3681 2773 3738 sicut
2811 3682 2874 3739 in
2910 3681 3040 3751 lege
3086 3680 3375 3751 scriptum
3420 3684 3512 3737 est

82 3773 417 3831 aedificemus
448 3789 641 3847 super
661 3788 802 3828 eum
838 3771 1300 3846 propugnacula
1334 3776 1638 3841 argentea,
1673 3767 1737 3824 id
1848 3773 2035 3843 (Deut.
2062 3774 2222 3843 xxv).
2250 3779 2331 3833 Ac
2362 3789 2466 3845 per
2486 3773 2600 3829 hoc
2625 3772 2773 3831 nudi
2794 3776 3216 3829 remanserunt
3244 3769 3322 3827 ab
3342 3769 3512 3830 omni

82 3868 153 3915 est
170 3862 825 3922 scientiamdivinarum
850 3860 1735 3935 Scripturarum,utpossitnon
1844 3863 2151 3932 dignitate.
2192 3868 2250 3926 et
2295 3862 2637 3924 discalceati
2686 3861 2767 3922 ab
2810 3861 3101 3933 exemplis
3147 3859 3515 3931 patriarcha-

82 3950 249 4008 solum
270 3959 586 4027 protegere
609 3951 904 4017 inﬁrmos,
925 3950 1031 4007 sed
1067 3950 1246 4007 etiam
1279 3950 1493 4007 docere
1525 3950 1733 4014 indoc-
1843 3969 1980 4015 rum
2006 3960 2064 4010 et
2092 3953 2543 4026 prophetarum.
2582 3950 2748 4011 Unde
2782 3951 2900 4008 Silo
2937 3950 3187 4023 quidem
3233 3948 3317 4009 eis
3365 3963 3511 4009 eone-

83 4044 176 4107 tos,
196 4057 264 4098 ne
292 4060 533 4125 semper
564 4040 781 4099 sterilis
803 4044 1179 4114 permaneat.
1208 4041 1322 4097 Ista
1344 4040 1506 4096 enim
1535 4055 1732 4112 quan-
1844 4043 2021 4114 gruit,
2042 4043 2143 4100 ubi
2171 4042 2509 4103 sacerdotes
2534 4040 2716 4097 fuisse
2745 4039 3044 4109 leguntur.
3083 4039 3200 4096 Silo
3243 4053 3510 4109 namque

82 4145 239 4199 quam
264 4138 401 4189 tunc
444 4148 603 4189 uxor
648 4136 805 4186 esset
832 4130 893 4185 in
944 4127 1477 4203 praedestinatione
1512 4128 1733 4186 divinae
1842 4133 2106 4191 dimissio
2145 4134 2295 4201 ejus,
2318 4130 2409 4186 vel
2432 4132 2644 4201 petitio
2673 4130 3126 4202 interpretatur:
3173 4128 3319 4201 quia
3344 4127 3509 4187 enim

83 4221 275 4285 gratiae,
325 4223 500 4295 juxta
579 4219 750 4295 quod
820 4235 1083 4293 sponsus
1149 4218 1415 4293 loquitur
1467 4217 1543 4275 de
1601 4234 1729 4277 ea:
1840 4223 1956 4295 ipsi
1977 4222 2351 4295 cxpelierunt
2377 4222 2649 4288 Pilatum.
2689 4226 2753 4283 ut
2788 4220 3110 4281 dimitteret
3143 4218 3509 4289 Barabham,

85 4310 381 4381 «Equitatui
402 4328 542 4369 meo
564 4311 630 4367 in
653 4308 927 4365 curribus
953 4308 1279 4364 Pharaonis
1301 4305 1630 4365 assimilavi
1652 4311 1730 4381 te,
1842 4320 1899 4375 et
1925 4316 2134 4371 Jesum
2166 4313 2420 4375 traderet
2449 4312 2534 4369 eis
2564 4312 2805 4381 (Matth,
2829 4316 3075 4378 χχγγιι),
3112 4310 3278 4371 Unde
3308 4309 3390 4369 ad
3418 4309 3511 4371 in.

83 4400 248 4456 amica
268 4418 400 4458 mea
429 4404 636 4473 (Cant.
664 4403 729 4468 ι),
754 4422 782 4450 η
812 4398 876 4457 id
906 4402 1011 4465 est.
1046 4402 1106 4454 tu
1132 4398 1333 4454 adhuc
1364 4397 1425 4453 in
1454 4396 1732 4454 omnibus
1766 4440 1810 4499 Β
1842 4402 2076 4459 saniam
2109 4399 2472 4457 crudelitatis
2503 4400 2794 4465 conversi,
2824 4399 3177 4465 clamabant
3207 4398 3507 4464 dicentes;

84 4489 374 4565 Pharaonis
406 4492 697 4561 subintus
724 4487 1344 4554 serviebas,subintus
1361 4486 1646 4544 currebas
1668 4486 1733 4545 in
1766 4486 1805 4499 ⁷
1842 4516 1868 4542 ‹‹
1897 4492 1953 4549 Si
1982 4491 2229 4557 dimittis
2260 4507 2422 4561 eum,
2463 4506 2585 4551 non
2630 4506 2694 4549 es
2737 4490 2968 4547 amicus
3014 4489 3261 4555 Caesaris
3313 4490 3509 4560 (Joan.

85 4580 389 4648 gentilitate,
423 4581 535 4637 sed
566 4596 685 4651 ego
715 4578 941 4636 attendi
967 4576 1115 4651 quid
1145 4576 1221 4633 de
1251 4582 1305 4633 te
1338 4592 1448 4648 per
1474 4576 1734 4650 praedes-
1838 4583 1981 4652 xu).
2011 4604 2039 4632 υ
2072 4583 2135 4637 Et
2186 4580 2365 4641 item:
2415 4602 2443 4639 ς(
2465 4579 2779 4650 uruciﬁge,
2810 4579 3092 4649 cruciﬁge
3134 4571 3276 4644 eum
3340 4578 3508 4644 (Luc.

84 4666 398 4728 tinationem
428 4670 571 4729 fecit
600 4687 614 4728 :
646 4692 673 4719 α
701 4667 998 4742 Equitatui
1034 4683 1168 4725 meo
1213 4671 1267 4723 te
1316 4665 1664 4735 assimilavi,
1698 4688 1727 4721 ››
1837 4672 2024 4744 xxiii).
2050 4689 2080 4722 ›
2103 4670 2301 4733 Merito
2332 4669 2565 4725 dimissi
2595 4669 2859 4733 fuerunt,
2888 4674 2943 4725 et
2991 4667 3253 4723 derelicti
3298 4680 3335 4722 a
3366 4666 3510 4731 Deo,

83 4753 131 4808 id
176 4765 253 4816 est
302 4761 502 4817 electis
561 4759 721 4817 meis
777 4762 831 4814 te
892 4756 1149 4815 similem
1202 4756 1447 4813 attendi.
1504 4759 1729 4817 Tamen
1839 4760 1998 4823 exuti
2046 4759 2125 4818 ab
2170 4758 2338 4817 omni
2377 4758 2666 4826 bonitate,
2694 4756 2893 4817 traditi
2939 4760 3079 4812 sunt
3122 4753 3420 4825 gentibus,
3453 4755 3517 4807 et

84 4845 201 4917 (1111a
249 4851 522 4911 nondum
583 4863 852 4922 sponsus
907 4862 1046 4903 eam
1118 4846 1364 4921 proprio
1432 4848 1731 4915 sanguine
1838 4845 2595 4907 amiseruntsacerdotium
2626 4850 2683 4902 et
2710 4860 2989 4916 regnum,
3020 4846 3079 4900 et
3118 4848 3355 4914 torpore
3381 4839 3512 4896 inti-

84 4936 401 5011 redemerat,
432 4957 547 4996 nec
578 4939 1076 5011 desponsaverat,
1111 4936 1320 4992 sterilis
1368 4935 1727 5011 habebatur,
1839 4936 2097 4995 delitatis
2145 4934 2311 4996 nudi,
2357 4934 2683 5005 frigescunt
2721 4933 2874 4995 inter
2919 4934 3145 5002 gentes.
3191 4929 3507 5002 Sequitur:

85 5028 202 5097 quia
226 5029 276 5085 ei
304 5046 407 5102 per
437 5030 631 5087 ﬁdem
662 5028 987 5099 conjuncta
1039 5042 1162 5082 non
1207 5031 1351 5099 erat,
1383 5024 1489 5081 sed
1539 5027 1729 5096 Syna—
1842 5048 1869 5075 «
1896 5024 2066 5083 Dedit
2086 5040 2229 5097 ergo
2262 5022 2481 5080 Elcana
2509 5022 2842 5081 Phenennae
2870 5023 2929 5076 et
2954 5018 3090 5075 ﬁliis
3115 5019 3248 5090 ejus
3279 5024 3337 5076 et
3363 5015 3513 5077 ﬁlia-

87 5130 215 5183 sﬁga
239 5120 287 5175 ei
311 5119 783 5194 quodammodo
814 5118 967 5174 filios
990 5132 1097 5190 per
1116 5115 1334 5185 legem,
1359 5120 1419 5170 ut
1438 5114 1729 5185 diximus,
1837 5115 1954 5172 bus
1979 5117 2205 5187 partes.
2236 5114 2426 5169 Annae
2457 5114 2658 5177 autem
2688 5108 2854 5169 dedit
2881 5113 3115 5183 partem
3146 5125 3334 5166 unam
3385 5108 3514 5169 tris-

86 5218 259 5274 parcre
315 5211 657 5271 videbatur.
716 5211 850 5264 Haec
896 5207 1059 5264 enim
1099 5205 1359 5262 breviter
1402 5203 1727 5277 tangendo,
1843 5205 1935 5277 tis,
1961 5204 2106 5278 quia
2151 5204 2387 5259 Annam
2436 5200 2796 5270 diligebat.»
2844 5200 2980 5259 Jam
3020 5200 3183 5257 enim
3234 5198 3511 5271 superius

91 5300 139 5348 ut
179 5299 444 5374 diximus,
490 5300 600 5357 sed
656 5298 720 5355 in
768 5296 1279 5371 consequentibus
1336 5298 1471 5367 post
1525 5294 1733 5370 aliqua
1840 5291 2276 5351 inculcavimus
2307 5289 2475 5365 quod
2499 5290 2825 5347 Phenenna
2860 5295 3074 5361 typum
3105 5288 3296 5346 tenuit
3321 5288 3508 5357 Syna-

90 5398 199 5453 (Ιυέε
223 5388 573 5465 interpolata
598 5389 901 5460 videntur,
929 5389 994 5447 in
1040 5387 1288 5447 historia
1336 5385 1569 5459 prolata
1609 5384 1730 5459 ple-
1840 5399 2033 5454 gogce,
2056 5398 2189 5456 quae
2211 5396 2249 5441 θ.
2273 5383 2391 5441 Deo
2418 5377 2669 5453 quidem
2697 5383 2898 5451 partes
2920 5394 3061 5445 cum
3088 5376 3225 5445 ﬁliis
3262 5380 3321 5441 et
3363 5374 3512 5439 tilia-

92 5475 199 5530 nius
235 5464 567 5539 describere
620 5479 1000 5539 conabimur.
1048 5480 1226 5537 Erant
1269 5475 1411 5532 alibi
1455 5475 1578 5532 duo
1626 5474 1730 5537 tilii
1838 5473 1953 5529 bus
1984 5472 2306 5544 (quantum
2346 5468 2519 5539 juxta
2548 5481 2868 5540 anagogen
2899 5466 3171 5540 pertinet)
3217 5464 3507 5543 percepit,

98 5564 209 5625 lleli.
238 5569 460 5646 ilophni
493 5578 553 5629 et
582 5571 853 5631 Phincos,
898 5569 1238 5626 sacerdotes
1291 5565 1544 5623 Domini.
1580 5565 1731 5630 Quia
1838 5560 2110 5618 videlicet
2132 5557 2484 5631 temporalia
2500 5557 2663 5646 bona
2678 5560 2849 5646 terrae
2874 5555 3511 5646 pi'omissionis.luxta

98 5653 297 5718 inici-ia
346 5665 475 5721 luce
509 5663 738 5720 clarius
772 5667 953 5733 patet,
982 5661 1059 5716 ad
1102 5658 1428 5732 spiritalem
1471 5657 1726 5712 intellec-
1838 5650 2004 5723 quod
2029 5666 2136 5725 per
2164 5646 2544 5704 l’salmistam
2574 5645 2826 5701 dicitur:
2872 5665 2902 5699 ‹
2926 5645 3097 5700 Dedit
3119 5645 3204 5699 eis
3234 5645 3508 5715 regiones

99 5758 199 5838 ιυω
222 5753 682 5819 transducimur.
716 5749 956 5824 Hophni
980 5764 1268 5823 namque,
1299 5746 1406 5822 qui
1441 5745 1656 5820 interpr

1950 5734 2804 5813 ,ﬁumetlaborespopulorum
2815 5735 3507 5811 ressederunhutcuste-
