3944 6408
357 279 465 333 255

1449 263 1807 323 ANGELOMI
1846 257 2300 316 LUXOV‘IENSIS
2338 255 2682 316 MONACHI.

3682 254 3785 307 256

362 399 534 457 diant
555 394 1011 470 justiﬁcationes
1047 393 1196 463 ejus,
1228 396 1285 447 et
1326 391 1521 460 legem
1550 391 1678 460 ejus
1706 384 2016 459 requirant
2045 386 2093 438 Α
2123 383 2249 439 Noli
2279 400 2373 440 me
2405 383 2730 454 despicere,
2759 397 2795 437 ο
2829 383 3174 452 Synagoga,
3199 378 3345 470 quia
3375 377 3424 434 si
3454 377 3630 448 nigra
3653 393 3795 470 sum

363 491 554 563 (Psal.
587 489 722 559 01v):
748 507 776 537 ι
807 489 864 540 et
891 484 1036 556 quia
1062 483 1326 555 primum
1356 481 1581 536 credita
1603 477 1866 534 suntillis
1898 475 2015 530 elo-

363 579 510 653 quia
540 576 659 644 Dei,
691 579 748 631 et
787 572 1095 643 legislatio,
1139 576 1196 627 et
1240 573 1685 636 testamentum,
1717 570 1773 622 et
1815 580 2016 636 repro-

363 666 590 733 missio,
621 669 679 720 et
705 663 1324 735 reliqua.Quanquam
1344 658 1578 728 ingrata
1599 656 2016 724 fuisset,Annas

367 763 566 813 autem
621 752 783 809 dedit
846 754 1079 823 partem
1150 765 1339 804 unam
1391 747 1589 803 tristis.
1648 746 1793 800 Pars
1857 741 2016 798 enim

365 845 482 901 ista
508 857 695 916 quam
741 839 1011 895 conditor
1045 853 1245 893 rerum
1294 840 1504 906 Annia,
1536 836 1652 891 hoc
1699 837 1786 889 est
1827 830 2020 887 Eccle-

367 933 467 990 siae
512 930 778 1002 gentium
821 926 1087 998 contulit,
1139 925 1411 982 naturale
1454 924 1762 993 ingenium
1807 937 2020 994 possu-

365 1037 501 1077 mus
531 1019 820 1091 accipere,
842 1033 949 1090 per
981 1015 1148 1088 quod
1186 1019 1370 1070 Deum
1394 1028 1723 1084 agnoscere
1764 1012 2015 1083 poterat.

368 1113 446 1166 De
456 1124 579 1181 quo
589 1107 948 1180 praedicator
958 1105 1233 1174 egregius
1248 1103 1325 1159 ad
1348 1104 1656 1158 Romanos
1670 1099 2019 1155 describens

369 1198 483 1254 ait:
515 1221 542 1248 «
562 1195 889 1252 Invisibilia
908 1195 1069 1250 enim
1099 1193 1286 1265 ipsius
1306 1209 1342 1248 a
1361 1196 1636 1247 creatura
1662 1188 1893 1248 mundi.
1915 1201 2022 1259 per

365 1303 439 1344 ea
465 1303 599 1360 quae
629 1285 788 1341 facta
818 1288 957 1339 sunt
1002 1281 1301 1338 intellecta
1342 1280 1790 1351 conspiciuntur
1832 1279 2018 1348 (Rom.

366 1377 429 1448 1).
456 1397 484 1426 ››
519 1374 895 1446 Sempiterna
918 1387 1162 1444 quoque
1187 1371 1318 1442 ejus
1373 1369 1554 1424 virtus
1595 1385 1663 1423 ac
1702 1366 2018 1422 divinitas:

368 1463 532 1520 unde
581 1463 655 1518 de
705 1460 1076 1535 sapientibus
1115 1459 1296 1530 hujus
1339 1457 1550 1514 mundi
1602 1455 1909 1528 praemisit,
1941 1454 2024 1509 di-

371 1569 545 1610 cens:
572 1571 602 1604 ‹
635 1551 785 1628 Quia
810 1551 974 1622 quod
1006 1555 1215 1605 notum
1244 1554 1328 1603 est
1371 1547 1488 1611 Dei,
1523 1546 1908 1602 manifestum
1938 1547 2027 1599 est

371 1640 485 1696 illis
515 1640 715 1712 (Ibid.)
739 1661 766 1687 »
799 1640 952 1693 Deus
985 1637 1141 1692 enim
1163 1637 1275 1692 illis
1303 1635 1722 1699 manifestavit,
1748 1633 1851 1688 sed
1873 1633 2026 1687 bene

2122 489 2229 545 per
2257 473 2557 539 meritum,
2591 472 2857 526 formosa
2903 486 3036 524 sum
3068 484 3176 540 per
3217 467 3433 522 divinae
3483 465 3798 539 praedesti-

2123 563 2383 618 nationis
2434 562 2708 631 gratiam.
2746 559 2860 616 Sed
2905 558 3040 614 idco
3092 560 3417 630 Synagoga
3466 557 3802 612 contemnit

2127 651 2627 724 Ecclesiam,quia
2649 648 2993 705 attendebat
3013 647 3208 720 qualis
3239 651 3387 716 erat,
3423 647 3531 701 sed
3558 647 3802 716 ignora-

2124 744 2246 811 bat,
2280 747 2343 797 ut
2369 739 2871 813 diximus,qualis
2897 739 3100 795 futura
3143 742 3288 793 erat.
3312 740 3529 794 Verum
3581 741 3802 809 postea

2127 834 2516 891 considerans
2550 831 2873 888 Ecclesiam
2904 845 3010 901 per
3053 828 3328 884 naturale
3358 828 3674 898 ingenium
3701 843 3801 882 or-

2125 931 2274 993 tam,
2319 924 2524 980 divina
2568 923 2786 978 scilicet
2834 920 3188 976 illustratam
3229 919 3418 988 gratia
3463 919 3672 974 venire
3721 917 3804 973 ad

2129 1017 2447 1082 Christum,
2482 1015 2598 1070 ait:
2647 1014 2838 1078 «Quae
2875 1015 2964 1066 est
3011 1010 3142 1077 ista,
3187 1025 3323 1081 quae
3369 1008 3646 1064 ascendit
3693 1023 3806 1080 per

2128 1107 2430 1162 desertum
2463 1105 2614 1160 sicut
2641 1101 2875 1171 virgula
2903 1100 3074 1164 fumi,
3110 1115 3184 1154 ex
3216 1099 3596 1154 aromatibus
3639 1114 3806 1169 myr-

2129 1197 2251 1252 rhae
2277 1200 2334 1250 et
2365 1195 2573 1260 thuris,
2606 1197 2664 1248 et
2700 1191 2961 1246 universi
3010 1189 3270 1262 pulveris
3308 1188 3741 1260 pigmentarii?
3777 1209 3806 1236 ››

2130 1288 2330 1357 (Cant.
2364 1285 2502 1354 cxr.)
2535 1287 2680 1338 Nam
2703 1281 3035 1336 admiratur
3063 1278 3376 1351 quomodo
3401 1278 3674 1347 gentium
3700 1293 3812 1349 po—

2128 1376 2329 1448 pulus,
2362 1373 2527 1428 nullo
2552 1369 3024 1427 circumcisionis
3078 1369 3364 1440 mysterio
3410 1367 3811 1433 emundatus,

2129 1464 2308 1521 nullis
2338 1463 2768 1535 prophetarum
2801 1458 3318 1514 admonitionibus
3339 1457 3691 1524 instructus,
3714 1472 3814 1510 su-

2131 1555 2256 1610 bito
2283 1553 2361 1608 ab
2392 1552 2614 1607 infirmis
2645 1549 3049 1623 voluptatibus
3093 1564 3201 1620 per
3239 1547 3544 1603 desertum
3577 1546 3819 1617 gentili-

2135 1644 2270 1700 tatis
2296 1649 2353 1698 et
2380 1641 2748 1706 idololatrize,
2783 1640 2860 1696 ad
2887 1639 3006 1694 alta
3026 1638 3314 1693 virtutum
3338 1636 3626 1698 culmina,
3653 1640 3712 1692 et
3732 1634 3820 1691 ad

374 1729 478 1798 ait,
532 1729 739 1794 ίνίεττῖςν
799 1727 945 1800 (lilia
998 1727 1286 1782 Dominus
1351 1724 1661 1780 00001053?
1667 1728 1726 1778 at
1779 1721 2024 1776 “Ilvam
2065 1743 2103 1796 Β
2136 1733 2452 1805 amplexus
2487 1730 2692 1804 sponsi
2718 1729 3104 1786 ascendisset.
3144 1730 3208 1782 Et
3233 1727 3388 1782 bene
3420 1727 3539 1782 ait:
3600 1749 3617 1775 ς
3652 1725 3822 1780 Sicut

374 1818 526 1889 ejus.
546 1817 806 1889 Denique
825 1817 968 1888 quia
995 1815 1372 1888 spiritualiter
1404 1814 1522 1869 Deo
1554 1827 1838 1884 generare
1875 1810 2028 1866 ﬁlios

372 1920 500 1963 non
522 1909 756 1978 poterat
799 1905 972 1960 anxie
1021 1903 1265 1969 ferebat,
1307 1902 1522 1958 scilicet
1571 1902 1715 1974 quia
1756 1899 2028 1956 nondum

376 1994 699 2051 advenerat
714 1998 948 2065 tempus
969 1991 1290 2047 miserendi
1312 1991 1534 2062 ejus,ut
1553 2007 1590 2046 a
1606 2006 1716 2045 sua
1731 1988 2030 2044 sterilitate

375 2082 717 2155 aperiretur,
743 2087 800 2138 et
820 2080 1113 2154 spirituali
1144 2081 1338 2150 gratia
1377 2079 1816 2135 fecundaretur.
1845 2077 2030 2147 Cujus

372 2171 796 2228 fecunditatem
826 2169 1005 2241 longe
1038 2169 1427 2225 considerans
1454 2168 1658 2237 Isaias,
1691 2167 2029 2233 clamabat;

376 2262 620 2328 Lmtare,
643 2259 872 2326 sterilis,
899 2276 1034 2332 qua:
1064 2275 1186 2314 non
1219 2260 1382 2331 paris
1413 2259 1552 2329 (Isa.
1586 2261 1723 2323 Liv),
1753 2278 1780 2306 »
1822 2262 1878 2312 et
1905 2255 2032 2310 reli-

375 2365 521 2422 qua.
551 2352 690 2405 Post
734 2349 892 2404 hanc
937 2348 1318 2414 sterilitatem,
1371 2347 1547 2402 tristis
1579 2351 1704 2402 erat
1754 2344 2032 2414 Ecclesia,

376 2439 520 2511 quia
544 2454 667 2494 non
697 2437 894 2493 solum
924 2454 1046 2493 non
1086 2437 1358 2510 pariebat
1404 2435 1572 2497 alios,
1605 2451 1814 2489 verum
1854 2434 2034 2488 etiam

379 2542 415 2582 a
445 2527 636 2598 gratia
662 2526 985 2582 Dominicae
1029 2525 1477 2590 incarnationis,
1511 2530 1566 2579 et
1605 2523 1682 2578 ab
1714 2522 2035 2578 amissione

377 2614 525 2683 legis
548 2613 806 2669 sterilem
835 2630 898 2668 se
946 2613 1207 2668 videbat.
1243 2611 1356 2667 Sed
1397 2616 1460 2666 ut
1507 2611 1620 2666 hoc
1668 2610 2036 2683 perpendere

378 2701 689 2774 potuisset,
720 2717 827 2772 per
875 2701 1145 2756 naturale
1187 2699 1496 2770 ingenium
1539 2699 1839 2754 intellexit.
1889 2698 2037 2763 Quia

380 2790 578 2862 ipsam
644 2789 932 2845 Dominus
1007 2789 1308 2858 diligebat,
1370 2788 1589 2843 scilicet
1653 2804 1775 2842 non
1841 2787 2035 2859 qualis

382 2882 525 2935 tunc
584 2883 727 2946 erat,
771 2878 877 2933 sed
924 2878 1120 2950 qualis
1162 2878 1222 2932 in
1269 2877 1789 2949 praadestinatione
1840 2875 2038 2931 futura

383 2971 528 3023 erat.
559 2967 670 3022 Sed
696 2968 840 3039 quia
863 2967 1024 3022 hanc
1053 2967 1639 3038 praedestinationem
1679 2971 1736 3021 et
1773 2966 2036 3020 futuram

2135 1822 2368 1893 virgula
2398 1821 2547 1876 fumi
2587 1837 2660 1875 ex
2690 1818 3062 1874 aromatibus
3094 1816 3355 1888 myrrha:
3399 1820 3456 1870 et
3502 1815 3721 1882 thuris,
3759 1819 3822 1870 et

2138 1911 2399 1968 universi
2427 1909 2688 1983 pulveris
2718 1907 3118 1981 pigmentarii,
3141 1927 3167 1954 ››
3203 1906 3259 1961 id
3290 1909 3382 1961 est
3411 1905 3547 1974 igne
3582 1904 3824 1960 amoris

2141 2018 2417 2071 accensa,
2435 1999 2527 2056 vel
2555 1998 2720 2056 omni
2741 1999 2880 2053 nisu
2894 1997 3183 2052 virtutum
3201 1995 3280 2050 ad
3301 1993 3567 2050 ccelestia
3597 1993 3819 2049 tendit.

2140 2095 2246 2147 Per
2269 2090 2609 2162 myrrham,
2635 2086 3013 2143 mortiﬁcatio
3035 2084 3371 2140 carnalium
3405 2083 3826 2156 voluptatum.

2143 2183 2250 2237 Per
2278 2181 2436 2247 thus,
2469 2179 2697 2250 puritas
2728 2175 3069 2231 orationum
3094 2190 3106 2228 :
3139 2178 3197 2229 et
3223 2174 3286 2229 in
3315 2173 3566 2228 diversis
3606 2173 3825 2244 pulve-

2143 2269 2309 2324 ribus
2342 2265 2721 2340 pigmentarii
2763 2264 3036 2319 omnium
3066 2263 3354 2317 virtutum
3401 2261 3554 2317 odor
3599 2261 3830 2334 accipi-

2144 2363 2257 2414 tur.
2284 2357 2447 2412 Unde
2497 2355 2640 2410 alibi
2694 2358 2941 2426 stupens
3002 2355 3326 2424 Synagoga
3401 2350 3565 2417 dicit,
3615 2373 3642 2401 ‹‹
3676 2354 3828 2406 Nes-

2145 2447 2275 2513 civi,
2305 2447 2511 2501 anima
2540 2459 2675 2499 mea
2701 2442 3075 2498 conturbavit
3097 2446 3464 2514 me,propter
3484 2440 3831 2513 quadrigas

2144 2535 2485 2592 Aminadal)
2519 2536 2720 2605 (Cant.
2747 2537 2886 2598 v1).»
2917 2537 2998 2587 Ac
3029 2531 3076 2586 si
3098 2530 3623 2598 dixisset,Nescivi,
3656 2547 3695 2586 o
3724 2534 3835 2586 Ec-

2146 2625 2326 2681 clesia
2353 2623 2641 2694 gentium,
2674 2622 2838 2676 dona
2864 2620 3066 2691 gratias
3115 2619 3438 2692 spiritualis
3468 2620 3529 2674 in
3580 2625 3634 2675 te
3661 2635 3830 2690 esse,

2149 2714 2253 2769 sed
2280 2715 2485 2769 anima
2517 2727 2651 2767 mea
2677 2709 3057 2766 conturbavit
3097 2725 3192 2764 me
3230 2714 3474 2781 propter
3521 2709 3834 2765 inductio-

2146 2821 2286 2861 nem
2341 2803 2482 2858 Novi
2535 2801 2910 2870 Testamenti,
2965 2805 3022 2855 et
3069 2799 3426 2870 evangelicae
3482 2799 3830 2872 quadrigae.

2148 2890 2485 2947 Aminadab
2507 2892 2733 2962 quippe
2756 2889 3176 2960 interpretatur
3183 2888 3447 2957 populus
3466 2902 3628 2942 meus
3645 2903 3836 2957 spon-

2150 2987 2381 3046 taneus,
2415 2979 2476 3034 id
2507 2984 2593 3033 est
2623 2978 2888 3032 Christus
2933 2977 3038 3049 qui
3084 2981 3295 3048 sponte
3345 2976 3602 3045 gratiam
3643 2993 3834 3033 suam

383 3055 636 3126 gratiam
669 3059 993 3128 Synagoga
1031 3056 1368 3126 ignorabat,
1413 3055 1797 3125 gentilitatem
1843 3054 1940 3109 des

2273 3068 2401 3124 tulit
2420 3067 2820 3138 Ecclesiaa,qui
2850 3081 2957 3138 per
2977 3070 3167 3120 totum
3181 3065 3310 3135 jam
3335 3064 3569 3120 vehitur
3583 3065 3830 3136 orbem_

383 3144 595 3212 ciebat,
619 3149 675 3201 et
719 3145 967 3218 insuper
1010 3145 1188 3200 etiam
1228 3144 1368 3200 odio
1410 3144 1856 3216 insequebatur.
1892 3147 2037 3198 Nam

385 3234 682 3306 sequitur:
719 3257 746 3283 ‹‹
770 3234 1087 3304 Aﬁligebat
1117 3249 1360 3307 quoque
1391 3249 1526 3289 eam
1555 3232 1773 3288 aemula
1801 3232 1952 3302 ejus,
1985 3235 2042 3285 et

382 3321 765 3376 vehementer
832 3321 1113 3390 angebat,
1155 3321 1475 3384 intantum,
1531 3326 1592 3376 ut
1657 3319 2045 3392 exprobraret

385 3409 553 3482 quod
575 3410 963 3465 conclusisset
983 3410 1268 3465 Dominus
1297 3409 1538 3464 vulvam
1557 3410 1744 3480 ejus.»
1766 3408 1916 3464 Nulli
1939 3407 2044 3477 igi-

387 3503 484 3554 tur
509 3497 728 3565 legenti
753 3497 1007 3554 dubium
1029 3504 1135 3560 est,
1163 3497 1328 3570 quod
1353 3500 1678 3568 Synagoga
1694 3497 2044 3552 Judaeorum

389 3585 714 3641 Ecclesiam
746 3586 1013 3655 gentium
1044 3591 1356 3658 persecuta
1398 3591 1508 3655 est,
1540 3590 1596 3641 et
1637 3591 1881 3658 propter
1921 3584 2046 3639 ido-

387 3673 632 3731 lolatriae
660 3673 888 3730 cultum
915 3673 1336 3730 contemnebat
1386 3679 1442 3729 et
1484 3673 1909 3745 exprobrabat.
1946 3676 2047 3728 De-

388 3764 572 3837 nique
601 3763 780 3820 etiam
809 3763 945 3835 ipsa
975 3762 1277 3835 primitiva
1303 3762 1562 3818 Ecclesia
1587 3763 1870 3832 ignorans
1891 3779 2050 3833 mys-

388 3854 603 3910 terium
630 3854 979 3910 salvationis
999 3853 1209 3926 ipsius,
1241 3855 1478 3909 Petrum
1510 3853 1871 3922 redarguere
1895 3851 2049 3907 vole-

387 3945 514 4016 bat,
535 3961 725 4018 quare
752 3945 1056 4016 ingressus
1086 3950 1244 4000 esset
1272 3945 1350 4001 ad
1391 3943 1729 4000 Cornelium
1773 3948 1829 3998 et
1877 3959 2047 3998 man-

389 4035 637 4090 ducaret
663 4051 803 4090 cum
835 4035 1174 4104 gentilibus.
1223 4033 1334 4090 Sed
1368 4036 1570 4088 Petrus
1615 4049 1752 4088 cum
1785 4033 2050 4089 divinam

392 4123 648 4194 gratiam
674 4123 758 4177 eis
786 4123 1100 4190 retulisset,
1132 4122 1618 4192 gloriﬁcaverunt
1669 4126 1855 4178 Deum
1891 4124 2046 4193 (Act.

393 4217 474 4281 ιι).
504 4213 584 4267 De
613 4227 738 4284 qua
763 4212 944 4268 etiam
972 4212 1358 4284 despectione
1383 4211 1754 4279 idololatriae,
1790 4212 2054 4269 Ecclesia

394 4318 467 4359 ex
516 4301 793 4371 gentibus
849 4303 1186 4374 Synagogae
1223 4303 1550 4374 respondit,
1585 4303 1822 4358 dicens:
1875 4327 1902 4353 ‹‹
1927 4302 2053 4359 Noli

2153 3157 2266 3214 Sed
2295 3157 2440 3228 quia
2467 3155 2747 3210 eamdem
2773 3154 3026 3223 gratiam
3068 3153 3344 3208 nondum
3372 3153 3572 3208 adhuc
3612 3169 3833 3225 perce-

2151 3251 2320 3319 perat
2343 3244 2618 3308 Ecclesia,
2647 3242 2753 3298 sed
2777 3242 2988 3298 sterilis
3019 3241 3416 3313 permanebat
3443 3246 3501 3297 et
3549 3242 3839 3298 tristaba—

2151 3340 2267 3404 tur,
2291 3339 2445 3388 recte
2472 3332 2876 3387 subinfertur:
2940 3333 3172 3386 «Porro
3211 3329 3312 3385 illa
3360 3329 3563 3400 ﬂebat,
3597 3335 3653 3386 et
3701 3347 3837 3388 non

2152 3421 2430 3495 capiebat
2472 3421 2696 3476 cibum.
2729 3419 2883 3475 Dixit
2927 3434 3068 3488 ergo
3116 3419 3168 3474 ei
3220 3418 3439 3474 Eleana
3488 3419 3579 3474 vir
3628 3435 3836 3476 suus:

2153 3517 2347 3577 Anna,
2375 3527 2482 3566 cur
2511 3509 2661 3564 ﬂes?
2687 3512 2746 3564 et
2776 3523 2965 3580 quare
2992 3523 3116 3562 non
3143 3507 3410 3563 comedis
3431 3508 3457 3562 ?
3481 3513 3537 3562 et
3570 3523 3841 3580 quamo-

2153 3599 2325 3654 brem
2351 3598 2634 3667 afﬂigitur
2655 3613 2758 3652 cor
2788 3602 2998 3652 tuum:
3047 3595 3329 3667 Nunquid
3363 3611 3487 3651 non
3529 3611 3643 3666 ego
3705 3613 3839 3652 me—

2154 3688 2266 3743 lior
2297 3704 2432 3742 sum
2458 3686 2559 3741 tibi
2581 3702 2768 3758 quam
2785 3685 2996 3741 decem
3016 3684 3168 3739 filii?
3187 3707 3215 3733 »
3245 3685 3338 3740 Ait
3359 3685 3520 3740 enim
3543 3701 3555 3739 :
3593 3707 3618 3733 ‹‹
3641 3685 3838 3742 Porro

2156 3777 2258 3832 illa
2289 3775 2470 3832 tlebat
2488 3780 2544 3830 et
2576 3790 2696 3830 non
2728 3773 3004 3846 capiebat
3027 3773 3252 3828 cibum.
3280 3795 3306 3822 »
3352 3777 3470 3829 Hoc
3517 3778 3606 3828 est
3653 3774 3836 3845 quod

2156 3865 2370 3921 beatus
2412 3862 2522 3918 Job
2552 3879 2622 3918 ex
2651 3863 2863 3918 eadem
2913 3861 3179 3917 Ecclesia
3217 3862 3505 3931 gentium,
3535 3878 3672 3934 quae
3727 3863 3839 3917 ad-

2158 3959 2406 4009 ventum
2439 3952 2532 4007 sui
2563 3951 2976 4024 Redemptoris
3007 3950 3394 4006 desiderabat
3429 3951 3718 4023 loquitur,
3744 3951 3839 4006 di-

2161 4058 2301 4098 cens
2330 4059 2342 4096 :
2376 4064 2404 4091 ‹‹
2434 4041 2718 4113 Nunquid
2749 4041 2940 4109 rugiet
2969 4055 3198 4110 onager
3226 4056 3366 4095 cum
3395 4039 3674 4096 habuerit
3704 4041 3845 4096 lier-

2160 4132 2354 4187 bam?
2381 4152 2410 4179 »
2444 4130 2600 4196 (Job.
2635 4135 2737 4194 γι.)
2781 4129 2932 4193 Quid
2949 4145 3055 4201 per
3075 4144 3398 4199 onagrum,
3421 4129 3481 4183 id
3517 4135 3607 4184 est
3629 4143 3845 4199 agres-

2163 4227 2281 4276 tem
2305 4219 2687 4288 asinum,nisi
2710 4218 2943 4289 gentilis
2960 4218 3222 4290 populus
3235 4218 3627 4287 designatur?
3649 4235 3846 4291 quem

2164 4310 2313 4364 sicut
2333 4315 2549 4364 natura
2571 4313 2736 4362 extra
2759 4306 2997 4362 stabula
3028 4306 3356 4378 disciplinae
3388 4307 3598 4372 edidit,
3630 4307 3715 4362 ita
3737 4325 3844 4362 va-

393 4408 490 4448 me
520 4391 897 4493 considerare
926 4392 1089 4464 quod
1123 4391 1292 4448 fusca
1336 4393 1473 4463 sim,
1499 4393 1645 4466 quia
1687 4393 2054 4449 decoloravit
2091 4441 2134 4493 Β
2167 4414 2277 4469 gus
2305 4399 2368 4453 in
2389 4397 2769 4469 voluptatum
2797 4413 3046 4451 suarum
3077 4411 3296 4469 campo
3327 4396 3679 4468 permansit.
3707 4397 3844 4453 Vita

394 4497 492 4539 me
519 4480 608 4537 sol
630 4481 830 4552 (Cant.
864 4484 960 4554 1)»
991 4487 1072 4538 Ac
1102 4482 1149 4537 si
1180 4488 1380 4554 aperte
1409 4483 1686 4538 dixisset:
1717 4482 1860 4538 Inde
1885 4483 2056 4539 fusca

395 4587 551 4639 sum,
567 4570 728 4626 unde
753 4571 1072 4644 peccatrix,
1087 4571 1232 4645 quia
1250 4589 1346 4627 me
1369 4571 1460 4626 sol
1487 4570 1871 4637 decoloravit,
1887 4571 1948 4626 id
1970 4577 2057 4628 est

394 4667 624 4720 creator
652 4678 823 4718 meus
853 4663 913 4718 in
947 4679 1143 4718 errore
1163 4663 1423 4735 positam
1447 4678 1543 4717 me
1570 4661 1851 4730 deseruit,
1882 4667 1938 4717 et
1961 4678 2055 4717 ra-

395 4753 526 4809 dios
557 4770 683 4809 suaa
730 4753 1120 4810 districtionis
1163 4752 1476 4808 subtraxit.
1509 4755 1630 4822 Ego
1687 4752 1748 4807 in
1797 4767 2057 4808 errorem

391 4841 566 4915 lapsa
599 4860 754 4906 sum,
791 4842 951 4899 unde
977 4847 1034 4899 et
1066 4841 1378 4913 subjungit
1404 4857 1415 4894 :
1453 4863 1481 4890 ››
1513 4841 1641 4896 Filii
1670 4841 1879 4896 matris
1909 4856 2058 4896 mea;

394 4937 822 5003 pugnaverunt
847 4935 1056 4988 contra
1101 4946 1198 4985 me
1225 4930 1426 5000 (Ibid).
1449 4952 1476 4979 ››
1523 4929 1649 4984 Filii
1696 4929 1923 4994 matris,
1952 4930 2060 4989 im-

395 5018 609 5072 mundi
639 5019 1049 5089 intelliguntur
1078 5017 1346 5089 spiritus,
1376 5017 1521 5088 quia
1559 5017 1637 5073 ab
1688 5033 1812 5074 una
1863 5021 2060 5089 gratia

395 5104 778 5175 benignitatis
808 5113 866 5162 et
903 5106 1182 5179 potentiae
1228 5105 1348 5172 Dei,
1382 5121 1493 5161 nos
1527 5110 1584 5161 et
1612 5106 1806 5176 angeli
1837 5108 2061 5164 conditi

399 5210 628 5250 sumus.
650 5197 716 5250 Et
730 5209 804 5249 ex
823 5210 894 5250 eo
906 5193 1074 5266 quod
1093 5194 1411 5250 rationales
1429 5197 1836 5268 sumus,quasi
1851 5213 2062 5270 quam.

398 5286 540 5341 dam
563 5285 906 5340 societatem
930 5283 1314 5339 fraternitatis
1336 5284 1634 5341 habemus
1659 5303 1672 5340 :
1702 5287 1844 5358 quia
1856 5291 2061 5343 tamen

400 5374 682 5430 cadentes
703 5371 922 5442 angeli,
945 5376 1001 5426 et
1043 5377 1180 5428 ante
1233 5373 1556 5429 adventum
1610 5374 1954 5445 Salvatoris,
2005 5382 2062 5432 et

401 5463 666 5534 quotidie
696 5466 904 5518 contra
931 5460 1252 5518 Ecclesiam
1284 5463 1549 5533 gentium
1570 5464 1798 5520 bellum
1823 5471 2058 5536 gerunt,

402 5550 594 5606 dicat:
625 5572 652 5600 «
678 5549 805 5605 Filii
834 5551 1041 5606 matris
1066 5567 1212 5606 meae
1235 5558 1658 5623 pugnaverunt
1678 5558 1888 5609 contra
1903 5569 2058 5608 me.»

403 5643 485 5694 Ac
517 5638 566 5693 si
593 5638 772 5708 dicat,
795 5640 938 5710 quia
966 5646 1194 5696 creator
1215 5657 1386 5696 meus
1406 5641 1468 5696 in
1489 5641 1811 5712 gentilitate
1834 5659 1930 5698 me
1956 5642 2060 5697 de-

404 5726 605 5797 seruit,
629 5749 658 5778 «
675 5727 779 5786 ﬁlii
794 5729 1001 5787 matris
1018 5745 1169 5787 mea:
1200 5735 1623 5803 pugnaverunt
1651 5735 1860 5788 contra
1887 5747 2008 5788 me.
2032 5754 2060 5781 »

2165 4503 2430 4559 namque
2463 4487 2620 4541 beati
2655 4485 2766 4541 Job
2807 4489 3139 4552 attestante,
3165 4485 3588 4554 cognoscimus
3627 4502 3850 4558 expec-

2165 4583 2321 4632 tasse
2341 4575 2750 4646 Redemptoris
2766 4576 2840 4630 ad
2853 4579 3096 4630 ventum
3113 4573 3334 4629 multos
3357 4575 3539 4630 etiam
3556 4591 3624 4629 ex
3652 4590 3771 4643 gen
3782 4576 3846 4630 ti-

2165 4665 2301 4721 bus.
2330 4664 2524 4719 Herba
2545 4679 2687 4733 ergo
2714 4663 2929 4732 onagri
2958 4670 3045 4718 est
3065 4663 3192 4717 haec
3226 4663 3360 4734 ipsa
3380 4663 3732 4718 mediatoris
3752 4663 3851 4718 in-

2167 4752 2454 4819 carnatio,
2474 4768 2581 4824 per
2601 4768 2789 4824 quam
2803 4766 2937 4824 ipsa
2952 4751 3248 4821 gentilitas
3255 4752 3384 4821 jam
3403 4752 3845 4816 satiatur.Quia

2167 4843 2326 4898 enim
2346 4857 2454 4914 per
2474 4842 2832 4913 prophetam
2849 4839 3064 4894 dicitur
3091 4856 3102 4893 :
3141 4862 3166 4886 «
3194 4841 3401 4894 Omnis
3427 4856 3568 4895 caro
3599 4840 3843 4910 fenum,

2167 4929 2565 4986 universitatis
2595 4928 2866 4983 conditor
2891 4944 2964 4982 ex
2989 4933 3195 4984 nostra
3220 4928 3559 4984 substantia
3589 4944 3849 4984 carnem

2170 5034 2416 5075 sumens
2438 5019 2643 5074 fenum
2660 5016 2786 5073 ﬁeri
2811 5017 3012 5083 voluit,
3035 5032 3110 5070 ne
3138 5024 3343 5072 nostra
3376 5018 3437 5072 in
3474 5024 3849 5090 perpetuum

2169 5109 2376 5165 fenum
2399 5123 2538 5163 caro
2573 5113 2910 5162 remaneret
2947 5107 3086 5173 (Isa.
3111 5107 3223 5177 XL).
3254 5128 3281 5155 »
3324 5110 3486 5161 Tunc
3519 5123 3663 5175 ergo
3705 5107 3851 5161 her-

2168 5197 2313 5254 bam
2343 5195 3005 5266 onager,invenit,cum
3037 5194 3271 5263 gentilis
3298 5195 3561 5267 populus
3585 5197 3852 5265 gratiam

2169 5285 2823 5342 divinzeincarnationis
2845 5286 3095 5357 accepit.
3128 5284 3240 5340 Sed
3257 5285 3519 5356 quiadiu
3541 5290 3680 5341 vota
3699 5286 3854 5341 elec-

2171 5382 2367 5431 torum
2390 5375 2698 5444 gentilium
2709 5373 2893 5428 dilata
2914 5373 3258 5442 sunt,longo
3282 5379 3550 5446 tempore
3564 5374 3852 5446 redemp-

2171 5465 2394 5520 tionem
2429 5479 2604 5518 suam
2625 5461 3031 5534 exspectando
3072 5469 3447 5530 gemuerunt,
3473 5469 3530 5517 et
3564 5479 3692 5519 non
3729 5481 3853 5518 nic-

2169 5557 2417 5608 ruerunt
2439 5552 2716 5608 eamdem
2752 5550 3008 5620 gratiam
3039 5552 3364 5623 percipere,
3389 5568 3514 5623 qua
3557 5552 3852 5607 fecunda-

2171 5651 2374 5698 rentur
2391 5648 2447 5698 et
2464 5646 2876 5698 saturarentur
2890 5640 2990 5695 illo
3023 5641 3157 5696 cibo
3175 5642 3247 5695 de
3276 5658 3398 5713 quo
3423 5645 3696 5697 Domnus
3729 5643 3812 5698 ait
3837 5659 3850 5693 :

2173 5754 2201 5781 «
2227 5734 2338 5797 Qui
2363 5732 2692 5790 manducat
2707 5745 2951 5787 carnem
2972 5745 3195 5801 meam,
3219 5735 3276 5786 et
3292 5730 3443 5787 bibit
3482 5747 3856 5801 sanguinem
