3944 6410
122 284 210 335 ⁴ὶ5Ἳ
1115 276 1367 331 ENARR.
1409 275 1476 330 lN
1519 271 1768 329 LIBROS
1803 268 2063 328 REGUM.
2106 299 2174 312 -—
2214 272 2283 330 IN
2324 273 2456 329 LIB.
2497 276 2538 330 Ι.

3425 279 3533 334 258

114 417 311 467 meum,
331 401 386 456 in
406 415 506 456 me
532 403 756 466 manet,
784 401 840 455 et
861 415 972 469 ego
1001 399 1058 454 in
1079 415 1150 455 eo
1178 399 1376 467 (Joan.
1401 399 1500 469 vi).
1528 419 1556 447 »
1577 397 1757 452 Bene-
1788 399 1833 451 A
1867 395 2148 468 perfectio
2171 397 2339 470 pacis
2366 397 2611 465 inﬁmae,
2662 397 2740 454 ad
2769 412 2957 470 quam
3005 413 3144 454 cum
3196 399 3534 472 perveneri-

111 492 312 548 dictum
341 495 430 545 est
459 507 472 544 :
526 512 552 538 «
578 493 754 544 Perro
784 495 956 544 Anna
1004 489 1204 554 ﬂebat,
1233 493 1290 544 et
1333 504 1454 544 non
1483 485 1760 559 capiebat

110 581 310 636 cibum.
338 601 364 628 ››
396 581 464 634 Et
484 578 630 651 quia
657 578 916 634 Ecclesia
937 578 1341 650 perseveravit
1368 578 1427 632 in
1449 592 1626 650 prece
1646 591 1756 648 pro

109 669 299 725 eadem
331 667 744 740 Redemptoris
775 668 988 738 gratia,
1018 667 1262 722 tandem
1295 667 1422 740 ipse
1454 681 1560 738 per
1587 681 1756 736 mys-

108 759 299 815 terium
328 773 451 812 sua:
483 757 916 812 incarnationis
958 756 1431 812 consolationem
1461 754 1754 812 adhibuit.

109 848 256 905 Unde
282 851 337 902 et
364 846 614 902 dicitur:
672 870 699 896 ‹‹
733 854 926 918 Anna,
969 863 1076 902 cur
1122 846 1276 900 fles?
1326 845 1603 917 nunquid
1633 859 1757 900 non

106 955 206 1009 ego
235 937 437 993 melior
468 936 573 993 tibi
602 952 789 1009 quam
821 936 1032 991 decem
1064 936 1166 990 filii
1187 938 1214 992 ?
1238 959 1266 986 »
1296 939 1509 990 Verum
1544 938 1651 1002 est,
1674 934 1758 989 in-

105 1041 294 1099 quam,
321 1041 534 1080 verum
564 1025 730 1098 quod
757 1024 1022 1096 loquitur
1053 1040 1252 1080 sermo
1291 1023 1509 1079 divina:
1542 1037 1758 1078 conso-

103 1115 369 1170 lationis:
413 1114 627 1169 melior
673 1119 762 1169 est
806 1112 1077 1168 Ecclesiae
1122 1113 1209 1168 vir
1257 1129 1424 1182 suus,
1469 1111 1760 1167 Dominus

106 1205 305 1261 scilicet
333 1206 621 1274 Christus,
649 1220 836 1276 quam
862 1204 1072 1259 decem
1102 1203 1226 1259 filii.
1253 1206 1466 1258 Decem
1493 1216 1759 1274 namque

102 1295 195 1350 ﬁlii
239 1295 313 1351 illi
369 1293 804 1364 signiﬁcantur,
857 1310 1012 1365 quos
1055 1309 1163 1364 per
1206 1292 1401 1362 legem
1435 1295 1761 1364 Synagoga

101 1385 210 1439 Deo
229 1383 397 1440 edere
429 1383 769 1450 videbatur,
807 1382 914 1437 sed
945 1381 1248 1437 multoties
1277 1381 1416 1455 plus
1443 1397 1582 1436 eum
1625 1379 1757 1436 dili-

102 1475 193 1543 git,
236 1474 356 1529 imo
401 1473 659 1544 gratiam
709 1471 1078 1542 Evangelicae
1117 1471 1580 1544 praedicationis,
1621 1485 1758 1542 quae

100 1579 196 1635 per
218 1563 412 1635 ipsum
444 1563 587 1617 data
614 1565 718 1626 est,
752 1577 942 1634 quam
971 1559 1284 1632 illosbquos
1315 1559 1630 1616 carnaliter
1657 1575 1760 1633 pa-

99 1651 292 1708 riebat.
343 1650 543 1720 Diligit
599 1649 725 1724 ipse
767 1649 1114 1719 Ecclesiam,
1165 1654 1222 1704 et
1269 1648 1552 1719 diligitur.
1607 1649 1758 1704 Scri-

1867 500 2024 551 mus,
2055 484 2203 540 nihil
2230 485 2568 542 remanebit
2595 485 2857 559 amplius
2886 486 3054 559 quod
3077 503 3446 561 quaeramus.
3469 491 3536 544 Et

1865 571 2002 629 ideo
2031 573 2324 630 debemus
2345 575 2408 630 in
2438 575 2651 632 eadem
2679 575 2871 648 gratia
2891 577 3372 650 compunctionis
3400 581 3532 634 tan-

1865 679 2052 736 quam
2082 666 2258 721 Anna
2288 681 2663 737 permanere,
2692 671 2749 722 et
2774 682 2897 722 non
2928 667 3158 724 vultum
3204 667 3267 724 in
3295 667 3535 724 diversa

1866 759 2119 821 mutare,
2135 754 2327 812 donec
2354 757 2778 828 perveniamus
2807 757 2886 813 ad
2903 757 3133 830 prolem
3159 757 3378 814 divinas
3395 773 3535 814 con-

1867 843 2292 916 templationis.
2325 849 2441 901 Nos
2471 847 2762 902 hactenus
2787 847 2902 903 ista
2930 847 3006 903 de
3039 847 3275 916 Elcana,
3304 853 3361 904 et
3385 847 3532 904 dua-

1864 932 1981 989 bus
2003 934 2292 990 uxoribus
2321 935 2474 1006 ejus,
2498 951 2568 992 ac
2607 937 2882 1009 partibus
2931 953 3163 1006 earum,
3217 942 3274 994 et
3319 941 3534 994 cietera

1866 1023 2406 1095 quaeinseruimus,
2435 1031 2612 1097 prout
2657 1026 2980 1096 intelligere
3028 1027 3357 1100 potuimus,
3410 1031 3468 1083 et
3495 1041 3532 1082 a

1866 1111 2150 1168 traditore
2173 1112 2516 1184 didicimus,
2532 1113 2870 1171 describere
2901 1116 3099 1172 conati
3120 1133 3353 1172 sumus.
3387 1119 3532 1183 Qum

1868 1202 1919 1256 si
1947 1201 2043 1258 cui
2061 1201 2489 1274 displicuerint,
2507 1208 2566 1260 et
2583 1204 2796 1260 melius
2816 1205 3082 1262 invenire
3102 1206 3361 1279 potuerit
3382 1223 3395 1262 :
3419 1222 3532 1264 nos

1867 1292 2178 1364 sequenda
2201 1291 2628 1363 judicavimus,
2660 1294 2807 1366 quia
2832 1295 3026 1365 magis
3055 1295 3427 1352 decrevimus
3452 1296 3530 1352 al-

1868 1382 2049 1438 terius
2084 1397 2331 1438 sensum
2361 1383 2555 1455 sequi,
2601 1400 2788 1456 quam
2824 1384 3164 1456 pertinaciae
3211 1385 3528 1442 deservire.

1866 1472 2179 1538 Caeterum,
2212 1471 2307 1526 his
2336 1471 2670 1545 descriptis,
2695 1473 2773 1528 ad
2799 1488 2870 1528 ea
2895 1489 3031 1546 quas
3049 1479 3402 1546 sequuntur,
3425 1475 3533 1530 Do-

1868 1561 2034 1618 mino
2089 1560 2346 1628 favente,
2402 1561 2626 1634 stylum
2684 1567 2911 1618 vertere
2963 1563 3366 1618 conabimur:
3428 1562 3534 1618 sed

1867 1653 2034 1725 prius
2063 1651 2401 1707 notandum
2431 1652 2576 1724 quia
2609 1651 2882 1707 nonnulli
2923 1652 3097 1722 juxta
3123 1651 3382 1708 ethicam
3411 1651 3532 1708 dis-

101 1746 253 1813 ptum
280 1755 548 1812 namque
580 1743 671 1795 est
702 1757 715 1795 :
752 1761 779 1787 »
830 1738 1087 1794 Dilectus
1130 1753 1303 1793 meus
1348 1737 1514 1804 mihi,
1565 1741 1622 1792 et
1646 1752 1758 1807 ego
1792 1761 1829 1815 Β
1867 1741 2174 1815 ciplinam,
2202 1741 2263 1796 id
2294 1747 2381 1798 est
2410 1741 2702 1798 moralem
2732 1757 2918 1814 quam
2945 1741 3113 1797 aliter
3136 1740 3532 1814 tropologiam

103 1830 172 1886 illi
219 1832 414 1901 (Cant.
451 1834 534 1896 ιι).
571 1851 599 1877 ››
631 1828 795 1885 Adeo
825 1828 1017 1898 diligit
1041 1827 1300 1883 Ecclesia
1339 1827 1662 1899 Christum,
1693 1832 1759 1884 ut

103 1936 209 1975 non
239 1920 428 1975 solum
487 1920 694 1975 omnia
738 1923 1089 1976 contemnat
1132 1933 1242 1990 pro
1295 1918 1453 1990 ipso,
1503 1917 1757 1974 adversa

103 2010 299 2065 scilicet
333 2015 388 2065 et
418 2024 718 2082 prospera
748 2008 982 2075 mundi,
1010 2007 1409 2064 verumetiam
1454 2007 1609 2062 mori
1632 2022 1755 2062 non

101 2098 358 2158 formidet
407 2114 523 2171 pro
568 2097 884 2154 dilectione
929 2097 1084 2168 ejus.
1119 2097 1198 2151 De
1229 2096 1403 2166 cujus
1442 2096 1755 2152 dilectione

101 2192 461 2261 (Quanquam
488 2187 658 2244 aliter
695 2186 1079 2256 intelligatur)
1105 2186 1166 2240 in
1213 2185 1468 2241 Canticis
1493 2186 1754 2241 cantico-

101 2292 220 2332 rum
243 2277 476 2342 dicitur,
521 2299 550 2324 «
585 2276 774 2332 Fortis
817 2280 906 2331 est
954 2280 1019 2330 ut
1059 2290 1225 2330 mors
1275 2273 1512 2330 dilectio
1551 2275 1752 2345 (Cant.

105 2371 230 2435 vui),
262 2390 287 2414 ››
319 2366 423 2422 sed
454 2366 605 2439 quia
637 2365 902 2420 Ecclesia
925 2364 987 2420 in
1009 2364 1226 2420 eadem
1253 2364 1444 2434 gratia
1464 2368 1644 2437 atque
1664 2364 1755 2419 di-

99 2454 328 2512 lectione
376 2471 570 2529 quam
627 2455 911 2527 percepit,
966 2455 1384 2527 perseveravit,
1427 2459 1583 2509 recte
1622 2453 1754 2525 qui-

101 2544 338 2602 busdam
366 2545 736 2618 interpositis
765 2545 840 2600 de
872 2545 1005 2618 ipsa
1026 2544 1262 2610 dicitur,
1281 2543 1603 2616 vultusque
1627 2544 1756 2613 ejus

100 2649 208 2688 non
236 2639 369 2690 sunt
399 2633 668 2706 amplius
698 2632 760 2688 in
791 2633 1028 2688 diversa
1071 2632 1308 2688 mutati.
1360 2636 1756 2704 Nequaquam

101 2724 244 2778 enim
273 2725 538 2780 Ecclesia
567 2739 605 2779 a
629 2723 970 2794 cognitione
1018 2722 1176 2790 ﬁdei,
1220 2727 1276 2778 et
1304 2722 1620 2779 dilectione
1665 2724 1756 2778 sui

104 2812 492 2886 Redemptoris
523 2813 846 2868 immutata
866 2816 973 2881 est,
997 2827 1193 2882 neque
1233 2810 1400 2866 evelli
1429 2812 1489 2866 in
1518 2810 1757 2867 diversa

102 2901 437 2958 declinando
469 2902 685 2976 potuit,
714 2901 793 2956 ab
822 2901 955 2974 ipsa
985 2901 1318 2956 devotionis
1349 2901 1541 2970 gratia
1566 2917 1756 2974 quam

102 2993 357 3064 peicepit.
421 2996 722 3050 Caeterum
781 2995 1078 3064 quantum
1133 2989 1213 3046 ad
1260 2990 1523 3045 historize
1571 2990 1756 3046 ﬁdem

100 3081 346 3151 pertinet,
380 3082 540 3138 bene
572 3082 693 3137 ait:
731 3104 756 3128 ‹‹
786 3080 1115 3152 Vultusque
1147 3079 1277 3150 ejus
1309 3095 1428 3134 non
1461 3085 1602 3135 sunt
1631 3096 1758 3135 am-

101 3170 238 3241 plius
267 3172 326 3226 in
356 3171 605 3228 diversa
634 3170 869 3226 mutati.
904 3192 931 3219 »
985 3168 1262 3225 Videlicet
1299 3168 1447 3241 quia
1476 3169 1644 3241 quod
1679 3169 1758 3224 ad

101 3261 267 3316 Deum
289 3262 638 3334 postulavit,
671 3277 744 3316 ex
771 3260 889 3316 ﬁde
920 3259 1193 3323 credens,
1241 3258 1496 3330 adipisci
1543 3275 1604 3313 se
1633 3275 1758 3314 non

100 3348 370 3407 dubitavit
401 3369 414 3407 :
451 3351 580 3406 sive
609 3350 754 3423 quia
791 3349 852 3404 in
884 3365 1026 3404 vero
1075 3349 1299 3404 ait'ectu
1346 3348 1759 3420 compunctio-

103 3440 181 3493 nis
207 3441 556 3512 permansit,
591 3456 787 3512 usque
817 3439 966 3494 dum
997 3438 1218 3510 adepta
1248 3442 1407 3492 esset
1436 3437 1604 3509 quod
1625 3453 1760 3508 pos-

104 3529 307 3587 tulavit.
341 3532 445 3588 Hic
494 3532 661 3587 enim
711 3530 888 3586 datur
941 3527 1288 3601 exemplum
1334 3526 1571 3593 orandi,
1617 3527 1760 3599 quia

104 3619 349 3676 videlicet
377 3620 665 3694 quisquis
718 3619 984 3676 exaudiri
1029 3617 1348 3682 desiderat,
1401 3615 1534 3672 talis
1583 3615 1761 3673 debet

104 3724 484 3781 perseverare,
519 3710 720 3784 qualis
746 3711 807 3765 in
836 3709 1108 3765 oratione
1136 3707 1384 3762 inveniri
1413 3723 1474 3761 se
1493 3711 1756 3778 exoptat.

106 3799 161 3852 Et
210 3800 254 3854 si
297 3801 480 3857 semel
537 3799 1022 3872 compunctionis
1072 3797 1328 3866 gratiam
1376 3796 1627 3868 percipit
1655 3811 1761 3867 per

104 3889 395 3957 puritatem
426 3889 672 3956 mentis,
707 3889 884 3942 debet
916 3888 974 3942 in
1005 3885 1221 3941 eadem
1264 3883 1561 3939 munditia
1592 3901 1758 3939 men-

105 3977 164 4030 tis
190 3981 516 4050 persistere,
554 3984 611 4034 et
641 3994 678 4034 a
706 3977 870 4033 nullo
885 3977 1125 4032 deviare
1156 3992 1262 4048 per
1292 3973 1631 4039 lasciviam,
1657 3974 1761 4029 do-

105 4082 197 4122 nec
247 4071 525 4126 affectum
588 4068 934 4135 voluntatis,
990 4065 1156 4138 quod
1208 4065 1372 4137 petit,
1427 4065 1757 4136 perveniat.

107 4156 212 4212 lmo
237 4159 425 4216 donec
455 4158 696 4232 prolem
727 4157 946 4212 divinm
978 4154 1505 4226 contemplationis
1547 4170 1758 4210 conse-

105 4253 316 4317 quatur.
351 4253 416 4305 Et
447 4250 496 4304 si
526 4248 648 4304 hoc
669 4246 921 4303 voluerit
958 4261 1081 4301 non
1110 4243 1328 4300 sufﬁcit
1359 4243 1544 4299 semel
1591 4259 1758 4299 com-

106 4338 290 4406 pungi,
358 4339 466 4394 sed
526 4336 741 4393 sedulo
800 4351 908 4408 per
963 4333 1446 4407 compunctionis
1503 4333 1756 4402 gratiam

106 4427 416 4499 emundari,
471 4429 650 4500 juxta
697 4426 863 4499 quod
922 4441 1029 4498 per
1079 4423 1455 4480 Psalmistam
1496 4423 1754 4478 dicitur:

109 4533 132 4563 ι
147 4515 472 4574 Constituite
495 4518 663 4573 diem
687 4515 1020 4571 solemnem
1051 4515 1111 4569 in
1143 4511 1756 4584 confrequentatione,

110 4618 274 4678 usque
303 4608 380 4663 ad
409 4624 603 4665 cornu
633 4606 837 4663 altaris
864 4606 1051 4677 (Psal.
1087 4606 1286 4675 cxvn).
1310 4626 1338 4652 ››
1372 4602 1501 4658 Dies
1545 4601 1761 4658 solem-

109 4695 186 4748 nis
213 4703 293 4753 est
312 4699 593 4766 Domino,
617 4697 1003 4769 compunctio
1032 4694 1230 4751 cordis
1259 4693 1464 4749 nostri.
1487 4692 1603 4748 Sed
1621 4698 1760 4748 tunc

109 4783 159 4838 in
207 4788 797 4861 confrequentatione
862 4786 989 4842 dies
1035 4784 1431 4852 constituitur,
1475 4799 1613 4840 cum
1680 4782 1758 4838 ad

111 4871 380 4946 lacrymas
393 4894 507 4950 pro
529 4893 739 4934 amore
754 4875 987 4932 Domini
1009 4874 1249 4930 assidue
1272 4889 1442 4929 mens
1462 4878 1755 4928 movetur.

112 4961 198 5018 Cui
215 4966 361 5023 velut
379 4968 428 5023 si
455 4968 820 5036 diceremus,
853 4965 1170 5038 quandiu?
1193 4963 1525 5035 subjungit,
1552 4962 1759 5018 dicens

115 5071 139 5103 ι
163 5070 332 5128 usque
351 5058 431 5114 ad
453 5073 647 5114 cornu
670 5056 892 5112 altaris.
916 5079 944 5105 ››
975 5056 1176 5111 Cornu
1203 5053 1406 5110 altaris
1432 5057 1521 5108 est
1539 5051 1762 5108 exalta-

116 5141 179 5196 tio
198 5147 434 5203 sacriﬁci
461 5147 785 5214 interioris,
817 5146 932 5202 hoc
957 5150 1049 5202 est
1070 5142 1498 5216 contemplatio
1538 5141 1759 5196 divinas

117 5231 346 5292 visionis.
372 5237 517 5293 Inde
540 5242 631 5292 est
650 5235 819 5308 quod
841 5235 1046 5292 anima
1063 5251 1200 5307 quae
1216 5234 1346 5305 jam
1363 5247 1470 5305 per
1487 5246 1759 5286 amorem

117 5327 409 5396 cOmpungi
434 5325 764 5396 desiderat,
817 5325 877 5380 in
905 5324 1166 5382 Canticis
1198 5322 1594 5384 canticorum,
1630 5319 1710 5374 ait
1743 5337 1755 5374 :

119 5427 142 5459 ε
170 5413 459 5472 Osculetur
508 5431 610 5472 me
659 5415 867 5471 osculo
910 5415 1030 5473 oris
1072 5414 1161 5470 sui
1194 5414 1371 5470 Cant.
1395 5412 1454 5482 1).
1492 5432 1520 5460 »
1565 5409 1758 5465 Toties

120 5501 252 5558 enim
270 5507 466 5563 anima
499 5507 810 5563 osculatur
833 5506 1041 5571 Deum,
1067 5504 1302 5578 quoties
1324 5503 1383 5557 in
1405 5503 1536 5572 ejus
1554 5516 1759 5556 amore

123 5597 528 5666 compungitur.
562 5597 658 5652 Ait
687 5598 870 5666 enim,
917 5594 1230 5652 Osculetur
1274 5609 1370 5649 me
1403 5589 1611 5648 osculo
1641 5589 1760 5645 oris

125 5678 212 5732 sui.
244 5704 267 5730 ιο
296 5687 374 5740 Ac
405 5688 452 5742 si
481 5692 690 5761 aperte
721 5685 878 5741 dicat
904 5702 916 5740 :
951 5709 977 5734 «
1006 5688 1234 5755 Tangat
1259 5699 1354 5738 me
1383 5680 1575 5753 gratia
1594 5695 1758 5736 com-

125 5774 421 5836 Punctionis
451 5793 605 5844 suae,
635 5774 731 5832 Vel
762 5779 936 5839 certe,
983 5773 1262 5832 osculum
1291 5771 1412 5829 oris
1450 5769 1580 5842 ejus
1609 5773 1702 5825 est
1730 5789 1758 5818 »

1864 1834 2206 1895 nominant,
2275 1831 2581 1903 Eleanam,
2660 1847 2765 1904 qui
2818 1831 3241 1904 interpretatur
3294 1833 3537 1888 Domini

1859 1923 2169 1993 possessio,
2199 1925 2477 1977 sanctum
2505 1920 2835 1994 quemlibet
2857 1925 2914 1976 et
2950 1919 3278 1993 perfectum
3321 1919 3536 1993 prirdi-

1866 2017 2130 2068 catorem
2174 2009 2422 2080 intelligi
2469 2009 2692 2076 volunt,
2739 2009 2912 2080 cujus
2939 2013 3204 2064 mentem
3244 2009 3534 2065 Dominus

1864 2101 2134 2176 possidet
2187 2102 2292 2155 Per
2320 2099 2475 2155 duas
2503 2115 2640 2155 vero
2672 2114 2908 2165 uxores,
2942 2099 3329 2154 Phenennam
3373 2097 3534 2154 vide-

1865 2191 2000 2246 licet
2025 2195 2080 2246 et
2108 2195 2365 2255 Annam,
2401 2188 2660 2243 activam
2701 2190 2758 2242 et
2789 2185 3316 2259 contemplativam
3348 2185 3532 2242 vitam

1865 2281 2206 2349 designant,
2234 2279 2556 2334 Phenenna
2576 2293 2841 2349 namque
2858 2276 3118 2332 fecunda
3136 2276 3198 2332 in
3217 2275 3373 2346 ﬁliis,
3395 2292 3533 2349 quaa

1867 2370 2081 2426 dicitur
2111 2369 2437 2436 conversio,
2467 2367 2723 2422 activam
2755 2372 2927 2422 Anna
2954 2382 3098 2421 vero
3129 2365 3364 2436 sterilis,
3393 2381 3531 2438 quae

1866 2460 2290 2532 interpretatur
2345 2457 2550 2528 gratia
2598 2459 2747 2526 ejus,
2800 2454 3334 2528 contemplativam
3379 2454 3533 2512 desi-

1867 2555 2011 2619 gnat
2041 2548 2245 2604 vitam.
2269 2547 2475 2602 Activa
2501 2546 2661 2601 enim
2692 2545 2816 2602 vita
2844 2549 2951 2613 est,
2982 2560 3209 2618 panem
3252 2544 3534 2601 esurienti

1866 2639 2145 2703 tribuere,
2179 2636 2360 2692 verbo
2390 2635 2695 2708 sapientiae
2744 2635 3108 2691 nescientem
3158 2633 3396 2702 docere,
3449 2649 3536 2690 er-

1865 2733 2099 2784 rantem
2131 2726 2445 2796 corrigere,
2475 2725 2554 2781 ad
2592 2723 2944 2780 humilitatis
2973 2723 3137 2779 viam
3181 2722 3532 2797 superbien-

1867 2821 1984 2873 tem
2004 2815 2349 2889 proximum
2370 2829 2674 2880 revocare,
2690 2812 3048 2868 inﬁrmantis
3069 2828 3281 2869 curam
3306 2827 3532 2882 gerere,

1867 2923 2004 2980 quae
2058 2903 2310 2974 singulis
2359 2902 2704 2976 quibusque
2757 2901 3100 2974 expediant,
3158 2901 3530 2974 dispensare.

1869 2999 2012 3062 Quae
2035 3011 2158 3051 non
2180 2993 2478 3049 immerito
2508 2992 2879 3061 significatur
2907 3007 3014 3064 per
3041 2991 3425 3048 Phenennam
3453 2992 3536 3047 fe-

1869 3085 2158 3153 cundam,
2185 3099 2323 3154 quas
2353 3081 2775 3153 interpretatur
2814 3083 3140 3148 conversio,
3167 3081 3312 3153 quia
3341 3080 3538 3136 activa

1868 3175 2090 3231 multas
2114 3172 2299 3228 habet
2319 3171 2581 3227 actiones
2601 3169 2824 3242 quibus
2848 3169 3168 3225 subvenire
3190 3173 3386 3242 potest
3397 3184 3534 3242 pro-

1868 3264 2064 3320 ximis.
2093 3261 2183 3318 Ad
2208 3277 2362 3334 quas
2388 3275 2631 3316 necesse
2652 3263 2760 3327 est,
2782 3262 2848 3314 ut
2870 3257 3112 3314 sollicite
3133 3262 3532 3315 convertatur.

1872 3358 1969 3410 Est
1997 3352 2157 3409 enim
2206 3349 2465 3406 fecunda
2511 3348 2572 3404 in
2601 3347 2738 3403 ﬁliis
2782 3351 2840 3404 et
2866 3347 3124 3416 ﬁliabus,
3169 3347 3314 3422 quia
3361 3347 3537 3416 fortia

1868 3444 2002 3499 licet
2029 3440 2271 3497 inﬁrma
2299 3438 2640 3509 videantur,
2672 3439 2734 3493 in
2763 3437 3216 3510 comparatione
3265 3442 3534 3493 contem-

1869 3531 2149 3606 plationis
2176 3528 2366 3599 gignit
2392 3543 2580 3600 opera
2607 3527 2828 3599 pariter
2850 3525 3112 3589 inﬁrma,
3147 3542 3285 3600 quae
3316 3525 3537 3596 signiﬁ-

1871 3627 2085 3678 cantur
2109 3636 2215 3694 per
2244 3618 2398 3674 ﬁlios
2430 3622 2488 3673 et
2533 3615 2706 3672 ﬁlias.
2753 3615 3235 3688 Contemplativa
3274 3615 3399 3672 vita
3450 3619 3538 3671 est

1870 3728 2033 3777 vero,
2047 3709 2398 3766 charitatem
2419 3706 2520 3762 Dei
2547 3705 2794 3778 quidem
2815 3713 2871 3760 et
2891 3705 3172 3777 proximi,
3194 3709 3318 3761 tota
3338 3710 3536 3760 mente

1871 3801 2140 3865 retinere,
2175 3797 2282 3854 sed
2307 3797 2384 3852 ab
2411 3795 2683 3852 exteriori
2705 3794 2936 3850 actione
2962 3794 3288 3866 quiescere,
3313 3793 3423 3849 soli
3439 3793 3539 3850 de-

1872 3891 2090 3948 siderio
2122 3887 2444 3945 conditoris
2492 3885 2801 3949 inhterere,
2839 3888 2900 3939 ut
2929 3883 3076 3939 nihil
3101 3883 3231 3955 jam
3261 3899 3438 3954 agere
3467 3883 3535 3940 li-

1869 3979 2028 4047 beat,
2062 3978 2169 4033 sed
2200 3976 2441 4033 calcatis
2471 3974 2628 4030 curis
2657 3971 2944 4029 omnibus
2979 3972 3057 4028 ad
3087 3971 3412 4028 videndam
3447 3971 3535 4028 fa-

1871 4069 2022 4125 ciem
2051 4068 2144 4124 sui
2171 4065 2496 4123 conditoris
2526 4063 2766 4120 animus
2791 4061 3153 4118 inardescat.
3201 4065 3332 4118 Haec
3375 4062 3536 4118 enim

1871 4157 2241 4226 signiﬁcatur
2260 4171 2369 4228 per
2399 4155 2658 4219 Annam,
2683 4167 2820 4224 quea
2848 4150 3269 4224 interpretatur
3309 4153 3535 4222 gratia,

1871 4248 1974 4303 sed
2004 4245 2282 4302 sterilem.
2317 4246 2472 4300 Bene
2503 4243 2705 4315 itaque
2729 4240 2938 4298 sterilis
2958 4241 3190 4308 dicitur,
3219 4241 3364 4314 quia
3393 4257 3537 4298 con-

1873 4335 2220 4408 templativa
2249 4333 2370 4389 vita
2415 4337 2596 4406 prout
2638 4335 2726 4387 est
2763 4330 2966 4387 nullus
2995 4336 3307 4404 penetrare
3359 4330 3534 4387 valet.

1876 4427 2006 4483 Sive
2045 4425 2192 4498 quia
2232 4422 2433 4479 nullus
2468 4437 2606 4478 eam
2649 4421 2905 4494 perfecte
2953 4421 3281 4492 praedicare
3323 4419 3540 4476 suﬂicit

1871 4514 2039 4589 quod
2075 4515 2266 4582 sentit,
2314 4518 2380 4569 ut
2408 4528 2544 4569 eam
2571 4510 2962 4584 praedicando
2993 4510 3196 4584 plures
3241 4510 3397 4566 ﬁlios
3450 4511 3538 4580 gi-

1871 4621 2051 4677 gnere
2071 4603 2277 4677 possit.
2313 4602 2478 4659 Unde
2508 4617 2631 4657 non
2654 4601 2954 4656 immerito
2979 4615 3088 4672 per
3107 4602 3368 4667 Annam,
3399 4613 3536 4669 quae

1868 4695 2287 4767 interpretatur
2300 4693 2526 4762 gratia,
2544 4691 2838 4760 figuratur
2857 4706 2870 4745 ε
2889 4689 3034 4760 quia
3045 4704 3224 4744 nemo
3245 4687 3324 4742 ad
3340 4687 3536 4758 ipsam

1868 4783 2176 4856 pervenire
2216 4779 2452 4846 sufficit,
2494 4778 2611 4834 nisi
2649 4793 2756 4849 per
2793 4777 3064 4832 divinam
3109 4774 3391 4844 gratiam.
3421 4773 3537 4830 Sed

1868 4873 2022 4928 bene
2039 4871 2194 4927 duas
2220 4884 2436 4924 uxores
2462 4866 2752 4922 habuisse
2777 4862 3149 4929 describitur,
3178 4862 3323 4934 quia
3352 4861 3538 4934 perfe-

1868 4967 2002 5018 ctus
2027 4959 2278 5034 quilibet
2306 4955 2665 5030 praedicator
2687 4969 2812 5010 non
2843 4956 2952 5020 est,
2974 4951 3085 5007 nisi
3107 4956 3425 5024 utramque
3452 4951 3537 5008 vi-

1870 5056 1994 5107 tam
2019 5062 2293 5105 exercere
2310 5043 2560 5101 noverit.
2585 5042 2770 5098 Debet
2784 5056 2857 5097 ex
2879 5039 3257 5112 amplexibus
3276 5041 3538 5098 Phenen-

1869 5157 1982 5202 nae,
2001 5138 2252 5195 transire
2265 5135 2345 5192 ad
2356 5132 2708 5206 complexus
2720 5134 2909 5187 Annae
2925 5146 2937 5186 :
2952 5130 3098 5203 quia
3107 5129 3287 5188 debet
3296 5147 3360 5188 se
3370 5131 3537 5204 prius

1869 5243 2141 5286 exercere
2162 5227 2222 5281 in
2245 5225 2458 5292 activa,
2490 5227 2555 5278 ut
2578 5221 2728 5277 dum
2767 5219 2988 5276 multos
3032 5219 3188 5276 ﬁlios
3218 5235 3538 5290 generave-

1869 5319 1963 5388 rit,
1977 5311 2571 5390 possitpostmodum
2594 5309 2674 5366 ad
2695 5308 3225 5382 contemplativam
3240 5308 3423 5363 vitam
3445 5323 3537 5364 ar-

1870 5409 2020 5464 ctius
2036 5403 2288 5474 accingi,
2313 5407 2369 5459 et
2391 5407 2510 5459 toto
2531 5399 2828 5456 desiderio
2854 5399 2915 5454 in
2932 5399 3063 5469 ejus
3083 5397 3538 5470 contemplatio-

1871 5514 1946 5554 ne
1970 5492 2375 5559 immorari,‘et
2394 5491 2655 5565 perfecta
2679 5504 2865 5562 opera
2887 5487 3153 5558 gignere.
3179 5485 3408 5553 Quibus
3430 5503 3537 5543 ux-

1871 5586 2076 5644 oribus
2107 5588 2164 5640 et
2191 5581 2326 5638 filiis
2352 5586 2408 5638 et
2431 5579 2671 5636 ﬁliabus
2701 5582 2901 5651 partes
2934 5576 3174 5634 tribuet:
3207 5576 3352 5651 quia
3377 5593 3539 5634 sum-

1871 5691 2010 5732 mus
2033 5673 2119 5729 vir
2131 5672 2254 5728 sive
2275 5670 2538 5740 inﬁrma,
2558 5684 2664 5724 seu
2681 5666 2970 5724 creaverit
2989 5666 3164 5723 fortia
3173 5682 3359 5741 opera
3379 5683 3536 5724 sem-

1870 5781 1979 5840 per
1999 5763 2194 5822 studet
2209 5767 2268 5820 et
2283 5762 2345 5820 in
2366 5761 2561 5820 activa
2582 5757 2714 5816 etin
2735 5757 3200 5832 contemplativa
3218 5757 3342 5817 vita
3360 5757 3538 5816 desu-
