3944 6434
1483 275 1844 341 ANGELOMI
1882 270 2337 343 LUXOVIENSIS
2376 286 2701 344 nomen:

3716 276 3832 336 260

382 412 537 467 dans
568 408 830 481 amplius
872 406 1227 474 laborando,
1258 407 1573 463 virtutibus
1616 407 1862 462 virtutes
1900 406 2039 460 sub-
2068 408 2118 459 A
2159 424 2345 480 quam
2378 411 2675 483 meipsum
2710 408 2962 464 audietis
2995 408 3186 477 (Deut.
3212 420 3387 471 xviii;
3420 402 3749 473 Act.ui,7),
3772 408 3839 457 et

378 505 615 556 nectere
648 503 711 553 ut
731 497 1024 569 perfectus
1056 496 1391 552 inveniatur
1419 496 1787 568 quandoque
1817 496 1879 550 in
1906 511 2044 549 con-

380 586 791 660 templatione.
825 587 892 640 Et
918 584 1053 639 ideo
1078 585 1183 656 qui
1223 584 1346 639 vult
1385 584 1539 640 etﬁci
1570 583 1874 657 possessio
1923 582 2042 647 Dei,

381 676 497 732 has
524 675 680 731 duas
711 674 895 729 ducat
924 686 1141 728 uxores
1168 688 1181 727 :
1214 673 1472 729 activam
1507 674 1727 729 scilicet
1757 672 2045 745 primum,

382 782 455 821 ac
480 765 762 835 deinceps
793 766 1056 818 transeat
1080 762 1185 830 ad:
1205 763 1759 835 contemplativam.
1821 764 1956 827 Seu,
1986 760 2052 812 ut

385 854 551 910 aliter
574 852 871 917 dicamus,
906 851 1235 920 conjungat
1276 852 1392 907 sibi
1417 866 1574 915 eam,
1608 866 1745 923 quae
1789 849 2048 904 nobilior

383 948 492 1010 est,
545 944 805 1010 Annam,
848 940 963 995 hoc
1011 945 1101 994 est
1143 940 1416 1009 gratiam.
1477 943 1609 995 Haec
1648 939 1808 994 enim
1854 938 2052 1011 prima

383 1031 767 1102 conjungitur
796 1028 1029 1084 homini
1052 1043 1160 1101 per
1200 1028 1406 1095 ﬁdem,
1436 1028 1542 1084 ubi
1567 1026 1887 1101 Apostolus
1924 1025 2045 1081 ait:

385 1136 416 1173 α
448 1119 646 1176 Gratia
700 1119 865 1173 enim
940 1117 1039 1173 Dei
1104 1116 1257 1173 salvi
1307 1116 1449 1173 facti
1507 1116 1651 1172 estis
1705 1128 1812 1189 per
1863 1114 2051 1169 ﬁdem

382 1210 626 1280 (Ephes.
659 1212 745 1275 ιι).
781 1224 810 1257 »
839 1206 1118 1261 Secundo
1146 1206 1550 1277 conjungatur
1595 1206 1948 1269 Phenennte,
1989 1202 2052 1257 id

383 1302 474 1353 est
495 1295 892 1362 conversioni,
916 1294 1062 1367 quia
1089 1298 1226 1366 post
1255 1294 1511 1364 gratiam
1544 1293 1926 1361 credulitatis,
1957 1304 2051 1346 se-

384 1386 491 1459 qui
523 1385 702 1441 debet
730 1382 1074 1439 emendatio
1098 1398 1360 1438 morum.
1392 1384 1590 1438 Prima
1618 1382 1777 1437 ﬁlios
1807 1383 2054 1450 generat

389 1475 738 1541 Phenenna,
804 1472 948 1544 quia
1001 1471 1181 1543 primi
1235 1471 1462 1527 fructus
1512 1472 1897 1545 proferuntur
1947 1484 2054 1541 per

388 1562 870 1617 conversionem.
918 1561 1035 1615 Nisi
1089 1560 1250 1615 enim
1300 1568 1721 1615 convertamur
1777 1572 1813 1615 a
1865 1558 2049 1628 malo,

389 1666 515 1707 non
540 1650 870 1722 poterimus
894 1648 1050 1705 effici
1077 1654 1276 1722 patres
1328 1650 1404 1705 de
1441 1656 1633 1714 Anna,
1666 1654 1723 1705 et
1768 1663 2052 1719 generare

2157 497 2399 571 reliquis
2428 500 2687 572 denique
2714 500 2841 571 ipse
2871 498 2944 552 de
2977 495 3299 566 semetipso
3321 494 3464 548 dicit
3493 509 3506 547 :
3543 512 3573 546 ‹
3598 496 3727 547 Non
3745 498 3842 547 est

2157 589 2451 659 propheta
2499 590 2623 643 sine
2662 588 2910 651 honore,
2946 586 3059 640 nisi
3102 584 3162 639 in
3196 584 3389 655 patria
3423 597 3538 637 sua
3587 582 3835 651 (Matth.

2155 680 2292 745 xm).
2331 696 2359 730 ι)
2391 677 2494 735 Cui
2525 678 2726 749 itaque
2760 673 3051 733 Samuelis
3101 672 3277 729 valde
3332 672 3614 740 congruit
3658 669 3842 725 inter-

2155 766 2405 837 pretatio
2436 767 2719 837 nominis,
2753 764 2894 837 quia
2923 765 3127 835 ipsum
3173 763 3362 817 Deum
3411 765 3467 815 et
3515 760 3839 814 hominem

2156 856 2472 910 conﬁtetur
2502 855 2700 911 omnis
2734 853 3017 909 Ecclesia.
3055 855 3131 907 De
3162 866 3285 922 qua
3317 849 3698 904 subnectitur
3731 868 3741 880 ·

2230 966 2256 992 ‹‹
2293 946 2358 999 Et
2388 944 2638 999 adduxit
2668 959 2805 998 eum
2842 956 3070 1008 secum,
3112 945 3437 1013 postquam
3490 938 3844 993 ablactave-

2160 1054 2186 1082 α
2216 1036 2326 1094 rat,
2348 1033 2410 1087 in
2430 1032 2628 1089 vitulis
2680 1033 2890 1097 tribus,
2925 1035 2980 1086 et
3006 1029 3194 1085 tribus
3242 1029 3461 1083 modiis
3510 1027 3747 1087 fat-inte,
3783 1030 3848 1081 et

2157 1142 2185 1171 α
2220 1122 2513 1192 amphora
2537 1121 2679 1190 vini,
2732 1125 2789 1175 et
2821 1119 3072 1175 adduxit
3123 1133 3261 1173 eum
3312 1117 3370 1171 in
3423 1116 3683 1171 domum
3730 1114 3850 1171 Do-

2156 1229 2185 1258 ‹‹
2221 1208 2370 1264 mini
2396 1209 2455 1264 in
2491 1209 2627 1265 Silo.
2665 1233 2690 1258 ››
2726 1209 2881 1263 Bene
2912 1208 2992 1263 ait
3026 1224 3038 1261 :
3074 1227 3103 1260 ‹
3129 1209 3453 1278 Postquam
3485 1204 3846 1259 ablactave-

2155 1302 2267 1364 rat,
2303 1318 2330 1347 η
2359 1298 2504 1371 quia
2536 1298 2807 1353 videlicet
2833 1303 3025 1363 Anna,
3078 1296 3137 1351 id
3179 1299 3267 1350 est
3312 1298 3524 1349 sancta
3574 1294 3848 1349 Ecclesia

2156 1400 2231 1441 ex
2260 1387 2622 1442 nationibus.
2659 1389 2736 1441 De
2767 1385 2989 1458 quibus
3032 1384 3321 1439 Dominus
3354 1383 3435 1439 ait
3471 1400 3484 1437 :
3537 1402 3569 1435 α
3596 1384 3663 1437 Et
3690 1382 3848 1437 alias

2157 1490 2301 1531 oves
2318 1476 2515 1531 habeo
2531 1492 2667 1549 qua:
2685 1491 2808 1531 non
2829 1478 3058 1530 suntex
3073 1474 3187 1529 hoc
3212 1472 3347 1528 ovili
3359 1476 3433 1533 ,et
3451 1471 3584 1527 illas
3599 1474 3851 1543 oportet

2158 1576 2255 1619 me
2286 1563 2605 1625 adducere,
2640 1567 2696 1619 et
2726 1578 2933 1619 vocem
2968 1578 3168 1617 meam
3200 1560 3448 1617 audient
3477 1564 3688 1628 (Joan.
3721 1561 3848 1629 x).»

2164 1654 2328 1709 Prius
2361 1652 2511 1708 lacte
2541 1654 2823 1708 enutrivit
2852 1652 3064 1719 ﬁlium,
3099 1666 3282 1723 quem
3329 1651 3511 1704 corde
3562 1648 3851 1720 concepit

394 1740 753 1806 Samuelem,
803 1738 906 1811 qui
960 1738 1059 1793 hic
1112 1738 1482 1810 interpretari
1524 1743 1738 1811 potest,
1780 1739 1885 1793 ubi
1930 1738 2053 1806 ipse
2082 1762 2121 1816 Β
2158 1752 2265 1814 per
2294 1742 2498 1810 ﬁdem,
2530 1742 2589 1796 id
2612 1746 2698 1797 est
2730 1740 2983 1813 simplici
3014 1740 3314 1795 intellectu
3343 1738 3402 1793 in
3436 1738 3563 1792 suis
3598 1738 3849 1793 audito-

390 1831 568 1885 Deus.
602 1828 711 1885 Ubi
730 1828 890 1883 enim
920 1827 1164 1899 spiritus
1181 1828 1384 1896 gratiae
1400 1831 1508 1894 est,
1531 1827 1611 1881 ibi
1632 1827 1844 1882 dicitur
1871 1826 2049 1880 Deus.

394 1917 558 1973 Unde
588 1916 806 1972 Paulus
847 1916 929 1971 ait
955 1932 969 1971 :
1016 1932 1046 1969 ε
1071 1917 1137 1971 Et
1166 1916 1389 1971 cadens
1417 1916 1478 1970 in
1510 1916 1745 1981 faciem,
1779 1914 2056 1971 adorabit

391 2006 598 2071 Deum,
627 2004 867 2059 dicens:
894 2006 1057 2070 Vere,
1082 2005 1235 2058 Deus
1252 2004 1313 2058 in
1339 2003 1511 2058 vobis
1534 2010 1620 2057 est
1645 2004 1699 2074 (Ι
1715 2002 2005 2073 Connv).
2025 2022 2052 2050 ››

391 2097 457 2149 Et
481 2092 619 2149 ideo
675 2093 791 2148 nisi
840 2092 1185 2164 praecedant
1230 2107 1416 2163 opera
1459 2092 1887 2161 conversionis,
1932 2105 2056 2146 non

388 2198 714 2255 possumus
752 2181 914 2237 dona
951 2181 1138 2236 divini
1187 2181 1438 2253 Spiritus
1479 2196 1788 2251 generare.
1846 2184 1912 2236 Et
1941 2182 2056 2235 hoc

387 2272 688 2328 orandum
714 2275 804 2326 est
832 2270 937 2326 sed
968 2269 1284 2325 sciendum
1315 2271 1562 2343 estquia
1586 2274 1737 2325 Deus
1766 2285 1889 2325 non
1910 2284 2056 2324 voce

387 2366 620 2419 tantum
648 2360 969 2428 invenitur,
999 2360 1103 2415 sed
1130 2360 1330 2416 corde.
1367 2360 1530 2415 Unde
1574 2360 1788 2416 beatus
1817 2360 1932 2415 Job
1973 2359 2058 2414 lo-

386 2452 612 2525 quitur,
640 2450 846 2507 dicens
871 2467 884 2505 ι
919 2468 947 2500 ι‹
977 2449 1119 2515 Quis
1147 2450 1290 2505 mihi
1338 2449 1560 2505 tribuat
1588 2448 1946 2516 auditorem,
1993 2451 2061 2503 ut

388 2540 746 2596 desiderium
761 2554 968 2594 meum
985 2538 1377 2610 Omnipotens
1398 2538 1643 2594 audiat?
1660 2561 1687 2587 ››
1710 2539 1857 2609 (Job.
1872 2538 2054 2607 xxxx).

390 2633 520 2686 Non
562 2630 665 2689 ait.
704 2645 932 2701 preces,
976 2628 1083 2683 sed
1128 2644 1157 2677 κ
1194 2628 1559 2683 desiderium
1591 2643 1812 2683 meum.
1850 2650 1876 2678 π
1916 2629 2059 2683 Vere

390 2718 617 2789 quippe
645 2717 972 2789 postulatio
986 2731 1110 2771 non
1130 2715 1191 2771 in
1220 2732 1367 2772 voce
1395 2718 1514 2771 oris
1547 2723 1656 2784 est,
1683 2717 1785 2772 sed
1817 2718 1877 2772 in
1900 2717 2058 2785 cogi-

392 2804 721 2861 tationibus
745 2805 959 2859 cordis.
985 2804 1131 2859 Hinc
1153 2809 1240 2859 est
1262 2804 1427 2876 quod
1447 2804 1524 2860 ad
1540 2808 1781 2876 Moysen
1803 2805 2017 2859 dicitur
2041 2822 2054 2861 :

396 2912 424 2944 α
453 2893 609 2958 Quid
635 2893 863 2949 clamas
885 2892 964 2950 ad
985 2908 1082 2950 me
1102 2895 1130 2949 ξ)
1151 2894 1371 2960 (Exod.
1402 2897 1480 2960 iv)
1500 2912 1527 2942 κ
1558 2909 1696 2948 cum
1718 2894 1951 2966 penitus
1972 2894 2059 2948 ni-

392 2981 476 3037 hil
498 2981 859 3054 loqueretur.
909 2981 1051 3037 Hinc
1096 2987 1184 3036 est
1234 2980 1401 3053 quod
1424 2986 1598 3037 Anna
1638 2983 1911 3055 superius
1955 2999 2057 3037 ore

2159 1831 2343 1885 ribus.
2373 1829 2452 1885 De
2495 1846 2617 1902 quo
2672 1830 2891 1885 Paulus
2944 1828 3251 1902 apostolus
3286 1828 3365 1883 ait
3397 1843 3411 1882 :
3464 1850 3492 1877 «
3518 1829 3636 1881 Lac
3668 1825 3850 1881 vobis

2160 1923 2369 1991 potum
2400 1918 2562 1988 dedi,
2596 1934 2720 1974 non
2751 1934 2954 1974 escam
2987 1919 3041 1989 (Ι
3057 1918 3195 1973 Cor.
3231 1920 3334 1987 Ill).
3372 1936 3401 1965 η
3432 1915 3669 1971 Scilicet
3700 1915 3853 1987 quia

2161 2009 2513 2080 mysterium
2539 2008 2966 2063 incarnationis
2997 2011 3054 2062 et
3100 2006 3294 2061 crucis
3340 2009 3397 2061 et
3446 2004 3741 2077 przecepit
3795 2008 3855 2058 et

2161 2097 2524 2169 praedicavit.
2579 2097 2747 2151 Unde
2798 2097 2959 2151 idem
3001 2094 3278 2164 egregius
3328 2093 3697 2165 praedicator
3745 2092 3854 2147 ite-

2162 2199 2296 2241 rum
2327 2186 2468 2241 dicit
2500 2200 2512 2240 :
2539 2207 2567 2235 ‹‹
2602 2185 2752 2241 Nihil
2782 2201 2877 2240 me
2904 2183 3173 2255 judicavi
3201 2184 3349 2238 scire
3377 2183 3531 2237 inter
3561 2197 3693 2246 vos,
3731 2182 3852 2237 nisi

2163 2275 2460 2330 Christum
2490 2278 2810 2331 Dominum
2855 2276 3085 2338 Jesum,
3130 2276 3187 2328 et
3237 2273 3397 2327 hunc
3427 2270 3800 2327 cruciﬁxum
3834 2288 3848 2326 :

2162 2364 2379 2419 Judasis
2410 2363 2653 2436 quidem
2683 2361 3059 2428 scandalum,
3095 2361 3375 2431 gentibus
3414 2365 3619 2415 autem
3654 2359 3859 2414 stultis

2165 2453 2306 2507 tiam
2334 2453 2393 2519 (Ι
2418 2454 2553 2508 Cor.
2590 2453 2676 2521 ιι).
2710 2472 2739 2501 ››
2773 2454 2837 2507 Et
2865 2456 3020 2506 recte
3051 2471 3080 2499 ι(
3104 2451 3165 2505 in
3187 2449 3384 2505 vitulis
3412 2448 3677 2505 tribus.»
3700 2450 3851 2504 Tres

2164 2541 2324 2596 enim
2356 2540 2541 2609 vituli,
2582 2542 2707 2603 tria,
2741 2544 2807 2595 ut
2841 2540 3018 2595 nobis
3055 2539 3340 2595 traditum
3393 2542 3504 2603 est,
3557 2542 3851 2609 tempora

2164 2629 2520 2697 signiﬁcant.
2554 2635 2700 2684 Ante
2732 2629 2924 2697 legem
2956 2628 3247 2697 videlicet,
3276 2626 3392 2682 sub
3413 2626 3711 2699 exemplis
3740 2641 3853 2698 pa.

2166 2719 2579 2784 triarcharum,
2614 2722 2671 2773 et
2700 2718 2813 2773 sub
2842 2716 2992 2787 lege,
3026 2717 3141 2771 sub
3170 2717 3343 2771 dictis
3366 2716 3851 2789 prophetarums

2165 2807 2401 2871 scilicet,
2433 2805 2655 2879 quibus
2684 2806 3103 2878 prasﬁguratus
3133 2809 3220 2860 est
3267 2806 3581 2874 Dominus,
3611 2808 3672 2859 et
3698 2820 3850 2859 eum

2163 2895 2552 2968 exspectabat
2584 2896 2846 2949 Ecclesia
2875 2900 2930 2950 et
2957 2893 3092 2949 ideo
3122 2894 3488 2959 tristabatur,
3527 2894 3677 2965 quia
3707 2907 3852 2961 gra-

2164 2986 2304 3040 tiam
2338 2985 2767 3040 incarnationis
2784 2983 3057 3039 nondum
3082 2983 3365 3038 habebat.
3399 2986 3461 3037 in
3490 2984 3664 3038 tertio
3688 2987 3845 3039 tem-

390 3069 640 3169 quidem
664 3070 865 3168 tacuit,
892 3075 947 3125 et
969 3074 1170 3125 tamen
1192 3074 1279 3125 tot
1300 3073 1393 3125 sui
1416 3070 1890 3172 desiderii‘voces
1911 3071 2055 3126 emi-
2082 3114 2126 3172 Ο
2165 3088 2308 3145 pore
2339 3074 2561 3140 gratiae,
2598 3089 2669 3128 eo
2700 3076 3049 3144 apparente,
3086 3070 3216 3143 jam
3243 3076 3300 3127 et
3344 3071 3522 3127 tidem
3573 3073 3851 3143 percepit

393 3159 483 3215 sit.
519 3159 680 3216 Sicut
723 3158 1014 3230 scriptum
1036 3163 1125 3213 est
1154 3174 1166 3213 :
1221 3179 1248 3208 αι
1277 3160 1458 3214 Porro
1496 3165 1668 3215 Anna
1693 3158 2057 3233 loquebatur

388 3248 451 3305 in
467 3249 646 3305 corde
673 3266 807 3316 suo,
832 3252 1189 3321 tantumque
1209 3248 1372 3304 labia
1396 3248 1552 3303 illius
1574 3250 1997 3305 movebantur.
2028 3270 2054 3297 »

392 3337 542 3392 Hinc
575 3336 859 3392 Dominus
899 3337 959 3391 in
984 3337 1303 3406 Evangelio
1334 3337 1476 3392 dicit
1507 3354 1520 3392 :
1555 3359 1583 3387 ι(
1615 3341 1772 3393 Intra
1799 3338 1860 3393 in
1886 3336 2055 3393 cubi-

392 3424 599 3479 culum
618 3429 806 3493 ,tuum
832 3428 909 3493 et,
938 3423 1146 3480 clauso
1172 3425 1343 3491 ostio,
1377 3441 1481 3481 ora
1510 3427 1741 3481 Patrem
1780 3430 1971 3492 tuum,
2002 3429 2058 3480 et

394 3514 568 3569 Pater
598 3518 755 3577 tuus,
804 3512 910 3584 qui
954 3513 1115 3569 videt
1162 3514 1225 3571 in
1268 3514 1649 3582 abscondito,
1698 3516 1908 3570 reddet
1952 3514 2057 3570 tibi

393 3603 635 3676 (Matth.
668 3606 759 3673 γι).
785 3622 812 3651 »
837 3602 1052 3658 Clauso
1071 3603 1296 3676 quippe
1317 3605 1488 3673 ostio,
1514 3605 1659 3676 petit
1676 3604 1737 3659 in
1754 3604 2054 3671 cubiculo,

393 3692 499 3765 qui
526 3691 740 3748 tacenti
770 3707 870 3747 ore
900 3692 961 3746 in
993 3697 1316 3763 conspectu
1361 3709 1635 3764 supernae
1667 3692 1903 3764 pietatis
1931 3694 2058 3747 fun-

391 3779 479 3835 dit
505 3779 789 3835 aifectum
813 3781 1048 3836 mentis.
1081 3783 1149 3836 Et
1176 3797 1294 3836 vox
1324 3781 1564 3836 auditur
1591 3780 1654 3835 in
1679 3780 2055 3847 abscondito,

393 3886 531 3926 cum
563 3886 669 3942 per
699 3875 906 3926 sancta
934 3870 1230 3927 desideria
1260 3871 1498 3926 silenter
1523 3870 1862 3925 exauditur.
1894 3869 2059 3925 Unde

391 3960 645 4015 dicitur:
681 3981 707 4009 «
738 3960 1105 4016 Desiderium
1147 3976 1488 4033 pauperum
1512 3958 1816 4015 exaudivit
1859 3961 2058 4015 Domi-

396 4065 531 4105 nus.
549 4071 577 4098 »
608 4052 673 4105 Et
689 4050 835 4121 quia
859 4052 1034 4106 Anna
1057 4049 1139 4104 ita
1168 4050 1491 4104 Dominum
1516 4047 2060 4121 postulavit,exau-

393 4138 505 4194 diri
550 4154 661 4211 pro
689 4139 812 4194 ﬁlio
848 4137 1197 4211 promeruit.
1224 4160 1252 4188 «
1282 4140 1425 4203 Quae
1448 4136 1719 4208 concepit
1741 4140 1798 4192 et
1833 4136 2064 4209 peperit

394 4228 608 4298 ﬁlium,
639 4228 993 4299 vocavitque
1014 4242 1238 4283 nomen
1272 4228 1403 4298 ejus
1442 4224 1704 4291 Samuel,
1732 4242 1801 4280 eo
1832 4226 2000 4297 quod
2025 4241 2063 4282 a

398 4318 650 4374 Domino
671 4318 1029 4390 postulasset
1067 4333 1209 4373 eum
1241 4317 1428 4384 (Psal.
1463 4320 1561 4387 ix).
1582 4335 1609 4364 η
1655 4314 1746 4370 Sic
1772 4315 2058 4370 nimirum

395 4412 605 4463 sancta
634 4407 894 4464 Ecclesia
923 4421 1106 4463 orans
1142 4422 1251 4479 per
1280 4404 1617 4461 naturalem
1670 4404 2054 4473 intellectum,

397 4496 654 4565 gratiam
698 4495 835 4551 ﬁdei
891 4501 948 4552 et
991 4495 1347 4567 mysterium
1394 4492 1848 4560 incarnationis,
1878 4493 2056 4548 corde

396 4586 690 4659 concepit,
740 4591 798 4642 et
833 4601 936 4641 ore
980 4584 1370 4641 confessionis
1413 4583 1656 4652 gignere
1706 4584 2056 4654 promeruit.

396 4680 569 4748 Nam,
591 4677 764 4748 juxta
792 4674 1181 4747 Apostolum:
1215 4694 1244 4722 «
1270 4672 1457 4729 Corde
1496 4671 1756 4728 creditur
1785 4672 1863 4740 ad
1883 4672 2059 4743 justi-

396 4766 562 4829 tiam,
586 4781 689 4821 ore
715 4770 917 4821 autem
939 4762 1233 4818 confessio
1258 4760 1326 4817 ﬁt
1345 4762 1423 4817 ad
1446 4761 1700 4817 salutem
1723 4763 1910 4831 (Rom.
1938 4762 2011 4832 χ).
2032 4782 2061 4812 ››

398 4856 545 4911 Hinc
571 4858 661 4911 est
685 4854 850 4926 quod
874 4852 952 4908 ad
980 4851 1318 4909 Cornelium
1346 4850 1594 4919 angelus
1618 4850 1724 4906 ait:
1751 4872 1781 4900 α
1806 4850 2060 4919 Corneli,

398 4944 697 5000 exauditae
717 4946 858 4997 sunt
877 4941 1178 4997 orationes
1208 4944 1349 5003 tuae,
1406 4943 1464 4993 et
1510 4937 1906 5010 eleemosynas
1946 4943 2063 4995 tua;

397 5031 459 5085 in
485 5033 811 5100 conspectu
856 5028 956 5083 Dei
979 5029 1127 5098 (Act.
1150 5029 1233 5097 ι),
1258 5040 1288 5078 υ
1328 5031 1440 5081 etc.
1482 5054 1549 5066 —-—
1573 5047 1601 5076 «
1635 5028 1824 5092 Quem
1870 5026 2063 5082 ﬁlium

399 5140 430 5171 «
454 5122 695 5175 vocavxt
710 5117 944 5189 (inquit)
956 5115 1316 5172 Samuelem.
1334 5136 1361 5165 ››
1383 5115 1642 5185 Samuel,
1662 5117 1763 5189 qui
1784 5118 2067 5190 interpre-

401 5213 558 5266 tatur
576 5220 789 5263 nomen
811 5208 941 5276 ejus
971 5207 1147 5271 Deus,
1188 5209 1375 5261 Annae
1403 5205 1675 5262 videlicet
1694 5207 2061 5278 primogeni-

398 5303 495 5355 tus
521 5303 579 5354 et
597 5294 924 5370 prophetia:
948 5294 1140 5363 gratia
1163 5294 1502 5366 decoratus,
1518 5296 1652 5367 quis
1680 5295 1830 5351 alius
1855 5296 2062 5353 intelli-

400 5386 637 5456 gendus
662 5389 769 5452 est,
781 5383 899 5440 nisi
918 5382 1263 5439 Dominicus
1288 5384 1496 5455 homo,
1528 5385 1818 5441 Dominus
1843 5386 2065 5444 scilicet

401 5488 472 5531 ac
492 5474 852 5546 Redemptor
879 5475 1120 5530 uester?
1146 5477 1224 5530 De
1248 5474 1383 5547 ipso
1426 5475 1585 5531 enim
1608 5476 1891 5548 scriptum
1925 5483 2014 5532 est
2044 5493 2058 5532 :

402 5582 432 5613 «
455 5560 983 5634 Omnipotensipse
1002 5562 1197 5619 veniet
1214 5569 1270 5619 et
1287 5561 1658 5619 salvabitnos
1675 5564 1689 5635 (
1704 5567 1816 5619 (sa.
1832 5566 2058 5635 χειή.»

402 5655 534 5723 Ipse
555 5650 733 5706 etiam
763 5650 1053 5725 propheta
1075 5653 1266 5709 dictus
1292 5659 1402 5721 est,
1430 5654 1603 5724 juxta
1634 5654 1797 5725 quod
1831 5657 2059 5725 Moyses

398 5738 523 5798 ait:
573 5758 603 5790 «
624 5740 980 5814 Prophetam
1020 5743 1327 5801 suscitabit
1374 5742 1668 5800 Dominus
1711 5743 1889 5809 Deus,
1928 5747 2059 5800 tan-

2166 3162 2486 3229 crcdendo,
2534 3167 2590 3217 et
2638 3162 3127 3234 pravlicationem
3175 3160 3638 3233 quodammodo
3690 3175 3851 3232 prie-

2165 3252 2432 3317 sentavit,
2467 3252 2608 3322 quia
2630 3252 2940 3306 manifeste
2972 3266 3036 3305 se
3067 3250 3333 3305 credidit.
3362 3248 3526 3306 Unde
3553 3253 3609 3304 et
3640 3251 3851 3322 sequi-

2164 3345 2278 3407 tur,
2313 3362 2341 3389 «
2370 3345 2426 3395 et
2452 3340 2512 3394 in
2545 3340 2731 3395 tribus
2760 3340 2976 3395 modiis
3010 3339 3231 3395 farinae.
3258 3360 3287 3389 η
3316 3341 3422 3394 Per
3447 3343 3564 3394 tres
3597 3339 3851 3394 modios

2165 3431 2393 3499 fariuie,
2428 3434 2542 3486 tres
2574 3430 2814 3485 virtutes
2840 3430 2899 3484 in
2932 3430 3159 3484 unitate
3196 3428 3336 3484 ﬁdei
3359 3433 3712 3501 compactae
3744 3444 3851 3484 ae-

2166 3521 2360 3589 cipere
2390 3519 2704 3589 debemus,
2734 3519 2918 3573 ﬁdem
2948 3517 3235 3585 videlicet,
3267 3523 3325 3572 et
3351 3532 3542 3589 spem,
3592 3522 3651 3572 et
3702 3514 3851 3573 cha-

2165 3612 2421 3675 ritatem,
2454 3626 2606 3681 quas
2638 3611 2929 3681 perfectas
2965 3607 3178 3664 obtulit
3210 3608 3467 3662 Ecclesia
3496 3622 3509 3673 ;
3562 3620 3669 3661 seu
3720 3610 3846 3663 tres

2166 3700 2350 3754 modii
2382 3698 2605 3761 farimr,
2624 3705 2738 3751 tres
2769 3697 3140 3770 accipiuntur
3170 3697 3275 3751 ﬁlii
3298 3700 3437 3761 Noe,
3459 3708 3614 3768 ques
3637 3696 3848 3768 plures

2167 3786 2418 3843 credens
2478 3788 2733 3842 Ecclesia
2792 3785 3071 3860 perduxit
3119 3786 3197 3841 ad
3251 3786 3457 3851 ﬁdem,
3491 3790 3678 3857 atque
3721 3788 3849 3842 Deo

2168 3876 2379 3933 obtulit
2405 3877 2762 3932 confitendo.
2794 3875 3071 3931 Nonnulli
3099 3875 3278 3931 etiam
3302 3874 3362 3930 in
3394 3874 3590 3931 farina
3608 3875 3853 3931 modio.

2168 3982 2325 4031 rum,
2383 3982 2602 4037 corpus
2653 3965 2883 4020 Domini
2936 3964 3273 4037 accipiunt:
3321 3968 3377 4019 et
3426 3964 3486 4018 in
3541 3964 3852 4035 amphora

2168 4055 2313 4125 vini,
2365 4055 2675 4123 sanguinis
2726 4055 3078 4127 mysterium
3128 4054 3338 4127 ipsius,
3369 4068 3506 4126 quin
3552 4055 3854 4124 mysteria

2169 4144 2433 4216 quotidie
2464 4144 2722 4199 celebrat
2752 4144 3012 4199 Ecclesia
3048 4142 3376 4210 offerendo,
3418 4146 3476 4197 et
3508 4142 3693 4198 sumit
3742 4159 3852 4199 ore

2173 4232 2250 4288 ad
2305 4233 2685 4287 imitandum.
2751 4233 2886 4286 Haec
2936 4236 3075 4287 sunt
3117 4232 3277 4287 enim
3321 4231 3486 4286 dona
3541 4245 3682 4303 quas
3731 4246 3854 4303 pro

2169 4336 2358 4393 puero
2383 4322 2555 4375 oii'ert
2587 4320 2846 4374 Ecclesia
2877 4319 3162 4389 gentium,
3196 4323 3261 4374 ut
3287 4318 3565 4374 ostendat
3598 4332 3662 4373 se
3700 4333 3855 4390 pue.

2170 4425 2303 4463 rum
2332 4410 2628 4478 genuisse,
2660 4408 2720 4462 id
2750 4413 2856 4473 est,
2887 4407 3225 4479 percepisse
3257 4422 3318 4461 se
3364 4406 3656 4462 veraciter
3702 4420 3851 4478 ρει-«-

2170 4498 2385 4553 fcctam
2416 4498 2598 4553 ﬁdem
2626 4497 2855 4562 Christi,
2889 4501 2945 4551 et
2973 4510 3109 4551 eam
3141 4512 3206 4551 se
3252 4496 3540 4568 operibus
3581 4495 3851 4551 demon-

2171 4587 2533 4642 strarevelle.
2564 4606 2592 4635 «
2617 4587 2947 4641 Etadduxit
2966 4599 3105 4640 eum
3128 4585 3191 4640 in
3220 4585 3337 4640 Silo
3358 4585 3419 4640 in
3444 4584 3704 4640 domum
3730 4586 3849 4641 Do-

2171 4676 2338 4731 mini.
2373 4675 2521 4741 Quia
2546 4692 2685 4731 cum
2717 4675 2930 4731 eadem
2961 4675 3220 4746 perfecta
3267 4672 3389 4729 ﬁde
3431 4673 3705 4746 mysterii
3750 4675 3853 4731 in-

2170 4765 2531 4820 carnationis
2581 4764 2812 4831 Christi,
2862 4768 2919 4819 et
2969 4765 3162 4819 crucis
3212 4763 3482 4835 trophaei,
3525 4762 3730 4833 junxit
3783 4780 3854 4821 se

2169 4854 2481 4927 primitivaa
2522 4854 2793 4909 Ecclesiae
2823 4869 2894 4907 ex
2938 4855 3259 4924 Synagoga
3282 4851 3653 4919 Judteorum,
3703 4863 3852 4925 quae

2170 4943 2390 4997 domus
2418 4943 2519 4998 Dei
2547 4941 2705 4997 dicta
2735 4943 2946 4997 fuerat.
2975 4944 3054 4996 De
3083 4956 3207 5013 qua
3235 4940 3461 4995 dictum
3496 4945 3587 4996 est
3613 4955 3626 4994 :
3662 4960 3694 4991 α
3728 4943 3852 4997 Do-

2170 5044 2340 5087 mum
2366 5036 2534 5087 tuam
2563 5032 2732 5087 decet
2755 5030 3093 5086 sanctitudo
3150 5030 3341 5101 (Psal.
3370 5030 3569 5099 xcxn).
3604 5051 3635 5079 ι)
3677 5030 3857 5088 Dica-

2170 5136 2305 5176 mus
2331 5125 2387 5176 et
2415 5120 2582 5177 aliter
2603 5120 2936 5175 secundum
2967 5119 3281 5191 opiniones
3299 5118 3664 5191 aliquorum.
3692 5123 3857 5178 Nam

2168 5211 2334 5284 quod
2354 5212 2435 5267 ait
2468 5227 2481 5265 :
2515 5233 2542 5260 ‹‹
2573 5211 2833 5266 Adduxit
2878 5224 3018 5266 eum
3065 5224 3271 5265 secum
3319 5213 3645 5281 postquam
3680 5208 3855 5267 abla-

2167 5304 2418 5365 taverat,
2445 5300 2507 5356 in
2537 5300 2734 5356 vitulis
2756 5299 2966 5369 tribus,
2996 5302 3055 5355 et
3081 5298 3276 5354 tribus
3304 5296 3524 5353 modiis
3552 5297 3796 5366 farinae,
3825 5319 3854 5351 ιι

2167 5389 2231 5444 in
2245 5389 2511 5459 Hebraeo,
2529 5388 2787 5456 utaiunt,
2802 5402 2925 5443 non
2952 5388 3143 5442 tribus
3158 5387 3389 5452 modiis,
3415 5385 3521 5441 sed
3538 5386 3755 5443 modio
3768 5388 3858 5446 fa.

2168 5477 2314 5532 rinre
2332 5477 2538 5533 haberi
2563 5476 2792 5544 dicunt,
2809 5481 2866 5531 et
2879 5475 3047 5548 apud
3062 5476 3299 5532 Latinos
3315 5475 3686 5548 scriptorum
3702 5478 3853 5535 vitio

2169 5570 2385 5637 putant
2402 5566 2823 5638 depravatum,
2838 5569 2896 5620 et
2919 5580 3041 5621 non
3059 5569 3267 5620 contra
3294 5564 3443 5633 legis
3463 5571 3851 5638 prmeeptum

2173 5661 2286 5711 tres
2315 5657 2550 5712 modios
2562 5656 2864 5711 obtulisse:
2885 5656 3029 5727 quia
3057 5655 3138 5710 ibi
3161 5654 3519 5727 praecipitur,
3538 5659 3604 5711 ut
3633 5673 3849 5714 mense

2167 5745 2368 5817 primo
2385 5746 2671 5804 offerrent
2688 5744 2899 5801 simihe
2924 5744 3062 5803 oleo
3083 5744 3852 5817 conspersatmsdecimas
