3944 6422
120 262 205 319 ltll
1081 261 1340 323 ENARR.
1381 264 1451 322 IN
1490 260 1749 321 LIBROS

1897 260 2047 320 ΠΜ.
2088 286 2157 311 ιρι
2196 268 2266 325 1N
2306 269 2435 327 LIB.
2480 275 2521 327 l.

3422 286 3529 342 262

119 394 209 459 per
230 382 490 457 singulos
520 384 761 453 vitulos,
790 383 945 441 duas
996 384 1267 442 decimas
1317 402 1424 460 per
1480 386 1747 451 arietem,
1782 388 1831 443 Α
1868 389 2314 460 cognoscimus,
2364 410 2536 467 spem
2593 412 2706 452 nos
2756 396 2978 453 inﬁrmi
3018 398 3078 457 in
3125 403 3202 471 te,
3230 401 3305 459 de
3352 406 3530 463 venia

121 492 280 531 unam
307 474 608 531 decimam
638 491 747 547 per
774 491 1025 546 agnum.
1052 479 1185 531 Haec
1206 492 1348 533 vero
1378 478 1634 547 decima,
1653 475 1755 530 des

119 565 253 621 cima
278 579 417 638 pars
469 569 598 620 erat
627 564 768 637 ephi
796 583 810 621 :
844 564 1006 621 unde
1054 565 1233 623 datur
1288 566 1556 636 intelligi,
1588 564 1756 639 quod

116 669 219 712 non
250 653 502 727 potuerit
548 658 665 709 tres
694 653 936 710 modios
968 653 1177 711 farinae
1213 672 1354 712 cum
1387 656 1576 713 tribus
1606 655 1756 710 vitu-

113 744 173 800 lis
198 742 418 811 offerre,
445 743 555 798 sed
575 759 798 801 novem
829 743 1119 815 decimas,
1146 745 1370 818 quibus
1416 744 1753 801 secundum

116 834 440 890 Hebraieam
489 850 844 890 mensuram
894 850 1053 891 unus
1083 835 1338 892 efﬁcitur
1382 835 1540 908 ephi.
1572 838 1753 893 Caete-

110 940 229 980 rum
280 922 617 994 allegorice,
644 922 813 996 quod
840 922 1032 980 noluit
1056 924 1226 980 illum
1284 924 1503 980 ducere
1535 923 1615 980 ad
1642 923 1754 979 do-

111 1030 257 1069 mum
311 1012 546 1069 Domini
602 1018 935 1086 antequam
984 1013 1409 1083 ablactaretur,
1459 1013 1757 1083 signiﬁcat

109 1108 337 1159 matrem
368 1102 698 1158 Ecclesiam
718 1102 1049 1176 quemlibet
1067 1103 1331 1160 ﬁliorum
1358 1119 1609 1161 suorum
1631 1119 1751 1160 non

107 1198 229 1248 ante
282 1190 357 1247 ad
405 1191 815 1247 sacerdotium
866 1193 1215 1264 provehere.
1250 1209 1439 1266 quam
1498 1192 1668 1249 illum
1716 1206 1753 1248 a

105 1281 238 1337 lacte
263 1279 526 1337 infantiae
557 1286 614 1337 et
640 1281 936 1354 parvitate
968 1299 1181 1338 sensus
1240 1282 1588 1352 educatum,
1620 1282 1755 1340 eﬂ'e-

105 1372 232 1427 cerit
282 1384 569 1443 capacem
616 1371 896 1444 spiritalis
926 1372 1236 1431 doctrinas.
1268 1396 1296 1425 ‹‹
1330 1373 1541 1430 Omnis
1569 1372 1752 1446 enim,

105 1466 161 1517 ut
186 1460 260 1516 ait
284 1461 631 1533 Apostolus,
662 1462 767 1535 qui
821 1461 993 1518 lactis
1046 1466 1134 1519 est
1184 1463 1510 1536 particeps,
1540 1479 1755 1536 expers

103 1556 181 1607 est
200 1550 436 1621 justitiae
468 1564 821 1608 sermonum
852 1553 1058 1624 (Hebr.
1093 1554 1166 1626 ν).
1203 1576 1231 1604 ››
1268 1554 1449 1611 Oﬁ‘ert
1501 1570 1642 1610 eum
1690 1554 1753 1610 in

103 1641 271 1698 tribus
294 1641 515 1712 vitulis,
545 1645 604 1697 et
652 1642 858 1699 modio
911 1642 1140 1711 farinae,
1169 1650 1222 1701 et
1283 1644 1584 1717 amphora
1610 1643 1748 1711 vini,

100 1731 202 1787 hoc
229 1738 311 1788 est
337 1732 397 1787 in
429 1731 731 1788 sacriﬁcio
785 1733 899 1805 pias
930 1733 1348 1801 confessionis,
1380 1733 1439 1789 in
1472 1733 1751 1791 exercitio
1781 1751 1821 1807 Β

100 1819 258 1877 bonaa
311 1823 704 1896 operationis,
731 1828 787 1878 et
818 1824 1014 1894 gratia
1060 1839 1247 1880 sacra:
1296 1823 1669 1894 eruditionis,
1695 1828 1754 1880 et

100 1911 204 1966 ﬁde
232 1919 451 1968 sanctas
483 1912 780 1974 Trinitatis
806 1912 1058 1985 pleniter
1084 1914 1462 1970 instructum.
1497 1913 1609 1979 Qui
1647 1929 1751 1986 po-

101 2004 195 2055 test
237 2000 428 2057 dicere
484 2018 626 2057 cum
684 2002 1023 2075 propheta:
1059 2022 1090 2056 ‹
1123 2002 1465 2085 Reddemus
1501 2003 1751 2059 Domino

98 2089 294 2146 vitulos
321 2090 630 2146 labiorum
654 2096 999 2148 nostrorum
1023 2094 1209 2163 (Osee,
1237 2096 1379 2162 xw),
1398 2115 1425 2142 »
1451 2097 1509 2148 et
1530 2092 1753 2163 jugiter

98 2177 152 2233 in
176 2178 349 2235 domo
381 2180 484 2235 Dei
516 2196 907 2253 permanens,
933 2180 1150 2238 offerat
1178 2181 1360 2253 digne
1412 2197 1753 2238 sacramen-

99 2272 210 2324 tum
235 2269 502 2342 corporis
534 2273 593 2325 et
622 2269 936 2341 sanguinis
962 2270 1220 2327 Domini.
1258 2270 1538 2343 Sequitur

163 2379 188 2409 α
217 2358 411 2416 Oravit
434 2363 637 2429 Anna,
667 2363 727 2416 et
753 2359 837 2416 ait
868 2378 882 2416 :
919 2381 948 2410 »

750 2498 979 2560 CAPUT
1019 2501 1079 2560 ll.

160 2648 185 2676 π
215 2628 539 2686 Exsultavit
558 2645 664 2685 cor
688 2646 896 2686 meum
927 2629 989 2685 in
1020 2629 1296 2700 Domino,
1330 2633 1388 2685 et
1421 2629 1751 2687 exaltatum

100 2738 123 2763 α
153 2723 235 2773 est
259 2735 445 2775 cornu
494 2735 706 2774 meum
736 2719 800 2775 in
856 2722 975 2774 Deo
1006 2735 1165 2775 meo.
1193 2741 1221 2770 »
1256 2719 1403 2775 Hinc
1434 2720 1595 2776 enim
1619 2720 1751 2791 jam

98 2807 568 2864 manifestissime
600 2814 774 2865 Anna
801 2809 863 2865 in
891 2809 1126 2865 cantico
1175 2826 1285 2865 suo
1329 2810 1748 2878 mutationem,

98 2896 233 2951 sicut
256 2898 539 2969 superius
562 2898 974 2970 prmdiximus,
998 2899 1216 2955 Veteris
1241 2899 1626 2970 Testamenti,
1655 2899 1753 2956 vel

97 2986 414 3055 sacerdotii,
427 2987 491 3043 in
505 2990 743 3043 Novum
754 2990 1203 3043 Testamentum
1218 2987 1312 3043 vel
1324 2984 1746 3056 sacerdotium,

1863 484 2272 547 peccatorum,
2321 484 2640 541 sumimus.
2697 487 2862 543 Unde
2920 493 3078 545 recte
3139 490 3527 550 subinfertur.

1864 586 1892 613 «
1928 567 1995 621 Et
2024 568 2349 627 exaltatum
2369 579 2455 629 est
2482 590 2670 631 cornu
2693 592 2897 633 meum
2919 577 2982 633 in
3012 582 3130 636 Deo
3156 596 3353 638 meo.»
3375 583 3530 650 Quid

1860 652 2039 723 igitur
2070 672 2178 729 per
2206 676 2395 716 cornu
2430 664 2703 721 Ecclesiae
2726 666 2841 721 nisi
2868 683 3122 738 regnum
3152 668 3341 743 ipsius
3374 672 3530 730 acci-

1861 759 2003 833 pere
2034 746 2374 808 debemus?
2402 751 2561 808 Sicut
2590 754 2751 810 enim
2778 771 2967 812 col-nu
2999 773 3242 815 carnem
3274 763 3529 833 excedit,

1862 832 1944 888 ita
1971 850 2226 905 regnum
2258 845 2481 897 sancta:
2504 843 2779 900 Ecclesiae
2810 845 3068 902 adversa
3098 848 3281 921 hujus
3315 832 3530 909 mundi

1863 926 1920 978 et
1949 924 2249 984 desideria
2297 931 2494 986 carnis
2525 935 2916 992 transcendit.
2952 937 3066 994 Sed
3114 939 3229 995 hoc
3273 957 3530 1013 regnum

1816 1076 1819 1079 Ἴ
1863 1010 1924 1067 in
1941 1014 2209 1105 Domino
2240 1019 2569 1076 exaltatum
2600 1022 2838 1091 dicitur,
2872 1041 2995 1098 quo
3026 1026 3104 1082 ab
3135 1028 3272 1101 ipso
3304 1010 3529 1105 ubique

1865 1101 2243 1162 sublim'atur.
2272 1109 2442 1173 Quod
2474 1126 2730 1179 regnum
2751 1113 3054 1185 primitiva
3083 1118 3345 1176 Ecclesia
3372 1101 3532 1178 intra

1862 1194 2011 1247 ﬁnes
2032 1194 2254 1251 Judaeze
2288 1203 2677 1269 angustatum
2734 1201 2966 1271 habuit,
3001 1205 3105 1260 sed
3156 1206 3287 1278 jam
3319 1208 3529 1267 dilata-

1861 1286 1990 1338 tum
2016 1298 2123 1355 per
2147 1291 2354 1355 gentes
2379 1293 2558 1361 atque
2602 1289 2996 1349 sublimatum
3048 1292 3322 1354 habetur.
3362 1299 3528 1356 Unde

1862 1388 1970 1445 per
1998 1375 2362 1448 prophetam
2402 1378 2454 1434 ei
2483 1379 2701 1436 dicitur
2733 1397 2746 1436 :
2781 1403 2809 1434 ς(
2846 1382 3033 1440 Dilata
3060 1378 3263 1442 locum
3294 1390 3529 1446 tentorii

1863 1462 1968 1530 tui,
1999 1462 2215 1535 longos
2245 1464 2339 1522 fac
2368 1466 2663 1524 funiculos
2694 1475 2848 1539 tuos,
2877 1478 2935 1529 et
2965 1472 3168 1530 clavos
3200 1480 3334 1532 tuos
3382 1494 3528 1534 con-

1863 1551 2078 1619 solida,
2109 1559 2166 1610 et
2196 1554 2380 1627 pelles
2429 1557 2957 1617 tabernaculorum
3006 1567 3246 1621 tuorum
3276 1566 3529 1623 extende

1860 1641 2004 1711 (Isa.
2028 1647 2162 1710 Liv).
2200 1665 2228 1695 »
2258 1644 2351 1700 Ad
2379 1645 2689 1704 dexteram
2721 1649 2880 1706 enim
2906 1655 2963 1708 et
2989 1650 3067 1707 ad
3096 1653 3397 1711 sinistram
3427 1672 3530 1729 pe-

1861 1731 2146 1800 netrabis,
2197 1740 2252 1790 et
2307 1734 2511 1792 locum
2570 1741 2743 1794 tuum
2800 1744 3007 1809 gentes
3064 1734 3528 1801 haereditahunt.

1863 1820 2033 1884 Quod
2079 1837 2188 1895 per
2242 1824 2600 1897 Apostolum
2651 1825 2968 1885 dilatatum
2999 1836 3181 1904 atque
3213 1837 3529 1889 extensum

1862 1913 1969 1964 est.
2001 1910 2115 1966 Sed
2147 1926 2398 1983 regnum
2433 1917 2768 1988 Synagogaa
2804 1916 3063 1974 Ecclesia
3094 1920 3361 1989 gentium
3393 1939 3530 1996 per-

1863 1998 2037 2071 cepit,
2063 2016 2200 2072 quze
2231 2000 2305 2057 de
2331 2002 2456 2058 suis
2477 2003 2980 2076 praedicatoribus
3003 2006 3527 2077 gratulabundain

1864 2088 2256 2160 sequentibus
2317 2089 2604 2165 loquitur,
2636 2093 2843 2150 dicens
2870 2111 2883 2150 :
2910 2118 2936 2145 ‹‹
2971 2095 3290 2153 Dilatatum
3323 2103 3411 2155 est
3460 2114 3530 2155 os

1861 2193 2066 2232 meum
2095 2194 2275 2251 super
2303 2179 2577 2237 inimicos
2602 2176 2752 2253 ejus.
2786 2201 2816 2236 ›
2844 2184 3046 2258 Itaque
3078 2185 3349 2243 Ecclesiae
3380 2203 3532 2261 prae-

1862 2265 2158 2323 dicatores
2188 2269 2380 2325 sancti
2410 2264 2842 2344 intelliguntur,
2871 2290 3133 2346 quorum
3178 2275 3527 2349 praedicatio

1860 2355 1955 2411 vel
1979 2354 2131 2413 ﬁdes
2153 2356 2400 2414 dilatata
2418 2364 2510 2416 est
2536 2377 2716 2434 super
2734 2360 3010 2419 inimicos
3034 2358 3185 2436 ejus,
3199 2364 3345 2438 quia
3366 2364 3530 2423 vide-

1858 2444 1993 2502 licet
2021 2447 2274 2503 excessit
2294 2448 2603 2505 scientiam
2631 2448 2966 2507 scribarum
3000 2457 3056 2508 et
3085 2450 3525 2524 haereticorum,

1861 2539 1917 2591 et
1945 2536 2206 2592 maxime
2232 2545 2709 2610 persccutorum,
2739 2539 2913 2612 juxta
2937 2541 3106 2614 quod
3136 2559 3241 2615 per
3264 2538 3528 2618 prophe-

1862 2630 1987 2683 tam
2019 2628 2157 2699 (Isa.
2188 2630 2300 2701 Liv)
2330 2629 2383 2685 ei
2429 2630 2865 2702 repromissum
2907 2632 3135 2690 fuerat:
3162 2658 3190 2684 ‹‹
3228 2637 3295 2691 Et
3321 2632 3531 2705 lingua

1859 2718 2261 2775 resistentium
2284 2719 2389 2776 tibi
2410 2721 2470 2776 in
2491 2719 2720 2792 judicio
2772 2723 3109 2795 superabis.
3141 2743 3172 2779 ›
3204 2727 3332 2781 Non
3362 2726 3524 2782 enim

1859 2806 1918 2862 in
1947 2808 2239 2876 angustiis
2287 2826 2747 2882 praessurarum,
2800 2812 2973 2883 juxta
3031 2813 3385 2887 Apostolum
3446 2814 3539 2881 (II

1862 2898 2010 2953 Tim.
2042 2902 2129 2967 ιι),
2183 2915 2381 2956 sermo
2431 2899 2532 2956 Dei
2588 2907 2675 2957 est
2729 2890 3027 2973 alligatus,
3058 2903 3352 2972 videlicet,
3385 2902 3530 2978 quia

1858 2984 2057 3043 laetata
2087 2992 2175 3044 est
2223 2987 2481 3044 Ecclesia
2528 2988 2589 3045 in
2624 2982 2883 3046 salutare
2920 2990 3038 3046 Dei.
3090 2991 3360 3049 Salutare
3407 2992 3526 3061 Dei,

95 3076 295 3145 quiest
326 3077 620 3143 Christus,
651 3076 1016 3150 prophetare
1065 3076 1348 3134 videtur:
1390 3094 1750 3152 quanquam
1779 3109 1820 3163 ο
1861 3074 2076 3131 Filium
2132 3075 2230 3132 Dei
2284 3076 2445 3145 dicit,
2478 3077 2553 3133 de
2610 3095 2733 3151 quo
2782 3078 3044 3147 Simeon,
3079 3081 3417 3153 suscipiens
3466 3080 3529 3136 in

97 3165 346 3221 nonnulli
367 3182 495 3222 non
519 3167 918 3240 prophetasse
939 3167 1161 3234 dicant,
1191 3167 1296 3223 sed
1325 3167 1749 3225 tantummodo
1798 3162 1805 3163 ⁷
1861 3162 2057 3232 ulnas,
2091 3180 2302 3235 ovans,
2332 3164 2561 3222 aiebat:
2589 3189 2616 3215 ‹‹
2639 3166 2803 3223 Nunc
2827 3166 3098 3239 dimittis,
3126 3168 3532 3238 Domine,ser-

95 3259 320 3326 propter
348 3256 554 3312 ﬁlium
582 3257 993 3330 impetratum,
1028 3260 1216 3313 Deum
1248 3256 1567 3314 exsultanti
1601 3275 1753 3332 pree-

94 3340 371 3400 dicatione
417 3344 731 3402 laudasse.
765 3345 876 3410 Qui
924 3362 1067 3416 ergo
1120 3345 1234 3401 sibi
1283 3345 1407 3402 vult
1448 3346 1616 3420 quod
1649 3347 1748 3415 ait,

97 3454 119 3479 ‹‹
157 3447 321 3488 arcus
350 3435 623 3491 fortium
654 3439 974 3507 superatus
1004 3440 1111 3501 est,
1145 3440 1203 3491 et
1226 3435 1451 3492 inﬁrmi
1500 3434 1752 3492 accincti

96 3541 121 3567 κ
156 3527 287 3578 sunt
314 3522 690 3589 fortitudine,
720 3529 780 3580 et
816 3524 1019 3596 repleti
1048 3526 1212 3597 prius
1243 3540 1354 3597 pro
1391 3524 1653 3596 panibus
1687 3541 1750 3580 se

98 3632 121 3657 ε(
155 3611 519 3684 locaverunt,
542 3619 601 3670 et
625 3614 884 3671 famelici
905 3616 1155 3673 saturati
1179 3620 1336 3672 sunt.
1370 3617 1569 3672 Donec
1593 3616 1752 3672 steri-

96 3720 119 3745 ‹‹
154 3699 219 3755 lis
246 3704 478 3776 peperit
510 3709 771 3776 septem,
791 3709 849 3760 et
869 3720 1008 3776 quas
1036 3705 1259 3761 multos
1284 3704 1550 3761 habebat
1570 3705 1747 3773 ﬁlios,

94 3811 119 3838 α
154 3791 447 3851 inﬁrmata
490 3799 606 3850 est.
642 3816 672 3844 ιι
696 3794 1001 3867 Numquid
1042 3795 1178 3868 ipsa
1228 3795 1460 3868 peperit
1518 3801 1749 3869 septem

93 3882 349 3951 quamvis
370 3883 595 3941 sterilis
618 3883 792 3940 fuerit
816 3884 1062 3940 unicum
1080 3884 1349 3941 habebat
1367 3885 1617 3957 quando
1638 3885 1753 3942 ista

92 3968 327 4040 dicebat,
359 3974 467 4029 sed
500 3989 619 4030 nec
664 3978 878 4046 postea
925 3980 1155 4048 septem
1187 3974 1434 4047 peperit,
1469 3975 1593 4031 sive
1625 3992 1747 4039 sex,

93 4059 292 4130 quibus
321 4065 627 4137 septimus
670 4068 826 4118 esset
872 4063 1136 4129 Samuel,
1166 4063 1272 4119 sed
1322 4068 1439 4119 tres
1471 4080 1669 4121 mares
1696 4069 1754 4122 et

92 4146 225 4205 duos
245 4151 525 4209 feminas.
544 4151 772 4208 Deinde
792 4152 854 4209 in
876 4152 977 4208 illo
999 4152 1229 4225 populo
1261 4170 1400 4208 cum
1422 4153 1624 4210 adhuc
1644 4169 1751 4210 ne-

92 4251 178 4292 mo
205 4247 505 4310 regnaret.
534 4240 710 4313 quod
754 4245 1021 4298 extremo
1068 4242 1289 4314 posuit,
1319 4241 1422 4298 dat
1470 4241 1751 4299 virtutem

91 4328 333 4397 regibus,
364 4335 425 4387 et
454 4330 757 4388 exaltabit
783 4347 974 4387 cornu
999 4330 1211 4387 Christi
1242 4330 1354 4386 sui.
1391 4330 1556 4387 Unde
1594 4331 1752 4388 dice-

92 4414 200 4483 bat.
229 4420 276 4475 si
304 4436 430 4477 non
463 4420 920 4495 prophetabat?
943 4420 1356 4477 Conticescant
1375 4436 1518 4489 ergo
1538 4421 1747 4489 Judtei,

91 4509 307 4566 taceant
338 4512 536 4578 multi,
564 4510 675 4584 qui
701 4510 817 4567 hoc
834 4511 1010 4582 juxta
1039 4510 1354 4566 historiam
1370 4526 1481 4582 pro
1502 4515 1750 4583 accepto

92 4596 198 4653 ﬁlio
226 4598 455 4657 dictum
486 4605 733 4675 putant.
763 4601 931 4657 Dicat
952 4604 1129 4656 Anna
1158 4600 1753 4673 prophetando,pro-

93 4688 326 4759 spiciens
374 4692 440 4748 in
478 4708 549 4748 se
599 4690 1031 4748 fecunditatem
1081 4690 1345 4747 Ecclesia
1373 4689 1556 4746 dicat.
1588 4690 1755 4747 Dicat

94 4780 253 4836 etiam
299 4782 569 4839 Ecclesia
620 4781 855 4850 Christi,
884 4781 1091 4839 civitas
1137 4781 1293 4851 regis
1326 4781 1535 4851 magni
1561 4782 1754 4853 gratia

93 4868 272 4938 plena,
296 4873 469 4945 prole
496 4870 790 4941 fecunda,
809 4871 998 4929 dicat:
1024 4893 1042 4922 ι
1074 4870 1402 4927 Exsultavit
1418 4888 1521 4927 cor
1544 4888 1751 4928 meum

95 4956 145 5012 in
170 4960 436 5019 Domino.
465 4985 495 5013 ››
530 4964 653 5018 Cor
681 4962 842 5018 enim
875 4968 1100 5018 sancta:
1130 4961 1403 5017 Ecclesia:
1434 4977 1559 5017 non
1581 4960 1644 5017 in
1664 4977 1752 5017 re-

95 5046 192 5106 bus
208 5054 567 5111 transitoriis
592 5051 875 5110 exsultat:
886 5052 1031 5125 quia
1045 5056 1241 5125 potest
1255 5051 1392 5124 quis
1405 5051 1670 5122 gaudere
1691 5050 1754 5108 in

98 5141 436 5211 carnalibus,
459 5158 598 5199 non
630 5141 919 5214 gloriatur
943 5157 1016 5198 ex
1064 5141 1443 5213 iucunditate
1488 5145 1752 5196 terrena-

97 5243 211 5286 rum
225 5247 445 5299 rerum,
465 5233 577 5290 sed
604 5232 666 5288 in
678 5231 955 5300 Domino;
974 5232 1147 5303 juxta
1167 5230 1333 5303 quod
1356 5229 1576 5285 Paulus
1592 5246 1755 5285 com-

99 5327 277 5377 monet
300 5323 514 5379 dicens
542 5340 555 5378 :
577 5342 609 5372 «
630 5322 743 5388 Qui
766 5320 1076 5392 gloriatur,
1102 5320 1167 5377 in
1194 5318 1450 5376 Domino
1467 5318 1754 5389 glorietur

99 5407 148 5471 (Ι
168 5409 293 5468 Cor.
318 5415 381 5485 ι).
416 5434 449 5464 ι)
479 5412 642 5469 Hinc
662 5411 831 5468 enim
855 5411 918 5468 in
946 5411 1202 5469 Canticis
1252 5408 1647 5480 canticorum,
1679 5425 1755 5467 ex

101 5511 224 5555 voce
249 5500 582 5561 electorum
614 5500 834 5558 dicitur
863 5518 876 5558 :
910 5521 941 5555 ‹
970 5499 1423 5559 Exsultabimus
1445 5502 1503 5555 et
1529 5498 1756 5555 laetabi-

103 5600 216 5644 mur
236 5589 291 5648 in
314 5598 368 5650 te
397 5594 617 5665 (Cant.
649 5594 717 5658 ι).
756 5612 785 5641 ››
814 5594 895 5649 Ac
923 5590 975 5646 si
1003 5594 1209 5663 aperte
1238 5588 1513 5646 dicatur:
1543 5590 1674 5645 Non
1691 5587 1754 5644 in

106 5678 251 5735 nobis
278 5684 381 5740 sed
411 5685 476 5741 in
533 5688 594 5739 te
638 5681 1079 5739 exsultabimus
1109 5686 1169 5739 et
1212 5680 1574 5751 luetabimur,
1604 5680 1753 5752 quia

107 5764 229 5827 dum
244 5771 514 5835 fortiores
523 5772 613 5834 ad
627 5770 1398 5845 contemplandasublimia
1407 5770 1751 5844 pervenisse

1858 3270 2006 3309 vum
2031 3259 2200 3309 tuum
2223 3255 2281 3309 in
2306 3270 2476 3326 pace,
2500 3250 2835 3312 secundum
2863 3256 3119 3312 verbum
3143 3262 3314 3313 tuum
3339 3275 3351 3312 :
3379 3258 3530 3324 Quia

1859 3343 2141 3400 viderunt
2170 3342 2328 3400 oculi
2373 3344 2491 3400 mei
2525 3340 2782 3402 salutare
2826 3349 3034 3402 tuum:
3072 3344 3243 3412 Quod
3275 3346 3525 3420 parasti,

1861 3440 2000 3491 ante
2030 3434 2246 3491 faciem
2278 3435 2555 3491 omnium
2586 3433 2955 3509 populorum
2986 3437 3155 3508 (Luc.
3187 3437 3269 3507 ιι).
3303 3459 3330 3488 ›ι
3363 3441 3429 3494 Et
3453 3434 3528 3494 de

1860 3540 1985 3596 quo
2030 3524 2377 3597 patriarcha
2401 3522 2588 3581 Jacob
2613 3523 2995 3598 loquebatur,
3020 3524 3265 3583 dicens:
3301 3550 3328 3577 ‹‹
3364 3522 3530 3585 Salu-

1860 3620 1986 3671 tare
2018 3620 2187 3671 tuum
2219 3615 2586 3688 exspectabo
2620 3616 2867 3672 Domine
2896 3617 3066 3687 (Gen.
3095 3618 3264 3688 xux).
3293 3640 3322 3668 »
3345 3616 3526 3689 Cujus

1860 3703 2372 3776 magniﬁcentiam
2407 3721 2477 3760 ac
2503 3705 2835 3777 potentiam
2865 3706 3279 3778 considerans,
3313 3707 3395 3762 ait
3422 3725 3435 3762 :

1934 3818 1961 3845 «
1995 3798 2124 3851 Non
2154 3798 2242 3852 est
2267 3799 2530 3862 sanctus,
2559 3799 2625 3851 ut
2654 3799 2744 3851 est
2776 3794 3087 3866 Dominus,
3116 3812 3315 3869 neque
3369 3796 3532 3852 enim

1863 3907 1891 3935 ‹‹
1933 3890 2023 3941 est
2053 3884 2206 3940 alius
2240 3889 2405 3941 extra
2440 3890 2513 3954 te,
2544 3890 2601 3940 et
2630 3900 2755 3941 non
2808 3889 2898 3941 est
2943 3884 3109 3941 fortis
3168 3886 3318 3942 sicut
3375 3883 3532 3942 Deus

1864 3998 1892 4026 «
1932 3980 2160 4045 noster,
2196 3996 2224 4025 »
2257 3978 2314 4030 et
2364 3970 2619 4045 reliqua.
2682 3973 2837 4029 Bene
2893 3972 3121 4029 dictum
3174 3978 3262 4031 est
3292 3991 3305 4030 :
3340 3996 3368 4025 ‹‹
3402 3976 3532 4031 Non

1862 4068 1953 4120 est
2001 4069 2265 4130 sanctus,
2296 4068 2361 4119 ut
2410 4068 2500 4120 est
2547 4061 2858 4134 Dominus,
2893 4086 2922 4113 »
2968 4063 3116 4137 quia
3156 4058 3359 4120 nullus
3400 4064 3532 4137 ejus

1863 4153 2164 4209 sanctitati
2195 4169 2257 4209 se
2303 4168 2657 4226 comparare
2703 4149 2875 4210 valet.
2909 4152 3294 4210 Distinctione
3325 4153 3530 4225 utitur,

1865 4246 1928 4299 ut
1974 4242 2125 4298 dixit
2173 4242 2482 4307 Dominus,
2511 4242 2617 4297 sed
2645 4241 2849 4299 nullus
2900 4247 2988 4299 est
3035 4244 3187 4299 sicut
3216 4238 3529 4307 Dominus,

1867 4339 2115 4388 sanctus
2144 4336 2201 4387 et
2227 4332 2631 4400 sanctiﬁcans,
2657 4332 2854 4402 justus
2906 4335 2963 4389 et
2985 4326 3348 4405 justiﬁcans.
3384 4337 3533 4390 Nam

1863 4414 1994 4478 hoc‘
2047 4420 2474 4478 considerabat
2532 4420 2859 4478 Psalmista
2936 4422 3185 4495 quando
3242 4420 3530 4479 dicebat:

1866 4510 2066 4576 «Quis
2108 4510 2170 4566 in
2220 4510 2489 4567 nubibus
2537 4510 2877 4584 aequabitur
2928 4510 3198 4582 Domino,
3251 4514 3356 4568 aut
3398 4512 3536 4585 quis

1866 4600 2076 4656 similis
2111 4602 2231 4656 Deo
2260 4600 2413 4656 inter
2437 4599 2592 4656 ﬁlios
2621 4599 2722 4656 Dei
2742 4596 2930 4671 (Psal.
2963 4592 3290 4668 Lxxxvm)?
3312 4623 3340 4649 »
3366 4598 3534 4656 Unde

1864 4694 1921 4747 et
1974 4689 2186 4746 merito
2235 4683 2604 4745 subinfertur
2645 4708 2657 4746 :
2693 4712 2721 4739 ‹‹
2756 4686 2956 4762 Neque
3014 4689 3177 4745 enim
3233 4692 3324 4744 est
3380 4686 3535 4744 alius

1865 4784 2031 4848 extra
2060 4785 2115 4836 te
2146 4783 2203 4835 et
2221 4794 2346 4834 non
2377 4783 2465 4834 est
2494 4776 2665 4834 fortis
2695 4778 2847 4833 sicut
2880 4776 3030 4833 Deus
3061 4780 3282 4832 noster.
3322 4797 3349 4825 ››
3384 4776 3535 4842 Quia

1863 4884 2046 4925 nemo
2075 4868 2142 4925 ﬁt
2163 4870 2428 4936 sanctus,
2456 4860 2575 4922 nisi
2606 4860 2684 4922 ab
2730 4866 2863 4938 ipso
2897 4862 3304 4921 sanctiﬁcatus
3336 4863 3532 4920 fuerit.
3594 4909 3603 4916 .

1864 4956 1931 5010 Et
1957 4969 2084 5010 non
2129 4951 2327 5009 solum
2377 4954 2645 5018 sanctus,
2678 4950 2785 5005 sed
2836 4965 2948 5004 nec
2997 4949 3321 5005 consistere
3355 4947 3532 5021 valet,

1862 5060 1974 5102 ncc
2003 5043 2271 5117 aliquam
2303 5038 2710 5100 fortitudinem
2734 5036 2979 5105 habere,
3004 5040 3120 5095 nisi
3148 5038 3228 5096 ab
3249 5039 3381 5115 ipso
3402 5057 3535 5116 per-

1864 5134 2103 5207 ceperit.
2139 5134 2284 5190 Hinc
2314 5130 2533 5189 Paulus
2585 5126 2895 5202 apostolus
2925 5130 3007 5187 ait
3040 5148 3053 5186 :
3090 5154 3118 5183 «
3150 5132 3446 5194 Quoniam
3472 5133 3536 5191 in

1863 5225 1997 5298 ipso
2046 5224 2329 5293 vivimus,
2370 5238 2707 5291 movemur,
2741 5226 2798 5278 et
2855 5238 3066 5279 sumus
3125 5224 3279 5291 (Act.
3310 5224 3470 5297 xvn).
3505 5244 3533 5273 »

1864 5315 2007 5373 Hinc
2063 5314 2188 5370 suis
2232 5311 2544 5385 discipulis
2591 5312 2724 5385 ipsa
2774 5312 2999 5371 Veritas
3044 5313 3162 5370 ait:
3194 5335 3221 5363 ‹‹
3248 5314 3384 5371 Sine
3434 5328 3533 5371 me

1862 5404 2014 5462 nihil
2056 5404 2301 5478 potestis
2350 5403 2544 5460 facere
2589 5402 2789 5475 (Joan.
2824 5403 2946 5477 xv).
2982 5426 3013 5456 »
3046 5406 3110 5461 Et
3158 5404 3211 5460 si
3258 5402 3538 5478 suntqui

1863 5496 2146 5553 dicuntur
2174 5493 2258 5551 dii
2302 5493 2476 5551 multi
2518 5499 2576 5552 et
2603 5492 2835 5551 domini
2874 5488 3067 5565 multi,
3101 5492 3303 5551 nullus
3330 5498 3537 5552 tamen

1863 5603 2076 5645 eorum
2124 5589 2236 5657 est,
2287 5583 2639 5643 naturaliter
2681 5584 2745 5642 id
2788 5584 2956 5659 quod
3010 5578 3165 5643 Deus
3218 5587 3326 5643 est.
3381 5584 3537 5652 Quid

1864 5683 1952 5734 est
1994 5676 2155 5733 enim
2206 5676 2425 5733 umbra
2466 5676 2549 5733 ad
2594 5676 3113 5751 comparationem
3144 5677 3436 5751 corporis,
3483 5680 3541 5733 et

1863 5767 2071 5825 fumus
2099 5768 2181 5827 ad
2212 5767 2732 5844 comparationem
2768 5759 2976 5841 ignis?
3008 5769 3130 5827 Hoc
3150 5766 3539 5842 perpendam
