3944 6412
477 290 580 344 263

1589 277 1945 335 ANGELOMI
1985 274 2438 335 LUXOVIENSIS
2476 278 2794 338 MONACHI

3803 289 3909 342 284

474 409 805 472 Abraham,
836 407 1085 480 quando
1109 422 1245 462 cum
1269 405 1520 460 Domino
1545 403 1926 477 loquebatur,
1949 399 2122 455 dicit:
2157 414 2206 466 Α
2238 399 2298 454 in
2326 399 2455 470 lege
2486 403 2716 471 gloriati
2740 409 2897 471 sunt,
2913 411 2971 462 et
2989 422 3061 462 ea
3087 407 3547 480 quodammodo
3574 409 3905 465 defendere

474 522 500 549 «
545 502 779 571 Loquar
808 497 885 552 ad
919 495 1237 552 Dominum
1259 510 1484 561 meum,
1521 510 1658 549 cum
1682 492 1797 548 sim
1845 488 2042 562 pulvis
2072 492 2131 543 et
2237 492 2492 563 superbe
2525 494 2861 561 voluerunt,
2885 497 3172 552 inﬁrmati
3204 503 3361 565 sunt,
3391 503 3449 554 et
3476 498 3710 554 malum
3731 500 3904 572 quod

474 588 620 644 cinis
641 589 667 643 ?
688 589 850 657 (Gen.
887 585 1062 654 xviii.)
1088 607 1114 633 ››
1142 587 1202 640 ln
1228 583 1680 655 comparatione
1702 585 1880 637 tanta:
1902 579 2125 648 majes-

471 678 625 741 tatis,
658 692 794 731 cum
822 674 990 729 dives
1025 678 1199 736 esset,
1231 672 1376 728 nihil
1421 671 1582 728 aliud
1613 670 1722 726 nisi
1771 669 2028 724 cinerem
2069 669 2126 722 et

469 766 776 839 pulverem
808 780 869 819 se
901 778 1033 819 esse
1056 761 1355 832 cognovit.
1391 760 1563 827 Quod
1591 758 1803 815 scribse
1834 762 1890 813 et
1921 757 2120 811 Phari-

469 855 589 919 saei,
619 854 928 925 caeterique
952 850 1346 924 reproborum
1372 850 1642 905 humana
1667 847 1966 920 sapientes
1983 859 2122 900 con-

466 944 724 1000 siderare
755 947 1168 999 contemnunt.
1199 940 1362 996 Unde
1395 940 1469 995 de
1501 939 1585 994 eis
1613 937 2000 1007 subjungitur
2032 951 2044 986 :

537 1057 562 1081 ‹‹
606 1033 788 1089 Nolite
821 1030 1214 1102 multiplicare
1246 1029 1410 1102 loqui
1441 1027 1742 1094 sublimia,
1776 1024 2114 1093 gloriantes.

463 1148 488 1174 «
532 1122 833 1179 Recedant
858 1126 1057 1176 vetera
1083 1119 1156 1174 de
1187 1134 1288 1174 ore
1333 1123 1552 1182 vestro,
1586 1139 1611 1166 ››
1643 1123 1751 1171 etc.
1801 1112 2117 1182 Redarguit

459 1217 667 1269 sancta
701 1210 957 1267 Ecclesia
985 1209 1222 1264 Judzeos
1254 1213 1311 1263 et
1333 1207 1629 1280 sapientes
1678 1205 1860 1275 hujus
1892 1201 2116 1272 saeculi,

458 1303 804 1360 extollentes
844 1317 905 1357 se
931 1305 1138 1356 contra
1159 1299 1468 1354 scientiam
1505 1298 1626 1365 Dei,
1657 1313 1732 1352 ne
1755 1294 2009 1368 superbe
2029 1310 2119 1349 sa-

456 1393 648 1465 piant,
676 1407 785 1447 nec
815 1405 998 1463 prave
1029 1389 1104 1443 de
1137 1391 1256 1444 Deo
1286 1388 1566 1444 sentiant.
1597 1387 1701 1442 sed
1754 1384 2004 1441 humilia
2058 1388 2115 1439 et

458 1481 697 1554 sapiant
719 1487 774 1536 et
797 1479 1139 1552 loquantur.
1167 1479 1462 1550 Scriptum
1493 1493 1756 1548 namque
1786 1480 1904 1530 est:
1943 1497 1968 1522 ‹‹
2005 1476 2112 1528 Do-

457 1571 658 1626 minus
688 1570 704 1625 i
734 1595 742 1621 ι
779 1569 952 1640 coelo,
975 1573 1032 1624 et
1060 1573 1121 1624 tu
1154 1583 1335 1639 super
1355 1572 1571 1622 terram
1607 1567 1690 1632 (Il
1718 1566 1917 1620 Much.
1941 1568 2061 1618 xv).
2081 1585 2107 1612 υ

456 1661 594 1717 Ideo
624 1659 800 1733 pauci
835 1659 951 1714 sint
997 1673 1303 1713 sermones
1348 1656 1450 1711 tui.
1481 1655 1798 1723 Recedant,
1832 1655 2104 1726 inquam,

2233 573 2309 629 de
2352 577 2634 649 pharetra
2684 580 2775 635 sui
2823 580 3025 636 livoris
3082 581 3388 638 intendere
3435 583 3781 653 voluerunt,
3842 585 3902 640 in

2231 661 2395 735 ipsos
2445 683 2804 724 conversum
2859 675 2969 741 cst,
3010 671 3178 741 justa
3219 671 3386 744 quod
3416 671 3559 728 alibi
3605 673 3899 744 scriptum

2231 759 2354 809 est:
2381 757 2658 814 Conversi
2681 765 2818 815 sunt
2842 759 2902 814 in
2927 776 3134 816 arcum
3164 776 3418 834 pravum
3453 763 3643 826 (Psal.
3664 769 3896 822 LXVII).»

2230 845 2417 898 Areus
2446 846 2606 902 enim
2659 863 2696 904 a
2742 864 2864 920 quo
2885 848 3230 918 intenditur,
3265 849 3340 905 ad
3370 850 3571 921 ipsum
3604 851 3899 906 converti-

2231 934 2326 986 tur
2353 949 2366 987 :
2399 937 2542 1005 quia
2586 937 2852 1019 pravitas
2884 937 3163 1006 malignas
3195 938 3558 1009 intentionis,
3586 955 3778 1013 quam
3817 941 3894 996 de

2228 1020 2507 1091 pharetra
2540 1027 2630 1081 sui
2661 1026 2864 1082 livoris
2893 1043 3168 1082 exercere
3205 1027 3460 1084 Judaica
3505 1030 3762 1102 perﬁdia
3791 1047 3894 1086 vo-

2225 1108 2351 1176 luit,
2382 1113 2441 1168 iu
2473 1131 2606 1170 eam
2637 1133 2929 1173 conversa
2961 1123 3070 1184 est,
3101 1117 3245 1190 quia
3275 1134 3385 1174 sua
3411 1118 3638 1175 malitia
3677 1120 3893 1176 inﬁde-

2223 1195 2402 1255 litatis
2429 1202 2719 1260 damnata
2749 1206 2989 1270 exstitit,
3013 1211 3071 1260 et
3097 1206 3352 1276 gratiam
3384 1205 3747 1262 fortitudinis
3761 1221 3890 1278 qua

2223 1286 2592 1355 gloriabatur
2629 1309 2806 1365 posse
2837 1294 2966 1349 sine
3019 1294 3320 1365 adjutorio
3349 1294 3556 1350 divino
3606 1294 3886 1350 humana

2223 1379 2577 1438 sufficientia
2626 1383 2820 1451 legem
2889 1383 3158 1456 implere,
3219 1383 3435 1450 amisit,
3490 1389 3548 1440 et
3599 1383 3886 1440 eamdem

2221 1470 2473 1538 gratiam
2525 1473 2885 1528 valetudinis
2934 1473 3266 1541 credentes,
3323 1490 3396 1529 ex
3445 1473 3722 1543 gentibus
3777 1474 3886 1546 qui

2219 1559 2387 1631 prius
2418 1561 2636 1616 infirmi
2685 1563 3046 1619 videbantur
3094 1579 3246 1625 esse,
3285 1563 3537 1619 Domino
3565 1562 3882 1633 largiente,

2218 1657 2634 1722 perceperunt,
2667 1653 2818 1708 sicut
2838 1653 3242 1708 subnectitur:
3279 1676 3304 1701 ‹‹
3342 1655 3407 1708 Et
3432 1652 3653 1708 infirmi
3684 1652 3887 1708 accin-

452 1755 654 1806 vetera
683 1749 830 1819 legis
860 1748 933 1803 de
967 1763 1067 1802 ore
1098 1747 1388 1818 ipsorum,
1417 1751 1473 1802 et
1499 1751 1712 1801 caetera
1739 1761 1874 1816 qua:
1906 1743 1984 1798 ad
2004 1759 2104 1797 ve-
2135 1764 2174 1818 Β
2216 1738 2291 1794 cti
2324 1745 2461 1795 sunt
2491 1741 2726 1798 robore.
2761 1762 2790 1794 ι
2819 1742 3094 1798 Videlicet
3121 1741 3332 1815 populi
3358 1742 3645 1812 gentium,
3668 1742 3775 1814 qui
3801 1741 3883 1797 de

452 1845 635 1897 terem
697 1839 1005 1894 hominem
1055 1835 1372 1909 pertinent,
1423 1835 1482 1890 id
1534 1839 1622 1891 est
1672 1834 1746 1889 ad
1797 1832 2100 1888 carnalem

451 1927 984 1986 conversationem.
1022 1925 1136 1982 Sed
1191 1925 1497 1980 scientiam
1529 1941 1665 1998 quze
1696 1941 1766 1978 ex
1816 1924 1934 1978 Deo
1990 1928 2098 1993 est,

444 2018 742 2091 inquirere
795 2020 1090 2086 satagant,
1136 2029 1257 2070 non
1302 2013 1417 2070 sint
1459 2013 1728 2069 humana
1778 2018 1831 2067 et
1874 2011 2098 2067 carnali

444 2106 687 2163 scientia
716 2105 863 2175 legis
890 2104 1230 2174 gloriantes,
1253 2110 1308 2160 et
1337 2119 1460 2160 non
1482 2107 1652 2158 exeat
1684 2100 2094 2173 vaniloquium

441 2197 515 2254 de
546 2213 646 2253 ore
678 2197 971 2269 ipsorum,
990 2199 1046 2250 et
1069 2194 1260 2250 sciant
1289 2193 1431 2266 quia
1455 2209 1637 2249 nemo
1659 2199 1853 2265 potest
1873 2191 2094 2246 habere

440 2286 557 2342 nisi
586 2286 663 2342 ab
693 2286 829 2358 ipso
859 2284 1205 2358 perceperit,
1230 2283 1534 2338 scientiam
1557 2282 1814 2338 veritatis
1849 2299 1860 2336 :
1893 2304 1918 2329 «
1953 2280 2096 2353 quia

438 2399 466 2424 ‹‹
508 2376 635 2449 ipse
683 2378 771 2430 est
811 2374 1196 2430 scientiarum
1239 2373 1550 2439 Dominus,
1580 2377 1637 2428 et
1679 2371 1791 2444 ipsi
1845 2385 2093 2426 necesse

437 2488 464 2515 ‹‹
509 2470 614 2533 est,
649 2469 713 2520 ut
740 2467 1155 2536 praeparentur
1203 2461 1381 2518 bonae
1439 2461 1849 2531 cogitationes.
1884 2483 1910 2508 »
1945 2461 2095 2525 Quia

438 2555 730 2626 scriptum
757 2558 844 2608 est
875 2569 888 2606 :
921 2575 947 2601 ‹‹
983 2551 1234 2625 Spiritus
1274 2550 1434 2606 enim
1466 2555 1708 2605 sanctus
1759 2549 2090 2622 disciplinae

435 2643 676 2712 effugiet
699 2641 928 2709 ﬁctum,
961 2644 1018 2696 et
1046 2639 1272 2696 auferet
1302 2655 1362 2695 se
1393 2655 1430 2695 a
1454 2639 1936 2708 cogitationibus,
1955 2656 2089 2712 qua:

436 2736 574 2787 sunt
602 2731 728 2785 sine
780 2729 1100 2785 intellectu.
1134 2729 1430 2795 Quoniam
1459 2729 1520 2784 in
1554 2728 1912 2786 malevolam
1965 2733 2089 2788 ani-

433 2837 599 2877 mam
662 2835 785 2875 non
833 2819 1100 2874 introibit
1146 2818 1457 2891 sapientia,
1515 2833 1625 2874 nec
1679 2818 1970 2876 habitabit
2027 2822 2086 2876 in

432 2925 681 2980 corpore
732 2907 974 2963 subdito
1031 2907 1290 2980 peccatis
1347 2908 1514 2976 (Sap.
1573 2911 1634 2974 ι).
1672 2927 1699 2956 ι
1731 2911 1794 2963 Et
1843 2910 2086 2982 spiritus

430 3003 729 3054 scrutatur
759 2997 938 3052 etiam
995 2996 1297 3069 profunda
1346 2996 1444 3052 Dei
1474 2996 1545 3064 (Ῑ.
1581 2997 1716 3053 Cor.
1751 2998 1831 3068 ιι).
1868 3001 2081 3055 Verum

2214 1828 2338 1883 suis
2367 1830 2682 1886 virtutibus
2709 1833 2854 1888 nihil
2882 1836 3343 1904 praesumentes,
3379 1831 3440 1887 in
3472 1831 3705 1887 Domini
3736 1836 3883 1886 sunt

2203 1917 2434 1987 justitia
2456 1921 2738 1978 roborati.
2775 1927 2854 1978 Ex
2882 1938 3142 1995 quorum
3177 1938 3317 1978 voce
3350 1921 3878 1994 PsalmistaJoqui-

2207 2011 2305 2064 tur
2329 2009 2534 2070 dicens
2569 2030 2580 2067 :
2616 2036 2642 2061 ‹‹
2678 2013 2942 2069 Miserere
2969 2013 3109 2077 mei,
3144 2012 3410 2079 Domine,
3440 2012 3732 2084 quoniam
3787 2013 3878 2068 in-

2206 2097 2416 2155 firmus
2443 2117 2574 2155 sum
2605 2103 2796 2168 (Psal.
2833 2103 2926 2172 vi).
2960 2124 2986 2151 »ι
3019 2104 3083 2156 Et
3110 2101 3357 2156 iterum:
3381 2124 3408 2152 ‹‹
3433 2101 3696 2157 Miserere
3724 2103 3870 2157 meis

2206 2190 2378 2254 Deus,
2416 2191 2694 2248 miserere
2725 2192 2862 2258 mei,
2893 2191 3183 2264 quoniam
3224 2191 3284 2246 in
3304 2195 3361 2246 te
3384 2191 3632 2246 conﬁdit
3659 2191 3872 2249 anima

2205 2281 2551 2346 mea(Psal.
2588 2283 2721 2353 va).
2754 2303 2782 2330 »
2823 2284 3100 2337 Infirmus
3145 2286 3270 2337 erat
3300 2280 3562 2354 populus
3601 2281 3865 2350 gentilis,

2201 2370 2449 2439 quando
2473 2371 2702 2426 alienus
2729 2387 2766 2428 a
2789 2375 3148 2427 testamento
3175 2371 3274 2426 Dei
3299 2370 3510 2427 fuerat.
3527 2371 3672 2426 Hinc
3697 2371 3867 2427 Salo-

2201 2473 2342 2513 mon
2363 2459 2438 2515 de
2469 2462 2682 2516 eadem
2707 2461 2974 2531 gentium
3000 2461 3344 2516 inﬁrmitate
3375 2459 3486 2516 ait:
3515 2478 3546 2513 ‹
3565 2462 3867 2534 Lepuscu-

2197 2548 2291 2604 lus
2331 2549 2501 2622 plebs
2529 2550 2816 2621 invalida,
2852 2567 2986 2623 quae
3043 2550 3296 2606 collocat
3344 2549 3406 2606 in
3454 2553 3622 2622 petra
3661 2549 3861 2608 cubile

2199 2656 2377 2694 suum
2409 2641 2610 2710 (Prov.
2643 2642 2806 2712 xxx).
2839 2662 2866 2688 »ι
2899 2640 3074 2695 Plebs
3101 2644 3192 2695 est
3218 2637 3483 2695 invalida
3512 2639 3676 2696 natio
3708 2654 3859 2709 gen-

2196 2729 2343 2784 tium
2374 2729 2589 2797 ﬁdelis,
2620 2746 2757 2802 qua:
2795 2729 2854 2785 in
2886 2730 3010 2785 suis
3034 2729 3260 2784 viribus
3286 2728 3370 2784 nil
3419 2728 3635 2798 ﬁdens,
3663 2729 3771 2784 sed
3792 2729 3857 2785 in

2196 2819 2418 2874 auxilio
2451 2819 2543 2874 sui
2567 2819 2977 2892 Redemptoris
3009 2834 3249 2892 sperare
3279 2818 3503 2874 didicit.
3537 2821 3602 2874 Et
3620 2818 3737 2874 hoc
3759 2825 3857 2876 est

2193 2906 2274 2962 illi
2307 2907 2365 2963 in
2396 2913 2565 2980 petra
2593 2908 2885 2964 collocare
2908 2908 3122 2964 cubile.
3155 2927 3186 2962 ‹
3217 2911 3386 2964 Petra
3415 2911 3636 2974 autem,
3654 2907 3855 2980 inquit

2192 2997 2532 3068 Apostolus,
2565 3002 2691 3054 erat
2722 2998 2986 3054 Christus
3011 2999 3067 3069 (I
3090 2997 3226 3054 Cor.
3260 2998 3340 3067 x).
3376 3019 3405 3046 ι»
3427 2997 3610 3068 Cujus
3642 2999 3852 3069 praesi-

424 3089 568 3163 quia
604 3086 789 3143 Judaei
844 3085 1166 3155 gloriantes
1224 3085 1283 3141 in
1333 3085 1484 3156 lege,
1538 3086 1750 3143 altiora
1797 3103 1858 3142 se
1915 3104 2079 3161 quae-
2110 3119 2151 3174 ε
2189 3085 2289 3141 dio
2315 3091 2378 3143 ut
2407 3102 2651 3144 aversos
2691 3088 2832 3144 vitet
2856 3087 3152 3153 incursus,
3181 3086 3436 3142 Domino
3460 3086 3655 3143 dicere
3677 3087 3850 3143 novit

421 3181 636 3242 rentes,
685 3182 742 3232 et
793 3175 1122 3231 nescientes
1178 3173 1322 3247 quia
1351 3177 1505 3230 Deus
1553 3180 1643 3232 est
1671 3176 2076 3240 scientiarum,

419 3273 477 3323 et
532 3267 750 3323 arbiter
805 3265 1329 3335 conscientiarum,
1360 3269 1417 3320 et
1471 3265 1786 3322 carnaliter
1838 3268 2077 3340 sapien-

418 3361 526 3426 tes,
589 3357 670 3412 ita
726 3371 900 3426 agere
963 3355 1384 3428 despexerunt,
1445 3370 1482 3410 a
1547 3355 1707 3412 fastu
1776 3373 1898 3412 sua:
1975 3375 2074 3414 su-

416 3445 636 3518 perbiae
692 3449 1056 3514 corruentes,
1108 3443 1402 3500 humiliati
1456 3449 1617 3500 sunt.
1676 3447 1824 3500 Nam
1873 3447 2071 3519 sequi-

416 3538 512 3590 tur
542 3553 555 3590 :

486 3643 515 3676 ‹
555 3627 740 3678 Arcus
769 3620 1008 3677 fortium
1040 3625 1356 3694 superatus
1383 3625 1495 3692 est,
1528 3625 1582 3676 et
1625 3621 1847 3676 inﬁrmi
1878 3623 2074 3680 accin-

412 3734 440 3762 ‹‹
483 3712 556 3768 cti
583 3715 722 3766 sunt
750 3711 986 3767 robore.
1013 3732 1041 3759 »
1073 3715 1259 3765 Arcus
1289 3712 1448 3765 enim
1495 3710 1761 3776 nomine,
1802 3710 1861 3766 in
1896 3729 2066 3770 sacro

408 3800 668 3874 eloquio,
701 3799 1028 3872 aliquando
1086 3798 1214 3854 dies
1265 3797 1494 3869 judicii,
1521 3799 1692 3869 juxta
1734 3800 1897 3870 quod
1960 3817 2066 3874 per

406 3890 782 3946 Psalmistam
813 3889 1031 3944 dicitur
1062 3904 1076 3942 :
1107 3910 1133 3937 «
1169 3886 1487 3944 Ostendisti
1511 3887 1738 3960 populo
1765 3893 1866 3943 tuo
1888 3889 2060 3958 dura,

403 3979 624 4052 potasti
659 3995 770 4034 nos
799 3977 940 4033 vino
973 3975 1477 4048 compunctionis.
1507 3976 1720 4032 Dedisti
1755 3979 2063 4035 metuenti-

401 4067 516 4124 bus
546 4072 601 4124 te
657 4065 1176 4136 significationem,
1211 4069 1275 4118 ut
1321 4064 1554 4133 fugiant
1601 4081 1637 4120 a
1677 4065 1826 4120 facie
1884 4083 2058 4124 arcus

401 4157 586 4228 (Psal.
616 4157 751 4226 le).
780 4177 807 4203 ››
839 4151 1177 4223 Aliquando
1207 4167 1346 4207 vero
1398 4168 1570 4210 sacra
1613 4153 1851 4226 eloquia
1899 4155 2056 4212 desi-

398 4250 677 4317 gnantur,
709 4242 861 4297 sicut
900 4255 1010 4313 per
1057 4240 1339 4297 eumdem
1394 4243 1746 4315 Prophetam
1795 4244 2050 4302 dicitur:

404 4355 423 4385 ι
460 4339 680 4388 Arcum
707 4347 884 4386 suum
912 4330 1155 4386 tetendit
1179 4336 1235 4387 et
1259 4332 1493 4405 paravit
1529 4332 1715 4390 illum.
1752 4339 1804 4386 et
1837 4335 1892 4388 in
1918 4335 2052 4406 ipso

394 4421 629 4495 paravit
675 4435 820 4476 vasa
867 4419 1074 4476 mortis
1121 4423 1308 4488 (Psal.
1343 4425 1467 4488 vn),
1498 4444 1525 4469 ››
1559 4426 1668 4476 etc.
1712 4422 2049 4493 Aliquando

395 4515 595 4568 autem
625 4508 924 4565 malorum
954 4509 1205 4575 insidiaa,
1240 4515 1297 4566 et
1325 4509 1682 4565 intentiones
1714 4511 2049 4577 figurantur

391 4615 828 4673 perversorum,
861 4598 1013 4655 sicut
1036 4599 1097 4654 in
1127 4598 1366 4654 Psalmo
1384 4597 1680 4668 legimus:
1717 4619 1744 4650 α
1783 4601 2048 4658 Intende-

387 4694 526 4746 runt
555 4705 762 4746 arcum
813 4704 1012 4754 suum,
1041 4704 1168 4743 rem
1221 4703 1496 4744 amaram
1541 4688 1729 4754 (Psal.
1765 4695 1980 4750 xxxvi).
2017 4715 2044 4742 »ο

388 4779 552 4835 Unde
577 4783 634 4834 et
659 4779 716 4834 in
747 4778 862 4834 hoc
893 4777 1026 4833 loco
1075 4776 1291 4832 dicitur
1322 4793 1336 4832 :
1369 4799 1397 4826 «
1428 4778 1616 4831 Arcus
1665 4777 1902 4833 fortium
1948 4796 2046 4835 su-

383 4872 624 4940 peratus
650 4872 755 4923 est.
793 4889 820 4915 »
850 4866 1115 4938 Denique
1142 4864 1286 4937 quia
1331 4863 1520 4920 Judaei
1559 4865 1840 4920 duritiam
1871 4867 2038 4937 legis,

380 4955 545 5010 velut
564 4971 791 5011 cornua
811 4970 986 5010 arcus
1018 4952 1203 5010 corda
1225 4952 1375 5009 Novi
1401 4953 1784 5019 Testamenti,
1805 4953 2038 5014 ﬂectere

382 5041 720 5107 noluerunt,
744 5042 849 5097 sed
871 5042 1186 5098 carnaliter
1214 5057 1445 5113 sapere,
1473 5046 1530 5097 et
1548 5042 2035 5113 praedicationem

379 5129 698 5186 Salvatoris
729 5130 926 5184 conati
957 5134 1096 5185 sunt
1122 5129 1246 5184 suis
1275 5131 1572 5202 perversis
1604 5131 2032 5190 intentionibus

377 5234 684 5291 superare,
717 5221 774 5272 et
825 5232 1007 5288 prave
1055 5216 1131 5272 de
1188 5217 1323 5290 ipso
1353 5219 1589 5286 sentire,
1624 5225 1801 5292 atque
1835 5223 2030 5280 Eccle-

377 5308 527 5364 siam
559 5307 748 5380 ipsius
794 5310 1198 5376 contemnere,
1237 5313 1294 5364 et
1345 5324 1557 5381 parare
1611 5326 1816 5366 arcum
1850 5329 2028 5368 suum

373 5411 501 5451 rem
533 5411 828 5462 amaram,
861 5397 917 5448 et
961 5398 1279 5467 propterea
1300 5397 1510 5468 dejecti
1538 5403 1676 5454 sunt
1705 5405 1883 5472 atque
1915 5401 2028 5457 hu-

373 5482 602 5538 miliati.
650 5485 802 5537 Bene
828 5481 1055 5538 dictum
1085 5489 1212 5540 est:
1242 5507 1271 5534 «
1303 5491 1488 5542 Arcus
1517 5487 1758 5543 fortium
1789 5505 2028 5562 supera-

374 5574 469 5622 tus
511 5576 617 5625 est.
644 5591 672 5618 »
707 5568 771 5624 Id
799 5575 888 5627 est
914 5571 1162 5629 intentio
1186 5575 1529 5632 Iudaeorum
1556 5593 1860 5649 perversa.
1882 5579 2027 5651 quia

373 5671 556 5727 prave
587 5665 918 5732 senserunt,
944 5677 1016 5718 ex
1043 5664 1229 5720 Veteri
1250 5667 1628 5722 Testamento
1677 5666 1930 5738 prolata,
1963 5668 2026 5722 in

372 5746 542 5802 Novo
568 5746 872 5809 inﬁrmata
897 5755 1007 5808 est.
1039 5753 1192 5820 Quia
1232 5769 1306 5811 ex
1349 5755 1468 5811 hoc
1495 5753 1664 5828 quod
1711 5755 2026 5812 carnaliter

2187 3191 2325 3232 cum
2378 3177 2688 3234 Psalmista
2720 3193 2734 3232 :
2769 3180 2904 3233 Esto
2957 3177 3103 3232 mihi
3157 3177 3219 3233 in
3274 3175 3541 3250 lapidem
3591 3175 3843 3232 fortissi—

2186 3284 2376 3331 mum,
2401 3273 2458 3324 et
2482 3268 2544 3323 in
2573 3268 2826 3324 domum
2856 3267 3174 3338 munitam,
3203 3271 3270 3322 ut
3299 3266 3490 3322 salves
3518 3281 3617 3322 me
3646 3266 3841 3336 (Psal.

2183 3359 2334 3429 Lxx).
2372 3380 2398 3407 ››
2428 3358 2593 3414 Unde
2622 3357 2775 3414 bene
2801 3357 2876 3413 de
2909 3356 3243 3428 abjectione
3289 3355 3636 3412 Iudaeorum
3659 3361 3720 3412 et
3744 3371 3842 3412 sa-

2178 3445 2299 3504 lute
2331 3447 2598 3517 gentium
2628 3446 2992 3503 subinfertur
3023 3463 3038 3502 :

2251 3554 2280 3580 ‹‹
2314 3532 2536 3605 Repleti
2565 3531 2731 3604 prius
2756 3547 2866 3604 pro
2891 3530 3152 3604 panibus
3183 3547 3244 3587 se
3272 3531 3643 3588 locaverunt.
3675 3535 3734 3586 et
3752 3530 3839 3586 fa-

2175 3642 2204 3672 ι(
2246 3622 2441 3678 melici
2485 3622 2729 3678 saturati
2773 3626 2931 3677 sunt.
2967 3643 2995 3672 κ
3023 3625 3087 3677 ln
3141 3623 3342 3678 Graeco
3383 3620 3466 3676 ita
3526 3619 3783 3676 habetur
3817 3638 3830 3675 :

2173 3733 2202 3760 «
2245 3710 2404 3767 Pleni
2433 3710 2696 3784 panibus
2722 3710 3001 3766 minorati
3030 3714 3188 3778 sunt,
3220 3715 3278 3770 et
3305 3709 3633 3766 esurientes
3665 3713 3828 3766 tran-

2172 3800 2399 3856 sierunt
2428 3805 2671 3856 terram.
2716 3824 2743 3849 »
2777 3799 3000 3873 Repleti
3029 3800 3214 3873 prius,
3239 3817 3345 3856 seu
3373 3799 3535 3873 pleni
3564 3799 3827 3872 panibus

2167 3889 2356 3945 Judaei
2387 3889 2813 3959 intelliguntur,
2845 3890 2949 3962 qui
2970 3890 3249 3946 minorati
3279 3895 3416 3946 sunt
3449 3909 3461 3946 :
3491 3890 3636 3963 quia
3663 3890 3826 3944 vide-

2167 3977 2302 4034 licet
2332 3979 2557 4035 credita
2585 3985 2723 4036 sunt
2749 3979 2864 4034 illis
2891 3979 3130 4052 eloquia
3162 3979 3281 4045 Dei,
3310 3996 3447 4052 quae
3493 3995 3601 4052 per
3628 3995 3822 4052 panes

2165 4062 2578 4133 designantur,
2605 4063 2828 4136 quibus
2873 4065 3074 4120 satiari
3096 4064 3453 4120 videbantur
3482 4064 3666 4137 prius.
3705 4065 3822 4121 Sed

2163 4153 2307 4224 quia
2340 4153 2676 4226 spiritaliter
2727 4153 3072 4224 intelligere,
3097 4169 3207 4210 nec
3249 4153 3429 4210 etiam
3458 4153 3682 4226 ipsum,
3713 4156 3820 4226 qui

2162 4241 2236 4296 de
2269 4243 2590 4313 semetipso
2620 4243 2701 4298 ait
2732 4259 2745 4297 :
2790 4264 2819 4290 «
2854 4245 2974 4313 Ego
3006 4259 3144 4298 sum
3174 4243 3350 4315 panis
3385 4243 3574 4306 vivus,
3606 4244 3711 4316 qui
3741 4245 3817 4299 de

2162 4330 2312 4385 coelo
2343 4330 2625 4386 descendi
2649 4333 2842 4402 (Joan.
2874 4333 2979 4402 vr),
3015 4354 3043 4381 »
3069 4331 3332 4403 recipere
3361 4331 3683 4388 noluerunt
3709 4333 3817 4405 qui

2161 4419 2351 4476 multa
2381 4420 2672 4476 beneficia
2711 4420 3020 4489 signorum
3046 4425 3224 4493 atque
3271 4420 3702 4476 miraculorum
3727 4422 3814 4476 eis

2159 4509 2425 4576 contulit,
2459 4514 2516 4565 et
2558 4509 2828 4580 ingratus
2884 4510 3183 4582 apparuit.
3239 4510 3499 4582 Ideoque
3551 4510 3699 4566 dum
3747 4511 3812 4567 bi

2156 4599 2551 4672 superbirent,
2613 4605 2670 4656 et
2721 4605 2953 4655 terrena
2999 4605 3296 4672 saperent,
3345 4598 3422 4654 de
3474 4600 3810 4671 majoribus

2153 4689 2416 4746 minores
2472 4689 2685 4756 effecti,
2732 4704 2842 4761 pro
2895 4688 3126 4744 eisdem
3181 4688 3442 4762 panibus
3489 4689 3723 4756 elocati,
3772 4707 3810 4746 a

2147 4779 2405 4853 propriis
2436 4778 2682 4835 sedibus
2710 4783 2849 4834 sunt
2877 4778 3089 4835 evulsi.
3120 4778 3271 4845 Quia
3299 4779 3447 4834 dum
3487 4779 3810 4836 carnaliter

2144 4870 2341 4941 legem
2370 4869 2684 4925 voluerunt
2711 4868 3050 4937 defendere,
3077 4873 3136 4925 et
3181 4885 3243 4925 se
3273 4868 3699 4926 subtraxerunt
3727 4887 3805 4927 ne

2146 4959 2454 5015 crederent
2483 4959 2543 5014 in
2577 4958 2968 5028 Salvatorem,
3001 4963 3060 5013 et
3113 4958 3175 5014 in
3221 4958 3370 5031 ipsis
3424 4958 3707 5032 panibus,
3739 4960 3805 5017 id

2141 5054 2229 5105 est
2268 5049 2486 5104 divinis
2518 5047 2794 5121 eloquiis,
2827 5053 3064 5105 terrena
3092 5052 3328 5104 tantum
3366 5064 3576 5122 sapere
3602 5049 3807 5106 volue-

2140 5137 2300 5202 runt,
2343 5138 2398 5189 et
2444 5132 2665 5200 locum,
2699 5137 2755 5188 et
2807 5137 3068 5203 gentem,
3114 5137 3172 5188 et
3211 5133 3349 5206 ipsa
3405 5132 3648 5205 eloquia
3695 5135 3803 5191 Dei

2137 5222 2527 5295 perdiderunt
2569 5223 2744 5293 juxta
2790 5223 2954 5294 quod
3007 5221 3294 5279 Dominus
3346 5222 3431 5278 eis
3462 5223 3800 5282 commina-

2138 5316 2231 5366 tus
2276 5317 2366 5366 est
2394 5310 2601 5366 dicens
2637 5328 2648 5365 :
2685 5335 2709 5363 ι
2742 5311 3051 5368 Auferetur
3080 5328 3116 5368 a
3145 5311 3314 5367 vobis
3362 5326 3618 5381 regnum
3670 5314 3797 5385 Dei,

2135 5405 2192 5455 et
2221 5400 2462 5456 dabitur
2492 5400 2651 5470 genti
2676 5400 2914 5456 facienti
2934 5401 3162 5458 fructus
3193 5402 3324 5472 ejus
3349 5401 3591 5472 (Matth.
3616 5403 3795 5473 χω.»

2135 5489 2280 5544 Hinc
2336 5489 2600 5562 Apostoli
2659 5489 2826 5545 aiunt
2875 5507 2889 5544 :
2943 5514 2971 5540 «
3018 5491 3196 5546 Vobis
3251 5489 3500 5563 quidem
3559 5497 3796 5563 oporte.

2132 5579 2236 5634 bat
2289 5579 2552 5652 primum
2604 5579 2769 5652 loqui
2830 5580 3095 5637 Verbum
3149 5582 3270 5643 Dei,
3322 5581 3428 5637 sed
3490 5581 3638 5654 quia
3697 5599 3793 5638 re-

2133 5668 2366 5740 pulistis
2412 5669 2582 5734 illud,
2634 5675 2689 5724 et
2737 5669 3019 5738 indignos
3062 5688 3170 5726 vos
3236 5669 3553 5742 jndicas'is
3619 5675 3791 5728 aeter-

2131 5772 2226 5812 nae
2254 5758 2410 5824 vitae,
2437 5774 2509 5814 ex
2538 5757 2655 5814 hoc
2672 5758 2896 5816 ibimus
2925 5759 3004 5816 ad
3034 5764 3239 5831 gentes
3264 5758 3421 5830 (Act.
3453 5761 3609 5831 xm).
3645 5783 3675 5810 ιι
3709 5763 3791 5818 De
