3944 6422
113 262 193 316 265

1071 250 1326 304 ENA‘RR.
1369 250 1435 304 IN
1480 247 1724 302 LIBROS
1764 247 2023 313 REGUM.
2064 280 2134 291 —
2175 249 2251 306 ιΝ
2296 250 2424 305 LIB.
2469 252 2507 305 l.

3407 257 3511 310 266

110 378 291 454 quibus
318 371 722 443 subjungitur,
751 395 778 422 ‹‹
821 375 878 428 et
908 371 1164 429 famelici
1205 370 1454 429 saturati
1509 374 1669 426 sunt.
1703 390 1734 420 »
1764 372 1812 426 Α
1851 369 1911 426 id
1942 376 2030 427 est
2055 374 2314 431 ternario
2343 378 2400 430 et
2428 373 2815 447 quaternario
2845 390 3100 432 numero
3121 378 3414 448 tanquam
3441 393 3514 434 ex

113 463 348 525 Famelici
414 461 577 518 enim
633 459 881 532 gentiles
947 460 1376 532 intelliguntur,
1419 459 1524 532 qui
1565 457 1734 532 prius

109 555 408 615 esuriebant
437 567 659 625 panem
687 550 850 606 verbi
880 549 1124 608 Dei.Sed
1151 550 1295 624 quia
1320 549 1511 606 Judaei
1541 565 1576 605 a
1596 563 1735 621 pro-

113 647 232 723 priis
263 643 498 701 sedibus
529 641 741 698 elocati
771 646 930 704 sunt,
974 647 1031 698 et
1069 640 1331 696 esuriem
1376 639 1735 708 sustinuere,

103 737 249 809 juxta
287 731 447 807 quod
499 746 606 804 per
645 730 1005 803 prophetam
1043 729 1188 786 ol'm
1236 729 1462 786 dictum
1508 728 1732 784 fuerat:

112 827 299 884 Iittam
334 823 392 878 in
425 820 598 877 vobis
627 822 876 886 famem,
908 836 1031 876 non
1055 820 1281 876 famem
1309 817 1507 892 panis,
1538 832 1735 889 neque

107 915 242 970 sitim
268 927 457 984 aquae,
490 909 595 966 sed
623 909 911 965 audiendi
929 909 1182 966 verbum
1206 908 1307 964 Dei
1336 909 1540 980 (Amos
1560 907 1734 974 vui),»

107 1022 166 1062 ex
221 1002 418 1060 eodem
477 1001 615 1057 cibo
683 1000 1021 1072 spiritaliter
1086 999 1342 1056 saturari
1403 1001 1731 1071 coeperunt.

108 1094 246 1150 Unde
272 1096 325 1148 et
348 1091 407 1146 in
434 1093 640 1147 Graeco
669 1088 751 1145 ita
780 1089 1068 1145 habetur:
1097 1112 1123 1138 κ
1148 1092 1214 1145 Et
1233 1087 1560 1145 esurientes
1581 1091 1736 1143 tran-

105 1183 300 1238 sierunt
325 1185 577 1236 terram:
615 1201 642 1227 »
675 1177 822 1250 quia
868 1182 1095 1248 gentes,
1130 1177 1212 1233 ad
1259 1193 1413 1250 quas
1451 1176 1586 1249 ipsa
1614 1173 1734 1231 elo-

102 1270 224 1343 quia
253 1269 342 1325 Dei
370 1267 757 1336 transierunt,
790 1265 1070 1336 multum,
1103 1264 1443 1333 esuriendo,
1467 1279 1591 1321 non
1630 1267 1739 1320 ter-

101 1374 244 1424 rena,
298 1361 356 1412 ut
398 1355 615 1425 Judaei,
647 1355 752 1410 sed
799 1354 1060 1412 caelestia
1115 1358 1463 1428 sapuerunt.
1499 1353 1646 1408 Hinc
1674 1351 1736 1408 in

98 1446 233 1502 libro
258 1445 407 1502 beati
448 1444 562 1501 Job
592 1443 882 1516 scriptum
915 1447 1035 1500 est:
1076 1466 1103 1493 «
1139 1443 1321 1514 Cujus
1351 1458 1614 1499 messem
1655 1439 1739 1499 fa-

100 1536 320 1592 melicus
370 1533 666 1602 comedet,
719 1538 777 1589 et
830 1532 1036 1606 ipsum
1093 1532 1286 1606 rapiet
1343 1536 1631 1599 armatus,
1683 1533 1741 1586 et

99 1626 285 1682 bibent
305 1624 564 1680 sitientes
595 1623 834 1679 divitias
856 1623 907 1694 ej
918 1639 986 1678 us
1011 1622 1162 1694 (Job.
1178 1623 1292 1692 v).»
1317 1621 1550 1678 Judaici
1574 1620 1736 1677 enim

100 1715 282 1789 populi
309 1713 542 1783 messis,
570 1713 807 1769 fuerant
837 1728 1024 1768 sacrae
1045 1711 1194 1782 legis
1215 1711 1474 1784 eloquia,
1507 1726 1582 1768 ex
1605 1709 1735 1783 qui-
1763 1728 1806 1781 Β

97 1804 198 1861 bus
223 1803 514 1877 sapienter
541 1801 744 1858 satiari
771 1801 1084 1867 debuerat,
1107 1816 1230 1858 non
1257 1799 1553 1857 comedit:
1589 1798 1737 1873 quia

96 1894 265 1964 legem
290 1894 538 1968 quidem
560 1893 924 1949 verbotenus
947 1892 1155 1960 tenuit,
1189 1891 1294 1947 sed
1321 1907 1430 1964 per
1452 1889 1737 1948 fatuitatis

99 1978 397 2050 fastidium,
428 1978 512 2035 ab
533 1978 665 2050 ejus
700 1977 1003 2034 intellectu
1023 1976 1338 2050 jejunavit.
1371 1976 1558 2048 Hujus
1593 1990 1737 2045 ergo

96 2085 328 2126 messem
359 2067 678 2125 famelicus
708 2068 988 2131 comedit,
1014 2067 1159 2140 quia
1185 2066 1474 2122 nimirum
1506 2064 1739 2136 gentilis

97 2157 330 2232 populus
368 2157 558 2215 verba
589 2157 738 2226 legis
783 2156 1171 2228 intelligendo
1205 2155 1410 2224 edidit,
1449 2171 1487 2212 a
1513 2154 1739 2228 quibus

94 2249 321 2305 Judaica
346 2248 519 2322 plebs
554 2248 681 2304 sine
712 2247 1012 2304 intellectu
1032 2247 1350 2304 laboravit.
1375 2247 1494 2302 Hos
1516 2243 1742 2302 fameli-

96 2353 185 2394 cos
209 2337 342 2393 ﬁdei
394 2337 686 2394 Dominus
713 2335 1005 2410 pruzvidit,
1038 2353 1179 2392 cum
1213 2352 1319 2408 per
1353 2333 1740 2405 Evangelium

93 2425 252 2483 dixit:
285 2445 315 2480 ‹
338 2425 500 2482 Beati
520 2425 628 2498 qui
658 2424 926 2481 esuriunt
953 2430 1009 2481 et
1031 2425 1234 2480 sitiunt
1252 2423 1565 2496 justitiam,
1587 2413 1754 2496 quo:

94 2517 239 2574 niam
267 2517 375 2591 ipsi
406 2516 844 2574 saturabuntur
875 2516 1118 2588 (Matth.
1153 2516 1236 2588 v).
1273 2539 1300 2566 »
1334 2515 1449 2572 Sed
1469 2515 1615 2589 quia
1641 2516 1740 2570 Ju-

92 2607 281 2663 daicus
331 2607 601 2681 populus
645 2621 904 2662 messem
935 2605 1214 2679 perdidit,
1246 2609 1402 2662 recte
1433 2603 1746 2676 subjungi-

95 2700 175 2750 tur
217 2695 467 2769 qualiter
508 2695 642 2769 ipse
671 2695 864 2770 periit,
898 2694 1048 2751 dum
1093 2693 1340 2751 dicitur:
1378 2717 1405 2743 «
1439 2697 1506 2750 Et
1539 2693 1741 2766 ipsum

92 2785 261 2858 rapiet
287 2792 582 2842 armatus.
618 2808 647 2835 ››
679 2784 974 2858 Antiquus
1002 2784 1190 2840 hostis
1211 2783 1531 2840 Judaicum
1554 2799 1746 2856 popu-

91 2871 201 2930 lum
229 2879 496 2931 armatus
529 2873 750 2947 rapuit,
781 2873 928 2946 quia
956 2873 1014 2928 in
1038 2889 1178 2928 eum
1207 2873 1390 2929 vitam
1410 2871 1569 2939 ﬁdei,
1587 2871 1746 2927 frau-

90 2962 325 3020 dulentae
360 2961 771 3035 suggestionis
805 2961 1022 3032 jaculis
1055 2962 1347 3023 exstinxit.
1379 2967 1444 3018 ut
1487 2961 1648 3018 unde
1679 2975 1744 3016 se

89 3052 353 3110 inhaerere
381 3055 508 3110 Deo
541 3052 828 3120 crederet,
861 3051 1002 3108 inde
1053 3052 1185 3123 ejus
1229 3051 1603 3108 ordinatione
1654 3066 1743 3106 re-

88 3148 380 3214 pugnaret.
416 3147 498 3201 De
543 3159 669 3217 quo
698 3147 756 3198 et
786 3141 1033 3197 dicitur:
1068 3164 1095 3190 «
1140 3144 1206 3198 Et
1243 3141 1453 3198 bibent
1479 3141 1744 3197 sitientes

90 3231 303 3288 divitias
335 3235 533 3304 ejus.»
560 3232 746 3303 Hujus
774 3231 937 3287 enim
968 3231 1230 3288 sitientes
1249 3229 1486 3288 divitias
1506 3230 1746 3296 bibunt,

89 3321 215 3393 quia
241 3322 480 3378 ﬂuentis
499 3337 694 3378 sacra:
715 3320 1056 3390 locutionis,
1081 3337 1219 3394 quae
1248 3321 1537 3376 Judaicus
1558 3335 1748 3393 popu-

88 3407 168 3464 lus
194 3411 250 3467 in
275 3411 584 3484 superbiae
615 3409 1012 3467 ostentatione
1040 3410 1415 3484 possederat,
1449 3426 1747 3467 conversae

89 3500 379 3568 gentilium
433 3505 675 3558 mentes
722 3499 1064 3571 irrigantur.
1111 3503 1189 3556 De
1243 3499 1468 3573 quibus
1498 3497 1748 3554 benedi-

90 3586 247 3644 citur:
281 3611 307 3638 «
343 3592 552 3646 Donec
597 3588 811 3645 sterilis
866 3588 1097 3662 peperit
1148 3587 1464 3662 plurimos,
1496 3593 1554 3644 et
1610 3603 1748 3660 quae

91 3677 288 3735 multos
339 3679 621 3736 habebat
649 3677 805 3735 ﬁlios
834 3678 1139 3736 inﬁrmata
1183 3683 1289 3735 est.
1329 3700 1350 3728 ι
1408 3680 1473 3734 In
1506 3677 1750 3734 Hebraeo

88 3772 136 3822 et
163 3770 557 3843 Septuaginta
587 3785 712 3826 non
738 3770 1018 3840 plurimi,
1053 3768 1161 3825 sed
1186 3775 1405 3840 septem
1436 3768 1747 3840 leguntur:

89 3855 231 3913 unde
272 3858 465 3916 Judaei
511 3857 920 3915 deliramenta
956 3856 1216 3929 ﬁngunt,
1263 3857 1538 3914 videlicet
1583 3855 1748 3930 quod

84 3951 208 4002 nato
237 3949 518 4005 Samuele
551 3947 838 4021 inquiunt
863 3951 1140 4004 mortuus
1162 3947 1235 4003 sit
1257 3947 1415 4002 ﬁlius
1444 3947 1749 4020 primoge-

87 4033 228 4092 nitus
265 4039 638 4108 Phenennre,
672 4043 730 4094 et
755 4037 1005 4108 singulis
1043 4043 1229 4094 Annae
1269 4036 1402 4093 ﬁliis
1450 4036 1750 4094 nascenti-

85 4122 208 4198 bus,
261 4129 488 4201 singuli
540 4127 654 4186 ﬁlii
681 4128 1019 4185 Phenennae
1053 4127 1274 4185 mortui
1305 4127 1441 4183 sint.
1469 4127 1582 4185 Sed
1606 4125 1753 4200 quia

87 4218 224 4272 stare
249 4233 374 4274 non
433 4222 664 4293 potest,
718 4216 1250 4291 praetermittimus,
1302 4220 1360 4272 et
1388 4215 1468 4272 ad
1497 4213 1753 4271 intellec-

87 4307 197 4361 tum
225 4306 501 4365 altiorem
535 4306 1030 4382 properabimus.
1066 4309 1215 4363 Nam
1246 4311 1303 4362 et
1339 4305 1402 4361 in
1432 4307 1656 4374 Graeco,
1689 4307 1755 4360 ut

89 4392 256 4460 aiunt,
307 4397 392 4454 ita
438 4397 707 4469 legitur:
743 4419 770 4447 ‹‹
827 4394 1048 4453 Sterilis
1103 4394 1338 4468 peperit
1390 4399 1642 4467 septem,
1697 4396 1755 4449 et

87 4483 256 4544 multa
305 4486 369 4544 in
408 4487 556 4545 filiis
608 4485 917 4543 inﬁrmata
943 4490 1053 4542 est.
1086 4506 1114 4535 η
1149 4483 1370 4542 Sterilis
1413 4483 1575 4540 enim
1615 4497 1753 4556 quae

88 4572 380 4646 plurimos,
435 4577 572 4634 sive
627 4581 860 4649 septem
889 4574 1139 4650 peperit.
1191 4573 1454 4630 Ecclesia
1502 4589 1574 4630 ex
1610 4589 1758 4645 gen-

90 4661 227 4720 tibus
275 4665 664 4740 intelligitur,
703 4681 842 4739 quas
893 4663 1115 4721 multos
1164 4662 1320 4720 ﬁlios
1368 4678 1476 4736 per
1532 4663 1759 4720 fontem

89 4749 473 4824 baptismatis,
509 4760 573 4814 et
623 4755 859 4812 donum
897 4754 1149 4828 Spiritus
1194 4752 1405 4820 sancti,
1443 4752 1548 4827 qui
1581 4751 1762 4826 septi-

91 4839 276 4901 formis
305 4845 536 4904 dicitur
582 4849 834 4919 propter
879 4843 1289 4918 septenariam
1347 4843 1764 4916 operationem

93 4933 188 5003 sui,
209 4934 270 4991 id
299 4941 391 4993 est
420 4935 748 5010 sapientiae
777 4940 832 4993 et
862 4933 1222 5002 intellectus,
1255 4933 1510 5006 consilii,
1557 4938 1614 4991 et
1644 4934 1766 4990 for-

93 5021 360 5096 titudinis,
394 5025 701 5095 scientiae,
741 5031 799 5082 et
850 5024 1112 5098 pietatis,
1145 5031 1201 5081 et
1248 5023 1479 5081 timoris
1528 5022 1629 5080 Dei
1679 5022 1767 5094 gi-

95 5125 254 5179 gnere
279 5133 406 5174 non
455 5119 688 5174 cessat.
719 5117 863 5181 Quae
893 5115 1059 5188 prius
1090 5113 1305 5172 sterilis
1335 5117 1462 5170 erat
1489 5113 1552 5169 in
1579 5112 1770 5184 genti-

95 5199 211 5273 bus,
259 5207 363 5264 sed
415 5223 597 5265 nunc
661 5205 924 5263 fecunda
973 5204 1308 5277 gratulatur
1361 5203 1424 5260 in
1493 5203 1769 5272 Domino,

98 5291 248 5360 juxta
285 5296 460 5371 quod
501 5294 662 5353 olim
701 5293 890 5352 Isaias
944 5293 1330 5368 praedixerat:
1379 5315 1407 5341 ‹‹
1456 5291 1776 5348 Laetabitur

99 5379 309 5443 deserta
338 5390 398 5444 et
425 5383 632 5452 invia,
684 5387 741 5440 et
770 5383 1066 5442 exultabit
1119 5381 1404 5454 solitudo,
1429 5385 1488 5438 et
1540 5379 1778 5437 ﬂorebit

101 5475 255 5541 quasi
279 5475 475 5534 lilium
503 5476 662 5546 (Isa.
691 5473 896 5546 xxxv).
943 5492 973 5526 ›
1006 5477 1123 5530 Ista
1147 5471 1310 5529 enim
1340 5471 1509 5544 prius
1541 5470 1778 5527 deserta

105 5574 162 5618 ac
213 5564 472 5624 solitudo
541 5563 786 5638 peperit
835 5568 1094 5638 suptem.
1157 5560 1507 5635 Septenaria
1553 5560 1780 5634 quippe

111 5663 334 5712 numero
380 5656 597 5712 unitas
662 5671 732 5709 ac
790 5652 1149 5710 universitas
1201 5649 1582 5724 perfectionis
1635 5649 1784 5706 solet

109 5735 514 5819 demonstrari,
547 5759 630 5802 eo
655 5743 819 5817 quod
845 5742 1042 5816 primo
1065 5741 1306 5816 impari,
1338 5744 1394 5798 et
1414 5739 1612 5813 primo
1630 5741 1782 5813 pari,

398 5840 669 5895 PAIIOL.
713 5834 869 5891 CXV.

1848 459 2102 527 diverso,
2137 465 2340 520 unitas
2387 468 2510 520 tota
2541 463 2872 520 conﬁcitur.
2910 467 2976 521 Et
3017 464 3153 522 ideo
3183 480 3292 538 per
3313 465 3515 539 ipsum

1847 549 2184 620 ﬁgurantur
2240 552 2525 624 universi,
2553 569 2709 626 quos
2753 553 2815 609 in
2861 553 3084 610 unitate
3113 554 3255 610 ﬁdei
3307 559 3518 611 sancta

1849 639 2110 697 Ecclesia
2128 657 2236 715 per
2252 647 2514 716 quatuor
2546 647 2748 715 partes
2764 642 2979 698 mundi
3004 643 3260 700 Domino
3289 643 3514 714 genuit.

1851 730 1928 784 De
1961 729 2094 802 ipsa
2146 731 2362 788 iterum
2395 748 2499 805 per
2528 731 2814 788 eumdem
2858 733 3219 805 prophetam
3261 732 3513 789 dicitur:

1848 840 1878 866 «
1912 821 2150 891 Laetare,
2183 821 2416 888 sterilis,
2449 838 2569 895 que
2615 838 2737 878 non
2770 822 2972 895 paris:
3007 839 3258 896 erumpe
3306 828 3363 880 et
3400 823 3521 880 cla-

1847 924 1970 980 ma,
2001 926 2137 982 quae
2162 927 2287 966 non
2315 911 2595 984 parturis,
2623 911 2917 984 quoniam
2973 912 3146 968 multi
3178 912 3284 968 ﬁlii
3313 912 3515 968 deser-

1847 1001 1940 1065 tae,
1969 999 2162 1069 magis
2191 1016 2380 1072 quam
2406 1001 2536 1072 ejus
2562 1017 2698 1072 quae
2729 1000 2914 1056 habet
2928 1000 3125 1056 virum
3149 1001 3517 1073 (Galat.1v).»

1847 1090 2088 1144 Deserta
2119 1089 2223 1144 diu
2254 1089 2361 1145 fuit
2391 1105 2428 1144 a
2472 1093 2680 1145 sancto
2725 1089 2946 1162 Spiritu
3000 1091 3268 1159 gentium
3322 1096 3516 1147 mater

1847 1175 2132 1234 Ecclesia.
2163 1181 2279 1234 Nec
2307 1176 2522 1234 habuit
2549 1177 2705 1233 ﬁlios
2731 1182 2868 1234 ante
2902 1179 3159 1249 gratiam
3199 1195 3519 1250 regenera-

1847 1266 2044 1336 tionis,
2076 1284 2214 1341 quaa
2235 1273 2447 1341 postea
2468 1274 2674 1338 gentes
2699 1273 2754 1323 et
2775 1269 3055 1342 populos.
3094 1273 3212 1326 Deo
3239 1269 3302 1326 in
3335 1287 3419 1339 se,
3455 1275 3522 1326 ut

1847 1355 2132 1428 diximus,
2163 1362 2473 1431 operante,
2506 1357 2848 1428 generavit:
2906 1357 3068 1413 unde
3107 1357 3514 1431 subjungitur,

1849 1467 1877 1494 «
1905 1444 2101 1516 magis
2148 1461 2336 1518 quam
2368 1447 2499 1518 ejus
2547 1464 2684 1521 quae
2726 1447 2910 1503 habet
2956 1447 3174 1503 virum.
3211 1466 3242 1499 ›
3277 1448 3401 1504 Hoc
3430 1453 3520 1504 est

1851 1535 2175 1607 Synagoga
2199 1551 2336 1607 quae
2370 1535 2693 1606 velutjugo
2719 1535 2851 1603 viri,
2884 1535 2965 1592 ita
2995 1535 3144 1607 legis
3175 1551 3356 1592 onere
3385 1553 3522 1610 pre-

1850 1623 2148 1680 mebatur.
2174 1631 2289 1680 Aut
2319 1631 2473 1682 certe
2504 1624 2887 1682 referendum
2904 1630 3010 1688 est,
3030 1641 3164 1698 quae
3194 1632 3523 1699 antequam

1850 1713 2160 1785 ejiceretnr
2185 1714 2380 1770 virum
2411 1732 2475 1771 se
2490 1714 2714 1772 habere
2736 1714 3040 1779 credebat,
3069 1715 3174 1771 sed
3197 1718 3526 1788 postquam

1850 1802 2087 1874 abjecta
2139 1808 2227 1858 est
2280 1809 2338 1860 et
2387 1804 2584 1860 virum
2643 1803 2924 1876 perdidit,
2958 1802 3222 1860 Ecclesia
3267 1802 3528 1860 fecunda

1847 1893 1977 1949 fuit.
2013 1894 2155 1950 Hinc
2202 1910 2310 1966 per
2364 1893 2752 1950 Salomonem
2803 1893 3056 1951 dicitur:
3090 1916 3120 1944 «
3154 1893 3414 1951 Florebit
3461 1909 3526 1950 a—

1848 1981 2227 2054 mygdalum,
2278 1982 2758 2056 impinguabitur
2807 1983 3063 2054 locusta,
3127 1982 3523 2056 dissipabitur

1848 2071 2131 2144 capparis
2165 2072 2352 2143 (Eccl.
2385 2078 2511 2140 x11).
2548 2094 2575 2120 »
2607 2071 3032 2145 'Amygdalum
3065 2071 3290 2144 quippe
3313 2071 3526 2128 ﬂorem

1848 2160 2015 2232 prius
2046 2161 2275 2216 cunctis
2304 2160 2626 2217 arboribus
2655 2160 2916 2217 ostendit
2942 2178 2956 2228 ;
2981 2165 3039 2216 et
3088 2160 3238 2234 quid
3269 2159 3332 2215 in
3380 2159 3529 2219 ﬂore

1849 2249 2179 2322 amygdali,
2231 2250 2344 2306 nisi
2396 2255 2620 2306 sanctae
2670 2249 2946 2306 Ecclesiae
2997 2248 3330 2323 primordia
3376 2248 3528 2306 desi-

1851 2339 2160 2410 gnantur?
2199 2355 2334 2412 qua;
2377 2339 2438 2395 in
2469 2338 2966 2412 praedicatoribus
3011 2339 3154 2406 suis,
3189 2337 3523 2412 primitivos

1853 2428 2144 2484 virtutum
2177 2427 2354 2483 ﬂores
2383 2429 2634 2502 aperuit,
2667 2433 2725 2484 et
2753 2426 2832 2484 ad
2863 2427 3173 2484 inferenda
3202 2443 3392 2501 poma
3416 2426 3525 2484 bo-

1851 2532 2070 2573 norum
2091 2532 2344 2590 operum
2372 2522 2658 2574 venturos
2679 2521 2941 2584 sanctos,
2969 2517 3148 2590 quasi
3170 2516 3420 2574 arbusta
3442 2531 3531 2572 se-

1852 2607 2100 2680 quentia
2128 2607 2439 2680 praevenit,
2466 2607 2528 2662 in
2584 2622 2709 2680 qua
2736 2622 2877 2662 mox
2923 2611 2979 2662 et
3035 2605 3272 2662 locusta
3308 2605 3513 2678 impin-

1853 2702 2058 2768 guata,
2102 2696 2297 2767 gratia
2325 2695 2554 2752 caelesti
2584 2695 2818 2751 infusa:
2871 2694 2977 2752 sed
3009 2695 3209 2752 statim
3239 2694 3528 2768 capparis

1853 2784 2204 2858 dissipatur,
2232 2785 2376 2858 quia
2409 2784 2558 2840 dum
2590 2785 2781 2852 gratia
2823 2783 3213 2856 gentilitatem
3262 2783 3520 2855 attingit,

1853 2875 2067 2933 Judeea
2123 2875 2186 2931 in
2227 2891 2338 2931 sua
2369 2875 2668 2931 sterilitate
2717 2889 3062 2942 remanens,
3094 2873 3249 2930 bene
3291 2872 3530 2930 vivendi

1853 2965 2129 3022 ordinem
2156 2965 2373 3020 amisit.
2399 2965 2479 3020 De
2505 2980 2628 3036 qua
2654 2964 2854 3020 adhuc
2885 2963 3194 3020 subditur:
3231 2985 3258 3012 «
3295 2966 3355 3018 Et
3383 2978 3517 3036 quae

1806 3092 1825 3111 η
1856 3054 2077 3109 multos
2101 3052 2365 3109 habebat
2395 3052 2572 3115 ﬁlios,
2604 3051 2912 3108 inﬁrmata
2943 3055 3050 3106 est.
3096 3073 3124 3100 ››
3156 3050 3386 3106 Scilicet
3415 3051 3525 3122 Sy-

1854 3157 2098 3212 nagoga
2125 3141 2491 3208 Judaeorum,
2512 3145 2569 3196 et
2586 3147 2818 3196 terrena
2847 3138 3201 3207 Jerusalem,
3221 3155 3358 3211 qua:
3377 3138 3529 3194 mul-

1854 3237 1946 3288 tos
1996 3230 2152 3287 ﬁlios
2210 3230 2525 3287 carnaliter
2571 3246 2678 3303 per
2728 3229 2924 3300 legem
2955 3227 3132 3284 edere
3179 3227 3520 3293 videbatur,

1854 3337 1991 3394 quae
2021 3321 2165 3393 quia
2194 3320 2600 3375 viviﬁcantem
2626 3318 2907 3390 Spiritum
2936 3317 3198 3390 recipere
3229 3316 3440 3385 noluit,
3465 3315 3526 3372 in

1855 3409 2164 3468 occidente
2192 3409 2388 3466 littera
2413 3409 2718 3465 inﬁrmata
2745 3412 2833 3464 est
2851 3408 2927 3464 de
2953 3423 3076 3480 qua
3106 3405 3325 3462 Paulus
3352 3421 3532 3479 apos-

1858 3500 2012 3558 tolus
2040 3500 2151 3556 ait:
2183 3522 2211 3550 «
2235 3499 2476 3555 Litterra
2500 3497 2739 3570 occidit,
2772 3497 3017 3570 spiritus
3047 3501 3247 3553 autem
3272 3495 3524 3552 viviﬁcat

1857 3591 1950 3662 (II
1973 3591 2112 3648 Cor.
2145 3593 2254 3658 ιιι).
2279 3612 2304 3638 ιι
2328 3592 2393 3645 Et
2422 3589 2565 3662 quia
2596 3587 2975 3661 superﬁciem
3009 3585 3213 3643 litterae
3242 3586 3413 3658 sequi
3431 3601 3535 3642 vo-

1858 3679 1986 3750 luit,
2011 3678 2340 3753 spiritalem
2369 3677 2825 3748 intelligentiam
2853 3677 2915 3732 in
2945 3675 3274 3732 incredulis
3304 3675 3524 3746 amisit,

1860 3775 1914 3827 et
1939 3770 2182 3825 inﬁrma
2206 3769 2536 3841 permansit
2561 3786 2574 3824 ε
2610 3767 2776 3840 quod
2806 3766 2867 3822 in
2899 3765 3224 3836 Evangelio
3253 3764 3534 3837 prteﬁgu-

1860 3863 2055 3916 ratum
2084 3863 2191 3924 est,
2218 3857 2320 3913 ubi
2353 3858 2558 3912 Petrus
2589 3855 2925 3912 auriculam
2957 3855 3112 3911 servi
3129 3853 3418 3927 principis
3440 3868 3534 3909 sa-

1861 3949 2172 4006 cerdotum
2201 3946 2539 4020 amputavit
2567 3947 2733 4016 (Luc.
2752 3948 2918 4011 xxix).
2936 3943 3089 4009 Quia
3120 3941 3395 3998 videlicet
3419 3957 3532 4013 po-

1860 4037 2041 4112 pulus
2079 4035 2426 4092 Judaeorum
2473 4033 2759 4107 principis
2818 4031 3201 4089 sacerdotum
3264 4029 3536 4086 indebito

1861 4128 2288 4199 mancipantus
2315 4125 2630 4197 obsequio,
2654 4123 2809 4180 adeo
2832 4127 2896 4180 ut
2927 4138 3115 4178 suasu
3138 4121 3380 4177 illorum
3401 4121 3541 4177 Bar-

1861 4216 2076 4272 rabam
2098 4214 2333 4279 dimitti,
2353 4215 2381 4268 J
2388 4230 2559 4270 esum
2573 4229 2712 4269 vero
2730 4215 3002 4286 poterent
3016 4209 3284 4281 cruciﬁgi
3296 4208 3539 4282 (Matth.

1862 4308 2069 4376 xxvu).
2094 4308 2154 4360 In
2184 4302 2418 4360 Domini
2445 4301 2729 4376 passione
2758 4302 3070 4358 dexteram
3103 4299 3457 4367 auriculam,
3479 4296 3545 4354 ixi

1864 4400 1957 4453 est
1978 4392 2304 4467 spiritalem
2321 4392 2468 4464 legis
2483 4391 2938 4464 intelligentiam
2956 4389 3238 4464 perdidit,
3267 4394 3329 4446 ut
3353 4392 3546 4446 totam

1865 4485 2073 4541 litteras
2129 4481 2582 4554 intelligentiam
2618 4481 2826 4539 audiat
2872 4481 2933 4537 in
2987 4479 3250 4536 sinistra.
3283 4478 3430 4535 Hinc
3482 4479 3548 4534 ir.

1868 4574 2128 4632 Canticis
2155 4573 2529 4631 canticorum
2560 4589 2824 4647 sponsus
2853 4571 3150 4641 Ecclesiae,
3173 4584 3363 4642 quam
3392 4583 3532 4640 mys

1871 4664 2016 4722 terio
2039 4663 2240 4721 Crucis
2288 4662 2562 4726 redemit,
2587 4677 2661 4718 ex
2699 4659 3050 4719 inﬁdelitate
3084 4661 3423 4732 Synagogae
3464 4653 3552 4709 lo-

1871 4753 2095 4828 quitur,
2150 4752 2397 4808 dicens:
2431 4772 2458 4801 ‹‹
2501 4749 2625 4808 Sub
2680 4749 2894 4808 arbore
2945 4747 3108 4804 malo
3163 4741 3451 4799 suscitavi
3495 4745 3554 4798 te

1877 4845 2075 4917 (Cant.
2106 4845 2285 4913 vm),»
2317 4846 2374 4898 et
2399 4839 2665 4912 reliqua;
2691 4855 2763 4895 ac
2795 4839 2841 4892 si
2869 4835 3151 4893 dixisset:
3181 4831 3304 4887 Sub
3337 4830 3556 4888 arbore

1878 4933 2071 4990 crucis
2101 4949 2138 4990 a
2179 4933 2470 5004 perpetua
2502 4933 2692 4984 morte
2721 4923 2971 4981 liberavi
2995 4929 3069 4979 te.
3097 4919 3213 4977 Sed
3251 4941 3279 4969 «
3312 4919 3397 4976 ibi
3423 4935 3554 4976 cor-

1878 5027 2056 5095 rupta
2094 5025 2182 5077 est
2212 5023 2404 5075 mater
2435 5021 2559 5087 tua,
2594 5015 2676 5071 ibi
2705 5013 2927 5070 violata
2956 5015 3046 5067 est
3083 5007 3340 5081 genitrix
3365 5013 3490 5078 tua,
3525 5029 3554 5058 ›ι

1880 5111 1940 5168 id
1963 5115 2052 5168 est
2081 5111 2278 5180 major
2301 5123 2442 5181 pars
2474 5104 2690 5179 plebis,
2723 5119 2819 5159 me
2852 5100 3135 5173 negando
3162 5103 3220 5155 et
3250 5097 3552 5156 Barraban

1883 5199 2181 5272 eligendo,
2209 5213 2246 5253 a
2289 5212 2386 5253 me
2417 5192 2745 5266 reprobata
2773 5196 2862 5249 est
2906 5196 3088 5264 atque
3131 5187 3454 5246 inﬁrmata.
3481 5187 3561 5240 De

1885 5305 2008 5365 qua
2039 5291 2195 5344 recte
2228 5283 2615 5342 subinfertur.

1959 5401 1986 5429 ‹‹
2020 5376 2308 5434 Dominus
2333 5371 2654 5429 mortiﬁcat
2683 5375 2740 5426 et
2767 5369 3048 5435 viviﬁcat,
3076 5363 3322 5422 deducit
3360 5363 3440 5420 ad
3469 5362 3564 5420 in-

1890 5491 1919 5519 «
1951 5468 2108 5524 feros
2137 5469 2194 5522 et
2222 5461 2518 5521 reducit.»
2551 5456 2858 5520 Mortiﬁcat
2886 5456 3139 5514 multam
3183 5452 3243 5508 in
3275 5451 3434 5508 ﬁlius
3460 5453 3566 5526 Sy-

1892 5572 2196 5629 nagogam
2220 5553 2460 5622 scilicet,
2483 5549 2740 5605 viviﬁcat
2765 5547 3050 5614 sterilem,
3078 5540 3404 5600 Ecclesiam
3428 5559 3571 5614 gen-

1892 5649 2062 5704 tium.
2099 5641 2383 5710 Quamvis
2410 5639 2598 5713 possit
2641 5636 3024 5694 commoduis
3053 5632 3296 5703 intelligi
3321 5633 3567 5689 eosdem

1896 5736 2219 5805 viviﬁcare,
2249 5746 2407 5806 quos
2438 5725 2903 5795 mortiﬁcaverit,
2926 5723 3089 5783 idem
3129 5719 3342 5797 repetit
3369 5720 3570 5778 dicen:

3244 5818 3278 5870 9
