3944 6424
394 266 503 322 267

1491 262 1847 319 ANGELOMI
1883 252 2359 319 IIUXOVIENSIS
2397 261 2709 320 MONACHI

3718 268 3825 322 268

396 388 513 446 do:
548 410 576 439 ‹‹
604 386 850 444 Deducit
879 385 957 444 ad
975 384 1194 442 inferos
1226 388 1281 442 et
1302 385 1548 442 reducit.
1575 409 1602 435 »
1631 389 1749 443 Hoc
1780 384 2051 459 estquod
2082 382 2132 440 Α
2160 383 2310 439 lium
2341 384 2543 453 gloria
2582 386 2795 443 retinet
2823 402 2945 442 non
2996 386 3191 442 solum
3230 386 3500 443 videlicet
3530 388 3591 443 in
3623 405 3829 462 aqua—

397 477 720 552 Apostolus
764 477 880 533 ait:
916 498 942 526 «
968 475 1173 532 Mortui
1222 475 1380 531 enim
1425 475 1582 545 estis,
1615 480 1672 531 et
1710 475 1831 532 vita
1856 480 2051 532 vestra

398 566 754 624 abscondita
784 569 871 621 est
919 578 1057 619 cum
1111 564 1343 621 Christo
1378 564 1440 620 in
1489 566 1609 620 Deo
1642 564 1787 635 (Col.
1816 565 1898 635 v).
1926 585 1951 614 ›
1988 566 2052 619 Et

395 658 611 713 iterum
637 673 650 712 :
684 677 712 707 «
742 654 798 712 Si
827 653 1280 710 consurrexistis
1312 670 1452 710 cum
1485 654 1734 725 Christo,
1764 671 1899 728 qua
1928 670 2051 709 sur-

396 760 532 801 sum
561 745 697 799 sunt
720 741 965 815 quarite
984 742 1209 810 (Ibid.),
1238 763 1265 792 »
1285 745 1341 799 et
1360 741 1608 815 reliqua.
1637 742 1749 797 Sed
1771 740 2048 814 nunquid

396 834 637 889 eosdem
668 830 915 887 deduxit
944 829 1025 887 ad
1053 830 1275 887 inferos
1306 835 1361 888 et
1384 831 1662 887 reduxit?
1696 831 1809 888 Sed
1831 831 1944 887 hoc
1986 831 2047 886 in

392 921 581 994 capite
611 919 902 988 Ecclesiae,
929 919 993 975 id
1016 923 1102 976 est
1128 920 1377 990 Christo,
1403 920 1575 992 cujus
1604 920 1882 976 membra
1910 923 2049 976 sunt

386 1009 614 1079 ﬁdeles,
633 1008 867 1082 absque
889 1008 1011 1065 ulla
1037 1010 1444 1066 controversia
1462 1013 1657 1082 potest
1681 1009 1892 1081 accipi,
1907 1024 2046 1064 cum

387 1115 509 1172 quo
550 1099 738 1155 vitam
763 1102 1035 1155 nostram
1082 1099 1399 1171 Apostolus
1430 1098 1576 1155 dixit
1605 1098 2045 1154 absconditam.

385 1189 516 1262 Ipse
544 1186 855 1245 descendit
873 1186 955 1245 ad
972 1187 1216 1256 inferos,
1249 1192 1305 1245 et
1334 1204 1460 1244 non
1487 1191 1575 1244 est
1597 1188 1802 1244 anima
1824 1187 1954 1258 ejus
1983 1187 2047 1243 in

381 1276 617 1335 inferno
669 1276 969 1344 derelicta,
1015 1276 1122 1333 sed
1152 1277 1266 1334 cito
1291 1278 1614 1333 resurrexit
1639 1293 1674 1332 a
1712 1276 1960 1333 mortuis
1991 1279 2046 1331 et

382 1367 622 1425 reduxit
648 1382 720 1423 eo
749 1369 920 1423 Pater
945 1366 1023 1423 ad
1047 1367 1437 1441 semetipsum
1465 1368 1655 1437 (Psal.
1675 1371 1793 1434 xv).
1822 1367 1901 1422 De
1921 1381 2044 1438 quo

383 1457 695 1515 inferendo
724 1455 959 1514 dicitur.

459 1605 489 1636 «
521 1581 813 1640 Dominus
840 1597 1176 1656 pauperem
1200 1581 1342 1639 facit
1375 1586 1432 1639 et
1460 1581 1640 1649 dicat,
1670 1580 1946 1638 humiliat
1990 1585 2047 1638 et

389 1694 419 1723 ‹‹
458 1670 766 1741 sublimat,
794 1689 825 1724 ›
846 1670 1151 1728 Manifesta
1179 1674 1268 1727 est
1285 1670 1532 1727 historia
1562 1687 1702 1727 cum
1727 1671 1840 1728 hoc
1866 1669 2043 1726 nobis

386 1760 785 1818 certissimum
817 1764 925 1833 est,
948 1760 1223 1817 videlicet
1250 1760 1392 1833 quia
1420 1760 1697 1816 huiniliat
1727 1759 2038 1833 superbos,

384 1855 442 1907 et
469 1849 692 1907 exaltat
708 1848 967 1905 humiles
987 1850 1155 1917 (Luc.
1188 1849 1250 1920 ι).
1286 1848 1400 1905 Sed
1429 1848 1619 1906 altiori
1654 1848 2043 1917 intelligentia

383 1940 459 1996 de
485 1937 739 1996 Domino
783 1942 979 2010 potest
1007 1936 1220 2010 accipi,
1242 1938 1347 2010 qui
1394 1944 1640 2012 propter
1670 1954 1781 1994 nos
1810 1953 2043 2011 pauper

379 2029 574 2086 factus
603 2031 692 2084 est
736 2027 1045 2085 voluntate
1073 2027 1289 2085 Patris:
1330 2029 1474 2100 quia
1528 2028 1610 2083 sic
1641 2030 1795 2083 Deus
1840 2027 2045 2084 dilexit

377 2115 701 2183 mundum,
729 2121 798 2173 ut
831 2116 1036 2190 ipsum
1070 2115 1454 2187 Unigenitum
1502 2116 1672 2173 daret
1720 2133 1829 2189 pro
1865 2116 2041 2173 nobis

379 2206 580 2278 (Joan.
612 2209 715 2273 ιιι).
749 2205 911 2263 Sicut
929 2205 1148 2263 Paulus
1168 2205 1279 2263 ait:
1310 2228 1337 2257 «
1360 2206 1471 2273 Qui
1490 2206 1735 2280 proprio
1765 2206 1903 2262 Filio
1931 2223 2040 2263 suo

378 2308 501 2351 non
525 2293 810 2369 pepercit,
840 2293 945 2349 sed
970 2309 1080 2367 pro
1104 2293 1281 2350 nobis
1302 2294 1584 2350 omnibus
1608 2293 1848 2350 tradidit
1871 2294 2039 2350 illum

377 2382 566 2454 (Rom.
596 2385 742 2451 vui).
768 2404 797 2433 »
825 2383 955 2439 Imo
984 2382 1164 2440 etiam
1214 2386 1272 2438 et
1320 2398 1431 2438 sua
1458 2382 1786 2452 voluntate,
1818 2386 1883 2437 ut
1929 2398 2041 2438 nos

378 2486 491 2529 sua
538 2474 915 2546 paupertate,
946 2475 1004 2528 et
1030 2470 1127 2527 hic
1175 2470 1389 2528 divites
1444 2473 1662 2528 taceret
1702 2471 1766 2528 in
1812 2471 1953 2537 ﬁde,
1984 2476 2041 2528 et

372 2560 492 2617 illic
519 2560 789 2617 haredes
818 2559 1009 2630 regni,
1042 2558 1209 2633 quod
1238 2561 1578 2632 repromisit
1605 2562 1760 2615 Deus
1790 2559 2038 2630 diligen-

375 2648 536 2705 tibus
561 2664 646 2707 se.
698 2652 830 2722 Ipse
859 2648 1021 2705 enim
1059 2648 1281 2705 ditatus
1310 2653 1401 2705 est
1430 2648 1881 2718 magnificentia
1905 2665 2036 2707 ma-

370 2736 626 2811 jestatis,
660 2758 687 2787 ‹‹
721 2736 867 2811 Quia
894 2736 956 2794 in
993 2736 1126 2811 ipso
1153 2736 1445 2794 habitavit
1490 2737 1687 2793 omnis
1729 2737 2036 2810 plenitudo

376 2827 706 2893 divinitatis
746 2827 1133 2901 corporaliter
1186 2828 1337 2896 (Col.
1373 2827 1453 2900 ιι).
1507 2852 1532 2879 ››
1569 2831 1647 2883 De
1694 2827 1826 2901 ipso
1857 2830 2035 2884 etiam

377 2917 564 2976 Isaias
595 2917 710 2975 ait:
743 2939 773 2969 ι(
796 2916 1105 2991 Requievit
1126 2932 1306 2991 super
1332 2934 1471 2974 eum
1497 2917 1745 2990 Spiritus
1776 2919 2031 2985 Domini,

379 3006 632 3081 Spiritus
661 3006 968 3081 sapientia
999 3010 1058 3063 et
1103 3005 1455 3076 intellectus,
1508 3006 1752 3079 Spiritus
1800 3008 2031 3064 consilii

374 3101 432 3155 et
458 3095 841 3164 fortitudinis,
873 3096 1125 3170 Spiritus
1156 3096 1415 3153 scientia
1465 3100 1522 3152 et
1555 3096 1811 3170 pietatis,
1840 3097 2032 3171 reple-
2064 3104 2105 3157 C

371 3186 457 3244 vit
501 3202 644 3244 eum
675 3185 926 3259 Spiritus
974 3186 1203 3243 timoris
1254 3186 1492 3243 Domini
1543 3188 1683 3259 (Isa.
1716 3188 1798 3259 ιι).
1830 3208 1859 3237 ››
1903 3191 2031 3261 Ipse

370 3274 552 3332 etiam
570 3275 919 3333 humiliatus
933 3280 1021 3333 est
1038 3279 1284 3350 propter
1302 3292 1415 3333 nos
1445 3280 1624 3349 atque
1650 3276 2031 3344 sublimatus,

372 3363 523 3422 sicut
574 3364 894 3438 Apostolus
951 3365 1059 3422 ait:
1124 3387 1154 3417 α
1205 3366 1470 3424 Christus
1500 3366 1694 3423 factus
1745 3367 2033 3425 obediens

373 3468 565 3525 usque
587 3453 668 3510 ad
689 3458 967 3526 mortem,
982 3459 1241 3512 mortem
1257 3461 1461 3512 autem
1482 3456 1675 3513 crucis
1705 3457 1891 3527 (Phil.
1914 3458 2031 3530 11).»

371 3543 521 3599 Ecce
576 3543 916 3600 audivimus
965 3544 1096 3615 ejus
1143 3542 1576 3617 humilitatem,
1609 3545 1931 3601 audiamus
1976 3551 2035 3605 et

374 3632 823 3691 sublimitatem.
857 3654 886 3685 α
918 3635 1164 3705 Propter
1192 3634 1359 3706 quod
1388 3639 1447 3690 et
1475 3635 1629 3690 Deus
1678 3634 1849 3690 illum
1879 3636 2034 3692 exal-

369 3721 537 3793 tavit,
566 3726 624 3780 et
646 3721 891 3780 donavit
918 3721 1001 3780 illi
1029 3737 1255 3780 nomen
1299 3722 1465 3796 quod
1505 3729 1597 3780 est
1626 3740 1808 3795 super
1851 3741 2031 3783 omne

368 3829 618 3879 nomen,
644 3818 711 3871 ut
749 3813 811 3873 in
848 3812 1096 3871 nomine
1121 3814 1265 3872 Jesu
1315 3828 1496 3870 omne
1541 3829 1700 3883 genu
1735 3813 2026 3885 ﬂectatur,

371 3902 726 3973 calestium,
783 3901 1174 3972 terrestrium,
1216 3905 1276 3958 et
1324 3901 1693 3959 infernorum
1744 3903 1962 3976 (Ibat).
1995 3924 2025 3958 ι

368 3993 452 4050 De
480 3992 655 4064 cujus
685 3990 867 4049 etiam
891 3990 1259 4051 sublimitate
1285 3990 1417 4064 subj
1426 3991 1707 4063 ungitur:

439 4156 471 4185 α
505 4132 808 4195 Suscitans
847 4131 923 4189 de
978 4133 1225 4207 pulvere
1255 4149 1517 4204 egenum
1564 4138 1620 4191 et
1662 4134 1736 4192 de
1770 4139 2024 4194 stercore

366 4245 397 4276 α
437 4223 671 4295 erigens
695 4236 1048 4296 pauperem.
1068 4243 1098 4273 »
1120 4225 1287 4279 Pater
1310 4222 1581 4281 videlicet
1609 4223 1682 4280 de
1705 4228 1873 4280 terrae
1897 4226 2024 4299 pul-

363 4326 503 4370 vere
548 4311 761 4368 Filium
802 4314 928 4368 tam
981 4311 1095 4369 cito
1126 4312 1451 4382 suscitavit,
1479 4314 1653 4386 juxta
1699 4315 1861 4387 quod
1895 4316 2021 4389 ipse

2158 472 2321 529 litate
2353 476 2553 541 Patris,
2575 476 2840 532 sedendo
2866 475 2943 531 ad
2968 476 3275 532 dexteram
3300 477 3629 547 majestatis
3654 497 3665 533 :
3686 479 3827 550 jux-

2157 566 2220 618 ta
2246 564 2411 636 quod
2436 566 2762 637 Apostolus
2790 566 2930 621 dicit
2954 583 2966 621 :
3002 566 3217 622 «Sedet
3248 566 3325 621 ad
3355 566 3668 623 dexteram
3689 584 3827 626 ma-

2152 651 2388 722 jestatis
2439 653 2501 708 in
2548 654 2796 710 excelsis
2827 656 3029 725 (Hebr.
3068 656 3137 725 ι);
3175 676 3203 704 ››
3239 655 3430 711 Tanto
3478 656 3692 713 melior
3722 673 3827 713 an-

2158 740 2303 809 gelis
2334 742 2598 813 effectus,
2632 749 2861 816 quanto
2892 743 3261 799 diti‘erentius
3296 759 3419 816 pra
3450 744 3564 800 illis
3595 761 3825 802 nomen

2155 829 2546 902 hareditavit,
2601 833 2992 889 verumetiam
3049 833 3267 889 solium
3335 833 3535 904 gloria
3600 836 3827 892 tenebit

2155 918 2489 976 secundum
2504 921 2669 993 quod
2701 922 2827 994 ipse
2860 922 2972 978 ait:
2995 926 3197 978 «Pater
3221 939 3344 979 non
3360 923 3826 997 judicatquem-

2153 1024 2361 1080 quam,
2395 1010 2501 1065 sed
2531 1027 2709 1066 omne
2735 1011 3033 1082 judicium
3083 1012 3246 1068 dedit
3276 1011 3416 1067 Filio
3450 1014 3649 1084 (Joan.
3674 1016 3757 1086 v).
3795 1038 3825 1065 ››

2153 1117 2180 1145 ‹‹
2216 1100 2345 1168 Ipse
2372 1099 2530 1153 enim
2558 1099 2618 1154 in
2645 1099 2834 1169 gloria
2865 1101 3046 1157 Patris
3072 1102 3166 1156 sui
3201 1106 3489 1157 venturus
3511 1107 3604 1158 est
3624 1102 3703 1159 ad
3724 1104 3827 1174 ju-

2149 1184 2392 1252 dicium,
2425 1204 2565 1244 cum
2593 1188 2821 1260 angelis
2846 1194 2901 1245 et
2930 1190 3321 1260 archangelis,
3348 1207 3489 1247 cum
3511 1191 3744 1248 thronis
3770 1198 3830 1249 et

2154 1273 2690 1343 dominationibus,
2724 1282 2781 1334 et
2809 1279 3038 1335 sedebit
3082 1280 3143 1335 in
3176 1280 3315 1335 sede
3358 1279 3561 1352 gloria
3599 1282 3825 1353 majes-

2151 1364 2286 1419 tatis
2312 1366 2750 1436 sua,judicans
2773 1367 2983 1424 orbem
3005 1368 3064 1423 in
3094 1369 3372 1441 aquitate
3401 1371 3615 1441 (Marc.
3634 1376 3825 1433 vnn.»

2155 1471 2185 1499 ‹‹
2228 1452 2531 1509 Scdebunt
2585 1455 2765 1510 etiam
2824 1460 2881 1511 et
2928 1455 3228 1529 principes
3260 1473 3442 1529 super
3492 1458 3828 1515 duodecim

2155 1539 2351 1607 sedes,
2383 1539 2722 1611 judicantes
2762 1542 3086 1598 duodecim
3138 1544 3326 1599 tribus
3358 1545 3539 1601 Israel
3569 1547 3823 1617 (Matth.

2152 1629 2350 1700 x1x).»
2384 1629 2526 1685 Hinc
2574 1630 2753 1687 Isaias
2784 1631 2961 1688 dicit:
2995 1654 3025 1681 ‹‹
3080 1633 3367 1688 Dominus
3412 1634 3488 1691 ad
3517 1634 3829 1706 judicium

2074 1745 2114 1799 Β
2153 1718 2347 1773 veniet
2373 1735 2511 1774 cum
2544 1720 2892 1777 senioribus
2921 1721 3130 1795 populi
3174 1722 3265 1778 sui
3296 1725 3575 1796 (Isa.1n).
3612 1745 3641 1773 ››
3670 1725 3829 1781 Hinc

2155 1806 2438 1863 Salomon
2461 1808 2577 1865 ait:
2622 1832 2649 1859 ‹‹
2682 1809 2905 1866 Nobilis
2935 1812 2995 1867 in
3050 1812 3237 1884 portis
3270 1812 3357 1867 vir
3385 1813 3536 1884 ejus,
3565 1813 3830 1886 quando

2153 1895 2371 1953 sederit
2412 1913 2551 1954 cum
2600 1899 2979 1956 senatoribus
3031 1902 3234 1969 (Prov.
3267 1902 3450 1973 xxxi).
3502 1921 3531 1952 s
3588 1902 3829 1959 Nobilis

2151 2001 2293 2057 ergo
2326 1987 2433 2043 erit
2461 1989 2771 2054 Dominus,
2806 1989 2897 2045 vir
2946 1993 3166 2046 sancta
3218 1991 3512 2063 Ecclesia,
3534 1991 3596 2047 in
3628 1992 3829 2065 portis

2152 2091 2275 2131 sua
2302 2076 2574 2149 civitatis,
2608 2078 2713 2151 qui
2759 2078 3080 2136 videbatur
3116 2079 3416 2149 ignobilis,
3466 2084 3605 2137 ante
3632 2081 3830 2138 tribu-

2148 2165 2251 2221 nal
2277 2166 2572 2239 praesidis.
2607 2168 2756 2234 Quia
2806 2168 2987 2225 etiam
3036 2184 3199 2225 nunc
3239 2185 3276 2225 a
3320 2169 3522 2225 multis
3549 2175 3830 2228 contem-

2149 2254 2386 2310 nendus
2414 2260 2681 2329 putatur,
2731 2256 2876 2329 quia
2905 2256 3010 2312 ubi
3058 2257 3260 2314 saeculi
3302 2258 3438 2313 ﬁnis
3478 2258 3824 2332 advenerit,

2149 2342 2253 2400 ubi
2306 2345 2512 2417 patria
2544 2344 2799 2401 caelestis
2852 2346 3198 2417 ingressum
3242 2349 3541 2421 aperuerit
3586 2348 3821 2418 electis,

2144 2433 2274 2505 jam
2327 2435 2554 2491 cunctis
2584 2436 2820 2509 parebit
2875 2436 3170 2492 sublimis.
3224 2440 3289 2492 Et
3343 2437 3562 2494 solium
3607 2439 3820 2510 gloriae

2147 2523 2369 2579 tenebit
2417 2525 2543 2581 sine
2595 2525 2735 2596 ﬁne,
2769 2526 2913 2599 quia
2962 2525 3131 2595 regni
3176 2528 3306 2597 ejus
3358 2543 3481 2583 non
3530 2529 3640 2585 erit
3669 2528 3820 2585 ﬁnis

2146 2615 2310 2681 (Luc.
2345 2615 2410 2681 ι).
2442 2616 2590 2671 Nam
2622 2616 2923 2687 sequitur:
2974 2616 3123 2682 Quia
3170 2616 3299 2689 ipse
3331 2615 3754 2675 dominabitur
3780 2636 3822 2676 a

2145 2702 2299 2758 mari
2325 2719 2515 2775 usque
2546 2704 2626 2760 ad
2678 2720 2842 2760 mare
2873 2704 3063 2776 (Psal.
3096 2706 3268 2779 LXXI),
3298 2729 3326 2757 »
3368 2709 3476 2763 etc.
3516 2730 3545 2756 ‹‹
3573 2708 3822 2766 Domini

2145 2793 2306 2848 enim
2360 2796 2501 2848 sunt
2557 2793 2830 2849 cardines
2886 2798 3076 2862 terra,
3124 2799 3181 2851 et
3234 2795 3435 2867 posuit
3483 2812 3667 2869 super
3708 2813 3818 2853 eos

2143 2879 2429 2938 orbem.»
2457 2882 2741 2939 Cardines
2790 2887 2957 2939 terra
3002 2888 3263 2956 quatuor
3302 2884 3544 2942 climata
3594 2888 3818 2944 mundi

2141 2970 2858 3042 intelliguntur,videlicet
2876 2973 3094 3045 oriens,
3120 2974 3427 3039 occidens,
3454 2978 3814 3050 septentrio,

2143 3064 2321 3133 atque
2348 3060 2649 3131 meridies,
2667 3078 2846 3134 super
2856 3078 2993 3135 qua
3015 3062 3215 3135 posuit
3233 3064 3465 3129 orbem,
3484 3065 3630 3138 quia
3644 3066 3820 3122 vide-

2138 3149 2274 3206 licet
2319 3150 2542 3224 ubique
2573 3152 2843 3209 dilatavit
2869 3152 3194 3209 Ecclesiam
3224 3169 3419 3209 suam.
3468 3155 3613 3210 Hinc
3643 3155 3820 3212 Psal-

2140 3239 2318 3297 mista
2348 3241 2459 3297 ait:
2496 3263 2524 3290 «
2556 3242 2645 3297 Ab
2674 3245 2809 3297 ortu
2839 3241 2979 3297 solis
3006 3256 3200 3314 usque
3224 3241 3303 3298 ad
3327 3258 3637 3315 occasum,
3668 3243 3814 3302 lau-

2140 3328 2338 3387 dabile
2390 3347 2612 3388 nomen
2641 3331 2875 3387 Domini
2923 3332 3108 3404 (Psal.
3143 3336 3297 3400 cxn).
3334 3353 3362 3381 »
3407 3333 3555 3389 Hinc
3585 3333 3816 3392 iterum

2140 3421 2430 3494 scriptum
2458 3426 2572 3478 est:
2600 3444 2627 3471 ‹‹
2660 3423 2707 3474 Α
2729 3420 2951 3477 ﬁnibus
3000 3426 3167 3477 terra
3211 3422 3557 3479 audivimus
3590 3422 3813 3481 laudes

2133 3511 2280 3583 justi
2310 3513 2651 3580 (Isa.xx1v).
2682 3534 2709 3561 ››
2742 3514 2806 3567 Et
2844 3511 3058 3568 iterum
3086 3511 3161 3568 de
3192 3515 3412 3568 sanctis
3445 3513 3812 3587 pradicato-

2138 3601 2304 3657 ribus
2332 3618 2345 3657 :
2378 3621 2409 3655 ‹
2433 3606 2494 3657 In
2528 3617 2775 3657 omnem
2805 3606 3024 3658 terram
3049 3600 3228 3658 exivit
3248 3618 3434 3658 sonus
3465 3619 3702 3673 eorum,
3749 3611 3811 3662 et

2137 3687 2198 3745 in
2227 3690 2377 3745 ﬁnes
2435 3690 2597 3746 orbis
2626 3694 2793 3746 terra
2845 3690 3032 3747 verba
3091 3706 3302 3747 eorum
3333 3692 3523 3762 (Psal.
3552 3694 3740 3765 xvm).
3772 3715 3803 3743 ι)

2137 3781 2499 3852 Quanquam
2529 3779 2801 3836 cardines
2832 3784 3022 3851 terrae,
3056 3783 3120 3835 ut
3156 3779 3527 3854 quibusdam
3577 3781 3804 3855 placet,

2133 3868 2249 3941 ipsi
2275 3868 2697 3942 pradicatores
2741 3867 3173 3939 intelligantur,
3209 3884 3389 3942 super
3417 3886 3682 3943 quorum
3737 3872 3811 3928 ﬂ-

2132 3958 2272 4014 dem
2305 3957 2565 4016 stabilita
2589 3964 2675 4015 est
2705 3959 2985 4016 Ecclesia.
3006 3961 3086 4015 De
3107 3958 3328 4032 quibus
3355 3961 3645 4033 scriptum
3672 3967 3800 4019 est:

2133 4071 2161 4099 «
2198 4047 2319 4105 Sub
2343 4064 2466 4122 quo
2488 4052 2833 4121 curvantur,
2860 4048 2964 4122 qui
2981 4053 3223 4121 portant
3242 4048 3453 4105 orbem
3470 4051 3801 4119 (Job.x1x)»

2133 4137 2249 4211 Ipsi
2304 4136 2550 4210 quidem
2608 4142 2747 4194 sunt
2796 4137 2901 4210 qui
2957 4135 3099 4193 alibi
3145 4138 3439 4194 columnae
3487 4137 3801 4211 dicuntur,

2131 4227 2282 4283 sicut
2333 4228 2628 4300 scriptum
2682 4230 2809 4282 est:
2862 4248 2891 4278 α
2921 4226 3228 4284 Columna
3273 4226 3407 4283 cali
3440 4230 3803 4286 contremis-

2132 4320 2274 4372 cunt
2302 4319 2358 4372 et
2399 4319 2619 4389 pavent
2648 4316 2727 4371 ad
2778 4319 2996 4372 nutum
3026 4317 3156 4387 ejus
3190 4315 3344 4387 (Job.
3370 4319 3549 4392 xxv1),
3585 4339 3613 4368 ››
3636 4318 3804 4376 vide-

361 4418 472 4477 per
512 4400 891 4458 Psalmistam
939 4400 1221 4475 postulat,
1249 4400 1494 4459 dicens:
1538 4426 1566 4453 «
1589 4405 1894 4461 Resuscita
1922 4420 2019 4461 me
2053 4468 2089 4479 _
2128 4404 2264 4462 licet
2300 4404 2488 4461 sancti
2512 4404 2783 4460 Ecclesia
2821 4403 3266 4477 praedicatores,
3302 4421 3483 4479 super
3512 4421 3669 4479 quos
3704 4406 3800 4466 fa-

362 4468 420 4548 ἐι
442 4489 772 4548 retribuam
802 4489 907 4559 eis,
936 4468 1001 4546 ut
1024 4505 1166 4547 caro
1198 4490 1327 4563 ejus
1357 4506 1481 4548 non
1518 4491 1742 4549 videret
1771 4509 2018 4568 corrup-
2051 4468 2093 4522 θ
2127 4493 2304 4550 brica
2327 4492 2596 4550 Ecclesia
2620 4468 2916 4549 structura
2936 4493 3260 4563 consurgit,
3282 4468 3433 4550 sicut
3453 4468 3573 4551 alia
3592 4497 3799 4570 Scrip-

359 4582 584 4640 tionem
618 4580 807 4655 (Psal.
838 4580 955 4653 XL),
983 4601 1012 4632 »
1036 4578 1371 4638 secundum
1399 4581 1562 4655 quod
1601 4597 1707 4656 per
1734 4583 2017 4640 eumdem

2128 4589 2261 4641 tura
2291 4587 2559 4654 testatur,
2611 4581 2849 4638 dicens:
2875 4604 2904 4633 ‹‹
2951 4582 3061 4650 Qui
3084 4581 3307 4655 vicerit,
3348 4582 3571 4641 faciam
3616 4583 3796 4643 illum

347 4670 736 4761 Psalmistam
786 4669 1033 4727 dicitur:
1087 4691 1116 4720 «
1149 4673 1277 4727 Non
1327 4669 1707 4746 derelinques
1747 4672 2014 4730 animam
2124 4672 2407 4730 columna
2451 4672 2516 4728 in
2569 4672 2794 4745 templo
2851 4670 2954 4728 Dei
3006 4672 3121 4728 mei
3172 4672 3382 4746 (Apoc.
3427 4674 3531 4746 ιιι).
3573 4695 3601 4723 ››
3635 4676 3794 4735 Nam

352 4758 555 4820 meam
583 4761 645 4819 in
672 4760 929 4834 inferno,
956 4776 1067 4817 nec
1098 4758 1272 4817 dabis
1297 4762 1583 4818 Sanctum
1613 4766 1783 4818 tuum
1814 4763 2015 4821 videre
2121 4762 2398 4837 quisquis
2451 4762 2513 4817 in
2568 4761 2669 4817 Dei
2710 4776 2909 4835 opere,
2937 4766 3099 4817 recta
3127 4760 3452 4819 intentione
3482 4762 3789 4836 ﬁrmatur,

351 4852 797 4926 corruptionem
828 4851 1018 4924 (Psal.
1050 4850 1147 4925 ιν).
1176 4872 1206 4901 ››
1259 4853 1389 4924 Ipse
1419 4851 1621 4919 etiam,
1654 4851 1805 4908 sicut
1832 4869 2016 4926 supra
2122 4851 2407 4909 columna
2460 4851 2521 4907 in
2578 4855 2875 4908 structura
2914 4850 3157 4907 fabrica
3188 4851 3471 4924 spiritalis
3514 4852 3788 4925 erigitur,

349 4941 578 5000 dictum
606 4945 712 5011 est,
760 4958 900 4999 cum
950 4956 1184 5016 pauper
1236 4941 1635 5015 apparuisset,
1673 4946 1852 5016 atque
1882 4958 2015 5013 ege-

347 5047 467 5088 nus
523 5032 586 5087 in
638 5047 817 5089 carne
846 5035 913 5088 ut
942 5047 1129 5105 supra
1175 5034 1531 5106 paupertate
1560 5035 1739 5105 atque
1770 5032 2011 5089 humili-

347 5126 466 5179 tate
497 5124 808 5195 superaret
831 5120 1145 5178 diabolum
1190 5120 1544 5196 superbum,
1576 5120 1683 5194 qui
1724 5137 1830 5179 rex
1870 5122 2011 5180 dici-

343 5215 442 5268 tur
494 5226 680 5284 super
707 5226 919 5268 omnes
971 5210 1129 5266 ﬁlios
1181 5210 1502 5284 superbia,
1552 5214 1754 5268 tamen
1785 5211 2007 5283 majes-

339 5308 434 5359 tas
464 5302 568 5360 Dei
613 5302 819 5371 Patris,
848 5300 925 5359 de
978 5305 1233 5358 stercore
1277 5317 1416 5358 eum
1472 5300 1817 5359 sublimavit
1861 5303 2006 5359 inef-

338 5392 628 5462 fabiliter,
686 5397 745 5450 et
787 5390 906 5450 hoc
968 5407 1157 5465 quare
1184 5393 1212 5449 ?
1265 5391 1490 5461 Quaris
1558 5408 1747 5467 quare
1776 5394 1803 5449 (Ι
1848 5394 2003 5450 Audi

2118 4947 2185 5001 ut
2206 4943 2268 5000 in
2295 4943 2411 4999 hoc
2440 4940 2686 5015 templo,
2713 4940 2879 5014 quod
2900 4945 2991 4997 est
3013 4938 3270 4998 Ecclesia
3290 4942 3545 5015 positus,
3578 4948 3638 4999 et
3668 4945 3791 5001 uti-

2115 5030 2277 5090 litate
2305 5031 2512 5106 prosit.
2545 5035 2602 5087 et
2630 5030 2864 5087 decore.
2896 5029 3061 5088 Unde
3082 5029 3158 5088 de
3186 5036 3533 5089 sanctorum
3566 5034 3790 5106 pradi-

2116 5121 2348 5179 catione
2388 5119 2754 5177 subinfertur
2777 5136 2791 5175 :

2187 5234 2215 5262 ‹‹
2243 5210 2426 5268 Pedes
2453 5213 2798 5267 sanctorum
2826 5224 3077 5266 suorum
3110 5209 3391 5280 servabit,
3423 5213 3479 5266 et
3515 5209 3691 5283 impii
3717 5212 3786 5270 in

2114 5324 2142 5354 ‹‹
2170 5301 2429 5359 tenebris
2459 5299 2873 5366 conticescent,
2898 5299 3042 5367 quia
3068 5312 3193 5356 non
3212 5299 3276 5357 in
3293 5298 3642 5357 fortitudine
3663 5319 3785 5360 sua

2110 5414 2139 5441 «
2170 5390 2553 5447 roborabitur
2579 5390 2725 5446 vir.»
2760 5390 2915 5446 Licet
2938 5390 3122 5463 pedes
3161 5390 3276 5463 ipsi
3312 5389 3587 5448 doctores
3620 5390 3783 5449 desi-

342 5496 533 5555 quare
558 5497 622 5539 :»
658 5484 729 5539 Ut
748 5480 973 5552 sedeat,
1002 5503 1032 5531 »
1066 5479 1279 5555 inquit,
1310 5499 1340 5533 α
1371 5496 1511 5537 cum
1543 5480 1915 5555 principibus
1942 5486 2000 5539 et
2110 5484 2386 5552 gnentur,
2411 5480 2560 5535 sicut
2585 5494 2691 5553 per
2711 5481 2973 5553 Moysem
2994 5480 3245 5537 dicitur:
3276 5478 3423 5546 «Qui
3438 5481 3779 5553 appropin-

337 5567 557 5625 solium
603 5568 806 5637 gloria
848 5572 1044 5626 teneat
1098 5568 1339 5636 (Matth.
1398 5571 1542 5643 xix).
1587 5594 1617 5620 »
1668 5571 1992 5642 Principes,

2104 5569 2560 5645 quantpedibus
2580 5570 2701 5624 suis
2722 5570 3023 5642 accipiunt
3038 5569 3111 5625 de
3136 5570 3289 5626 doct:
3306 5570 3406 5625 ina
3423 5569 3580 5625 illius
3611 5588 3775 5644 quos

336 5657 531 5713 sancti
573 5657 829 5730 apostoli
879 5656 1308 5728 intelliguntur,
1338 5659 1443 5733 qui
1501 5659 1795 5716 sedebunt
1851 5677 1990 5716 cum
2102 5661 2393 5716 Dominus
2451 5661 2602 5717 inter
2659 5658 2947 5716 scandala
2998 5664 3453 5737 persecutorum
3511 5662 3773 5718 servavit

334 5746 568 5805 Christo
600 5762 783 5820 super
827 5738 1150 5804 duodecim
1179 5744 1375 5804 sedes.
1405 5746 1522 5805 Sed
1567 5750 1856 5807 Dominus
1885 5768 1987 5808 so-

2097 5749 2287 5822 (Deut.
2332 5750 2536 5819 XXXII).
2569 5771 2598 5798 η
2640 5751 3060 5807 Verumtamen
3085 5749 3270 5823 pedes
3300 5754 3651 5808 sanctorum
3674 5752 3773 5808 in-
