3944 6438
123 307 228 364 269

1083 305 1348 364 ENARR.
1391 307 1460 362 ΙΝ
1509 300 1761 362 LIBROS
1801 297 2062 362 RBGUM.
2099 309 2261 366 -ΙΝ
2305 309 2433 368 LIB.
2476 310 2517 366 Ι.

3467 319 3576 376 270

117 445 320 487 cessus
338 428 598 487 actionis
638 433 696 487 et
721 430 924 504 ipsum
951 446 1106 504 opus
1145 431 1612 504 praedicationis,
1641 428 1793 485 acci-
1829 429 1878 484 Α
1911 431 2200 489 Dominus
2229 436 2478 504 tonavit,
2535 433 2784 510 quando
2836 453 2959 512 per
2989 439 3300 512 apostolos
3343 442 3578 515 perﬁda

117 539 254 596 pere
285 537 641 596 possumus,
663 538 788 595 quo
833 524 1122 580 Dominus
1163 526 1226 579 in
1250 523 1413 580 viam
1431 521 1672 595 justitice
1706 520 1794 575 di-

118 613 271 684 rigit.
303 612 384 669 De
415 613 646 686 quibus
671 613 960 670 Dominus
985 613 1130 688 ipsis
1163 611 1666 688 pra‘dicatoribus
1685 611 1794 667 ait:

115 723 143 752 «
177 707 240 758 ln
269 717 709 776 quamcunque
738 701 994 760 domum
1015 703 1110 760 vel
1140 703 1438 760 civitatem
1486 701 1798 759 intraveri-

113 793 208 862 tis,
239 797 300 849 et
329 808 455 850 non
483 793 817 866 receperint
845 807 974 863 vos,
1008 798 1292 851 exeuntes
1321 794 1396 850 de
1425 792 1676 858 civitate,
1703 807 1800 846 ex-

115 883 300 939 cutite
321 882 636 956 pulverem
653 882 728 940 de
739 882 998 957 pedibus
1017 884 1230 940 vestris
1247 883 1487 956 (Matth.
1501 897 1541 938 Χ
1567 901 1580 951 ;
1605 883 1800 938 Marc.

114 977 218 1039 vi).
253 995 282 1024 η
305 974 508 1030 Pulvis
547 973 710 1031 enim
757 974 965 1032 levitas
1007 979 1096 1031 est
1121 979 1373 1032 terrenae
1405 971 1799 1044 cogitationis,

113 1080 148 1120 a
167 1079 294 1137 quo
316 1063 434 1137 ipsi
456 1063 639 1121 etiam
659 1065 884 1121 summi
905 1065 1326 1138 praedicatores
1346 1065 1650 1121 immunes
1669 1077 1804 1118 esse

112 1157 446 1228 nequeunt,
482 1170 736 1229 cumpro
759 1151 1134 1213 auditoribus
1161 1155 1284 1211 suis
1309 1151 1540 1211 solliciti
1559 1151 1808 1209 salubri-

111 1243 230 1300 bus
259 1244 426 1300 curis
457 1245 828 1301 incessanter
857 1244 1196 1314 intendunt,
1233 1248 1291 1302 et
1311 1244 1486 1318 quasi
1507 1259 1615 1318 per
1641 1242 1805 1299 itine-

111 1345 181 1388 ra
209 1331 433 1388 mundi
475 1332 598 1388 imo
657 1331 758 1389 vix
787 1331 1070 1389 calcaneo
1122 1336 1296 1389 terrae
1353 1330 1668 1406 pulverem
1701 1331 1809 1386 lin-

114 1426 284 1493 gant,
316 1421 422 1478 sed
454 1421 619 1479 hunc
646 1421 1226 1496 pulveremlevitatis
1255 1423 1522 1497 quotidie
1539 1437 1647 1496 per
1662 1418 1811 1478 etfu-

113 1513 355 1568 sionem
399 1511 678 1569 doctores
721 1513 966 1570 abluere
1031 1513 1318 1570 festinant
1367 1513 1802 1586 lacrymarum.

115 1601 264 1658 Hinc
287 1605 380 1658 est
405 1601 574 1675 quod
597 1601 658 1658 in
683 1601 940 1659 Canticis
961 1603 1336 1660 canticorum
1373 1619 1513 1660 cum
1544 1601 1805 1658 Ecclesia

116 1689 195 1746 ad
228 1689 505 1747 oﬂicium
547 1690 992 1764 praedicationis
1065 1707 1308 1762 surgere
1358 1691 1804 1774 praeciperetur,

1921 537 2131 578 eorum
2156 524 2341 581 corda
2371 526 2592 582 terruit.
2632 527 2932 586 (Italorum
2960 529 3141 600 igitur
3159 533 3426 604 nomine,
3458 533 3578 606 ipsi

1915 613 2170 684 apostoli
2199 613 2630 686 intelliguntur,
2685 617 2760 674 de
2798 619 3020 691 quibus
3048 635 3157 694 per
3186 621 3578 680 Psalmistam

1909 700 2125 758 dicitur
2149 721 2161 759 :
2186 725 2214 754 «
2249 704 2392 762 Caeli
2419 710 2701 764 enarrant
2723 707 2977 778 gloriam
3000 709 3100 766 Dei
3127 710 3316 783 (Psal.
3349 712 3526 786 XVIII).
3547 735 3578 765 »

1911 792 2016 848 Per
2037 793 2299 850 tonitrua
2317 811 2481 867 vero,
2515 797 3016 856 comminationes
3039 801 3495 875 miraculorum,
3521 807 3580 860 et

1911 884 2164 938 terrores
2199 883 2512 954 signorum
2543 886 2938 960 accipiuntur,
2981 906 3120 962 quae
3151 890 3390 964 expleta
3439 896 3582 950 sunt

1911 971 2162 1044 quando
2194 973 2445 1046 apostoli
2464 982 2772 1049 coeperunt
2803 977 2866 1035 in
2893 979 2989 1036 die
3012 981 3384 1038 Pentecostes
3400 981 3582 1039 variis

1912 1058 2142 1139 linquis
2155 1059 2320 1134 loqui
2334 1064 2640 1134 magnalia
2657 1066 2778 1133 Dei,
2801 1068 3049 1140 quando
3065 1069 3314 1142 Spiritus
3333 1075 3580 1128 sanctus

1914 1148 1977 1204 in
2003 1150 2158 1218 ignis
2193 1151 2417 1208 visione
2446 1170 2628 1227 super
2657 1170 2760 1212 eos
2782 1157 3080 1230 apparuit.
3098 1161 3346 1216 EtPetro
3363 1159 3580 1234 praedi-

1895 1243 2113 1312 ‘cante,
2143 1240 2330 1296 Judaei
2362 1243 2654 1315 tanquam
2681 1243 2902 1301 tonitru
2927 1245 3205 1318 perculsi,
3238 1251 3585 1323 compuncti

1915 1327 2227 1385 dixerunt:
2280 1351 2308 1380 «
2340 1330 2457 1386 Viri
2503 1331 2736 1404 fratres,
2789 1333 2938 1406 quid
2969 1334 3366 1392 faciemus?»
3411 1337 3584 1395 Tunc

1917 1418 2124 1474 Petrus
2154 1420 2464 1492 apostolus
2491 1423 2573 1478 ait
2597 1439 2611 1476 :
2645 1443 2673 1472 «
2699 1423 3073 1480 Pcenitemini
3099 1424 3299 1496 igitur,
3319 1427 3586 1500 etbapti-

1918 1507 2078 1558 zetur
2106 1506 2528 1578 unusquisque
2581 1511 2868 1582 vestrum,
2923 1513 2980 1565 et
3035 1508 3348 1568 deleantur
3387 1516 3587 1570 vestra

1918 1597 2166 1665 peccata
2195 1595 2350 1666 (Act.
2386 1597 2469 1667 ιι).
2504 1619 2532 1646 ››
2585 1597 2732 1652 Hinc
2769 1597 2832 1654 in
2882 1598 3248 1674 Apocalypsi
3297 1600 3587 1675 scriptum

1922 1689 2008 1740 est
2043 1701 2055 1738 :
2085 1703 2110 1736 ‹‹
2141 1687 2205 1739 Et
2233 1684 2307 1740 de
2344 1685 2560 1742 throno
2591 1687 3004 1760 procedebant
3033 1689 3276 1762 fulgura
3327 1695 3384 1748 et
3413 1707 3589 1748 voces

117 1793 354 1853 sponso
384 1780 719 1853 respondit,
767 1779 1010 1838 dicens:
1043 1803 1070 1831 ‹‹
1107 1780 1448 1854 Exspoliavi
1476 1797 1573 1836 me
1605 1780 1806 1836 tunica
1840 1795 1880 1849 Β
1920 1778 1976 1829 ct
2007 1774 2266 1829 tonitrua
2309 1773 2515 1845 (Apoc.
2547 1777 2647 1848 1v);
2683 1799 2710 1826 υ
2755 1777 2872 1834 hoc
2901 1781 2990 1834 est
3013 1779 3180 1852 quod
3205 1781 3435 1839 Marcus
3468 1782 3586 1839 ait:

114 1884 274 1940 mea,
304 1868 624 1943 quomodo
649 1869 872 1927 induar
899 1869 1000 1927 illa
1022 1871 1052 1928 ?
1080 1871 1222 1928 Lavi
1243 1871 1428 1945 pedes
1446 1887 1638 1939 meos,
1660 1887 1808 1943 quo-

113 1957 305 2017 modo
359 1959 703 2033 inquinabo
759 1959 894 2017 illos
943 1961 1128 2033 (Cant
1167 1961 1349 2034 vx)?»
1380 1964 1461 2017 Ac
1493 1962 1542 2017 si
1597 1964 1803 2034 aperte

112 2048 281 2106 dicat
310 2066 325 2105 :
357 2048 606 2106 Deserui
634 2049 876 2121 negotia
905 2050 1219 2108 saecularia
1269 2051 1354 2108 tui
1397 2067 1606 2122 causa,
1650 2065 1804 2123 quo-

109 2135 302 2191 modo
382 2139 658 2209 repetam
728 2134 873 2192 illa?
948 2135 1138 2192 Etiam
1224 2140 1454 2192 secreta
1513 2151 1806 2209 compun-

112 2223 446 2296 ctionibus,
478 2222 722 2281 ﬂetibus
747 2223 934 2295 ablui,
961 2224 1270 2298 quidquid
1298 2225 1360 2282 in
1391 2223 1630 2281 incessu
1662 2241 1808 2297 prae-

113 2315 466 2385 dicationis,
517 2320 576 2370 et
629 2314 692 2370 in
745 2314 1212 2386 cogitationibus
1253 2315 1503 2372 terrenis
1559 2313 1802 2387 reliqui,

109 2405 435 2480 quomodo
457 2403 792 2462 immundis
823 2406 1106 2463 sordibus
1126 2407 1344 2464 iterum
1375 2405 1613 2480 polluar
1632 2407 1660 2463 ‘2‘
1687 2405 1804 2462 Sed

107 2495 250 2552 licet
277 2494 399 2552 hoc
443 2494 872 2568 pertimescant
901 2493 1090 2566 electi,
1123 2496 1308 2570 pedes
1343 2512 1562 2552 eorum
1603 2513 1639 2552 a
1691 2498 1812 2554 Deo

115 2589 484 2654 servantur,
535 2588 602 2642 ut
629 2585 691 2642 in
739 2584 907 2642 nulla
963 2585 1108 2642 ftece
1155 2586 1446 2644 haeretica),
1505 2586 1814 2660 pravitatis

107 2674 421 2732 fcedentur
446 2689 648 2748 neque
679 2674 756 2732 ad
782 2689 1038 2749 pravum
1068 2673 1316 2750 aliquod
1344 2691 1499 2750 opus
1535 2675 1815 2733 dilaban-

103 2769 208 2823 tur
254 2763 424 2822 unde
473 2763 700 2821 sanctis
750 2764 1072 2822 animabus
1115 2781 1223 2840 per
1262 2765 1622 2822 Ezechielem
1669 2765 1812 2822 dici-

107 2860 244 2912 tur:
277 2852 468 2910 Pedes
517 2869 731 2911 eorum
778 2855 966 2928 pedes
1018 2856 1161 2912 recti
1196 2855 1413 2924 (Ezech
1444 2859 1504 2924 ι).
1542 2877 1570 2906 ››
1615 2855 1808 2912 Pedes

110 2947 476 3000 sanctorum
506 2943 695 3017 pedes
716 2944 858 3000 recti
889 2943 1192 3012 dicuntur,
1218 2945 1362 3018 quia
1383 2961 1594 3002 eorum
1620 2961 1806 3019 Opera

108 3033 194 3090 ad
221 3031 609 3106 sequendam
639 3031 1017 3106 iniquitatem
1048 3047 1172 3090 non
1199 3037 1340 3090 sunt
1366 3038 1623 3104 retorta;
1663 3033 1808 3106 quia

1921 1883 1946 1912 ‹‹
1973 1863 2056 1917 Illi
2103 1868 2303 1918 auth
2366 1863 2618 1936 profecti
2666 1867 3150 1938 praedicaverunt
3211 1868 3438 1944 ubique
3489 1873 3594 1927 Do-

1919 1952 2086 2007 mino
2118 1958 2500 2024 cooperante,
2549 1958 2606 2010 et
2649 1972 2996 2013 sermonem
3036 1958 3452 2025 conﬁrmante,
3507 1977 3594 2018 se~

1920 2042 2244 2114 quentibus
2274 2043 2478 2114 signis.
2515 2064 2543 2096 »
2577 2044 2806 2110 Quibus
2859 2046 3086 2103 scilicet
3123 2049 3472 2106 tonantibus
3496 2067 3594 2108 ex-

1919 2132 2098 2186 territi
2133 2137 2273 2188 sunt
2301 2131 2546 2205 inimici,
2575 2150 2650 2190 ex
2672 2135 2896 2208 quibus
2925 2136 3098 2193 multi
3125 2138 3402 2195 conversi
3454 2142 3594 2198 sunt

1919 2221 1999 2277 ad
2039 2221 2221 2278 tidem
2257 2240 2268 2274 :
2295 2223 2470 2294 juxta
2495 2223 2663 2296 quod
2689 2225 2878 2282 Lucas
2901 2226 3022 2283 ait:
3058 2249 3087 2277 «
3120 2229 3188 2284 Et
3245 2229 3437 2286 multa
3465 2233 3592 2287 tur-

1920 2310 1999 2366 ba
2043 2310 2433 2368 sacerdotum
2483 2313 2804 2370 obediebat
2829 2313 2971 2371 ﬁdei
2999 2333 3013 2385 ;
3039 2337 3070 2368 κ
3095 2331 3204 2390 per
3231 2317 3344 2374 hos
3369 2319 3592 2376 etenim

1919 2400 2102 2457 caelos
2135 2400 2254 2456 imo
2284 2416 2394 2474 per
2421 2402 2634 2471 nubes,
2653 2419 2808 2476 quas
2833 2405 3052 2478 Spiritu
3081 2411 3291 2464 sancto
3321 2408 3588 2483 replevit,

1921 2507 2058 2547 cum
2087 2490 2454 2548 ascendisset
2482 2491 2544 2548 in
2573 2493 2814 2558 caelum,
2859 2511 3043 2568 super
3086 2497 3468 2556 adversarios
3496 2499 3592 2556 in-

1920 2581 2112 2638 tonuit
2139 2600 2151 2637 :
2185 2598 2536 2654 quanquam
2563 2583 2638 2639 de
2671 2584 2874 2642 futuro
2910 2586 3141 2658 judicio
3171 2589 3446 2646 nonnulli
3483 2606 3590 2648 ve-

1913 2671 2028 2744 lint
2050 2671 2316 2742 intelligi,
2349 2671 2451 2728 ubi
2481 2671 2754 2730 inﬁdeles
2781 2675 2972 2732 Judaei
2999 2677 3102 2750 qui
3145 2694 3322 2734 suam
3354 2679 3450 2735 hic
3480 2689 3592 2737 voi-

1915 2759 2157 2816 luerunt
2187 2765 2445 2818 statuere
2469 2763 2784 2836 justitiam,
2809 2764 3132 2835 gloriantes
3159 2768 3234 2823 de
3263 2768 3593 2827 observan-

1918 2849 2000 2906 tia
2020 2850 2188 2920 legis,
2225 2851 2352 2907 sine
2379 2849 2498 2908 ﬁde
2531 2853 2765 2922 Christi,
2788 2855 3033 2925 justitite
3076 2856 3209 2930 ejus
3267 2859 3595 2918 noluerunt

1919 2956 2045 2994 esse
2078 2939 2366 3011 subjecti:
2415 2940 2732 3013 judicandi
2789 2949 2952 3016 sunt,
2996 2961 3121 3002 non
3179 2947 3378 3005 solum
3407 2966 3445 3006 θ,
3476 2952 3591 3008 Do-

1923 3029 2090 3084 mino
2111 3045 2293 3102 quem
2319 3035 2826 3104 contempserunt,
2844 3049 3053 3091 verum
3083 3035 3261 3093 etiem
3285 3037 3366 3094 ab
3391 3042 3585 3113 Apos-

105 3122 272 3179 inter
325 3121 548 3179 ﬂuctus
592 3121 777 3194 hujus
831 3121 1032 3179 saeculi
1085 3127 1396 3180 servantur
1435 3140 1472 3181 a
1524 3121 1802 3181 Domino.
1843 3157 1884 3210 ο
1927 3117 2058 3174 tolis
2116 3118 2221 3210 qui
2295 3119 2451 3210 coeli,
2479 3119 2725 3210 nomine
2774 3121 3204 3193 intelliguntur,
3253 3125 3594 3186 damnandi

95 3212 235 3270 Sed
291 3210 444 3268 dum
495 3211 580 3268 illi
632 3215 968 3280 servantur,
1025 3212 1195 3286 impii
1256 3229 1288 3270 e
1349 3213 1649 3271 contrario
1698 3213 1804 3286 qui

104 3317 329 3360 eorum
373 3301 910 3375 prtedicationibus
941 3302 1222 3360 contrarii
1250 3301 1523 3374 fuerunt,
1552 3303 1613 3359 in
1640 3307 1805 3360 tene-

107 3392 241 3450 bris
281 3391 705 3460 conticescent,
739 3391 992 3449 sci’icet:
1034 3391 1244 3462 Judaei,
1278 3393 1385 3466 qui
1417 3392 1681 3449 tenebris
1712 3393 1804 3449 in—

105 3481 392 3538 ﬁdelitati
451 3485 508 3539 et
576 3481 932 3552 ignorantiae
1011 3481 1422 3553 involvuntur,
1483 3486 1540 3540 et
1596 3481 1808 3540 lumen

107 3572 386 3629 veritatis
421 3571 817 3646 contemplari
845 3587 968 3628 non
1001 3577 1326 3644 merentur,
1359 3572 1507 3629 dum
1557 3573 1683 3628 sine
1715 3572 1804 3630 di-

111 3663 270 3719 vino
325 3660 630 3733 adjutorio
677 3661 792 3718 sibi
842 3677 1023 3736 posse
1081 3662 1352 3720 suﬁcere
1401 3661 1806 3735 crediderunt,

109 3751 283 3809 unde
307 3755 370 3808 et
405 3751 698 3825 sequitur.
732 3773 760 3802 »
784 3751 934 3818 Quia
960 3767 1084 3809 non
1105 3751 1166 3809 in
1200 3752 1544 3810 fortitudine
1576 3769 1690 3810 sua
1717 3768 1812 3810 ro-

107 3843 274 3899 bora
286 3841 454 3898 bitur
477 3841 586 3898 vir.
615 3862 644 3892 »
663 3840 940 3898 Videlicet
959 3841 1228 3916 propria,
1263 3843 1367 3899 sed
1397 3843 1611 3900 virtute
1659 3843 1810 3899 divi-

107 3949 194 3990 na
219 3935 443 4008 potens
459 3936 551 3988 est
568 3932 680 4002 vir,
703 3931 765 3989 id
795 3936 886 3990 est
902 3931 1135 4005 gentilis
1158 3933 1459 4007 populus;
1490 3935 1579 3990 vel
1602 3937 1804 4008 potest

108 4023 477 4096 generaliter
518 4021 786 4095 intelligi,
811 4023 956 4098 quia
984 4022 1186 4080 nullus
1221 4024 1345 4080 suis
1383 4024 1614 4082 viribus
1641 4024 1808 4082 bona

106 4110 356 4186 operari
394 4110 574 4180 valet,
594 4126 708 4167 nec
738 4111 984 4168 diabolo
1016 4111 1325 4184 resistere,
1351 4112 1471 4168 imo
1499 4113 1546 4168 si
1569 4129 1631 4169 se
1667 4128 1806 4170 eon-

105 4206 202 4258 tra
233 4199 564 4258 Dominum
611 4199 839 4272 erigere
887 4199 1233 4271 tentaverit,
1275 4199 1508 4257 bonum
1562 4201 1610 4257 si
1637 4201 1800 4276 quod

104 4291 342 4348 habere
365 4289 604 4346 videtur
622 4288 856 4359 amittit,
882 4289 1052 4362 quod
1079 4289 1141 4346 in
1168 4289 1303 4363 ipso
1322 4289 1536 4364 primo
1559 4291 1797 4361 angelo,

107 4387 335 4456 postea
381 4379 445 4436 in
497 4378 744 4437 homine
797 4379 1278 4436 demonstratum
1341 4385 1452 4438 est.
1503 4381 1804 4454 Scriptum

107 4486 393 4546 namque
414 4475 504 4528 est
535 4487 549 4527 :
585 4493 614 4522 «
647 4474 774 4528 Non
803 4470 1088 4541 glorietur
1107 4469 1374 4544 prudens
1389 4471 1452 4528 in
1482 4471 1803 4545 prudentia

109 4579 245 4631 sua,
287 4577 406 4618 nec
434 4561 684 4636 sapiens
711 4561 772 4618 in
797 4561 1092 4636 sapientia
1114 4576 1246 4630 sua,
1280 4575 1392 4618 nec
1418 4561 1591 4618 dives
1619 4562 1679 4618 in
1710 4561 1800 4619 di-

108 4652 271 4709 vitiis
305 4651 435 4708 suis
462 4669 476 4707 :
509 4649 618 4708 sed
639 4649 746 4724 qui
777 4649 1084 4722 gloriatur,
1128 4647 1192 4706 in
1222 4649 1478 4707 Domino
1518 4651 1804 4722 glorietur

108 4744 242 4815 (Jer
270 4745 376 4808 rx).
415 4763 443 4791 »
473 4740 620 4798 Hinc
649 4740 870 4798 iterum
893 4739 1035 4798 alibi
1065 4740 1318 4798 dicitur:
1355 4763 1382 4791 «
1415 4741 1674 4800 Perdam
1707 4757 1802 4800 sa-

110 4832 413 4907 pientiam
458 4827 847 4905 sapientium,
875 4835 932 4888 et
973 4829 1359 4904 prudentiam
1411 4831 1802 4905 prudentium

110 4919 466 4998 reprobabo
496 4921 552 4993 (1
582 4919 714 4977 Cor.
750 4921 812 4993 1).
847 4942 877 4970 »
901 4920 1075 4988 Quod
1117 4919 1563 4978 evidentissime
1601 4928 1802 4979 osten-

111 5029 250 5070 sum
281 5016 373 5068 est
397 5011 460 5067 in
487 5008 738 5079 Iudaeis,
778 5009 855 5066 de
886 5009 1110 5084 quibus
1144 5008 1423 5068 subditur
1449 5027 1464 5068 :

183 5124 215 5157 ‹
257 5099 593 5158 Dominum
641 5099 1070 5158 formidab‘unt
1123 5099 1458 5158 adversarii
1533 5100 1685 5174 ejus,
1745 5105 1804 5159 et

112 5215 142 5243 α
183 5207 373 5268 super
409 5190 578 5266 ipsos
631 5189 694 5248 in
743 5190 907 5248 caelis
953 5190 1206 5249 tonabit.
1260 5213 1289 5244 »
1345 5191 1584 5248 Domini
1622 5207 1796 5248 nam-

112 5299 231 5357 que
284 5279 641 5350 adversarii,
714 5279 878 5338 idem
938 5279 1128 5338 Judaei
1209 5279 1634 5352 intelligentur,
1695 5280 1802 5354 qui

114 5374 403 5430 dixerunt
449 5393 478 5421 ‹‹
511 5370 816 5430 Mittamus
862 5369 1098 5442 lignum
1146 5371 1210 5428 in
1246 5387 1475 5445 panem
1533 5371 1690 5442 ejus,
1745 5374 1802 5428 et

115 5465 449 5522 eradamus
505 5477 648 5518 eum
701 5460 777 5516 de
827 5463 986 5519 terra
1039 5461 1396 5533 viventium,
1463 5463 1522 5517 et
1573 5475 1798 5517 nomen

117 5555 243 5625 ejus
267 5567 397 5611 non
439 5555 818 5610 memoretur
860 5549 1124 5624 amplius
1151 5551 1293 5620 (Isa.
1330 5551 1430 5623 x1).
1463 5573 1491 5601 »
1529 5551 1670 5606 Inde
1713 5554 1800 5607 est

117 5645 282 5717 quod
316 5649 533 5719 postea
578 5642 1018 5707 clamaveruut,
1074 5641 1342 5698 dicentes
1375 5660 1386 5698 :
1423 5664 1448 5690 ι(
1483 5641 1794 5712 Cruciﬁgc,

117 5736 399 5806 cruciﬁge
445 5751 590 5793 eum
643 5735 820 5806 (Joan
871 5733 1017 5806 xxx).
1054 5755 1080 5781 »
1121 5735 1312 5806 Super
1359 5733 1471 5787 hos
1501 5731 1662 5788 enim
1712 5736 1801 5800 (ut

118 5828 494 5901 quibusdam
600 5823 859 5896 videtur)
949 5822 1346 5893 adversarios,
1453 5823 1530 5880 de
1635 5822 1799 5880 caelis

1919 3212 2061 3263 sunt
2091 3207 2242 3264 sicut
2284 3208 2576 3264 Dominus
2622 3209 2740 3267 ait:
2774 3231 2802 3261 ‹‹
2865 3211 3156 3270 Sedebitis
3189 3230 3371 3288 super
3417 3216 3592 3274 sedes

1917 3296 2260 3360 duodecim,
2341 3297 2681 3370 judicantes
2753 3299 3079 3358 duodecim
3165 3303 3356 3360 tribus
3407 3305 3592 3362 Israel

1917 3387 2161 3457 (Matt/2,.
2196 3388 2332 3459 χιι).
2365 3410 2394 3438 ››
2423 3387 2567 3444 Hinc
2600 3387 2679 3445 ad
2705 3389 2952 3447 eosdem
3005 3388 3249 3449 Judaeos
3299 3395 3590 3452 Dominus

1917 3475 2059 3531 dicit
2081 3498 2110 3524 «
2145 3476 2199 3534 Si
2230 3492 2342 3546 ego
2371 3478 2432 3532 in
2476 3478 2746 3552 principe
2792 3479 3236 3539 daemoniorum
3265 3483 3437 3555 ejicio
3465 3483 3590 3542 dte-

1917 3565 2144 3631 mouia,
2201 3565 2304 3621 ﬁlii
2336 3565 2514 3622 vestri
2563 3567 2625 3623 in
2683 3583 2807 3641 quo
2860 3568 3148 3641 ejiciunt?
3194 3571 3327 3630 ideo
3353 3573 3590 3645 judices

1915 3655 2100 3710 vestri
2137 3658 2309 3712 erunt
2340 3655 2582 3725 (ΜαίιΙι.
2607 3655 2728 3729 xu).
2757 3679 2786 3707 »
2819 3658 2963 3714 Hinc
2991 3659 3174 3717 etiam
3196 3676 3304 3734 per
3330 3662 3592 3735 prophe-

1919 3750 2042 3800 tam
2108 3745 2364 3801 dicitur:
2409 3768 2437 3794 «
2472 3745 2721 3803 Vocabit
2765 3747 3058 3805 Dominus
3115 3750 3416 3822 judicium
3508 3751 3592 3809 ad

1917 3834 2120 3903 ignem
2153 3839 2210 3892 et
2229 3835 2545 3892 devorabit
2571 3835 2868 3908 abyssum
2898 3836 3174 3910 multam,
3233 3842 3292 3896 et
3315 3837 3592 3898 comedet

1918 3929 2149 3996 partem
2181 3925 2400 3980 domus
2422 3925 2645 3996 (Amos.
2675 3930 2810 3995 vn).
2846 3948 2876 3977 »
2902 3927 3204 3984 iudicium
3224 3929 3452 4003 quippe
3508 3930 3589 3987 ad

1916 4015 2118 4085 ignem
2169 4016 2509 4085 vocabitur,
2567 4033 2704 4073 cum
2756 4017 2816 4074 in
2871 4017 3100 4089 judicio
3145 4019 3388 4091 justitiaa
3449 4037 3588 4078 sen-

1918 4106 2103 4163 tentia
2134 4105 2212 4162 ad
2242 4123 2487 4180 pcenam
2514 4107 2642 4179 jam
2673 4112 2911 4166 aeterna;
2940 4110 3441 4168 concremationis
3495 4127 3590 4170 os-

1914 4196 2205 4264 tenditur;
2242 4200 2298 4252 et
2328 4195 2620 4268 abyssum
2663 4197 2979 4256 devorabit
3022 4199 3169 4274 quia
3207 4201 3446 4276 iniquas
3497 4205 3588 4260 at-

1915 4303 2033 4360 que
2063 4285 2705 4360 ineomprehensibiles
2737 4289 3056 4348 hominum
3079 4296 3310 4349 mentes
3342 4307 3588 4350 concre-

1913 4377 2127 4442 mabit,
2175 4393 2312 4451 qum
2351 4393 2514 4434 nunc
2555 4393 2616 4434 se
2646 4379 2996 4437 hominibus
3033 4381 3214 4440 etiam
3246 4381 3360 4440 sub
3387 4384 3588 4456 signo-

1913 4485 2050 4524 rum
2099 4467 2409 4524 miraculis
2463 4467 2786 4540 occultant,
2838 4472 2943 4546 qui
2986 4471 3048 4528 in
3093 4472 3328 4546 judicio
3375 4474 3590 4532 dicturi

1917 4563 2096 4616 sunt:
2129 4579 2148 4610 «
2189 4559 2459 4628 Domine,
2491 4559 2760 4630 domine,
2792 4575 2997 4619 nonne
3049 4563 3112 4619 in
3169 4564 3416 4620 nomine
3483 4567 3588 4620 tuo

1912 4649 2409 4723 prophetavimus
2489 4649 2725 4723 (Matth.
2779 4652 2984 4722 vn)?»
3061 4656 3120 4708 et
3166 4651 3425 4725 reliqua.
3474 4649 3589 4708 Sed

1913 4738 2160 4796 audient
2189 4755 2226 4796 a
2255 4737 2542 4796 Domino:
2580 4761 2608 4788 «
2636 4739 2930 4797 Discedite
2961 4757 2998 4797 a
3024 4755 3146 4807 me,
3186 4738 3446 4814 operarii
3471 4738 3588 4796 ini-

1912 4828 2177 4903 quitatis,
2209 4827 2412 4884 nescio
2438 4827 2542 4901 qui
2571 4828 2768 4884 estis.»
2803 4831 2954 4886 Cum
2974 4829 3069 4885 his
3101 4828 3283 4884 etiam
3312 4844 3456 4903 pars
3484 4827 3592 4886 doc

1911 4935 2051 4974 mus
2081 4916 2450 4989 comedetur,
2474 4915 2620 4991 quia
2657 4916 2898 4974 Iudaeos
2951 4917 3276 4988 gloriantes
3337 4916 3413 4974 de
3463 4935 3589 4976 sum

1913 5006 2286 5065 cmremoniis
2313 5006 2462 5077 legis
2489 5009 2670 5080 atque
2699 5006 2775 5064 de
2805 5007 3101 5064 lectorum
3130 5023 3386 5066 numero
3414 5024 3476 5066 se
3501 5025 3590 5066 es-

1913 5113 1976 5155 se
2003 5098 2322 5170 jactantes,
2363 5096 2526 5154 unde
2558 5099 2616 5154 et
2663 5095 2962 5154 dixerunt.
2993 5119 3024 5148 «
3061 5100 3178 5155 Nos
3225 5104 3461 5173 patrem
3487 5099 3590 5158 ha-

1910 5189 2126 5246 bemus
2158 5185 2466 5243 Abraham
2492 5186 2694 5257 (Joan.
2720 5203 2861 5262 VIII).
2889 5209 2920 5240 »
2949 5187 3054 5262 qui
3075 5187 3220 5246 olim
3241 5190 3465 5246 domus
3485 5188 3590 5246 Dei

1911 5277 2053 5335 dieti
2084 5279 2244 5346 sunt,
2279 5280 2419 5333 tunc
2437 5277 2727 5346 gehennae
2745 5275 2998 5336 ﬂamma
3014 5279 3444 5336 concremabit.
3469 5279 3589 5336 Un-

1911 5370 1985 5426 de
2023 5381 2147 5425 non
2168 5368 2468 5425 immerito
2489 5369 2559 5424 de
2589 5367 2858 5444 utrisque
2889 5369 3158 5444 sequitur
3186 5387 3198 5426 :
3232 5392 3260 5421 ‹‹
3295 5369 3587 5428 Dominus

1906 5457 2203 5531 jmlicabit
2215 5457 2364 5512 fines
2379 5458 2783 5526 terraa.»Quod
2795 5459 3078 5532 quamvis
3089 5458 3262 5530 juxta
3275 5457 3590 5518 historiam

1909 5546 2546 5625 possitintelligi,quia
2573 5547 2702 5620 ipse
2733 5547 2968 5620 judieat
3001 5563 3214 5606 omnes
3230 5547 3587 5608 ﬁnesterraa.

1909 5644 2083 5696 Juxta
2099 5637 2264 5712 quod
2293 5651 2398 5709 per
2421 5637 2794 5694 Psalmistam
2823 5637 3068 5695 dicitur:
3093 5640 3290 5707 «Quia
3317 5641 3376 5698 in
3400 5655 3592 5700 manu

1911 5731 2043 5802 ejus
2069 5743 2281 5784 omnes
2312 5725 2463 5780 lines
2497 5731 2661 5784 terrae
2693 5728 2878 5800 (Psal,
2909 5730 3126 5802 xexrv),
3169 5730 3447 5788 videlicet
3477 5747 3590 5788 sua

1917 5820 2206 5894 potestate
2247 5820 2467 5874 cuncta
2504 5817 2854 5889 decernens,
2903 5821 3108 5877 tamen
3148 5817 3222 5876 de
3264 5819 3485 5888 futuro,
3527 5821 3594 5875 ut
