3944 6412
410 287 511 340 271

1446 277 1803 334 ANGELOMI
1843 275 2294 335 LUXOVIENSIS
2333 281 2641 338 MONACHI

3733 286 3836 339 272

413 405 701 469 diximus,
733 402 1019 475 accipitur
1040 400 1266 472 judicio
1300 400 1401 456 ubi
1436 402 1607 471 juxta
1635 399 1943 456 retributio
1981 399 2070 455 fu-
2101 401 2151 454 A
2182 406 2304 458 stas
2332 409 2579 475 aeterna,
2610 422 2745 479 qua:
2777 421 2900 461 non
2932 404 3253 473 auferetur,
3298 409 3355 461 et
3405 420 3667 475 regnum
3712 406 3838 478 ejus

416 500 552 551 tura
572 498 662 549 est
684 509 720 547 a
738 491 990 547 Domino
1016 506 1196 561 super
1218 489 1369 545 ﬁlios
1392 490 1556 559 Adae,
1580 490 1684 546 ubi
1696 490 1869 560 juxta
1889 495 2073 561 Apos-

415 584 643 640 tolum:
678 603 705 629 «
729 582 950 636 Omnes
977 583 1210 650 oportet
1232 578 1581 650 praesentari
1622 583 1759 633 ante
1807 576 2073 633 tribunal

418 673 626 745 ipsius,
685 674 751 724 ut
802 667 1015 723 reddat
1065 668 1485 740 unusquisque
1540 667 1833 724 rationem
1893 670 2073 739 prout

419 762 597 832 gessit
626 775 686 813 se
712 758 874 825 (Cor.
908 758 986 828 v.)
1018 779 1043 805 ››
1067 756 1232 812 Unde
1284 761 1340 813 et
1369 757 1687 813 Psalmista
1720 776 1732 814 :
1768 777 1798 810 ‹
1849 755 2075 812 Reddet

417 849 737 920 unicuique
766 846 1101 902 secundum
1133 862 1318 919 opera
1351 864 1462 901 sua
1489 849 1661 915 (Psal
1686 846 1815 917 in).
1849 865 1879 898 ›
1910 848 2073 901 Tunc

417 939 633 995 scilicet
661 936 908 1009 quando
935 936 1464 1005 congregabuntur
1516 941 1652 992 ante
1694 952 1833 992 eum
1862 950 2074 991 omnes

417 1033 620 1097 gentes
651 1031 707 1081 et
736 1025 1077 1095 segregabit
1115 1040 1327 1081 omnes
1362 1025 1439 1080 ab
1470 1025 1747 1093 invicem,
1779 1029 2074 1097 tanquam

416 1119 691 1185 segregat
720 1118 927 1187 pastor
947 1130 1090 1169 oves
1129 1113 1207 1170 ab
1237 1114 1429 1170 hmdis
1459 1114 1702 1182 (Matth.
1738 1114 1896 1186 xxv).
1927 1114 2075 1169 Hinc

412 1223 521 1280 per
550 1205 909 1277 Prophetam
933 1203 1149 1259 dicitur
1177 1223 1189 1259 :
1226 1227 1251 1253 «
1287 1204 1523 1260 Paravit
1550 1204 1612 1259 in
1637 1204 1861 1274 judicio
1919 1203 2078 1258 thro-

414 1312 564 1353 num
592 1310 794 1362 suum,
817 1298 874 1348 et
897 1293 1023 1365 ipse
1040 1292 1336 1363 judicabit
1362 1294 1571 1349 orbem
1603 1298 1771 1349 terrze
1804 1292 1863 1348 in
1895 1290 2074 1363 aequi-

415 1391 556 1450 tate,
580 1384 878 1456 judicabit
901 1382 1162 1456 populos
1192 1384 1253 1438 in
1280 1383 1507 1455 justitia
1541 1385 1856 1452 (Psal.1x).
1885 1404 1911 1433 »
1945 1386 2075 1454 Ipse

417 1476 622 1547 utique
646 1472 934 1528 Dominus
956 1472 1221 1527 Christus
1252 1472 1357 1543 qui
1385 1472 1762 1528 adversarios
1808 1487 1969 1538 suos,
2005 1486 2075 1526 ac

418 1579 629 1620 eorum
656 1560 963 1631 injustitia,
994 1560 1089 1615 hic
1128 1560 1414 1632 patiendo
1472 1560 1729 1632 pertulit,
1760 1560 1840 1615 ibi
1876 1559 2075 1632 impiis

420 1651 710 1709 veraciter
756 1649 970 1706 dicitur
1021 1650 1434 1706 demonstrare
1502 1650 1814 1722 justitiam.
1857 1649 2071 1706 Orbem

2180 508 2433 563 regnum
2446 496 2876 569 sempiternum
2886 539 2899 562 ,
2913 494 3079 568 quod
3092 510 3215 550 non
3232 499 3654 567 corrumpetur
3666 496 3836 567 (Dan.

2180 585 2298 653 vu).
2333 605 2361 632 »
2395 584 2517 641 Hoc
2548 590 2637 641 est
2666 585 2834 657 quod
2867 584 3187 656 Apostolus
3221 584 3303 640 ait
3334 601 3347 639 :
3385 607 3414 635 ‹‹
3450 583 3562 649 Qui
3591 600 3735 640 cum
3782 586 3840 641 in

2180 672 2375 729 forma
2406 674 2505 730 Dei
2522 679 2693 737 esset,
2726 688 2850 730 non
2879 674 3156 747 rapinam
3179 673 3502 730 arbitratus
3517 678 3614 730 est
3629 690 3758 731 esse
3780 690 3839 730 se

2180 762 2476 833 tequalem
2498 765 2636 826 Deo,
2663 762 2772 818 sed
2802 765 3191 834 semetipsum
3212 762 3559 828 exinanivit,
3586 762 3839 818 formam

2182 849 2332 905 servi
2358 850 2679 922 accipiens,
2703 851 2763 905 in
2790 849 3245 905 similitudinem
3275 850 3599 906 hominum
3631 849 3839 916 factus,

2182 943 2238 994 et
2252 937 2460 994 habitu
2477 940 2757 994 inventus
2774 943 2838 994 ut
2858 939 3044 994 homo
3065 938 3403 994 humiliavit
3423 938 3837 1011 semetipsum,

2182 1026 2373 1083 factus
2402 1032 2490 1083 est
2514 1027 2802 1083 obediens
2834 1043 3023 1099 usque
3045 1026 3122 1082 ad
3152 1032 3430 1095 mortem,
3462 1030 3723 1083 mortem
3746 1042 3843 1083 au-

2189 1120 2307 1172 tem
2335 1115 2558 1171 crucis:
2592 1119 2828 1187 PrOpter
2851 1115 3015 1188 quod
3047 1119 3102 1171 et
3137 1118 3289 1171 Deus
3314 1115 3485 1171 illum
3539 1114 3839 1181 exaltavit,

2184 1208 2240 1259 et
2262 1202 2507 1259 donavit
2525 1203 2607 1259 illi
2624 1218 2847 1259 nomen
2877 1202 3040 1275 quod
3065 1208 3155 1259 est
3184 1219 3365 1276 super
3391 1218 3577 1260 omne
3600 1218 3840 1274 nomen,

2184 1296 2248 1348 ut
2270 1292 2330 1347 in
2360 1292 2604 1348 nomine
2624 1295 2761 1347 Jesu
2789 1308 2969 1347 omne
2992 1293 3440 1361 genuﬂectatur
3469 1293 3721 1362 (Philip.
3748 1308 3838 1346 ιι.»

2183 1384 2241 1437 et
2265 1380 2515 1454 reliqua.
2575 1381 2718 1437 Hinc
2749 1380 2932 1437 Isaias
2965 1380 3046 1437 ait
3076 1397 3089 1436 :
3134 1403 3162 1431 ‹‹
3187 1380 3675 1453 Multiplicabitur
3722 1380 3843 1450 ejus

2183 1470 2525 1543 imperium.
2608 1474 2665 1525 et
2732 1469 2900 1543 pacis
2963 1485 3086 1525 non
3135 1469 3244 1526 erit
3282 1470 3418 1526 ﬁnis
3478 1472 3625 1537 (Isa.
3690 1472 3841 1537 1x).»

2186 1584 2212 1611 α
2249 1563 2437 1633 Super
2468 1560 2681 1616 solium
2718 1561 2923 1630 David,
2955 1566 3013 1617 et
3055 1576 3240 1634 super
3270 1575 3528 1630 regnum
3593 1561 3728 1632 ejus
3759 1576 3842 1615 se-

2184 1649 2348 1705 debit
2397 1650 2562 1719 (Luc.
2592 1665 2611 1704 1
2645 1650 2679 1717 ).
2719 1649 2915 1705 nHinc
2966 1648 3230 1719 Angelus
3284 1649 3363 1706 ad
3419 1648 3676 1705 Mariam
3725 1648 3841 1705 ait:

419 1747 609 1811 terrae,
632 1743 871 1795 sanctos
901 1738 1059 1794 viros
1084 1738 1375 1794 debemus
1403 1739 1693 1811 accipere,
1721 1738 1825 1811 qui
1846 1737 1922 1794 de
1951 1738 2076 1793 uni-
2111 1753 2155 1806 Β
2187 1738 2360 1794 Dabit
2388 1737 2471 1793 illi
2522 1737 2812 1793 Dominus
2860 1739 3017 1793 Deus
3047 1736 3250 1794 sedem
3285 1737 3473 1794 llavid
3517 1737 3706 1811 patris
3738 1736 3842 1795 sui.

418 1830 637 1887 versali
664 1827 927 1883 Ecclesia
955 1827 1132 1900 quasi
1161 1828 1235 1883 de
1268 1844 1507 1884 coronae
1567 1827 1789 1884 circulo
1834 1842 2078 1896 congre-

421 1924 657 1992 gantur.
714 1917 807 1972 Isti
856 1918 915 1972 in
974 1916 1253 1989 aequitate
1303 1916 1618 1988 judicandi
1666 1921 1823 1983 sunt,
1856 1916 2077 1989 quibus

419 2013 661 2083 propter
690 2006 827 2063 ﬁdei
857 2011 914 2062 et
936 2004 1285 2063 humilitatis
1309 2024 1431 2063 suae
1458 2007 1713 2074 bonum,
1748 2006 2079 2062 misericor-

418 2098 518 2153 dia
540 2096 786 2169 copiosa
797 2094 1196 2168 praestabitur,
1215 2095 1319 2167 qui
1335 2095 1593 2152 audituri
1612 2100 1750 2151 suut
1773 2112 1786 2150 :
1808 2116 1837 2147 ‹
1855 2094 2075 2159 Venite,

416 2186 714 2243 benedicti
751 2185 939 2241 Patris
988 2184 1127 2255 mei,
1173 2185 1474 2257 possidete
1520 2190 1804 2258 paratum
1836 2185 2073 2255 (Matth.

416 2277 577 2347 xxv),
606 2280 714 2331 etc.
748 2292 777 2327 ι
809 2272 1022 2346 Populi
1061 2279 1263 2330 autem
1292 2273 1514 2329 debent
1556 2273 1747 2347 accipi
1793 2277 2073 2346 peccato-

415 2382 531 2435 res,
550 2364 654 2437 qui
674 2362 957 2436 operibus
987 2362 1299 2418 diabolicis
1316 2380 1440 2419 non
1474 2363 1747 2419 videntur
1769 2363 1930 2420 exuti
1952 2361 2078 2431 ;isti

418 2470 557 2510 cum
584 2451 815 2525 justitia
862 2450 1186 2523 judicandi
1236 2457 1392 2518 sunt,
1427 2451 1570 2523 quia
1616 2468 1726 2524 pro
1778 2452 2077 2507 factorum

420 2560 666 2600 suorum
703 2541 921 2597 scelere
974 2541 1449 2606 damnabuntur,
1493 2542 1716 2613 quibus
1754 2541 2078 2597 dicendum

419 2636 549 2689 est:
602 2631 761 2696 «Ite,
820 2628 1139 2696 maledicti,
1197 2630 1257 2684 in
1315 2630 1520 2699 ignem
1573 2635 1942 2685 aeternum.»
1987 2630 2078 2687 Sic

420 2719 661 2776 duobus
691 2718 1040 2774 nominibus
1073 2718 1367 2789 aequitatis
1418 2724 1475 2773 et
1521 2719 1785 2789 justitite,
1822 2718 2077 2791 qualita-

423 2814 542 2865 tem
568 2808 731 2864 illam
782 2806 1018 2878 judicii,
1052 2806 1309 2862 mirabili
1334 2807 1616 2862 brevitate
1649 2807 1981 2880 descripsit.
2016 2812 2077 2863 In

420 2914 545 2970 quo
572 2896 821 2968 judicio,
855 2901 918 2951 ut
946 2895 1232 2963 diximus,
1263 2896 1451 2968 iniqui
1482 2896 1670 2951 Judaei
1691 2896 1887 2951 acrius
1911 2897 2081 2952 dam-

420 2986 748 3054 nabuntur,
796 2984 941 3057 quia
979 2986 1269 3040 Dominus
1330 2985 1626 3056 judicabit
1680 2984 1830 3041 ﬁnes
1886 2990 2073 3041 terrae.

2187 1832 2244 1882 et
2288 1825 2565 1896 regnabit
2595 1826 2655 1881 in
2684 1826 2870 1881 domo
2899 1826 3083 1883 Iacob
3131 1830 3191 1881 in
3220 1832 3534 1894 :eternum,
3584 1830 3643 1883 et
3685 1825 3845 1898 regni

2187 1916 2316 1987 ejus
2340 1930 2463 1971 non
2494 1915 2601 1971 erit
2632 1915 2767 1970 tinis
2800 1915 3001 1984 (Mich.
3029 1916 3125 1986 Iv).
3164 1938 3191 1964 »
3227 1918 3303 1971 De
3333 1931 3458 1989 quo
3488 1914 3675 1972 etiam
3699 1916 3845 1970 bene

2187 2004 2318 2059 uite
2351 2008 2407 2058 et
2434 2002 2602 2059 dabit
2650 2003 2972 2075 imperium
3005 2002 3129 2074 regi
3182 2020 3313 2072 suo,
3349 2025 3377 2054 »
3407 2003 3525 2077 ipsi
3583 2003 3846 2060 videlicet

2186 2091 2433 2158 Christo,
2462 2091 2559 2147 cui
2589 2091 2829 2147 tradidit
2859 2095 3028 2148 Pater
3066 2092 3273 2148 omnia
3319 2091 3383 2148 in
3424 2108 3697 2162 manus;
3746 2108 3845 2148 seu

2186 2180 2485 2250 dabitregi
2504 2196 2613 2235 suo
2627 2180 2969 2252 imperium,
2989 2180 3104 2237 hoc
3120 2186 3209 2237 est
3232 2180 3461 2254 populo
3487 2182 3840 2239 Christiano.

2189 2272 2298 2325 Dat
2330 2270 2414 2324 eis
2464 2268 2762 2336 virtutem,
2796 2269 2939 2342 quia
2971 2285 3150 2343 super
3178 2286 3445 2337 carnem,
3471 2270 3631 2327 sicut
3658 2286 3839 2342 reges,

2186 2362 2477 2427 regnant:
2530 2362 2587 2413 et
2628 2357 2689 2412 in
2714 2358 2837 2426 illo,
2882 2358 2985 2430 qui
3017 2362 3260 2431 propter
3289 2374 3392 2414 eos
3423 2358 3579 2415 fudit
3610 2360 3842 2430 sangui-

2187 2462 2324 2501 nem
2362 2461 2561 2514 suum,
2584 2446 2884 2501 mundum
2912 2446 3159 2502 vincunt
3202 2466 3232 2500 ‹
3265 2449 3332 2501 Et
3352 2446 3709 2504 sublimabit
3732 2463 3843 2503 cor-

2188 2551 2273 2590 nu
2303 2533 2515 2591 Christi
2542 2533 2653 2589 sui.
2681 2558 2708 2584 ››
2739 2534 2892 2600 Quid
2914 2551 3021 2608 per
3038 2550 3227 2591 cornu
3245 2535 3477 2601 Christi,
3504 2536 3623 2592 nisi
3644 2536 3842 2592 ﬁrmis-

2188 2624 2405 2679 simam
2436 2639 2506 2679 ac
2535 2623 2761 2679 celsam
2787 2624 3116 2696 potentiam
3150 2640 3326 2680 suam
3356 2624 3658 2682 debemus
3684 2625 3841 2682 intel-

2186 2711 2389 2782 ligere,
2417 2728 2553 2784 quae
2587 2718 2802 2769 cuncta
2845 2714 3249 2786 supereminet
3274 2713 3348 2768 de
3380 2713 3557 2787 ipso:
3590 2729 3841 2788 namque

2187 2801 2503 2857 Zacharias
2533 2801 2817 2874 loquitur,
2851 2802 3059 2858 dicens
3092 2820 3105 2857 :
3154 2802 3351 2859 Erexit
3398 2819 3594 2860 cornu
3651 2804 3842 2860 salutis

2187 2891 2363 2947 nobis
2394 2892 2559 2962 (Luc.
2592 2893 2653 2963 1).
2686 2916 2714 2942 »
2760 2894 2908 2948 Ossa
2940 2892 3241 2965 siquidem
3271 2893 3502 2960 omnia,
3559 2910 3739 2951 carne
3766 2895 3843 2950 in-

2187 2980 2395 3037 voluta
2425 2986 2566 3036 sunt
2595 2997 2820 3049 ;cornu
2852 2982 3085 3037 excedit
3115 2998 3382 3046 carnem,
3417 2989 3475 3039 et
3506 2983 3643 3040 ideo
3671 2998 3844 3040 cornu

429 3077 720 3131 Caeterum
742 3078 1037 3147 quantum
1064 3074 1141 3130 ad
1166 3073 1453 3131 moralem
1481 3074 1731 3147 pertinet
1753 3074 2081 3145 intelligen—
2118 3110 2159 3166 C
2190 3069 2399 3125 salutis
2428 3086 2686 3166 regnum
2712 3070 3055 3166 .Salvatoris
3083 3071 3326 3166 “Christi
3369 3078 3655 3166 vocatur,
3691 3070 3841 3166 quod

419 3165 586 3236 tiam,
617 3164 768 3219 ﬁnes
797 3168 966 3220 terra:
997 3168 1264 3219 extrema
1300 3162 1615 3218 hominum
1665 3167 1844 3236 atque
1890 3164 2079 3218 inten-

420 3255 611 3312 tiones
640 3253 1053 3324 designantur,
1076 3269 1211 3325 qure
1236 3254 1521 3308 Dominus
1548 3253 1818 3323 judicare
1842 3253 2076 3309 dicitur.

419 3350 555 3417 Ipse
583 3343 828 3417 quidem
851 3344 985 3416 pius
1018 3343 1302 3398 Conditor
1331 3349 1552 3405 noster,
1582 3342 1880 3398 facturam
1904 3359 2080 3397 suam

421 3452 545 3492 non
570 3435 882 3504 deserens,
910 3433 1073 3489 mala
1099 3433 1416 3489 hominum
1441 3439 1497 3488 et
1525 3449 1628 3505 per
1658 3449 1832 3487 suam
1854 3433 2080 3505 patien-

420 3526 564 3581 tiam
597 3524 827 3590 tolerat,
862 3527 919 3577 et
950 3538 1055 3595 per
1084 3538 1293 3577 eorum
1338 3522 1709 3594 quandoque
1740 3521 2081 3576 conversio-

420 3626 560 3666 nem
581 3611 827 3667 relaxat.
853 3612 1001 3666 Cum
1019 3609 1201 3665 duras
1229 3613 1407 3681 atque
1438 3609 1813 3665 insensibiles
1846 3615 2081 3665 mentes

419 3699 676 3773 respicit,
708 3698 892 3754 modo
914 3713 1018 3754 eas
1050 3698 1249 3765 minis,
1286 3697 1469 3752 modo
1501 3696 1871 3764 verberibus,
1900 3698 2081 3753 modo

419 3787 887 3843 revelationibus
920 3791 1114 3853 terret,
1159 3790 1222 3841 ut
1260 3802 1397 3858 quae
1448 3786 1715 3857 pessima
1771 3786 2083 3841 securitate

422 3875 775 3944 duruerant,
819 3874 1044 3931 salubri
1102 3875 1311 3931 timore
1345 3875 1715 3930 mollescant.
1765 3876 1880 3931 Scit
1924 3875 2084 3930 enim

423 3966 736 4032 Dominus,
768 3965 916 4037 quia
938 3970 1207 4020 extrema
1236 3964 1371 4019 vitae
1422 3969 1662 4029 nostrae,
1695 3963 1831 4036 plus
1854 3964 2087 4035 judicat

425 4057 483 4108 et
514 4053 735 4109 idcirco
764 4053 984 4108 electos
1017 4069 1162 4107 suos
1210 4052 1269 4107 in
1311 4052 1429 4107 ﬁne
1485 4052 1787 4108 sollicitius
1842 4056 2081 4126 purgat.

425 4140 573 4195 Hinc
604 4144 693 4195 est
716 4140 880 4212 quod
906 4140 1002 4195 hic
1036 4139 1323 4212 scriptum
1350 4145 1469 4196 est:
1491 4163 1517 4190 «
1546 4141 1833 4198 Dominus
1856 4141 2086 4213 judica-

423 4227 512 4283 bit
539 4227 691 4283 ﬁnes
715 4232 903 4294 terrae,
936 4250 965 4277 »
997 4228 1142 4301 quia
1177 4231 1344 4284 tanto
1377 4229 1597 4285 ultimis
1625 4231 1846 4286 nostris
1869 4230 2082 4300 invigi-

424 4315 525 4382 lat,
551 4320 778 4387 quanto
807 4315 868 4370 in
895 4314 1040 4389 ipsis
1066 4315 1231 4372 initia
1264 4319 1565 4391 sequentis
1596 4324 1826 4391 pensat.
1847 4322 1913 4375 Et
1940 4318 2085 4392 quia

424 4407 630 4460 nostra
660 4419 848 4475 opera
867 4409 1046 4476 atque
1094 4403 1455 4461 intentiones
1486 4406 1731 4462 diversis
1762 4407 1978 4479 modis,
2005 4407 2081 4462 si-

424 4497 525 4548 cut
552 4492 779 4547 dictum
808 4496 915 4555 est,
940 4492 1001 4547 in
1030 4494 1398 4550 extremitate
1424 4494 1750 4564 examinat,
1774 4496 1930 4552 bene
1957 4496 2080 4552 dic-

421 4583 551 4636 tum
583 4585 691 4649 est,
712 4604 740 4630 «
778 4581 1061 4637 Dominus
1086 4581 1383 4653 judicabit
1402 4584 1554 4639 ﬁnes
1582 4588 1751 4641 terra:
1777 4603 1790 4654 ;
1841 4607 1869 4635 »
1901 4585 1964 4642 id
1996 4588 2085 4642 est

419 4673 686 4727 extrema
704 4669 988 4738 hominis,
1012 4670 1304 4743 quoniam
1325 4688 1448 4728 non
1470 4672 1608 4729 inde
1624 4673 2081 4748 judicabuutur,

418 4775 555 4832 quae
599 4760 659 4815 in
713 4759 928 4815 melius
984 4759 1078 4815 vel
1130 4760 1188 4815 in
1248 4760 1509 4817 deterius
1556 4763 1757 4819 medio
1812 4768 2081 4836 tempore

417 4855 885 4921 commutantur,
919 4851 1023 4906 sed
1079 4850 1140 4906 in
1192 4852 1416 4924 quibus
1473 4853 1752 4909 extremis
1800 4853 2081 4910 inventus

416 4938 588 4994 fuerit
636 4938 741 5011 qui
784 4938 1174 5010 judicabitur.
1212 4940 1534 5012 Sequitur:
1568 4963 1596 4989 ‹‹
1632 4944 1697 4997 Et
1749 4940 1922 4997 dabit
1969 4941 2080 4996 im-

416 5027 653 5098 perium
754 5028 879 5095 regi
963 5045 1092 5084 suo.
1194 5028 1483 5084 Dominus
1578 5029 1683 5085 dat
1755 5029 2079 5101 imperium

413 5116 540 5185 regi
598 5133 729 5185 suo,
825 5118 969 5188 quia
1045 5120 1198 5173 Deus
1288 5122 1453 5175 Pater
1538 5119 1760 5192 ubique
1813 5124 2078 5193 potesta-

413 5210 535 5262 tem
561 5204 728 5261 dedit
751 5204 1056 5282 unigenito
1085 5207 1223 5263 Filio
1242 5224 1351 5264 suo
1375 5226 1387 5263 :
1416 5209 1590 5280 juxta
1610 5209 1775 5282 quod
1795 5208 2000 5265 Daniel
2015 5209 2076 5265 in

412 5295 639 5351 visiOne
672 5311 783 5351 sua
811 5280 1094 5367 loquitur,
1128 5296 1367 5352 dicens:
1403 5321 1431 5347 »
1478 5280 1859 5369 Aspiciebam
1901 5297 1965 5353 in
1993 5296 2077 5353 vi-

413 5383 580 5439 sione
604 5383 820 5449 noctis,
854 5388 911 5439 et
932 5398 1066 5440 ecce
1093 5400 1233 5439 cum
1261 5384 1527 5440 nubibus
1549 5385 1705 5453 coeli,
1724 5385 1899 5458 quasi
1919 5385 2077 5440 ﬁlius

411 5470 675 5527 hominis
692 5473 872 5541 venit,
891 5477 948 5528 et
964 5489 1154 5546 usque
1174 5473 1251 5528 ad
1267 5473 1594 5545 Antiquum
1610 5473 1843 5529 dierum
1864 5489 2076 5546 perve-

411 5557 501 5611 nit
526 5559 655 5613 etin
674 5566 1004 5630 conspectu
1028 5561 1157 5630 ejus
1176 5561 1521 5617 obtulerunt
1554 5578 1715 5632 eum,
1747 5567 1805 5617 et
1832 5561 1995 5617 dedit
2024 5561 2075 5617 ei

416 5647 768 5713 potestatem
788 5647 1149 5702 ethonorem
1169 5654 1225 5702 et
1242 5665 1517 5719 regnum,
1543 5654 1599 5703 et
1615 5666 1825 5704 omnes
1843 5649 2072 5721 populi,

417 5731 606 5789 tribus
632 5737 690 5788 et
712 5733 951 5802 linguai,
988 5736 1101 5806 ipsi
1146 5738 1419 5792 servient.
1449 5740 1710 5793 Potestas
1747 5740 1879 5809 ejus
1911 5744 2073 5810 pote-

2189 3163 2406 3213 cuncta
2438 3158 2660 3227 gaudia
2711 3159 2891 3229 hujus
2918 3159 3115 3215 saeculi
3151 3164 3413 3232 superat,
3464 3160 3528 3217 in
3561 3161 3734 3233 cujus
3779 3159 3845 3215 si-

2190 3244 2593 3314 gniﬁcatione,
2625 3245 2811 3301 David
2837 3245 2930 3301 vel
2962 3246 3268 3317 Salomon,
3323 3263 3516 3304 cornu
3561 3248 3676 3305 olei
3717 3250 3843 3303 sunt

2189 3333 2250 3388 in
2272 3333 2414 3403 regli
2449 3334 2701 3403 gloriam
2732 3336 3076 3391 consecrati.
3112 3336 3335 3392 Verum
3387 3341 3451 3392 ut
3481 3337 3839 3410 quibusdam

2189 3423 2406 3496 placet,
2430 3439 2537 3495 per
2564 3422 2885 3496 imperium
2916 3425 3082 3497 quod
3121 3441 3158 3481 a
3183 3427 3355 3481 Patre
3387 3426 3571 3482 Filius
3603 3426 3837 3499 accepit,

2193 3512 2524 3584 specialites
2561 3512 2817 3568 Ecclesia
2846 3514 3267 3571 tantummodo
3321 3514 3677 3587 designatur
3704 3559 3717 3572 .
3770 3518 3838 3571 De

2190 3618 2313 3673 quo
2333 3618 2439 3673 per
2467 3601 2848 3657 Psalmistam
2872 3606 3039 3658 Pater
3065 3603 3348 3677 loquitur,
3377 3604 3589 3661 dicens
3624 3625 3637 3662 :
3663 3630 3689 3656 ‹‹
3715 3606 3837 3660 Pos-

2192 3691 2316 3746 tuIa
2346 3706 2516 3758 ame,
2539 3695 2597 3747 et
2618 3691 2778 3747 dabo
2803 3692 2904 3747 tibi
2928 3698 3134 3762 gentes
3166 3693 3580 3751 hiercditatem
3609 3702 3765 3751 tuam
3791 3697 3837 3748 et

2192 3781 2639 3851 possessionem
2672 3786 2835 3837 tuam
2863 3782 3149 3838 terminos
3172 3787 3338 3839 terras
3370 3785 3546 3855 (Psal
3573 3787 3657 3856 ιι).
3684 3808 3710 3835 »
3739 3785 3836 3838 Cu-

2188 3869 2288 3939 jus
2321 3869 2603 3925 lerminos
2660 3869 2907 3939 indicat,
2943 3872 3113 3937 sicut,
3150 3872 3425 3944 superius
3456 3873 3683 3929 dictum
3723 3877 3834 3929 est:

2194 3958 2484 4013 Dominus
2511 3958 2810 4029 judicabit
2838 3958 2989 4014 ﬁnes
3044 3964 3233 4015 terrae.
3270 3982 3298 4009 ››
3329 3993 3399 4001 -
3451 3984 3482 4012 ‹‹
3512 3965 3685 4018 Pater
3731 3974 3838 4017 non

2188 4047 2422 4119 judicat
2450 4063 2853 4121 quemquam,
2885 4048 3081 4121 inquit
3126 4048 3188 4105 in
3219 4051 3565 4121 Evangelia,
3600 4051 3701 4108 sed
3729 4066 3840 4106 om-

2190 4151 2267 4191 ne
2310 4135 2607 4207 judicmm
2663 4136 2829 4193 dedit
2886 4136 3025 4194 Filio
3086 4140 3290 4206 (Joan.
3344 4141 3417 4211 ν).
3455 4161 3485 4189 ››
3540 4144 3609 4197 Et
3663 4138 3836 4195 illud:

2194 4246 2221 4274 ‹‹
2255 4227 2609 4281 Potestatem
2654 4225 2820 4281 dedit
2850 4225 2901 4282 ei
2932 4225 3125 4282 facere
3149 4227 3469 4299 judicium,
3503 4231 3651 4303 quia
3681 4227 3840 4284 Filius

2191 4313 2453 4370 hominis
2483 4318 2570 4369 est
2594 4315 2784 4385 (Psal.
2817 4316 2900 4387 ιι).
2934 4337 2962 4365 ››
3000 4318 3079 4371 De
3123 4332 3246 4389 quo
3288 4317 3471 4374 etiam
3526 4319 3670 4375 alibi
3724 4318 3840 4390 ipse

2193 4403 2373 4458 Filius
2394 4403 2567 4459 dicit:
2613 4426 2641 4453 «
2668 4407 2789 4474 Ego
2815 4409 3018 4461 autem
3070 4406 3429 4463 constitutus
3462 4424 3602 4463 sum
3633 4423 3732 4463 rex
3770 4405 3837 4461 ab

2191 4509 2263 4549 eo
2314 4508 2495 4567 super
2553 4494 2692 4551 Sion
2740 4499 3009 4550 montem
3059 4500 3334 4552 sanctum
3388 4497 3521 4569 ejus
3566 4498 3781 4568 (Ibid.).
3812 4518 3834 4543 η

2190 4587 2271 4637 De
2300 4599 2425 4656 quo
2447 4583 2626 4639 etiam
2650 4583 2903 4656 imperio
2931 4585 3211 4656 annectit,
3239 4585 3447 4643 dicens
3474 4606 3488 4643 :
3520 4611 3549 4636 ‹‹
3584 4590 3649 4644 Et
3673 4584 3837 4642 subli-

2201 4671 2392 4729 mabit
2422 4689 2610 4728 cornu
2645 4673 2855 4729 Christi
2893 4673 3003 4729 sui.
3030 4696 3058 4725 »
3100 4678 3220 4732 Hoc
3270 4676 3349 4733 ad
3401 4693 3623 4751 corpus
3698 4678 3834 4748 ejus,

2188 4761 2357 4834 quod
2380 4766 2469 4819 est
2522 4763 2801 4831 Ecclesia,
2833 4764 3036 4820 referri
3081 4765 3313 4826 volunt.
3353 4768 3577 4823 Omnes
3627 4766 3835 4840 quippe

2187 4856 2401 4908 unctos
2417 4851 2547 4922 ejus
2580 4853 2898 4910 chrismate
2928 4858 3083 4910 recte
3110 4854 3364 4911 christos
3397 4873 3729 4929 possumus
3755 4854 3833 4909 di-

2187 4956 2319 4997 eere
2350 4940 2517 5013 quod
2548 4945 2749 4999 tamen
2779 4947 2972 4999 totum
3023 4959 3164 5000 cum
3195 4961 3309 5001 suo
3349 4946 3570 5018 capite,
3605 4960 3832 5017 corpus,

2184 5046 2344 5085 unus
2387 5035 2474 5086 est
2523 5031 2813 5087 Christus.
2846 5032 3027 5103 Cujus
3078 5033 3292 5089 Christi
3339 5050 3619 5105 regnum,
3671 5034 3730 5089 id
3758 5034 3835 5087 est

2186 5120 2452 5191 corporis
2480 5120 2592 5190 sui,
2624 5121 2752 5193 ipse
2786 5120 2960 5177 Filius
2994 5122 3362 5189 sublimavit,
3393 5130 3692 5198 quantum
3719 5121 3835 5178 ubi-

2184 5225 2303 5281 que
2332 5208 2621 5281 dilatavit,
2652 5211 2791 5267 etin
2820 5211 2939 5267 ﬁde
2966 5212 3215 5269 ﬁrmiter
3246 5214 3547 5283 stabilivit,
3583 5219 3639 5271 et
3663 5226 3834 5283 regna

2185 5297 2398 5354 mundi
2423 5298 2733 5370 confregit,
2765 5304 2823 5356 et
2869 5301 3141 5374 superari
3171 5317 3244 5358 ea
3292 5302 3450 5360 fecit.
3495 5305 3673 5359 Juxta
3698 5297 3831 5374 quid

2183 5402 2291 5459 per
2309 5387 2685 5445 Psalmistam
2715 5389 2889 5445 aitzu
2922 5393 2989 5447 Et
3039 5391 3246 5448 omnia
3298 5408 3527 5449 cornua
3573 5395 3829 5465 peccato-

2183 5492 2320 5533 rum
2403 5477 2802 5548 confringam,
2838 5501 2867 5530 »
2946 5479 3008 5536 id
3060 5485 3153 5537 est
3236 5497 3460 5552 regna,
3522 5504 3552 5532 «
3581 5486 3639 5539 et
3691 5477 3832 5536 exal-

2184 5565 2469 5622 tabuntur
2549 5583 2776 5625 cornua
2838 5569 2984 5639 justi
3037 5571 3226 5639 {PsaL
3288 5574 3561 5639 Lxx1v).»
3610 5571 3831 5626 Cornua

2179 5653 2347 5724 justi,
2404 5672 2658 5724 regnum
2692 5662 2781 5713 est
2818 5658 3027 5730 populi
3069 5659 3256 5714 electi.
3321 5660 3416 5715 His
3465 5666 3829 5731 (quanquam

2183 5740 2472 5813 impolite,
2528 5751 2593 5802 ut
2644 5746 2968 5817 intelligere
3026 5748 3357 5821 potuimus,
3433 5754 3489 5806 et
3540 5746 3688 5805 mihi
3731 5750 3829 5802 tra-
