3944 6416
136 257 231 309 273

1130 258 1390 314 ENARR.
1433 262 1500 315 IN
1541 260 1792 317 LIBROS
1833 263 2090 323 REGUM.
2125 300 2194 308 —-
2244 273 2312 326 IN
2355 271 2489 328 LIB.
2530 273 2573 328 I.

3455 283 3561 335 274-

136 379 247 435 dita
269 378 526 446 fuerant,
545 379 1270 471 inculcavimusqualiter
1297 387 1474 441 Anna
1503 385 1577 441 de
1597 385 1790 440 Chris-
1817 391 1864 442 A
1904 390 2080 447 vilem
2107 393 2332 466 cibum,
2356 397 2420 452 id
2451 407 2541 454 est
2569 399 2936 470 lenticulam,
2967 399 3332 471 concupivit.
3367 404 3563 467 Quam

137 473 206 536 to,
237 473 416 540 atque
447 467 523 523 de
553 467 814 525 Ecclesia
843 469 1134 541 gentium,
1204 477 1258 528 et
1307 473 1650 546 repulsione
1681 476 1788 547 Sy-

134 573 376 627 nagogae
402 557 886 629 prophetaverat)
920 559 1191 632 expletis,
1227 562 1481 619 Domino
1531 563 1789 636 favente,

115 647 207 704 ad
233 646 345 703 alia
378 646 627 703 tandem
659 647 884 720 stylum
907 653 1135 706 vertere
1166 666 1484 708 conamur.

200 759 226 786 ι(
266 739 494 792 Interea
512 736 752 792 Samuel
783 743 911 793 erat
938 738 1286 795 ministrans
1324 741 1387 797 in
1419 740 1641 814 templo
1674 743 1790 798 Do-

136 847 161 875 u
199 825 340 880 mini
369 825 675 882 accinctus
697 826 920 899 ephod,
954 850 982 877 ››
1035 828 1151 884 hoc
1181 832 1270 885 est
1312 830 1792 904 superhumerali

133 913 300 983 lineo,
331 914 500 987 quod
521 914 704 970 distat
733 915 813 971 ab
843 915 943 972 illo
1001 917 1225 990 ephod,
1275 935 1399 992 quo
1428 920 1793 977 induebatur

133 1003 421 1076 pontifex;
453 1019 526 1059 ex
553 1009 817 1076 quatuor
847 1005 1151 1062 coloribus
1180 1011 1235 1063 et
1291 1024 1647 1066 concessum
1677 1008 1790 1065 mi-

134 1091 369 1148 noribus
393 1092 689 1163 gradibus
713 1098 860 1158 erat,
895 1093 974 1149 ad
1000 1095 1315 1152 utendum.

199 1203 225 1231 «
265 1183 330 1236 Et
355 1182 629 1238 tunicam
653 1198 911 1254 parvam
939 1183 1199 1240 faciebat
1228 1185 1282 1241 ei
1306 1190 1499 1243 mater
1524 1203 1652 1256 sua,
1681 1209 1709 1238 »
1737 1191 1794 1246 et

132 1269 369 1343 reliqua.
405 1269 644 1328 Tunica
674 1271 837 1328 enim
858 1287 1067 1346 parva,
1093 1290 1282 1347 quam
1308 1275 1565 1333 faciebat
1591 1277 1643 1334 ei
1670 1293 1794 1333 ma-

134 1364 231 1426 ter,
263 1359 562 1430 signiﬁcat
592 1360 934 1418 doctrinam
965 1362 1223 1427 facilem,
1281 1381 1469 1437 quam
1499 1365 1794 1422 induendi

134 1453 262 1504 sunt
286 1448 466 1504 rudes
498 1449 687 1506 animi
717 1449 1122 1521 credentium;
1146 1452 1437 1525 qualibus
1467 1454 1690 1510 Paulus
1710 1454 1796 1510 di-

133 1537 235 1593 cit:
271 1561 297 1587 ‹‹
330 1540 442 1593 Lac
474 1539 648 1594 vobis
692 1544 907 1612 potum
961 1541 1101 1597 dedi
1133 1543 1187 1614 (Ι
1216 1541 1354 1598 Cor.
1387 1543 1468 1614 v),
1502 1564 1530 1592 ››
1572 1547 1629 1599 et
1657 1544 1792 1599 reli-

131 1641 262 1698 qua.
297 1627 803 1699 Superbumerale
833 1644 972 1684 vero
1002 1629 1230 1685 lineum
1262 1630 1560 1700 signiﬁcat
1616 1632 1792 1688 casti-

1901 496 2041 536 cum
2096 484 2352 541 venditis
2396 489 2574 543 etiam
2629 488 3043 560 primogenitis
3099 489 3377 560 prmtulit,
3440 509 3563 564 quo

1899 570 1961 626 in
2008 571 2177 630 illam
2254 577 2520 648 appetitu
2603 577 2932 648 anhelaret,
2986 578 3290 634 indicavit.
3361 585 3563 655 Neque

1899 661 2060 717 enim
2090 663 2278 731 cibus,
2309 667 2413 722 sed
2444 669 2744 740 appetitus
2764 668 2825 724 in
2851 669 2993 724 vitio
3022 674 3127 724 est.
3160 671 3324 726 Unde
3351 677 3407 727 et
3431 672 3561 728 lau-

1899 750 2077 806 tiores
2124 753 2292 809 cibos
2340 756 2698 830 plerumque
2758 758 2884 813 sine
2943 758 3120 830 culpa
3160 761 3478 833 sumimus,
3507 764 3565 817 et

1901 839 2253 912 abjectiores
2289 860 2411 900 non
2470 849 2596 902 sine
2649 850 2816 902 reatu
2873 847 3252 903 conscientiae
3283 850 3565 918 degusta-

1899 947 2058 986 mus.
2091 932 2195 988 Hic
2225 934 2451 1006 quippe
2479 943 2682 1007 (quem
2709 936 2993 1008 diximus)
3028 940 3200 998 Esau.
3235 940 3564 1011 primatum

1899 1037 2007 1095 per
2033 1021 2381 1079 lenticulam
2413 1026 2690 1098 perdidit,
2737 1031 2793 1081 et
2823 1027 2978 1082 Elias
3034 1029 3096 1082 in
3151 1045 3353 1086 eremo
3381 1030 3565 1086 virtu-

1902 1115 2019 1166 tem
2048 1113 2316 1184 corporis
2346 1130 2558 1170 carnes
2584 1115 2821 1171 edendo
2862 1117 3140 1172 servavit.
3179 1119 3342 1174 Unde
3374 1123 3429 1174 et
3459 1136 3564 1175 an-

1901 1201 2102 1273 tiquus
2127 1201 2315 1258 hostis
2345 1204 2489 1275 quia
2519 1219 2640 1259 non
2673 1204 2896 1271 cibum,
2961 1205 3069 1260 sed
3099 1207 3212 1262 sibi
3250 1208 3565 1281 concupis-

1902 1290 2162 1346 centiam
2213 1307 2346 1347 esse
2401 1309 2653 1348 causam
2706 1294 3115 1350 damnationis
3172 1296 3478 1366 intellexit,
3508 1302 3566 1353 et

1901 1380 2165 1452 primum
2195 1381 2304 1436 sibi
2327 1382 2635 1438 hominem
2657 1398 2782 1438 non
2814 1400 3015 1454 carne,
3050 1383 3156 1439 sed
3180 1401 3364 1457 pomo
3419 1388 3564 1443 sub-

1902 1468 2070 1536 didit,
2103 1474 2159 1526 et
2180 1471 2515 1526 secundum
2545 1487 2666 1527 non
2693 1488 2892 1538 carne,
2929 1473 3036 1528 sed
3087 1489 3247 1546 pane
3299 1476 3562 1532 tentavit.

1904 1558 2047 1614 Hinc
2078 1561 2356 1632 estquod
2411 1560 2767 1634 plerumque
2825 1562 2967 1618 Adae
3023 1562 3203 1634 culpa
3251 1565 3566 1619 committi-

1902 1653 1998 1704 tur
2048 1649 2225 1705 etiam
2253 1666 2393 1705 cum
2423 1649 2659 1720 abjecta
2689 1654 2746 1706 et
2774 1651 2914 1707 vilia
2961 1657 3306 1708 sumuntur.
3367 1657 3567 1726 Neque

133 1720 303 1813 m9!!!
326 1720 384 1812 (ξι
409 1715 1226 1816 cgnﬁnenllatn‘cqmponls
1282 1720 1588 1816 operibus.
1644 1723 1794 1788 ΩιιῘᾶ
1824 1750 1864 1803 Β
1903 1738 2062 1793 enim
2104 1738 2300 1794 Adam
2323 1740 2508 1806 solus,
2538 1747 2660 1796 uta
2685 1740 2864 1797 vetito
2893 1757 2954 1798 se
3002 1758 3188 1814 pomo
3239 1715 3568 1816 suspende-

132 1804 394 1877 quisquis
422 1804 633 1860 divino
663 1805 993 1863 ministerio
1023 1807 1195 1879 fungi
1241 1812 1490 1882 appetit,
1545 1825 1793 1868 necesse

134 1897 214 1949 est
240 1899 301 1948 ut
322 1894 594 1965 primum
649 1901 808 1951 caste
838 1896 1336 1970 continenterque
1388 1898 1572 1971 vivat,
1615 1915 1687 1957 ac
1709 1901 1793 1957 sic

135 1982 191 2038 in
213 1983 385 2039 bonis
418 1985 711 2058 operibus
751 1986 1144 2059 semetipsum
1176 1992 1470 2045 exerceat.

203 2096 229 2122 «ι
268 2076 446 2129 Porro
489 2073 599 2129 ﬁlii
649 2074 797 2144 Heli,
832 2080 890 2132 et
940 2075 1046 2131 ﬁlii
1087 2076 1286 2148 Belial,
1316 2078 1653 2134 nescientes
1683 2080 1796 2136 Do-

141 2186 165 2211 ι
203 2163 430 2220 minum
477 2181 680 2238 neque
733 2166 1002 2222 ofﬁcium
1059 2169 1442 2226 sacerdotum
1493 2170 1574 2226 ad
1606 2186 1797 2244 popu-

141 2276 166 2302 ‹‹
201 2253 342 2320 lum,
377 2254 486 2311 sed
533 2256 885 2328 quicunque
937 2257 1311 2314 immolasset
1338 2259 1670 2327 victimam,
1700 2277 1796 2316 ve-

99 2379 102 2381 λ
140 2365 165 2392 «
201 2345 571 2417 niebatpuer
604 2345 931 2402 sacerdotis
959 2347 1106 2403 dum
1127 2354 1530 2420 coquerentur
1559 2365 1790 2413 carnes,

138 2454 161 2480 (ι
200 2439 253 2489 et
272 2434 543 2490 habebat
575 2434 940 2491 fuscinulam
987 2436 1305 2493 tridentem
1334 2437 1396 2493 in
1417 2454 1609 2494 manu
1657 2455 1790 2509 sua,

137 2543 159 2569 ει
198 2527 250 2577 et
278 2522 554 2578 mittebat
584 2538 721 2578 eam
746 2523 806 2579 in
837 2523 1116 2589 lebetem,
1151 2526 1242 2582 vel
1271 2527 1334 2582 in
1375 2527 1728 2599 caldariam,
1762 2553 1791 2578 ››

134 2615 186 2665 et
217 2610 462 2684 reliqua,
521 2628 845 2686 usquequo
899 2613 1001 2681 ait,
1057 2617 1254 2670 «Erat
1302 2631 1445 2687 ergo
1475 2623 1794 2689 peccatum

135 2722 158 2745 α
197 2715 520 2772 puerorum
553 2701 783 2770 grande
815 2701 993 2758 nimis
1015 2719 1224 2759 coram
1252 2703 1530 2775 Domino,
1562 2706 1668 2778 qui
1695 2706 1795 2762 de-

133 2812 157 2838 «
195 2790 506 2846 trahebant
553 2805 767 2846 omnes
821 2791 1116 2848 sacriﬁcio
1149 2794 1404 2850 Domini.
1441 2816 1468 2842 »
1493 2795 1595 2850 Hic
1625 2795 1789 2852 enim

133 2879 267 2934 nihil
301 2879 466 2935 aliud
491 2880 669 2951 juxta
693 2894 1016 2950 anagogen
1063 2881 1261 2938 dicere
1317 2898 1648 2954 possumus
1678 2885 1794 2940 nisi

132 2968 453 3024 secundum
512 2968 808 3024 moralem
861 2969 1336 3042 intelligentiam,
1391 2988 1580 3045 quam
1608 2973 1793 3030 solers

136 3058 484 3130 sapientium
519 3058 797 3114 doctrina
827 3060 1086 3116 ethicam
1117 3066 1313 3129 vocat,
1346 3062 1604 3134 qualiter
1633 3063 1791 3119 mul-

135 3146 168 3200 ti
195 3162 295 3218 per
323 3148 666 3221 appetitum
697 3148 877 3218 gulae,
907 3154 963 3205 et
1014 3165 1302 3206 mucrone
1355 3151 1793 3224 concupiscen-

135 3238 216 3291 tiw
245 3244 520 3308 pereunt.
558 3239 826 3302 Quorum
860 3239 1203 3311 qualitates,
1266 3245 1329 3296 ut
1357 3240 1625 3313 liquidus
1675 3241 1794 3296 lec-

134 3328 214 3379 tor
267 3341 634 3397 cognoscere
686 3327 895 3399 possit,
955 3327 1226 3401 quinque
1283 3329 1523 3394 modos,
1559 3329 1794 3386 divina-

132 3429 255 3470 rum
309 3417 756 3489 Scripturarum
831 3420 1185 3474 auctoritate
1242 3417 1395 3488 freti,
1454 3418 1796 3476 describere

131 3504 490 3573 conabimur,
551 3505 704 3561 sicut
755 3509 920 3579 Papa
953 3508 1271 3578 Gregorius
1299 3507 1481 3563 etiam
1511 3508 1636 3563 suis
1666 3507 1796 3563 dic-

136 3591 197 3645 tis
223 3595 490 3650 asseruit.
561 3594 906 3667 Aliquando
961 3612 1231 3669 namque
1273 3597 1619 3668 indigentiae
1655 3602 1796 3653 tem-

134 3695 269 3752 pora
290 3684 605 3757 praevenit,
639 3684 973 3757 aliquando
1003 3701 1147 3742 vero
1171 3690 1409 3758 tempus
1467 3702 1590 3741 non
1646 3702 1797 3758 prm-

135 3773 294 3841 venit,
377 3774 486 3831 sed
549 3774 718 3829 cibos
781 3773 1067 3830 lautiores
1154 3775 1386 3848 quaerit.
1449 3775 1793 3848 Aliquando

131 3862 414 3933 quaelibet,
445 3880 588 3936 qua:
618 3863 916 3920 sumenda
945 3869 1104 3931 sunt,
1165 3865 1492 3937 praeparari
1541 3881 1791 3921 accura-

133 3949 237 4004 tius
262 3953 496 4025 eXpetit.
513 3951 858 4024 Aliquando
871 3957 1076 4008 autem
1098 3952 1456 4025 qualitatem
1492 3952 1788 4021 ciborum,

134 4042 368 4114 tempori
395 4043 698 4112 congruit,
733 4043 839 4098 sed
868 4042 931 4097 in
960 4042 1095 4115 ipsa
1124 4043 1459 4115 quantitate
1484 4044 1786 4100 sumendi.

133 4144 463 4188 mensuram
492 4131 832 4188 refectionis
857 4132 1110 4188 excedit.
1161 4137 1607 4206 Nonnunquam
1648 4150 1788 4190 vero

134 4218 415 4290 abjectum
445 4227 539 4278 est
563 4222 732 4293 quod
758 4221 1076 4278 desiderat.
1112 4226 1169 4278 et
1195 4227 1396 4278 tamen
1456 4225 1588 4295 ipso
1638 4227 1790 4280 aestu

131 4307 390 4367 immensi
418 4310 708 4368 desiderii
731 4311 993 4367 deterius
1027 4318 1256 4383 peccat.
1320 4312 1514 4368 Mortis
1560 4312 1786 4385 quippe

134 4401 470 4456 sententiam
497 4399 687 4473 patris
715 4415 816 4456 ore
841 4400 1144 4456 Jonathan
1166 4401 1412 4466 meruit,
1436 4402 1542 4473 qui
1563 4401 1628 4456 in
1650 4418 1786 4470 gus-

135 4490 189 4541 tu
215 4489 398 4544 mellis
443 4469 842 4547 constitutum
872 4489 1090 4546 edendi
1155 4497 1392 4562 tempus
1447 4469 1781 4546 antecessit.
1818 4469 1864 4524 Β

133 4577 461 4652 ΕιτΕεγριο
516 4579 783 4652 populus
839 4579 1093 4636 eductus
1155 4580 1217 4635 in
1249 4597 1452 4637 eremo
1480 4580 1783 4649 occubuit,

134 4665 262 4736 quia
285 4668 571 4742 despecto
601 4685 850 4737 manna,
884 4669 1052 4725 cibos
1103 4669 1377 4724 carnium
1412 4669 1598 4742 petiit,
1630 4685 1786 4742 quos

134 4752 392 4813 lautiores
419 4759 676 4831 putavit.
708 4759 776 4814 Et
804 4757 1002 4830 prima
1031 4761 1211 4829 (sicut
1235 4757 1330 4814 hic
1362 4764 1553 4815 textus
1607 4759 1789 4814 histo-

134 4843 221 4900 riae
247 4846 471 4909 edocet)
505 4847 770 4904 ﬁliorum
802 4848 929 4904 Heli
958 4848 1137 4920 culpa
1171 4848 1421 4906 suborta
1463 4855 1570 4918 est,
1619 4849 1787 4922 quod

137 4949 195 4986 ex
224 4951 425 4993 eorum
455 4943 596 4994 voto
623 4937 952 4994 sacerdotis
982 4953 1152 5010 puer,
1181 4955 1304 4994 non
1335 4941 1586 5012 antiquo
1620 4955 1786 4994 more

138 5033 334 5097 coctas,
367 5027 543 5085 vellet
564 5028 639 5084 de
672 5029 965 5084 sacriﬁcio
990 5034 1048 5083 et
1077 5045 1290 5084 carnes
1341 5031 1635 5102 accipere,
1677 5031 1785 5087 sed

139 5117 335 5171 crudas
393 5123 712 5191 quaereret,
768 5135 926 5190 quas
983 5120 1320 5174 accuratius
1359 5120 1683 5175 exhiberet.
1721 5123 1786 5176 Et

138 5216 258 5259 cum
311 5207 388 5261 ad
442 5207 776 5262 Jerusalem
828 5207 1044 5263 dicitur
1091 5225 1103 5262 :
1163 5231 1190 5258 ‹‹
1225 5213 1358 5264 Haec
1411 5209 1520 5264 fuit
1570 5209 1782 5281 iniqui-

141 5295 216 5346 tas
289 5298 563 5353 Sodomae
645 5297 865 5353 sororis
940 5303 1074 5365 tuae,
1137 5298 1440 5370 superbia,
1501 5299 1780 5354 saturitas

141 5385 313 5456 panis,
396 5393 453 5444 et
531 5387 911 5444 abundantia
993 5405 1169 5459 aqure
1258 5388 1494 5456 (Ezech.
1553 5389 1696 5460 vn),
1750 5410 1777 5436 ››

141 5479 317 5540 aperte
368 5478 724 5540 ostenditur,
775 5477 942 5549 quod
1001 5477 1224 5533 idcirco
1278 5478 1533 5533 salutem
1587 5478 1780 5550 perdi-

142 5558 230 5629 dit,
256 5565 390 5635 quia
411 5583 554 5622 cum
582 5565 881 5638 superbiae
907 5567 1044 5622 vitio
1074 5583 1422 5622 mensuram
1453 5567 1778 5624 moderatae

145 5652 447 5710 refectionis
529 5659 805 5712 excessit.
891 5660 956 5712 Et
1034 5658 1578 5729 primogenitorum
1659 5657 1779 5727 glo-

144 5738 272 5797 riam
326 5747 476 5804 Esau
524 5747 743 5815 amisit,
817 5748 961 5820 quia
1017 5764 1241 5817 magno
1299 5752 1448 5804 aestu
1478 5747 1775 5816 desiderii,

1902 1833 2007 1895 ret,
2058 1835 2429 1902 praeceptum
2476 1829 2898 1903 probibitionis
2925 1831 3152 1903 accepit
3185 1848 3199 1887 :
3233 1848 3376 1888 nam
3427 1849 3567 1888 cum

1903 1916 2189 1973 alimenta
2213 1917 2498 1980 quaedam
2553 1918 2732 1974 saluti
2786 1924 3006 1975 nostrae
3061 1921 3216 1975 Deus
3269 1921 3568 1977 contraria

1902 2006 2146 2076 indicat,
2206 2006 2284 2062 ab
2341 2007 2433 2062 his
2485 2023 2596 2062 nos
2627 2007 2801 2080 quasi
2859 2023 2967 2080 per
2997 2009 3354 2064 sententiam
3383 2015 3564 2067 vetat.

1905 2098 1972 2151 Et
2022 2111 2160 2150 cum
2218 2097 2720 2168 concupiscentur
2775 2097 2978 2161 noxia,
3040 2097 3390 2167 attingimus
3434 2114 3570 2170 pro—

1905 2183 2058 2239 fecto
2109 2183 2276 2256 quod
2327 2184 2490 2240 aliud
2533 2201 2723 2257 quam
2768 2185 2945 2241 vetita
3002 2185 3396 2256 degustamus
3427 2186 3454 2241 ‘7
3487 2190 3568 2242 Ea

1905 2274 2106 2346 itaque
2187 2274 2486 2329 sumenda
2540 2279 2700 2344 sunt,
2763 2291 2896 2347 quae
2954 2278 3183 2331 naturae
3242 2277 3568 2332 necessitas

1907 2363 2138 2436 quaerit,
2173 2367 2229 2419 et
2255 2379 2380 2419 non
2410 2379 2547 2435 quae
2575 2363 2792 2419 edendi
2819 2363 3006 2419 libido
3036 2365 3317 2434 suggerit.
3350 2369 3497 2421 Nam
3519 2366 3569 2421 si

1908 2452 2043 2524 quis
2055 2451 2462 2525 voluptatibus
2480 2451 2631 2522 gulae
2651 2451 2997 2508 inetfrenate
3013 2453 3309 2509 deservire
3332 2455 3569 2509 studue-

1907 2541 2002 2607 rit,
2051 2541 2131 2598 ad
2184 2542 2423 2598 foveam
2479 2541 2761 2597 vitiorum
2808 2542 3050 2612 gravius
3093 2542 3445 2615 prolabitur.
3503 2547 3573 2600 Et

1907 2632 2087 2688 etiam
2146 2631 2223 2687 ab
2280 2635 2436 2686 statu
2491 2631 2863 2686 rectitudinis
2922 2632 3170 2700 cadens,
3203 2633 3282 2688 ad
3312 2639 3570 2689 mortem

1905 2722 2122 2777 animae
2180 2721 2561 2793 pertrahitur,
2618 2725 2674 2776 et
2724 2720 2957 2776 bonum
2991 2722 3157 2794 quod
3203 2722 3440 2778 videtur
3469 2723 3571 2779 ha-

1905 2810 2044 2866 bere
2073 2810 2305 2866 amittit.
2331 2809 2506 2875 Quod
2535 2809 2610 2865 de
2640 2810 2733 2864 his
2764 2810 2899 2865 ﬁliis
2923 2811 3046 2866 Heli
3077 2811 3138 2865 in
3171 2811 3568 2884 sequentibus

1904 2901 2368 2970 demonstratur,
2427 2899 2533 2972 qui
2587 2904 2830 2972 propter
2892 2899 3204 2956 libidinem
3259 2900 3412 2969 gulae
3491 2901 3570 2956 ad

1902 2990 2104 3060 majus
2135 2994 2449 3060 peccatum
2516 2988 2606 3043 sui
2659 2988 3096 3044 cumulandum
3145 2995 3568 3060 pervenerunt,

1829 3109 1870 3166 ρ
1903 3083 1968 3134 ut
1996 3078 2327 3133 dormirent
2353 3093 2492 3132 cum
2520 3076 2873 3166 mulieribus
2907 3080 2963 3132 et
3015 3078 3350 3147 transgredi
3407 3079 3568 3134 face-

1902 3171 2034 3223 rent
2071 3166 2365 3238 populum
2398 3165 2652 3220 Domini.
2691 3164 2856 3220 Unde
2883 3180 3006 3219 non
3037 3165 3234 3220 solum
3287 3182 3323 3222 a
3379 3183 3572 3221 sacer-

1904 3256 2068 3312 dotio
2096 3255 2264 3326 ejecti
2296 3269 2455 3324 sunt,
2488 3253 2592 3309 sed
2623 3254 2803 3310 etiam
2845 3257 3034 3310 morte
3068 3253 3356 3310 mulctati.
3417 3256 3569 3311 Nam

1905 3345 2175 3418 sequitur
2208 3363 2220 3399 :

1975 3454 2003 3487 ‹
2047 3433 2170 3489 Heli
2203 3437 2405 3488 autem
2433 3449 2614 3488 senex
2645 3437 2772 3488 erat
2801 3432 2997 3500 valde,
3030 3437 3084 3489 et
3114 3433 3341 3489 audivit
3361 3434 3571 3490 omnia

1905 3547 1931 3572 ‹‹
1975 3539 2110 3596 qute
2142 3522 2443 3578 faciebant
2472 3521 2575 3577 ﬁlii
2605 3521 2695 3578 sui
2728 3523 3007 3578 universo
3054 3523 3274 3593 Israeli,
3329 3527 3386 3578 et
3414 3539 3568 3595 quo-

1905 3637 1932 3663 ‹‹
1975 3613 2159 3668 modo
2190 3611 2572 3667 dormiebant
2602 3628 2741 3667 cum
2769 3612 3146 3677 mulieribus,
3173 3636 3200 3662 ››
3236 3617 3345 3668 etc.
3373 3615 3571 3677 Quan-

1901 3718 2090 3775 quam
2121 3701 2468 3774 simpliciter
2498 3701 2770 3756 nonnulli
2795 3718 2976 3773 super
2999 3701 3292 3757 adulterio
3322 3701 3568 3771 intelligi

1901 3791 2104 3856 velint,
2139 3796 2200 3846 ut
2226 3791 2527 3862 losephus
2558 3806 2803 3862 quoque
2830 3791 2990 3857 dicit,
3027 3790 3379 3845 mulieribus
3438 3790 3567 3845 reli-

1902 3880 2096 3951 gionis
2148 3896 2332 3935 causa
2388 3879 2883 3934 convenientibus
2931 3879 3324 3934 contumelias
3350 3879 3565 3934 infere-

1899 3971 2068 4040 bant,
2101 3969 2232 4024 aliis
2260 3968 2507 4040 quidem
2541 3967 2854 4023 violentias
2886 3968 3192 4037 facientes,
3241 3968 3370 4023 aliis
3426 3984 3562 4023 vero

1897 4058 2330 4132 persuadentes
2361 4057 2556 4112 donis.
2597 4055 2867 4129 Nihilque
2901 4073 3110 4112 eorum
3141 4057 3261 4113 vita
3291 4073 3326 4113 a
3357 4063 3562 4129 tyran-

1897 4147 2037 4203 nide
2064 4147 2327 4218 pessima
2356 4145 2690 4216 differebat,
2723 4146 2889 4218 quod
2943 4151 2999 4201 et
3049 4147 3236 4202 nostri
3285 4147 3560 4203 doctores

1897 4240 2175 4292 asserunt
2208 4240 2441 4291 :tamen
2471 4235 2767 4290 dormisse
2793 4252 2895 4290 eos
2925 4236 3131 4292 dicunt
3162 4236 3388 4292 Hebrzei
3418 4254 3559 4292 cum

1898 4324 2250 4380 mulieribus
2274 4341 2410 4397 quae
2437 4323 2843 4381 observabant
2871 4325 2951 4382 ad
3003 4325 3222 4381 ostium
3280 4324 3559 4380 taberna-

1896 4414 2011 4470 culi
2042 4430 2112 4469 eo
2137 4413 2303 4486 quod
2320 4417 2457 4484 post
2484 4414 2772 4470 menstrui
2804 4420 3040 4488 tempus
3071 4420 3175 4471 aut
3198 4419 3558 4486 partus,non

1895 4503 2138 4577 impleto
2172 4503 2509 4559 secundum
2537 4503 2684 4574 legis
2709 4508 3080 4577 praeceptum
3109 4502 3560 4571 sacriﬁcio,sua-

1895 4595 2123 4650 debant
2151 4595 2235 4650 eis
2265 4595 2344 4650 ad
2373 4595 2535 4650 viros
2567 4611 2707 4650 suos
2734 4596 2925 4650 redire
2957 4596 3165 4667 eisque
3192 4593 3560 4650 adcommis-

1896 4685 2033 4740 ceri.
2071 4687 2136 4739 Et
2168 4685 2430 4739 dormire
2460 4684 2596 4739 ideo
2629 4684 2930 4750 dicuntur,
2973 4684 3120 4756 quia
3145 4699 3248 4738 eas
3297 4679 3558 4735 dormire

1896 4791 2034 4830 cum
2062 4773 2206 4828 viris
2237 4773 2360 4827 suis
2395 4775 2604 4827 contra
2633 4772 2780 4842 legis
2818 4778 3189 4844 praeceptum
3235 4767 3555 4824 faciebant.

1896 4863 2067 4920 Unde
2095 4862 2257 4918 idem
2288 4860 2410 4916 Heli
2439 4863 2579 4932 post
2618 4860 2866 4932 paulum
2892 4860 2975 4915 ait
3003 4875 3020 4916 :

1969 4976 1996 5002 ‹‹
2040 4957 2167 5008 Non
2193 4955 2282 5006 est
2305 4949 2467 5005 enim
2496 4948 2661 5004 bona
2709 4949 2873 5004 fama
2900 4963 3088 5019 quam
3116 4961 3228 5016 ego
3254 4944 3456 5012 audio,
3492 4950 3559 5002 ut

1898 5065 1924 5088 «
1955 5039 2290 5108 transgredi
2309 5036 2538 5094 faciatis
2559 5036 2857 5109 populum
2877 5035 3134 5090 Domini.
3151 5055 3180 5087 ›
3203 5039 3556 5104 Transgres-

1895 5130 2126 5184 sionem
2157 5142 2299 5195 ergo
2331 5126 2597 5198 populus
2626 5124 2904 5192 faciebat,
2938 5125 3082 5197 quia
3109 5124 3399 5181 sacriﬁcio
3432 5141 3554 5178 non

1891 5219 1998 5274 rite
2030 5221 2273 5288 peracto
2301 5214 2589 5270 uxoribus
2623 5214 2745 5268 suis
2770 5214 3158 5284 jungebatur.
3205 5215 3362 5268 Sicut
3393 5214 3554 5267 enim

1891 5303 2328 5376 extorquebant
2370 5317 2581 5358 carnes
2631 5301 2710 5358 ab
2743 5302 3116 5367 immolante,
3138 5303 3219 5358 ita
3239 5303 3418 5357 etiam
3451 5317 3553 5356 ex-

1892 5393 2255 5466 torquebant
2285 5391 2650 5447 sacriﬁcium
2683 5392 2762 5448 ab
2792 5391 3096 5448 offerente.
3133 5395 3197 5446 Et
3223 5389 3446 5445 idcirco
3479 5389 3555 5446 si-

1890 5488 1990 5540 cut
2013 5481 2076 5537 in
2105 5480 2426 5537 oiferendis
2453 5479 2739 5538 omnibus
2793 5479 3094 5536 faciebant
3141 5479 3420 5535 homines
3453 5480 3553 5536 de-

1888 5569 2122 5624 trahere
2154 5567 2445 5624 sacriﬁcio
2478 5566 2732 5637 Domim,
2772 5568 2854 5624 ita
2885 5584 3129 5640 quoque
3160 5567 3554 5624 nihilominus

1888 5657 1949 5713 in
1975 5657 2416 5728 conjungendis
2447 5656 2738 5712 uxoribus
2764 5657 3099 5728 transgredi
3119 5658 3418 5714 faciebant
3443 5674 3550 5730 po-

1890 5747 2127 5819 pulum.
2148 5749 2343 5813 Quam
2373 5745 2824 5816 intelligentiam
2852 5747 2901 5804 si
2924 5746 3061 5820 quis
3085 5748 3255 5822 sequi
3276 5747 3549 5815 voluerit,
