3944 6412
363 246 470 300 275

1467 243 1824 300 ANGELOMI
1865 233 2336 296 LUXOVIENSIS
2375 232 2690 292 MONACHI

3687 238 3792 296 276

367 379 479 421 suo
520 364 750 436 judicio
795 364 1266 439 derelinquimus
1302 382 1316 421 :
1348 381 1460 422 nos
1513 365 1776 440 priorem
1829 361 2021 430 magis
2056 365 2103 420 Α
2134 379 2160 405 α
2205 356 2598 424 Sacerdotem,
2653 361 2710 412 θι
2759 355 2909 414 dixit
2936 355 2988 412 εί
3024 372 3037 414 ε
3071 355 3212 410 ΗίΒο
3263 354 3404 413 die“
3449 357 3785 418 Dominus:

367 453 537 527 sequi
563 453 962 511 decernimus.

441 566 470 596 ί(
513 543 571 600 Si
599 543 933 616 peccaverit
985 545 1072 601 vir
1101 543 1164 600 in
1211 543 1428 610 virum,
1476 545 1704 618 placari
1747 544 1798 601 ei
1832 545 2026 616 potest

371 655 399 683 «
442 632 637 701 Deus;
695 633 742 688 si
772 638 974 689 autem
1028 633 1088 690 in
1139 635 1327 690 Deum
1359 635 1692 706 peccaverit
1751 634 1856 699 vir,
1890 632 2024 704 quis

371 743 399 773 ι(
441 721 635 780 orabit
653 737 763 794 pro
795 737 864 777 eo
893 723 920 779 ?
948 745 976 772 »
1007 725 1136 777 Non
1163 721 1342 793 igitur
1379 739 1450 778 eo
1481 723 1665 779 modo
1715 723 1779 780 in
1807 721 2022 787 virum,

370 827 494 885 quo
547 810 609 868 in
664 814 851 868 Deum
905 816 1188 885 peccatur
1219 830 1232 869 :
1261 811 1408 884 quia
1461 813 1520 867 in
1549 812 1744 869 virum
1775 825 2026 884 peccare

368 904 682 976 peccatum
711 900 1132 974 qualecunque
1163 906 1272 971 est,
1305 902 1609 974 leviorque
1635 900 1928 956 remissio.
1960 901 2025 954 In

370 991 558 1048 Deum
587 1006 726 1046 vero
766 1005 1035 1063 peccare,
1068 991 1126 1045 id
1155 995 1266 1063 est,
1298 991 1375 1046 ab
1416 992 1544 1061 ejus
1577 991 1737 1046 cultu
1795 989 2028 1046 περιιο-

367 1095 452 1150 re,
482 1078 805 1152 impietatis
836 1084 1152 1154 peccatum
1172 1080 1709 1152 est,ditficiliorque
1731 1077 2024 1134 remissio.

371 1173 436 1226 Et
459 1169 755 1242 quoniam
813 1185 953 1225 cum
1005 1169 1067 1223 in
1123 1169 1321 1226 virum
1365 1169 1502 1242 quis
1533 1174 1759 1242 peccat,
1789 1168 2027 1240 placato

372 1259 487 1315 sibi
514 1259 665 1330 viro,
695 1257 836 1316 facit
861 1258 975 1314 sibi
997 1259 1185 1314 Deum
1211 1259 1567 1332 placabilem
1595 1278 1608 1327 ;
1633 1260 1692 1315 in
1718 1263 1905 1314 Deum
1929 1274 2031 1312 au-

370 1353 494 1406 tem
525 1365 665 1404 eum
694 1348 830 1420 quis
855 1353 1082 1420 peccat,
1131 1349 1265 1422 quis
1296 1349 1492 1405 orabit
1517 1365 1626 1421 pro
1679 1351 1798 1404 eo?
1841 1349 1922 1402 Ae
1982 1346 2028 1401 si

371 1435 650 1494 dicatur:
684 1436 796 1492 Per
824 1453 1028 1510 quem,
1063 1439 1249 1494 Deum
1281 1438 1395 1494 sibi
1452 1439 1512 1493 in
1543 1455 1726 1510 quem
1760 1435 2032 1510 peccavit

373 1524 702 1598 propitium
731 1523 924 1582 facere
955 1531 1296 1598 potuerunt.
1348 1530 1568 1583 Tamen
1601 1544 1718 1582 non
1757 1529 1833 1582 ita
1862 1525 2030 1580 intelo

374 1611 688 1682 ligendum
745 1617 853 1683 est,
883 1613 1050 1688 quod
1108 1615 1272 1670 nulla
1329 1617 1502 1670 venia
1533 1615 1830 1686 speranda
1864 1615 1931 1666 sit
1964 1613 2031 1667 iis

2135 468 2162 496 ί(
2205 446 2488 520 Nunquid
2509 462 2628 502 non
2661 451 2862 518 aperte
2889 444 3188 501 revelatus
3213 461 3350 502 sum
3375 445 3585 504 domui
3609 450 3792 521 patris

2135 557 2162 583 ‹‹
2205 534 2307 602 tui,
2340 551 2480 592 cum
2510 541 2668 591 esset
2695 535 2758 590 in
2786 538 3041 607 Egypto
3067 534 3095 590 ‘I
3129 557 3158 584 »
3215 534 3473 592 Domum
3507 537 3792 613 principis

2135 623 2224 678 sui
2253 627 2451 679 Aaron
2480 623 2622 680 dicit
2651 624 2725 680 de
2757 624 2929 696 cujus
2956 623 3137 695 stirpe
3165 623 3455 684 successit
3484 623 3546 684 in
3605 643 3814 686 sacer-.

2135 712 2388 771 dotium.
2421 714 2526 769 Cui
2556 730 2616 768 se
2646 712 2976 770 revelatum
3024 711 3314 768 Dominus
3370 713 3514 771 dicit
3543 716 3790 788 quando

2135 803 2215 859 ait
2245 803 2305 857 in
2334 806 2587 874 ASgypto
2621 821 2632 857 :
2670 826 2699 854 ι(
2732 801 2896 858 Vade
2927 801 2988 858 in
3017 817 3338 858 occursum
3369 804 3554 876 Moysi
3601 805 3664 864 in
3693 805 3794 862 de-

2138 896 2364 946 sertum
2391 890 2605 961 tExed.
2637 892 2733 962 iv).
2770 913 2796 942 ››
2831 891 2933 946 ilic
2959 891 3226 964 primum
3254 891 3553 950 revelatus
3593 893 3702 950 fuit
3744 895 3795 954 ei

2137 981 2446 1049 Dominus,
2477 986 2656 1054 atque
2683 981 2762 1038 ad
2791 980 3196 1037 obedientiam
3218 981 3559 1053 destinavit,
3585 988 3646 1040 et
3667 1000 3797 1057 pos-

2136 1075 2232 1126 tea
2263 1086 2383 1125 non
2411 1070 2605 1125 solum
2633 1069 2779 1142 ipse,
2813 1069 2919 1126 sed
2945 1071 3124 1126 etiam
3154 1087 3368 1128 omnes
3397 1071 3590 1130 tribus
3616 1073 3681 1132 in
3711 1090 3795 1132 sa-

2136 1159 2439 1217 cerdotem
2465 1160 2789 1230 elegerunt.
2824 1159 2988 1216 Unde
3019 1159 3232 1217 dicitur
3264 1177 3278 1216 :

2209 1271 2236 1299 ι(
2283 1251 2347 1305 Et
2383 1248 2696 1318 elegieum
2727 1265 2799 1305 ex
2839 1249 3125 1306 omnibus
3153 1249 3432 1308 tribubus
3450 1249 3628 1310 israel
3655 1252 3798 1311 mihi

2139 1359 2167 1388 «
2208 1338 2268 1394 in
2302 1337 2695 1407 sacerdotem,
2726 1343 2788 1394 ut
2817 1336 3166 1394 ascenderet
3196 1337 3278 1394 ad
3322 1338 3514 1396 altare
3543 1356 3754 1398 meum
3780 1357 3795 1398 :

2140 1448 2168 1478 «-
2209 1431 2263 1481 et
2295 1425 2558 1482 adoleret
2608 1425 2755 1482 mihi
2804 1426 3138 1494 incensum,
3195 1431 3255 1483 et
3309 1431 3574 1498 portaret
3601 1428 3798 1500 ephod

2142 1541 2167 1568 α
2211 1533 2416 1572 coram
2447 1532 2560 1571 me.
2621 1519 2686 1572 Et
2737 1515 2876 1571 dedi
2899 1515 3111 1574 domui
3137 1516 3326 1590 patris
3374 1517 3457 1574 tui
3489 1517 3702 1575 omnia
3729 1518 3800 1574 de

2146 1631 2170 1656 «ι
2213 1607 2517 1661 sacrificiis
2548 1606 2810 1662 ﬁliorum
2842 1606 3038 1664 lsrael.
3077 1609 3274 1672 Quare
3304 1605 3467 1664 calce
3493 1607 3797 1678 abjecistis

376 1697 482 1769 qui
512 1696 571 1751 in
602 1696 808 1753 divino
847 1698 1042 1755 ofﬁcio
1091 1699 1318 1772 aliquid
1375 1700 1752 1772 deliquerint,
1802 1697 2030 1754 etiamsi
2063 1721 2107 1776 Β
2146 1719 2171 1745 ‹‹
2217 1695 2522 1751 victimam
2563 1711 2766 1752 meam
2791 1700 2846 1752 et
2875 1711 3131 1753 munera
3183 1711 3322 1753 mea
3357 1712 3495 1768 quae
3545 1695 3802 1770 princepi

375 1785 558 1856 digne
587 1785 999 1858 paenitentiam
1029 1793 1256 1860 gerant,
1282 1789 1386 1844 sed
1425 1789 1588 1862 quod
1638 1787 1933 1844 ditlieilior
1964 1786 2035 1840 sit

377 1875 553 1932 venia
582 1880 638 1932 et
663 1876 860 1946 major
887 1878 1125 1946 agenda
1157 1879 1503 1950 paenitentia
1533 1879 1602 1933 iis
1629 1879 1729 1951 qui
1762 1879 1823 1934 in
1853 1878 2033 1932 rebus

380 1968 500 2022 Deo
559 1965 809 2021 sacratis
873 1967 1209 2038 offendunt,
1267 1985 1453 2042 quam
1508 1968 1609 2040 qui
1693 1968 2036 2041 proximum

381 2069 562 2109 suum
589 2052 653 2108 in
677 2051 862 2109 verbo
889 2054 978 2109 vel
1009 2055 1072 2110 in
1140 2054 1297 2112 facto
1329 2056 1558 2128 aliquid
1611 2055 1844 2111 liesi-rit.
1891 2055 2038 2114 Quia

379 2146 608 2216 quanto
658 2142 854 2213 major
905 2142 1113 2213 gloria,
1175 2148 1338 2200 tanto
1371 2145 1610 2214 gravior
1655 2145 1730 2200 sit
1784 2145 2034 2198 oili-usa.

380 2231 480 2290 llic
505 2231 844 2288 notandum
873 2236 961 2290 est
1013 2233 1314 2301 siquidem
1359 2235 1504 2308 quia
1558 2235 1917 2309 pl‘tBsulllmS
1971 2250 2038 2289 ae

378 2320 664 2380 omnibus
696 2319 801 2394 qui
829 2326 1097 2396 praesunt
1123 2323 1348 2397 populo
1379 2323 1736 2390 Christiano,
1771 2323 2040 2378 conside-

379 2409 642 2468 randum
698 2414 789 2466 est
845 2411 1142 2477 subtilius,
1200 2411 1454 2485 qualiter
1496 2413 1601 2469 ﬁlii
1665 2414 1783 2468 Heli
1835 2413 2040 2468 divina

381 2499 676 2557 sacrificia
716 2503 1073 2557 temerantes
1128 2501 1465 2572 peccabant
1516 2518 1721 2558 coram
1764 2502 2037 2566 Domino,

383 2592 442 2646 et
467 2587 823 2644 deridebant
859 2605 965 2662 per
1013 2605 1117 2645 eos
1148 2589 1318 2646 multi
1365 2591 1726 2648 sacrificium
1785 2591 2039 2660 Domini,

385 2675 547 2734 unde
575 2680 632 2733 et
662 2676 789 2734 Heli
813 2678 1092 2734 sacerdos
1117 2695 1224 2751 per
1243 2694 1452 2734 eorum
1483 2679 1853 2752 iniquitatem
1876 2681 2044 2734 dam-

385 2769 564 2822 natus
587 2769 697 2834 cst,
729 2765 895 2837 quod
925 2782 1028 2822 eos
1058 2771 1373 2838 peccantes
1417 2768 1618 2824 minus
1667 2786 1868 2824 severa
1913 2768 2042 2824 ani-

384 2853 811 2912 madversione
868 2855 1163 2912 flectebat.
1219 2859 1286 2912 Et
1343 2857 1590 2928 quidem
1647 2860 1924 2928 coercuit,
1987 2861 2044 2914 et

387 2941 636 3018 quidem
691 2943 994 3016 corripuit,
1056 2944 1164 3000 sed
1220 2943 1457 3002 lenitate
1487 2951 1544 3002 et
1581 2948 2042 3004 mansuetudine

385 3035 592 3105 patris,
643 3046 770 3088 non
825 3033 1136 3090 severitate
1184 3038 1241 3090 et
1290 3037 1636 3092 auctoritate
1699 3037 2037 3109 pontificis:

385 3137 512 3196 qua
539 3121 832 3178 sententia
861 3121 1097 3180 discant
1121 3125 1460 3180 sacerdotes
1491 3127 1580 3196 (ut
1606 3126 1800 3184 dicere
1857 3128 2039 3200 coepi-

383 3211 546 3282 mus)
574 3211 742 3284 quod
774 3227 895 3269 non
944 3212 1208 3270 debeant
1259 3219 1503 3288 propter
1560 3216 1710 3272 ullos
1742 3218 2044 3274 humanos

385 3299 638 3368 favores,
669 3305 774 3357 aut
805 3302 1129 3358 commoda
1160 3307 1390 3359 terrena
1413 3304 1478 3359 iis
1500 3305 1720 3376 quibus
1755 3312 2041 3378 pransum,

383 3387 448 3445 in
472 3389 732 3461 peccatis
761 3390 984 3465 quibus
1016 3396 1269 3462 peccant
1307 3393 1369 3448 in
1423 3395 1632 3462 Deum,
1692 3410 1814 3449 non
1849 3395 2044 3450 solum

387 3484 674 3535 assentire
726 3484 783 3536 et
835 3479 1119 3547 blandiri,
1163 3481 1267 3535 sed
1299 3497 1410 3536 nec
1456 3481 1715 3552 lenitate,
1749 3488 1850 3538 aut
1880 3502 2047 3539 mau-

387 3569 722 3637 suctudine,
754 3567 878 3626 imo
903 3568 1058 3625 dura
1087 3586 1158 3625 ac
1190 3586 1398 3626 severa
1423 3571 1830 3643 increpatione
1863 3575 2044 3629 corri-

387 3674 525 3730 gere
553 3663 610 3716 et
638 3657 962 3717 emendare
993 3675 1007 3716 :
1042 3675 1117 3714 ne
1176 3659 1224 3714 si
1278 3661 1571 3716 tacuerint
1618 3667 1868 3734 peccata
1903 3663 2046 3718 tilio-

385 3763 544 3819 rum,
577 3747 638 3804 id
663 3751 757 3804 est
785 3747 1011 3804 scelera
1061 3747 1448 3820 populorum,
1507 3749 1621 3821 ipsi
1664 3756 1908 3822 pereant
1943 3753 2046 3824 qui

390 3837 636 3895 correcti
663 3854 790 3894 non
813 3837 1068 3905 fuerant,
1100 3842 1156 3894 et
1181 3837 1287 3911 qui
1343 3843 1610 3910 praesunt
1660 3841 1877 3912 pariter
1907 3858 2045 3896 eum

389 3927 475 3983 eis
500 3927 848 4000 puniantur.
901 3927 1073 3993 Quod
1128 3927 1406 4001 quamvis
1461 3929 1650 3984 sancti
1677 3933 1833 3992 sunt,
1869 3930 2045 4002 culpa

391 4020 596 4072 tamen
625 4015 1004 4072 subditorum
1031 4020 1276 4090 propter
1307 4015 1610 4072 silentium
1640 4021 1697 4073 et
1737 4019 2043 4075 mollitiem

390 4104 761 4176 invectionis,
811 4104 863 4160 si
912 4121 1038 4161 non
1073 4109 1402 4168 coerceant,
1458 4106 1542 4162 eis
1569 4107 1959 4179 reputabitur.
2005 4111 2044 4164 E

392 4191 637 4262 regione
655 4208 925 4266 namque
951 4193 1000 4249 si
1024 4193 1198 4264 juxta
1215 4194 1467 4252 modum
1513 4196 1720 4269 culpae,
1773 4197 1926 4253 dura
1953 4198 2045 4254 in-

394 4279 664 4338 vectione
715 4281 1024 4354 increpare
1077 4280 1427 4352 studuerint,
1486 4289 1543 4341 et
1605 4286 1874 4342 antidoto
1926 4304 2046 4342 suae

395 4369 861 4443 prmdicationis,
935 4369 1186 4428 vulnera
1233 4378 1616 4444 peccatorum
1663 4391 1872 4431 curare
1925 4393 2046 4432 non

393 4458 783 4529 neglexerint,
813 4475 1100 4518 coronam
1155 4465 1390 4518 aeternae
1446 4463 1738 4519 mercedis
1766 4465 1954 4520 sciant
1984 4481 2046 4520 se

395 4565 524 4605 esse
575 4554 980 4622 percepturos.
1034 4549 1331 4623 Scriptum
1382 4567 1646 4624 namque
1704 4559 1830 4610 est:
1875 4575 1904 4608 ‹
1937 4554 2048 4620 Qui

393 4639 655 4696 converti
705 4637 907 4696 fecerit
956 4644 1334 4712 peccatorem
1387 4641 1467 4698 ab
1515 4657 1712 4698 errore
1755 4643 1865 4698 viae
1898 4661 2046 4714 suae,

385 4728 934 4795 salvabitanimam
963 4731 1093 4800 ejus
1120 4746 1156 4785 a
1186 4735 1394 4798 morte,
1419 4735 1476 4788 et
1503 4732 1729 4804 operiet
1780 4733 2048 4789 multitu-

393 4819 598 4876 dinem
651 4824 1039 4893 peccatorum
1093 4821 1248 4891 (Jac.
1299 4821 1372 4891 v).
1405 4842 1434 4871 »
1468 4821 1732 4894 Denique
1768 4822 1832 4879 in
1862 4822 2049 4878 Veteri

393 4911 769 4968 Testamento
794 4909 1073 4980 legimus,
1104 4908 1271 4982 quod
1295 4909 1544 4967 Phineas
1585 4912 1866 4968 sacerdos
1896 4911 2046 4967 zela-

394 5003 512 5067 tus,
544 5004 608 5055 ut
631 4999 893 5056 furorem
924 4999 1160 5058 Domini
1179 4999 1466 5074 placaret,
1493 5007 1811 5073 peccantes
1841 5018 2049 5058 coram

395 5086 624 5162 populo
653 5088 915 5160 pugione
946 5089 1260 5160 transﬁxit,
1288 5095 1344 5147 et
1373 5095 1688 5163 propterea
1742 5096 1798 5146 et
1825 5107 2049 5147 nomen

393 5181 454 5236 et
508 5177 912 5234 sacerdotium
962 5183 1253 5235 aeternum
1311 5178 1424 5235 sibi
1473 5180 1820 5252 promeruit.
1878 5179 2050 5246 Quod

394 5267 540 5342 quia
564 5266 694 5325 Heli
722 5267 1245 5325 animadversione
1290 5267 1354 5324 in
1382 5267 1539 5325 ﬁlios
1572 5275 1886 5341 peccatum
1918 5271 2047 5326 vin-

395 5357 597 5414 dicare
653 5355 868 5424 noluit,
920 5371 1046 5414 non
1093 5356 1296 5413 solum
1337 5358 1742 5414 sacerdotium
1768 5359 2046 5430 perdidit,

395 5443 505 5499 sed
531 5445 713 5502 etiam
741 5449 932 5502 morte
959 5444 1286 5502 mulctatus
1335 5449 1442 5514 est,
1493 5447 1644 5502 sicut
1671 5447 1954 5513 diximus,
1995 5451 2051 5503 et

398 5546 572 5588 sacra
609 5533 856 5591 historia
880 5535 944 5591 in
995 5534 1386 5608 sequentibus
1427 5535 1913 5592 manifestissime
1953 5553 2049 5592 os-

400 5620 606 5676 tendit.
639 5625 791 5677 Nam
822 5625 1090 5695 sequitur
1123 5641 1137 5681 :

475 5728 504 5758 κ
539 5709 706 5766 Venit
732 5709 892 5768 enim
918 5713 1172 5784 quidam
1191 5713 1487 5785 propheta
1527 5714 1763 5772 Domini
1802 5716 1878 5772 ad
1931 5716 2051 5772 Heli

2145 1808 2175 1838 «
2218 1790 2283 1842 ut
2309 1787 2662 1842 otl'errentur
2682 1784 2746 1840 in
2778 1784 3002 1857 templo
3030 1789 3088 1842 et
3142 1785 3338 1856 magis
3365 1786 3682 1844 honorasti
3735 1786 3801 1844 ﬁ-

2147 1897 2176 1925 ‹‹
2216 1874 2326 1930 lios
2355 1879 2490 1932 tuos
2521 1890 2710 1946 quam
2766 1890 2888 1946 me,
2941 1879 3008 1931 ut
3057 1874 3450 1931 comederetis
3502 1875 3800 1948 primitias

2149 1987 2176 2013 ‹‹
2219 1963 2414 2018 omnis
2447 1963 2721 2021 sacriﬁcii
2763 1963 2974 2036 populi
3025 1963 3146 2020 mei
3177 1963 3356 2020 Israel
3384 1965 3411 2021 ?
3463 1964 3802 2037 Propterea,

2150 2076 2177 2103 (ι
2221 2053 2300 2108 ait
2337 2053 2627 2110 Dominus
2658 2054 2813 2108 Deus
2837 2051 3038 2117 Israel,
3068 2052 3323 2125 loquens
3377 2052 3619 2110 locutus
3650 2071 3802 2125 sum,

2149 2165 2177 2194 α
2223 2147 2285 2198 ut
2308 2143 2526 2198 domus
2562 2146 2664 2198 tua
2715 2146 2772 2198 et
2817 2140 3038 2199 domus
3095 2141 3280 2214 patris
3310 2142 3393 2197 tui
3440 2141 3807 2199 ministraret

2151 2257 2179 2285 α
2219 2232 2280 2290 in
2310 2236 2635 2304 conspectu
2655 2247 2812 2299 meo,
2845 2247 3036 2303 usque
3062 2232 3124 2288 in
3156 2231 3618 2303 sempiternum.
3645 2235 3804 2288 Nunc

2151 2345 2179 2372 κ
2220 2327 2424 2380 autem
2492 2321 2636 2378 dicit
2685 2321 2972 2378 Dominus
3030 2337 3045 2378 :
3102 2320 3272 2377 Absit
3317 2321 3498 2378 boca
3528 2336 3649 2377 me.
3698 2320 3804 2378 Sed

2152 2434 2179 2462 ι(
2220 2411 2567 2483 quicunque
2618 2409 3040 2480 gloriﬁcaverit
3090 2425 3210 2477 me,
3261 2408 3622 2480 gloriﬁcabo
3648 2426 3801 2467 eum.

2152 2524 2178 2552 α
2223 2501 2331 2565 Qui
2397 2505 2602 2558 autem
2640 2503 3045 2567 contemnunt
3085 2514 3204 2566 me,
3263 2503 3441 2556 erunt
3484 2499 3801 2569 ignobiles.

2153 2612 2179 2640 α
2224 2593 2370 2646 Ecce
2393 2588 2521 2645 dies
2551 2589 2794 2645 veniunt
2823 2593 2878 2644 et
2908 2587 3240 2661 praecidam
3288 2587 3618 2645 brachium
3641 2594 3804 2645 tuum

2153 2702 2181 2730 ιι
2223 2679 2442 2735 domus
2473 2678 2656 2750 patris
2687 2678 2791 2746 tui,
2825 2700 2854 2729 »ο
2884 2676 2948 2734 id
2991 2682 3082 2734 est
3131 2677 3484 2746 dignitatem
3537 2682 3600 2734 et
3627 2678 3804 2736 robur

2153 2767 2469 2824 sacerdotii
2498 2772 2556 2823 et
2608 2782 2918 2822 summum
2957 2765 3358 2823 sacerdotem.
3393 2765 3558 2822 Unde
3591 2771 3654 2823 et
3673 2765 3806 2822 dici-

2152 2861 2248 2912 tur
2280 2875 2293 2914 :
2330 2879 2358 2908 ιι
2393 2859 2462 2913 Ut
2489 2871 2613 2913 non
2647 2855 2720 2912 sit
2747 2871 2930 2912 senex
2961 2855 3023 2912 in
3052 2855 3235 2912 domo
3267 2859 3393 2924 tua,
3427 2876 3455 2904 ››
3487 2854 3553 2911 id
3581 2860 3694 2925 est,
3721 2870 3804 2926 sa-

2153 2946 2364 3003 cerdos
2383 2960 2666 3016 magnus.

2225 3060 2252 3086 ‹‹
2287 3039 2353 3092 Et
2373 3035 2604 3092 videbis
2623 3034 2942 3091 brachium
2963 3032 3253 3090 ramulum
3273 3037 3471 3090 tuum.
3488 3054 3518 3086 ιι
3541 3033 3805 3092 ιΕωιιΙιιε

2151 3126 2374 3182 domus
2396 3123 2518 3181 Heli
2544 3123 2779 3180 Sadoch
2809 3123 3049 3191 exstitit,
3074 3122 3180 3196 qui
3219 3123 3408 3194 ejecta
3436 3122 3730 3180 Ablathar
3773 3138 3805 3178 a

2157 3217 2477 3270 Salomone
2536 3213 2940 3272 sacerdotium
2989 3213 3252 3284 suscepit
3299 3227 3709 3286 :quanquam
3736 3213 3805 3268 de

2152 3304 2392 3361 Samuel
2424 3303 2600 3358 velint
2625 3302 2894 3372 intelligi,
2925 3302 3078 3358 sicut
3099 3301 3161 3357 in
3187 3301 3500 3360 Malachim
3550 3301 3802 3371 legitur:

2155 3416 2182 3444 «
2215 3393 2582 3464 Projecitque
2615 3392 2899 3448 Salomon
2919 3390 3206 3448 Abiathar
3230 3407 3306 3446 ne
3339 3395 3498 3447 esset
3526 3391 3805 3448 sacerdos

2156 3483 2410 3552 Domini,
2444 3489 2506 3537 ut
2536 3481 2884 3553 impleretur
2911 3481 3165 3536 verbum
3194 3479 3430 3536 Domini
3458 3481 3634 3553 quod
3660 3481 3807 3537 locu-

2155 3578 2250 3629 tus
2279 3577 2372 3628 est
2395 3587 2575 3644 super
2603 3571 2858 3626 domum
2890 3569 3012 3626 Heli
3033 3571 3158 3639 (IlI
3177 3571 3324 3641 Reg.
3346 3571 3430 3643 ιι).
3464 3591 3492 3622 κ

2227 3681 2257 3714 α
2299 3663 2726 3716 Verumtamen
2749 3675 2873 3715 non
2898 3659 3171 3715 auferam
3200 3659 3438 3732 penitus
3484 3659 3690 3718 virum
3739 3675 3805 3715 ex

2155 3772 2183 3802 α
2226 3757 2282 3806 te
2311 3749 2390 3807 ab
2422 3749 2592 3806 altari
2633 3765 2790 3816 meo,
2833 3748 2939 3804 sed
2989 3752 3056 3804 ut
3079 3748 3363 3805 deficiant
3413 3748 3571 3805 oculi
3620 3748 3726 3818 tui,
3755 3752 3807 3803 et

2156 3863 2184 3889 (ι
2229 3839 2493 3895 tabescat
2522 3839 2726 3894 anima
2752 3843 2876 3894 tua.
2912 3859 2942 3888 υ
2974 3838 3111 3893 Ideo
3154 3837 3446 3894 Dominus
3489 3853 3621 3894 non
3649 3839 3806 3910 peni-

2157 3933 2248 3985 tus
2279 3928 2623 3984 ablaturum
2652 3927 2844 3982 virum
2885 3943 2957 3983 ex
2985 3927 3172 3983 domo
3199 3927 3321 3983 tleli
3349 3927 3432 3983 ab
3472 3927 3655 3987 altari
3683 3942 3805 3994 suo,

2153 4018 2296 4074 dicit
2326 4024 2389 4072 ut
2421 4033 2660 4089 semper
2689 4017 2764 4072 de
2795 4017 2980 4072 domo
3012 4016 3133 4072 lleli
3164 4021 3322 4073 esset
3366 4016 3428 4072 in
3459 4016 3652 4074 domo
3699 4017 3806 4070 Do-

2154 4107 2302 4163 mini
2328 4107 2418 4162 vir
2446 4107 2549 4180 qui
2570 4107 2632 4162 in
2657 4106 2944 4176 dignitate
2967 4105 3283 4162 sacerdotii
3317 4105 3506 4161 alium
3532 4106 3808 4162 substitu-

2154 4201 2285 4253 tum
2315 4201 2372 4253 et
2399 4213 2461 4252 se
2500 4195 2712 4252 eadem
2737 4195 3024 4264 dignitate
3053 4195 3356 4267 privatum
3411 4194 3652 4265 videns,
3683 4196 3807 4266 ejus

2155 4287 2313 4342 oculi
2369 4286 2691 4341 deﬁcerent
2760 4290 2817 4340 et
2885 4285 3093 4340 anima
3142 4284 3476 4341 tabesceret
3529 4300 3660 4356 prae
3724 4283 3806 4339 nio

2155 4377 2390 4432 mietate
2447 4375 2738 4431 maeroris.
2781 4374 3018 4446 Mystice
3049 4375 3178 4429 haec
3228 4373 3547 4446 prophetia
3577 4373 3658 4430 de
3687 4388 3811 4429 mu—

2153 4467 2374 4521 tatione
2405 4463 2740 4532 sacerdotii,
2771 4479 2894 4519 non
2925 4468 3013 4519 est
3042 4463 3105 4518 in
3158 4462 3437 4519 Samuele
3490 4463 3804 4536 completa,

2155 4556 2258 4609 sed
2289 4555 2350 4610 in
2400 4555 2654 4610 Domino
2697 4557 2835 4609 Jesu
2887 4553 3115 4628 Christo
3171 4552 3392 4609 exstitit
3423 4553 3803 4612 adumbrata.

2156 4648 2304 4700 Nam
2330 4648 2468 4717 post
2497 4642 2836 4700 Samuelem
2861 4643 3244 4714 prophetam,
3275 4646 3494 4714 postea
3534 4641 3806 4698 sacerdo-

2157 4739 2241 4789 tes
2273 4733 2512 4788 fuerunt
2530 4733 2605 4787 de
2626 4748 2840 4802 genere
2875 4738 3091 4798 Aaron,
3113 4733 3270 4787 sicut
3297 4731 3536 4788 Sadoch
3563 4737 3622 4788 et
3639 4731 3808 4787 Abia»

2155 4822 2310 4889 thar,
2337 4826 2624 4891 regnante
2655 4820 2862 4890 David,
2894 4825 2950 4877 et
2980 4819 3080 4876 alii
3109 4821 3396 4894 deinceps
3437 4839 3452 4876 :
3484 4825 3807 4894 antequam

2157 4915 2396 4983 tempus
2425 4911 2652 4967 veniret
2673 4927 2748 4966 ex
2777 4926 2900 4983 quo
2930 4910 3046 4968 ista
3073 4910 3152 4966 de
3202 4910 3544 4966 sacerdotio
3573 4915 3807 4966 mutan—

2156 5002 2256 5068 do,
2290 5018 2396 5074 per
2421 5001 2720 5056 Christum
2773 5000 2926 5056 efﬁci
2967 5001 3304 5073 oportebat.
3358 5005 3506 5058 Nam
3552 5017 3692 5057 cum
3728 4999 3809 5056 di—

2158 5095 2316 5146 ceret
2345 5108 2358 5146 :
2390 5113 2416 5139 ‹‹
2449 5093 2730 5162 Loquens
2751 5089 3016 5145 ‘loeutus
3065 5106 3224 5158 sum,
3258 5094 3322 5146 ut
3376 5090 3599 5146 domus
3629 5094 3732 5146 tua
3759 5092 3810 5144 et

2159 5180 2375 5234 domus
2403 5180 2588 5250 patris
2610 5179 2712 5248 tui,
2747 5200 2775 5228 υ
2804 5177 2865 5233 id
2895 5183 3001 5248 est,
3056 5183 3276 5248 Aaron,
3309 5178 3414 5251 qui
3461 5179 3698 5252 primus
3723 5192 3808 5233 sar

2160 5270 2370 5324 cerdos
2401 5274 2488 5325 est
2511 5269 2834 5338 institutus,
2871 5267 2947 5323 de
2979 5268 3154 5340 cujus
3172 5269 3458 5341 progenie
3495 5269 3690 5324 etnteri
3720 5283 3807 5322 se-

2158 5363 2500 5431 querentur,
2535 5381 2564 5410 α
2595 5358 2961 5414 ministraret
2989 5357 3051 5413 in
3080 5363 3413 5430 conspectu
3443 5373 3579 5414 meo
3620 5371 3807 5430 usque

2158 5447 2221 5503 in
2248 5448 2697 5514 sempiternum.
2723 5451 2890 5503 Nunc
2907 5451 3109 5504 autem
3135 5447 3277 5503 dicit
3297 5447 3588 5503 Dominus
3615 5446 3810 5503 :Absit

2159 5537 2274 5593 hoc
2305 5553 2341 5594 a
2367 5552 2484 5594 me.
2520 5537 2635 5594 Sed
2663 5537 3008 5610 quicunque
3038 5537 3455 5610 gloriﬁcaverit
3483 5554 3602 5606 me,
3639 5535 3806 5607 glori-

2159 5627 2354 5682 lieabo
2377 5643 2535 5682 eum.
2556 5625 2666 5692 Qui
2687 5632 2888 5682 autem
2911 5632 3432 5695 eontemnuntme,
3451 5633 3626 5682 erunt
3646 5627 3808 5695 igno-

2156 5716 2307 5772 biles
2334 5733 2348 5786 ;
2383 5737 2411 5766 ν»
2441 5731 2579 5772 ecce
2606 5716 2702 5772 isti
2729 5721 2869 5775 sunt
2898 5717 3027 5776 dies
3075 5717 3181 5790 qui
3209 5715 3594 5789 praenuntiati
3624 5719 3762 5772 sunt
3792 5731 3805 5783 ;
