3944 6422
130 257 218 308 277
1098 250 1352 308 ENARB.
1394 251 1463 306 IN
1505 248 1749 306 LIBROS
1787 249 2046 308 REGUM.
2089 281 2159 294 --
2198 254 2287 309 IN.
2331 251 2462 309 LIB.
2505 255 2548 307 l.

3426 251 3532 307 278

123 380 235 449 jam
264 374 416 431 enim
438 377 769 430 venerunt:
803 373 1006 429 nullus
1033 373 1193 430 enim
1227 376 1509 432 sacerdos
1565 378 1654 432 est
1683 392 1767 430 se-
1788 377 1836 432 Α
1876 399 1903 427 α
1944 378 2129 434 domo
2154 383 2276 446 tua,
2311 382 2374 436 ut
2392 381 2593 435 oretur
2621 392 2732 450 pro
2761 392 2833 433 eo
2864 379 2921 434 et
2947 368 3159 433 offerat
3207 389 3532 430 nummum

129 466 371 522 cundum
403 464 679 520 ordinem
705 467 922 526 Aaron.
953 467 1019 519 Et
1047 463 1393 537 quicunque
1425 483 1497 522 ex
1515 466 1645 536 ejus
1662 483 1762 535 ge-

127 574 248 613 nere
270 561 352 611 est
380 556 586 625 homo,
619 571 760 610 cum
791 554 952 611 videt
976 555 1401 625 sacerdotium,
1433 557 1556 612 imo
1589 557 1766 612 sacri-

125 647 308 702 ﬁcium
337 644 810 700 Christianorum
841 646 960 700 toto
987 643 1132 700 orbe
1163 644 1385 717 pollere
1415 649 1472 701 et
1503 661 1564 702 se
1603 645 1765 716 abje-

121 742 285 804 ctum,
315 735 602 790 deﬁciunt
630 733 788 790 oculi
821 735 972 805 ejus,
1004 739 1061 790 et
1091 735 1296 790 anima
1345 736 1476 806 ejus
1531 735 1760 803 deﬂuit,

123 844 232 899 prae
252 825 548 880 nimietate
577 824 873 880 maeroris.
909 824 1072 879 Unde
1094 829 1150 879 et
1181 825 1450 898 sequitur
1481 842 1494 880 :

183 940 207 965 ‹‹
249 918 311 970 Et
338 913 640 970 suscitabo
688 914 836 970 milii
885 914 1253 970 sacerdotem
1286 914 1526 971 fidelem
1558 930 1766 971 secun-

121 1030 145 1055 «
180 1006 318 1060 dum
346 1020 447 1060 cor
483 1019 711 1060 meum.
751 1027 777 1054 »
809 1003 983 1069 Quod
1040 1004 1123 1060 ait
1175 1004 1473 1077 Propheta
1530 1004 1608 1061 ad
1641 1002 1764 1060 Heli

118 1096 348 1168 loquens
377 1110 448 1150 ex
498 1109 762 1166 persona
809 1094 932 1150 Dei.
969 1118 996 1146 ‹
1025 1097 1093 1150 Et
1131 1094 1434 1151 suscitabo
1487 1095 1634 1151 mihi
1664 1110 1761 1150 sa-

118 1185 398 1241 cerdotem
426 1184 687 1252 ﬁdelem,
722 1185 826 1257 qui
851 1186 1026 1256 juxta
1051 1202 1154 1241 cor
1175 1202 1377 1241 meum
1407 1190 1465 1241 et
1493 1186 1762 1243 animam

117 1292 298 1331 meam
349 1273 546 1340 faciet,
578 1278 635 1330 et
664 1273 978 1330 aediﬁcabo
1004 1274 1057 1330 ei
1110 1274 1363 1330 domum
1410 1274 1673 1344 ﬁdelem,
1706 1277 1764 1330 et

117 1364 430 1420 ambulabit
474 1379 685 1419 coram
731 1363 960 1420 Christo
1010 1379 1147 1419 meo
1179 1364 1408 1420 cunctis
1439 1363 1696 1431 diebus;
1732 1384 1760 1412 »

117 1456 217 1511 sub
244 1454 431 1525 ﬁgura
465 1453 760 1511 Samuelis
785 1453 860 1508 de
890 1454 1146 1510 Domino
1173 1454 1496 1524 Salvatore,
1521 1469 1762 1510 summo

116 1545 363 1601 videlicet
413 1561 487 1600 ac
545 1560 686 1600 vero
739 1544 1042 1616 pontiﬁce,
1092 1544 1271 1600 debet
1315 1544 1578 1613 intelligi.
1613 1543 1764 1610 Quia

116 1635 380 1691 nimirum
410 1635 566 1690 sicut
617 1633 857 1690 Samuel
903 1634 1186 1690 defuncto
1219 1633 1343 1689 Heli
1391 1633 1675 1689 successit
1701 1633 1763 1688 in

1875 490 1900 516 ‹‹
1941 473 2292 538 argenteum
2322 475 2379 525 et
2423 473 2637 524 tortam
2692 467 2887 540 panis.
2922 485 2952 520 ›
2986 470 3113 523 Non
3166 464 3407 539 proprie
3455 464 3532 520 de

1870 556 2056 614 domo
2086 559 2303 615 dicitur
2331 559 2514 630 hujus
2565 557 2713 626 Heli,
2745 557 2852 614 sed
2879 557 3038 616 illius
3059 561 3280 624 Aaron,
3303 554 3378 611 de
3408 570 3531 628 quo

1869 664 2084 718 genere
2111 649 2291 705 etiam
2320 650 2640 721 hucusque
2669 663 2794 704 non
2818 647 3056 717 desunt,
3079 646 3185 719 qui
3215 644 3460 702 veniant
3477 648 3536 702 et

1869 743 2310 796 convertantur.
2342 741 2423 795 De
2478 738 2704 812 quibus
2749 738 2966 795 dicitur
2999 755 3012 794 :
3047 757 3078 791 ‹
3109 736 3393 809 Reliquias
3439 751 3532 792 se-

1871 829 2142 884 cundum
2173 828 2524 897 electionem
2543 827 2746 900 gratiae
2778 827 2960 884 salvae
2988 826 3159 883 factae
3183 829 3323 882 sunt
3343 825 3528 897 (Rom.

1868 923 1972 984 x1).
2007 941 2036 968 »
2066 921 2144 974 De
2191 918 2412 975 talibus
2456 918 2618 974 enim
2664 917 2931 990 reliquiis
2981 916 3137 973 bene
3187 913 3533 985 intelligitur

1869 1008 2036 1080 quod
2062 1007 2277 1064 dicitur
2309 1031 2337 1059 «
2370 1008 2480 1074 Qui
2507 1007 2865 1064 remanserit
2883 1007 2946 1064 in
2971 1007 3157 1064 domo
3185 1010 3303 1068 tua,
3336 1003 3535 1062 veniet

1873 1102 1935 1153 ut
1963 1102 2163 1154 oretur
2183 1115 2292 1171 pro
2324 1114 2395 1154 eo
2421 1117 2432 1166 ;
2461 1119 2487 1148 »
2514 1097 2778 1170 profecto
2805 1096 2910 1170 qui
2935 1096 3122 1155 credit
3144 1096 3207 1152 in
3233 1095 3533 1152 Christum

1871 1187 2022 1245 sicut
2060 1193 2118 1244 et
2157 1188 2528 1260 temporibus
2577 1187 3014 1260 apostolorum,
3046 1190 3104 1242 et
3143 1187 3206 1242 in
3251 1184 3534 1259 praesenti

1872 1281 2139 1349 tempore
2172 1277 2550 1349 aliquantum
2583 1275 2730 1332 solet
2757 1275 3016 1348 impleri,
3038 1279 3095 1332 et
3121 1276 3182 1332 in
3210 1275 3330 1332 ﬁne
3358 1290 3533 1330 mun-

1869 1368 1931 1423 di
1976 1368 2236 1440 perfecte
2280 1367 2697 1439 complebitur.
2725 1370 2876 1422 Nam
2923 1365 3036 1422 etsi
3079 1365 3278 1438 pauci,
3330 1369 3533 1422 tamen

1871 1457 2077 1530 aliqui,
2096 1457 2362 1529 quotidie
2385 1473 2458 1512 ex
2485 1457 2832 1512 Judaeorum
2848 1472 2972 1512 non
2998 1459 3234 1512 tantum
3262 1471 3336 1512 ex
3356 1454 3534 1527 plebe

1871 1547 1975 1602 sed
2007 1565 2080 1604 ex
2109 1547 2465 1603 sacerdotali
2490 1547 2671 1618 stirpe
2702 1546 2781 1602 ad
2804 1545 3127 1603 Ecclesiam
3157 1544 3531 1615 confugiunt.

1873 1660 1901 1687 «
1937 1641 2160 1694 Etcum
2189 1637 2496 1694 intraverit
2513 1637 2823 1710 plenitudo
2850 1637 3142 1707 gentium,
3169 1640 3311 1694 tunc
3334 1635 3536 1692 omnis

117 1724 520 1791 sacerdotium,
549 1739 672 1779 non
731 1722 807 1778 de
868 1722 1049 1794 stirpe
1101 1727 1302 1780 Aaron
1355 1723 1460 1779 sed
1518 1723 1594 1779 de
1649 1722 1765 1780 alia
1795 1749 1835 1803 Β
1873 1728 2054 1793 Israel
2104 1727 2306 1784 salvus
2351 1726 2451 1783 ﬁet
2493 1727 2716 1798 (Ibid).
2757 1747 2776 1780 ι
2813 1725 3168 1799 Quicunque
3215 1729 3417 1782 autem
3464 1741 3538 1781 ex

121 1816 236 1871 Levi
277 1814 503 1872 familia
530 1813 790 1870 electus:
828 1813 939 1869 fuit
989 1813 1149 1870 enim
1199 1813 1357 1869 ﬁlius
1388 1814 1629 1880 Eleana,
1662 1812 1766 1869 ﬁlii

117 1905 402 1971 Jeroham,
432 1903 537 1959 ﬁlii
573 1903 720 1972 Eliu,
761 1903 866 1958 ﬁlii
892 1903 1077 1970 Thau,
1110 1903 1215 1958 ﬁlii
1241 1903 1428 1976 Suph,
1460 1902 1564 1958 ﬁlii
1599 1902 1765 1958 Elca-

119 2010 204 2059 na,
234 1993 333 2049 ﬁlii
362 1993 510 2062 Joel,
538 1992 643 2048 ﬁlii
663 1993 904 2060 Azarise,
928 1992 1034 2047 ﬁlii
1059 1992 1401 2064 Sophoniae,
1423 1992 1527 2048 ﬁlii
1558 1992 1764 2058 Taath,

119 2085 210 2138 ﬁlii
258 2090 419 2150 Aser,
470 2083 579 2138 ﬁlii
632 2085 855 2155 Asaph,
909 2083 1016 2139 ﬁlii
1073 2086 1241 2154 Core,
1287 2082 1392 2138 ﬁlii
1448 2087 1634 2150 lsaar,
1665 2081 1771 2136 ﬁlii

121 2175 304 2240 Caath,
334 2173 439 2229 ﬁlii
467 2174 627 2240 Levi,
661 2173 764 2229 ﬁlii
798 2173 999 2242 Israel,
1034 2177 1099 2228 ut
1127 2172 1315 2228 verba
1345 2173 1578 2229 dierum
1635 2187 1772 2227 nar-

118 2269 265 2332 rant;
292 2265 370 2320 ita
413 2262 698 2322 Mediator
725 2263 825 2318 Dei
854 2267 912 2319 et
950 2263 1288 2325 hominum.
1319 2267 1385 2319 ut
1414 2265 1569 2320 esset
1593 2261 1770 2318 nobis

121 2353 357 2426 pontifex
387 2370 509 2418 non
544 2355 620 2409 de
655 2353 810 2421 Levi,
847 2353 956 2409 sed
989 2353 1110 2409 alia
1139 2353 1346 2425 utique
1385 2351 1562 2413 tribu.
1591 2351 1654 2408 id
1681 2355 1774 2407 est

117 2447 139 2499 J
151 2444 280 2511 uda,
305 2461 547 2500 carnem
578 2443 852 2516 sumpits.
886 2443 1200 2516 Aliamque
1224 2442 1491 2512 legaliter
1511 2443 1772 2499 hostiam

123 2534 302 2606 ipsam
336 2551 513 2590 suam
545 2549 791 2590 carnem
822 2533 1203 2590 obtulitPatri
1233 2549 1342 2606 pro
1363 2533 1558 2589 nobis.
1589 2532 1772 2589 Alios-

118 2641 221 2697 que
248 2625 319 2682 de
342 2641 561 2695 genere
582 2629 782 2681 Aaron
807 2624 1192 2697 pontiﬁcatus
1215 2624 1305 2680 sui
1330 2623 1566 2697 reliquit
1586 2623 1772 2680 haere-

119 2715 213 2770 des
241 2715 410 2786 ﬁlios,
441 2715 725 2772 videlicet
763 2715 965 2784 gratiae
1022 2714 1168 2771 Novi
1217 2713 1615 2781 Testamenti;
1649 2728 1772 2769 non

119 2809 330 2862 tantum
359 2821 433 2862 ex
479 2805 726 2871 Iudaeis,
753 2803 861 2861 sed
912 2803 988 2860 de
1019 2804 1300 2860 universa
1340 2803 1609 2873 gentium
1663 2818 1771 2858 na—

118 2897 261 2952 tione
309 2894 610 2952 collectos.
646 2893 818 2960 Quod
867 2909 1002 2949 vere
1060 2893 1236 2965 quasi
1277 2893 1552 2948 humano
1602 2907 1770 2947 more

118 2983 349 3056 loquens
381 2987 540 3040 Deus
573 2983 718 3042 dicit
750 3002 762 3039 :
794 2982 907 3049 Qui
962 2983 1127 3054 juxta
1173 2999 1276 3040 cor
1325 2997 1532 3038 meum
1559 2985 1616 3037 et
1641 2981 1770 3036 ani-

119 3091 265 3130 mam
296 3091 495 3131 meam
530 3073 727 3164 faciet,
761 3073 836 3130 de
896 3073 1172 3164 samuele
1203 3072 1451 3164 quidem
1480 3076 1638 3164 recte
1654 3087 1774 3164 _po-
1802 3110 1840 3164 α

121 3169 214 3219 test
238 3164 478 3234 intelligi
511 3164 682 3236 quod
714 3163 776 3219 in
807 3162 1092 3219 omnibus
1124 3163 1254 3234 ejus
1298 3162 1588 3218 voluntati
1619 3161 1772 3217 sicut

118 3253 282 3310 homo
303 3255 422 3323 Dei,
453 3255 579 3309 Deo
610 3251 896 3325 paruerit.
929 3256 1010 3308 De
1038 3251 1294 3309 Domino
1337 3256 1540 3307 autem
1569 3250 1769 3308 Salva-

119 3347 229 3399 tore
251 3348 446 3417 potest
471 3343 656 3400 etiam
691 3342 882 3415 accipi
925 3342 1142 3398 altius:
1186 3342 1330 3413 quia
1386 3342 1539 3397 sicut
1585 3341 1767 3396 Filius

119 3434 437 3503 unigenitus
491 3439 889 3507 paternorum
943 3433 1005 3489 in
1053 3432 1339 3488 omnibus
1388 3432 1462 3488 sit
1490 3431 1768 3490 conscius

119 3538 479 3594 arcanorum,
508 3524 680 3595 juxta
710 3522 878 3595 quod
908 3521 982 3578 de
1011 3523 1212 3594 seipso
1244 3521 1557 3576 manifeste
1590 3524 1770 3576 testa-

119 3616 216 3681 tur,
245 3614 445 3670 dicens
474 3630 487 3668 :
516 3635 547 3662 ‹‹
584 3615 649 3668 Et
678 3628 714 3668 a
743 3627 841 3668 me
871 3612 1004 3684 ipso
1055 3611 1209 3668 facio
1263 3610 1429 3680 nihil,
1459 3610 1568 3666 sed
1619 3609 1773 3666 sicut

116 3701 296 3760 docuit
340 3720 437 3760 me
494 3706 687 3770 Pater,
733 3703 864 3758 haec
919 3702 1138 3775 loquor
1193 3703 1393 3773 (Joan.
1444 3701 1551 3773 vi).
1597 3720 1626 3752 η
1659 3703 1764 3756 Et:

118 3813 142 3841 α
169 3795 267 3854 Qui
286 3811 380 3851 me
407 3794 598 3865 misit,
627 3809 868 3849 mecum
907 3797 1016 3862 est,
1051 3797 1108 3849 et
1132 3808 1256 3848 non
1282 3791 1520 3864 reliquit
1549 3805 1650 3846 me
1679 3807 1771 3846 so-

115 3880 267 3940 lum:
313 3884 460 3958 quia
515 3899 658 3957 quae
710 3883 933 3956 placita
987 3887 1128 3938 sunt
1179 3882 1252 3950 ei,
1313 3881 1468 3938 facio
1529 3895 1769 3952 semper

118 3974 288 4041 (Joan.
319 3977 460 4047 vni).
489 3995 519 4027 ›
560 3974 666 4031 Cui
694 3974 950 4030 domum
996 3972 1240 4030 ﬁdelem
1265 3971 1526 4028 aediﬁcat
1575 3973 1767 4033 Pater,

115 4077 231 4134 quae
285 4064 506 4121 domus
561 4080 772 4120 sumus
817 4079 951 4128 nos,
982 4063 1030 4118 si
1077 4061 1366 4119 ﬁduciam
1409 4065 1467 4118 et
1514 4060 1768 4132 gloriam

117 4153 227 4222 spei
251 4171 438 4228 usque
487 4155 558 4210 in
586 4154 793 4218 ﬁnem,
826 4154 1070 4209 ﬁrmam
1121 4152 1513 4208 retineamus.
1547 4155 1615 4207 Et
1640 4152 1770 4206 haec

114 4241 310 4298 domus
341 4243 686 4300 ambulabit
712 4259 920 4299 coram
953 4241 1182 4298 Christo
1223 4242 1374 4312 ejus,
1399 4241 1536 4312 ipso
1561 4239 1771 4295 videli-

116 4336 193 4386 cet
238 4349 478 4390 summo
520 4333 832 4406 pontiﬁce,
866 4331 1096 4388 cunctis
1145 4331 1383 4401 diebus,
1411 4329 1556 4402 quia
1596 4328 1773 4385 nimi-

114 4434 229 4476 rum
259 4439 448 4496 usque
497 4424 585 4480 ad
633 4423 819 4478 ﬁnem
871 4421 1095 4488 saeculi,
1127 4436 1378 4476 suorum
1419 4422 1778 4490 augmenta'

114 4510 252 4566 tione
297 4514 721 4570 membrorum
755 4512 1018 4569 Ecclesia
1050 4515 1258 4567 sancta
1288 4510 1582 4584 proiicere
1612 4523 1771 4565 nun-

114 4615 280 4672 quam
335 4605 649 4660 cessabit:
685 4603 954 4675 alioquin
1005 4602 1318 4675 quomodo
1366 4600 1441 4656 de
1492 4599 1767 4657 Samuele

115 4696 287 4760 potest
316 4695 530 4768 accipi,
565 4693 736 4767 quod
785 4693 1082 4749 aediﬁcata
1111 4692 1186 4747 sit
1214 4693 1269 4747 ei
1323 4691 1546 4748 domus
1573 4690 1768 4746 ﬁdelis

116 4795 233 4851 quae
263 4799 466 4840 coram
521 4783 758 4842 Christo
786 4781 1044 4850 Domini,
1076 4782 1137 4838 id
1167 4787 1275 4852 est,
1306 4781 1440 4855 ipso
1492 4779 1767 4840 Samuele

117 4875 321 4929 cunctis
351 4876 661 4931 incederet
681 4873 930 4941 diebus;
962 4889 1103 4929 cum
1126 4873 1400 4941 legamus
1429 4871 1492 4927 in
1515 4885 1769 4945 sequen-

119 4960 256 5017 tibus
281 4965 448 5039 quod
478 4965 590 5021 ﬁlii
637 4965 794 5021 illius
824 4963 1021 5020 aversi
1049 4963 1124 5019 de
1161 4964 1271 5019 viis
1296 4964 1426 5035 ejus
1455 4968 1596 5036 post
1624 4977 1767 5018 ava-

119 5050 290 5110 ritiam
311 5056 773 5112 declinaverunt
801 5058 858 5110 et
885 5053 1274 5126 perverterint
1295 5053 1614 5124 judicium,
1649 5051 1766 5107 nisi

121 5137 247 5198 forte
273 5144 494 5201 domus
533 5146 665 5217 ejus
691 5145 806 5200 hoc
830 5144 964 5201 loco
989 5143 1231 5217 plebem
1260 5142 1646 5198 Israeliticam
1674 5141 1764 5196 in-

122 5231 452 5302 telligamus,
487 5251 625 5308 quae
652 5235 884 5290 cunctis
911 5233 1128 5290 diebus
1157 5232 1473 5289 sacerdotii
1494 5232 1626 5302 ejus
1655 5234 1767 5287 Do-

124 5322 265 5377 mino
292 5326 616 5382 servierit?
641 5329 719 5380 De
747 5340 870 5399 qua
901 5325 1191 5398 scriptum
1233 5329 1323 5379 est
1351 5323 1411 5394 (Ι
1435 5324 1578 5391 Reg.
1609 5321 1715 5392 vn)
1749 5337 1761 5375 :

128 5431 148 5455 ιε
179 5414 233 5467 Et
280 5417 575 5488 requievit
618 5416 820 5471 omnis
864 5414 1044 5472 Israel
1089 5418 1231 5486 post
1260 5411 1601 5469 Dominum.
1637 5431 1666 5461 »
1701 5414 1767 5468 Et

127 5502 282 5569 paulo
326 5511 462 5579 post
496 5522 510 5562 :
543 5527 573 5556 «
608 5505 1003 5562 Abstulerunt
1044 5520 1189 5574 ergo
1215 5503 1320 5559 ﬁlii
1349 5501 1530 5558 Israel
1561 5500 1766 5559 Baalin

131 5594 174 5643 et
216 5599 506 5668 Astaroth,
554 5601 612 5654 et
668 5596 1001 5653 servierunt
1043 5594 1300 5652 Domino
1348 5591 1542 5649 soli.»
1593 5593 1767 5660 Quod

133 5694 247 5737 vero
272 5687 545 5744 subditur
578 5706 592 5744 :
1266 5680 1273 5688 ’

191 5795 214 5821 α
241 5776 524 5838 Futurum
545 5782 636 5838 est
658 5782 864 5837 autem
881 5781 948 5836 ut
965 5776 1316 5853 quicunque
1335 5773 1689 5832 remanserit
1702 5773 1766 5832 in

1873 1818 1966 1874 his
1997 1816 2327 1873 salvandus
2359 1821 2467 1884 est,
2494 1815 2622 1889 ipse
2652 1817 2814 1872 enim
2845 1815 2948 1888 qui
2977 1829 3370 1872 remansurus
3408 1829 3538 1870 esse

1873 1908 2107 1974 dicitur,
2140 1907 2201 1963 in
2231 1907 2416 1962 domo
2445 1910 2733 1978 pereunte
2763 1904 3092 1962 sacerdotis
3146 1903 3269 1961 Heli
3295 1919 3539 1960 necesse

1875 2003 1963 2054 est
1991 1997 2072 2054 ad
2103 1996 2426 2054 Ecclesiam
2458 1995 2784 2066 confugiat,
2812 1998 2870 2052 et
2915 1994 3130 2052 offerat
3173 2009 3284 2066 pro
3331 2009 3394 2050 se
3441 2008 3539 2050 sa-

1876 2087 2101 2144 cerdoti
2147 2086 2479 2144 Christiano
2518 2102 2844 2141 nummum
2873 2083 3269 2142 confessionis
3301 2083 3406 2139 Dei
3433 2083 3538 2138 de-

1875 2182 2012 2233 vote
2040 2192 2177 2248 quae
2204 2175 2264 2231 in
2295 2174 2576 2246 symbolo
2606 2172 2944 2230 continetur
2970 2191 2984 2231 :
3018 2171 3262 2230 brevem
3290 2170 3541 2244 quidem

1862 2267 2085 2332 :verbo,
2131 2266 2238 2322 sed
2289 2265 2504 2321 virtute
2561 2264 2952 2336 praecipuam.
3003 2265 3248 2320 Constat
3291 2265 3542 2332 argento

1863 2356 2208 2412 claritatem
2254 2354 2423 2410 verbi
2475 2353 2755 2421 caelestis,
2799 2352 2953 2410 sicut
3008 2351 3394 2425 splendorem
3452 2367 3545 2408 sa-

1879 2446 2116 2520 pientiai
2149 2443 2472 2518 spiritualis
2500 2460 2651 2500 auro
2685 2459 2847 2516 saepe
2876 2442 3201 2513 designari.
3236 2440 3460 2500 Oﬁ‘erat
3485 2445 3546 2497 et

1878 2553 2103 2611 panem
2134 2534 2411 2592 sacriﬁcii
2466 2533 2746 2590 salutaris
2774 2533 3024 2605 abjectis
3075 2532 3358 2589 carnibus
3385 2532 3546 2603 lega-

1879 2628 2028 2683 lium
2088 2627 2488 2695 victimarum,
2522 2625 2844 2696 dicatque:
2885 2643 2904 2675 ι
2941 2623 3177 2679 Dimitte
3215 2639 3334 2690 me,
3367 2622 3545 2679 obse-

1881 2733 2005 2784 cro,
2034 2717 2113 2774 ad
2164 2733 2348 2772 unam
2393 2718 2626 2788 partem
2659 2713 3120 2781 sacerdotalem,
3153 2734 3184 2765 ››
3212 2712 3275 2768 id
3327 2716 3435 2782 est,
3466 2711 3546 2768 ad

1880 2810 2075 2881 ipsam
2129 2807 2371 2881 plebem
2413 2806 2641 2864 Christo
2695 2805 3008 2862 sacerdote
3036 2802 3414 2876 prteclaram.
3441 2803 3548 2861 Cui

1881 2902 2084 2954 Petrus
2116 2897 2199 2953 ait
2229 2915 2242 2952 :
2279 2918 2307 2946 «
2341 2895 2462 2951 Vos
2489 2895 2649 2951 enim
2677 2910 2868 2965 genus
2921 2894 3198 2963 electum,
3227 2892 3430 2964 regale
3455 2908 3548 2949 sa-

1881 2987 2216 3044 cerdotium
2247 2987 2299 3058 (1
2325 2987 2493 3042 Petr.
2545 2986 2630 3056 II).
2661 3006 2689 3035 »
2719 2983 2895 3050 Quod
2943 2988 3147 3040 autem
3200 2983 3387 3052 addit,
3423 3003 3453 3033 «ι
3482 2986 3550 3040 ut

1881 3078 2202 3135 comedam
2233 3075 2568 3133 buecellam
2599 3074 2796 3147 panis,
2821 3095 2851 3125 »
2882 3075 3062 3131 etiam
3090 3073 3294 3146 ipsum
3323 3073 3548 3130 sacriﬁ-

1828 3147 1842 3166 ’
1880 3169 1955 3225 cii
1999 3183 2190 3238 genus
2228 3166 2532 3236 eleganter
2573 3164 2886 3237 expressit.
2916 3167 2998 3221 De
3027 3179 3151 3245 quo
3181 3163 3325 3221 dicit
3349 3176 3546 3220 sacer-

1880 3260 1993 3316 dos
2016 3260 2146 3331 ipse
2174 3274 2190 3313 :
2224 3279 2254 3306 «
2284 3256 2459 3314 Panis
2488 3247 2670 3328 quem
2700 3271 2815 3326 ego
2857 3253 3043 3325 dabo,
3093 3269 3234 3310 caro
3281 3269 3422 3310 mea
3458 3257 3549 3311 est

1879 3366 1990 3424 pro
2036 3348 2248 3404 mundi
2301 3347 2421 3403 vita
2457 3347 2660 3419 (Joan.
2691 3347 2792 3417 vi).
2827 3367 2856 3396 »
2889 3345 3038 3409 Quia
3094 3344 3257 3401 enim
3313 3342 3548 3401 dixerat

1882 3439 2158 3512 superius
2205 3436 2447 3493 dedisse
2479 3437 2647 3493 cibos
2695 3435 2906 3492 domui
2953 3439 3154 3492 Aaron
3183 3434 3260 3490 de
3285 3434 3546 3490 victimis

1879 3531 2104 3587 Veteris
2136 3527 2522 3595 Testamenti,
2553 3527 2658 3599 qui
2689 3526 2926 3583 fuerant
2977 3524 3272 3582 sacriﬁcia
3308 3525 3546 3582 Iudaeo-

1879 3637 2036 3683 rum,
2066 3619 2204 3675 ideo
2234 3619 2332 3674 hic
2355 3618 2504 3674 dixit
2528 3608 2966 3690 postulandum
2992 3617 3072 3673 ad
3100 3615 3546 3672 comedendum

1877 3709 2215 3766 buccellam
2269 3707 2464 3781 panis,
2493 3707 2662 3780 quod
2711 3711 2800 3763 est
2841 3706 2917 3763 de
2947 3707 3117 3763 Novo
3160 3706 3544 3763 Testamento

1880 3799 2241 3856 sacriﬁcium
2273 3797 2772 3854 Christianorum.

2535 3944 2759 4001 CAPUT
2796 3943 2888 3999 III.

1953 4094 1981 4123 ‹‹
2023 4075 2173 4130 Puer
2224 4074 2428 4127 autem
2485 4067 2728 4126 Samuel
2755 4064 3139 4123 ministrabat
3166 4063 3421 4121 Domino
3450 4079 3548 4121 co-

1883 4184 1912 4213 «
1951 4177 2084 4218 ram
2112 4161 2258 4228 Heli,
2291 4163 2348 4216 et
2377 4175 2575 4216 sermo
2602 4156 2835 4215 Domini
2879 4160 3006 4213 erat
3032 4154 3354 4228 pretiosus.
3390 4176 3419 4205 υ
3447 4154 3546 4211 Be-

1885 4273 1913 4303 «
1953 4268 2030 4308 ne
2056 4252 2156 4316 ait,
2191 4270 2219 4300 «
2251 4253 2308 4306 et
2335 4265 2534 4305 sermo
2578 4247 2814 4305 Domini
2843 4250 2970 4304 erat
2995 4246 3313 4320 pretiosus.
3346 4266 3376 4296 ιο
3407 4247 3545 4302 Pre-

1883 4342 2075 4398 tiosus
2103 4355 2372 4412 namque
2396 4339 2630 4408 dicitur,
2661 4338 2807 4412 quia
2835 4352 3116 4412 perrarus
3147 4337 3292 4407 erat,
3325 4339 3381 4391 et
3436 4351 3546 4408 per

1883 4433 2246 4506 prophetam
2288 4446 2425 4487 raro
2476 4429 2679 4486 ﬁebat.
2717 4430 2906 4486 Omne
2950 4426 3110 4485 enim
3140 4425 3307 4500 quod
3334 4441 3543 4482 rarum

1884 4525 1994 4584 est,
2021 4522 2352 4595 pretiosum
2374 4523 2482 4586 est,
2503 4518 2647 4592 quia
2669 4517 2929 4590 amplius
2954 4515 3351 4574 desideratur.
3374 4511 3544 4572 Unde

1882 4617 1940 4670 et
1970 4612 2398 4684 subjungitur:
2433 4633 2462 4661 «
2509 4615 2570 4666 In
2622 4607 2836 4666 diebus
2883 4607 2997 4664 illis
3044 4623 3169 4663 non
3225 4607 3353 4662 erat
3387 4605 3542 4660 visio

1879 4702 2214 4759 manifesta.
2249 4724 2278 4752 »
2311 4701 2463 4767 Quia
2515 4696 2792 4756 videlicet
2820 4696 3137 4771 prophetia
3182 4709 3307 4751 non
3359 4692 3543 4767 plena

1878 4791 2396 4849 manifestabaiur.
2429 4792 2670 4861 Propter
2709 4789 2960 4860 peccata
3009 4783 3171 4842 enim
3222 4781 3452 4857 populi,
3485 4787 3544 4839 et

1878 4899 2087 4939 eorum
2118 4882 2222 4955 qui
2254 4879 2623 4954 praefuerunt
2649 4875 2897 4951 populo,
2927 4876 3058 4946 jam
3108 4887 3232 4930 non
3261 4871 3544 4929 manifes-

1874 4973 2164 5029 tabantur
2209 4969 2491 5039 visiones,
2548 4967 2702 5022 sicut
2763 4963 3036 5039 patribus
3102 4977 3331 5019 eorum.
3392 4965 3542 5021 Ecce

1871 5061 2045 5133 juxta
2073 5059 2405 5115 historiam.
2440 5057 2733 5112 Caeterum
2753 5055 2926 5126 juxta
2965 5049 3339 5125 spiritualem
3367 5051 3540 5110 intel-

1874 5148 2183 5219 ligentiam
2227 5147 2381 5202 bene
2424 5143 2658 5199 dicitur.
2694 5164 2723 5194 «
2750 5145 2901 5199 Puer
2920 5143 3124 5198 autem
3157 5139 3397 5199 Samuel
3425 5141 3540 5198 mi-

1874 5235 2170 5291 nistrabat
2208 5233 2464 5289 Domino
2508 5246 2714 5287 coram
2764 5230 2909 5288 Heli.
2941 5252 2970 5281 »
2999 5229 3151 5297 Quia
3195 5229 3540 5300 unigenitus

1879 5325 2052 5383 Filius
2079 5325 2179 5380 Dei
2209 5323 2421 5384 Patris,
2449 5336 2632 5394 quem
2668 5336 2776 5393 per
2825 5319 3166 5378 Samuelem
3215 5315 3541 5388 signiﬁcari

1877 5415 2160 5481 diximus,
2194 5411 2300 5486 qui
2356 5411 2779 5483 interpretatur
2833 5423 3046 5465 nomen
3096 5409 3223 5478 ejus
3275 5407 3450 5475 Deus,
3476 5405 3540 5462 in

1877 5503 2161 5560 omnibus
2175 5500 2542 5557 voluntatem
2566 5497 2757 5555 Patris
2776 5511 3081 5572 apparens
3101 5497 3163 5552 in
3181 5509 3361 5553 carne
3378 5493 3542 5550 exhi-

1875 5593 2025 5650 buit;
2059 5591 2221 5648 Sicut
2247 5589 2375 5663 ipse
2406 5589 2487 5645 ait
2513 5605 2526 5645 :
2558 5609 2587 5638 «
2620 5591 2749 5644 Non
2777 5587 2918 5644 veni
2941 5586 3134 5644 facere
3163 5585 3540 5642 voluntatem

1877 5697 2099 5748 meam,
2122 5679 2229 5736 sed
2282 5680 2414 5751 ejus
2458 5679 2563 5752 qui
2611 5677 2772 5734 misit
2812 5693 2911 5735 me
2943 5677 3140 5747 (Joan.
3174 5682 3275 5745 iv).
3311 5697 3341 5728 »
3373 5675 3542 5731 Unde

1878 5773 2031 5830 bene
2056 5770 2273 5844 agitur,
2307 5790 2336 5820 «
2368 5783 2578 5828 coram
2604 5767 2749 5839 Heli,
2784 5788 2812 5818 η
2836 5768 2982 5843 quia
3011 5765 3414 5826 sacerdotium
3438 5764 3541 5819 Ju-
