3944 6424
365 273 473 326 279

1466 264 1820 321 ANGELOMI
1857 257 2328 316 LUXOVIENSIS
2367 258 2678 316 MONACHI

3698 255 3810 312 280

367 392 639 448 deorum
670 365 840 447 mox.
867 389 1057 446 noluit
1085 389 1412 456 destruere,
1440 391 1768 459 antequam
1813 398 2023 440 verum
2057 385 2100 436 Α
2143 381 2309 446 Quod
2343 379 2567 436 dictum
2595 386 2686 436 est
2712 381 2786 436 de
2819 380 3115 448 Samuele,
3149 384 3477 453 postquam
3505 379 3702 436 verba
3729 380 3814 435 di-

369 481 773 536 sacerdotium
808 482 1166 552 appareret;
1203 477 1363 533 unde
1393 482 1449 533 et
1477 475 1881 548 subjungitur,
1913 494 1939 522 α
1976 476 2031 526 et

371 586 567 626 sermo
593 573 724 640 ejus
753 572 880 624 erat
928 565 1246 640 pretiosus,
1281 589 1310 616 »
1341 565 1486 638 quia
1527 563 1872 639 praedicatio
1902 562 2032 631 ejus

370 658 648 714 ﬁdelibus
683 655 962 712 amabilis
995 659 1176 727 atque
1206 655 1469 728 pretiosa
1498 658 1642 720 erat,
1693 650 2034 709 inﬁdelibus

371 764 512 806 vero
541 747 842 819 despecta.
870 748 946 800 De
977 745 1200 816 quibus
1232 761 1338 818 per
1360 744 1859 815 signiﬁcationem
1889 739 2033 796 sub-

366 836 639 909 jungitur
671 853 683 890 :

444 947 472 975 «ι
518 927 755 980 Factum
783 926 872 979 est
900 939 1044 993 ergo
1070 923 1130 979 in
1154 923 1250 979 die
1274 921 1698 995 quadam,Heli
1714 918 1954 992 jacebat
1972 917 2033 973 in

374 1037 400 1064 κ
442 1013 575 1068 loco
607 1029 737 1078 suo,
773 1017 828 1068 et
865 1012 1022 1068 oculi
1051 1012 1182 1082 ejus
1211 1011 1633 1080 caligaveraut,
1665 1025 1774 1065 nec
1805 1009 2038 1081 poterat

375 1127 400 1154 «
443 1102 641 1158 videre
669 1101 980 1158 lucernam
1013 1100 1115 1157 Dei
1147 1106 1474 1172 antequam
1505 1099 2034 1168 exstingueretur.»

377 1195 495 1246 Prae
525 1189 712 1246 nimia
755 1193 1056 1245 senectute
1109 1188 1268 1244 oculi
1297 1189 1426 1258 ejus
1475 1187 1896 1257 caligaverant,
1925 1199 2038 1240 nec

374 1285 608 1354 poterat
634 1280 833 1335 videre
863 1279 1173 1334 lucernam
1206 1278 1327 1341 Dei,
1359 1295 1497 1333 cum
1529 1277 1734 1333 aderet
1759 1275 1820 1331 in
1847 1273 2041 1331 taber-

376 1369 594 1426 naculo
627 1373 955 1440 antequam
981 1367 1086 1423 lux
1106 1367 1324 1424 diurna
1343 1368 1529 1435 ﬁeret,
1555 1365 1803 1440 quando
1823 1363 2039 1421 eadem

377 1455 822 1526 exstinguenda
853 1459 979 1511 erat
1007 1454 1274 1524 lucerna,
1308 1455 1458 1511 sicut
1487 1471 1595 1528 per
1613 1458 1856 1526 Moysen
1885 1468 2039 1526 pra:-

381 1545 614 1618 cipitur,
648 1549 713 1599 ut
735 1544 948 1600 eadem
978 1543 1222 1600 lucerna
1251 1543 1474 1600 luceret
1502 1559 1695 1617 usque
1725 1557 1926 1610 mane,
1955 1541 2040 1597 le-

385 1633 559 1704 gibus
617 1632 802 1688 Exodi
849 1633 1060 1705 (E‘xod.
1114 1638 1318 1699 xxvn).
1382 1633 1509 1689 Sive
1567 1634 1681 1688 hoc
1725 1631 2040 1701 signiﬁcat,

2140 470 2260 524 viui
2292 471 2538 533 oraculi,
2571 488 2705 544 quae
2738 476 2911 527 nocte
2966 476 3298 543 acceperat,
3334 486 3512 526 mane
3546 470 3676 526 Heli
3697 486 3813 525 -rc-

2142 559 2272 614 tulit
2299 576 2312 614 :
2350 582 2377 607 ιι
2412 562 2475 616 Et
2505 575 2626 616 non
2659 560 2868 616 cecidit
2897 576 2964 616 ex
2990 559 3276 616 omnibus
3327 559 3530 616 verbis
3581 560 3720 631 ejus
3751 559 3814 614 in

2144 670 2170 696 «
2205 651 2443 716 terram,
2472 673 2497 697 »
2517 649 2831 720 signiﬁcat,
2859 649 3002 722 quia
3020 648 3165 704 nihil
3191 665 3264 704 ex
3285 648 3379 704 his
3403 665 3542 722 quae
3564 648 3814 704 locutus

2141 741 2230 792 est
2253 737 2482 792 irritum
2535 738 2664 802 fuit,
2695 739 2798 794 sed
2851 737 3058 794 omnia
3106 742 3245 793 sunt
3281 737 3465 793 rebus
3501 736 3815 810 completa

2140 842 2277 898 quas
2307 826 2471 882 dixit.
2503 826 2734 883 Cadunt
2763 843 3028 899 namque
3053 827 3110 882 in
3144 831 3361 883 terram
3386 825 3570 882 verba
3599 841 3815 898 super-

2142 931 2356 981 vacua,
2383 932 2519 988 quae
2572 932 2682 988 pro
2730 916 2916 972 nihilo
2965 915 3267 982 habenda,
3301 921 3358 972 et
3383 915 3815 971 universorum

2143 1009 2283 1060 sunt
2312 1004 2606 1062 calcanda
2635 1005 2939 1078 despectu.
2975 1005 3066 1062 Sic
3123 1010 3178 1061 et
3224 1004 3440 1060 beatus
3466 1003 3579 1060 Job
3610 1003 3768 1060 dixit
3800 1020 3814 1060 :

2145 1117 2172 1143 ‹‹
2209 1097 2273 1149 Et
2300 1093 2401 1149 lux
2457 1094 2656 1150 vultus
2684 1097 2800 1151 mei
2855 1111 2978 1150 non
3026 1094 3280 1150 cadebat
3307 1095 3365 1150 in
3397 1099 3620 1151 terram
3651 1093 3814 1165 (Job.

2144 1189 2328 1249 xxxx).
2362 1204 2392 1239 ›
2426 1184 2575 1250 Quia
2603 1184 2887 1240 nimirum
2917 1185 2979 1240 in
3028 1189 3192 1240 tanta
3251 1184 3541 1254 gravitate
3573 1182 3818 1240 vultum

2143 1277 2342 1331 tenere
2392 1278 2810 1338 consueverat,
2868 1278 2932 1330 ut
3001 1289 3316 1346 nunquam
3375 1271 3820 1346 contemptibili

2149 1361 2347 1420 lautitia
2375 1362 2721 1419 solveretur.
2777 1363 2891 1418 Sed
2945 1362 3425 1436 quotiescunque
3463 1363 3819 1419 hilariorem

2149 1469 2211 1508 se
2267 1451 2659 1525 praesentibus
2692 1452 2972 1509 exhibere
3001 1457 3162 1508 certa
3209 1468 3447 1525 semper
3476 1452 3592 1508 hoc
3623 1466 3822 1508 causa

2146 1540 2410 1596 utilitatis
2429 1556 2640 1597 eorum
2669 1539 2907 1598 Iaceret.
2933 1543 3010 1597 De
3036 1557 3160 1615 quo
3186 1543 3245 1598 et
3273 1540 3610 1597 annectitur
3643 1559 3658 1597 :

2223 1651 2252 1679 α
2294 1632 2359 1685 Et
2383 1630 2665 1698 cognovit
2691 1629 3002 1685 universus
3031 1629 3224 1696 Israel,
3252 1646 3287 1685 a
3315 1631 3438 1686 Dan
3468 1644 3666 1702 usque
3691 1631 3827 1686 Ber-

383 1722 550 1796 quod
578 1722 639 1778 in
670 1722 929 1778 caecitate
957 1738 1068 1779 sua
1093 1721 1220 1794 ipse
1255 1721 1374 1778 Heli
1421 1724 1819 1795 permaneret.
1849 1720 2040 1774 donec
2083 1738 2123 1790 Β
2151 1742 2179 1768 «
2223 1717 2425 1788 sabee,
2455 1718 2621 1791 quod
2650 1718 2842 1774 ﬁdelis
2898 1719 3136 1776 Samuel
3167 1719 3461 1792 propheta
3490 1723 3652 1775 esset
3701 1720 3824 1773 Do-

385 1811 656 1868 funditus
711 1827 850 1867 cum
890 1811 1056 1883 prole
1105 1827 1216 1866 sua
1273 1813 1766 1882 exstingueretur,
1791 1809 1906 1865 hoc
1936 1812 2042 1878 est,

384 1901 506 1957 vita
536 1903 764 1956 careret
792 1899 1106 1972 corporali.
1141 1900 1378 1973 Mystice
1408 1905 1609 1956 autem
1656 1899 1890 1956 ceccitas
1922 1897 2046 1953 Heli

385 1988 680 2060 signiﬁcat
739 1989 1061 2045 caecitatem
1121 1989 1318 2045 cordis
1364 1989 1732 2046 Judteorum.
1784 1991 2050 2044 Lucerna

384 2077 610 2150 quippe
639 2076 762 2144 Dei,
789 2077 1080 2133 Dominus
1108 2082 1311 2134 noster
1338 2077 1758 2148 intelligendus
1783 2081 1889 2133 est.
1925 2076 2047 2131 Sci-

378 2181 523 2220 mus
547 2165 706 2221 enim
733 2165 879 2238 quia
906 2165 967 2221 in
996 2165 1241 2222 lucerna
1273 2171 1420 2222 testa
1446 2166 1723 2234 exterius,
1756 2171 1812 2222 et
1840 2165 2047 2222 lumen

385 2254 631 2309 interius
661 2258 767 2310 est.
803 2255 933 2326 Ipse
991 2270 1260 2327 namque
1299 2272 1407 2328 per
1457 2256 1811 2328 Prophetam
1859 2253 2048 2312 dicit:

387 2364 417 2394 α
453 2343 697 2398 Exaruit
749 2343 913 2398 velut
959 2347 1110 2400 testa
1162 2344 1350 2400 virtus
1400 2361 1536 2401 mea
1593 2346 1780 2415 (Psal.
1829 2346 1971 2416 xxi).
2017 2359 2050 2396 ›

390 2431 543 2498 Quid
593 2447 700 2504 per
745 2436 980 2500 testam,
1012 2433 1126 2488 nisi
1157 2449 1378 2506 corpus
1407 2434 1598 2505 ipsius
1630 2433 1964 2507 accipitur?
1989 2431 2052 2488 in

387 2535 512 2591 qua
541 2524 690 2575 testa
720 2519 922 2576 lumen
959 2520 1290 2576 Divinitatis
1321 2521 1559 2587 exstitit,
1589 2526 1645 2578 et
1673 2521 1924 2578 ﬂamma
1940 2521 2056 2577 vir-

392 2613 588 2664 tutum
645 2612 826 2680 atque
881 2609 1313 2665 miraculorum
1343 2609 1579 2666 effulsit.
1611 2611 1793 2681 Cujus
1849 2611 2053 2683 utique

394 2695 633 2751 virtutes
665 2701 843 2768 atque
874 2696 1186 2766 miracula,
1214 2697 1514 2769 principes
1561 2715 1667 2754 seu
1715 2697 2054 2755 sacerdotes

391 2782 760 2851 Iudaeorum,
793 2783 943 2839 dum
992 2783 1230 2841 credere
1261 2790 1766 2858 contempserunt,
1792 2785 2054 2842 veritatis

395 2871 602 2928 lumen
644 2871 704 2928 in
749 2872 833 2930 eis
876 2873 1234 2931 exstinctum
1277 2879 1384 2930 est.
1420 2877 1486 2930 Et
1511 2874 1666 2932 bene
1697 2876 1796 2946 ait,
1831 2899 1860 2926 ι(
1890 2879 2053 2933 ante-

397 2977 586 3034 quam
615 2963 1111 3033 exstingueretur,
1138 2986 1166 3013 »
1186 2963 1332 3036 quia
1352 2979 1461 3020 nec
1485 2963 1714 3034 fulgore
1741 2964 2053 3022 miraculo-

393 3066 552 3119 rum,
585 3067 721 3149 quia
751 3051 830 3108 ab
852 3067 932 3149 _eo
954 3051 1286 3149 fulgebant,
1315 3052 1660 3124 intelligere,
1691 3069 1803 3112 nec
1833 3054 2050 3149 doctri-
2081 3095 2122 3149 ρ

389 3155 535 3195 nam
567 3138 696 3208 ejus
728 3139 906 3196 corde
949 3139 1176 3196 intento
1223 3157 1437 3215 capere
1483 3146 1828 3216 potuerunt,
1859 3143 2051 3199 donec

386 3229 588 3300 ipsum
629 3229 1034 3286 sacerdotium
1062 3229 1241 3286 simul
1271 3247 1410 3287 cum
1439 3231 1664 3304 templo
1711 3236 1770 3289 et
1824 3231 2050 3305 populo

388 3318 656 3374 funditus
669 3322 1142 3378 everteretur.De
1164 3320 1387 3392 quibus
1413 3320 1594 3378 etiam
1617 3322 1818 3379 adhuc
1843 3323 1904 3378 in
1920 3337 2050 3396 per-

393 3422 545 3461 sona
599 3406 723 3462 Heli
778 3406 996 3462 dicitur
1029 3424 1042 3462 :
1076 3431 1104 3458 «
1138 3409 1364 3465 Idcirco
1407 3410 1602 3479 juravi
1653 3411 1864 3466 domui
1902 3409 2048 3478 Heli,

390 3493 559 3565 quod
581 3508 703 3548 non
727 3493 995 3566 expietur
1022 3494 1306 3568 iniquitas
1331 3497 1551 3554 domus
1567 3499 1698 3569 ejus
1725 3499 1976 3555 victimis
1997 3505 2053 3555 et

390 3579 767 3649 muneribus,
799 3598 992 3654 usque
1045 3583 1108 3638 in
1161 3589 1474 3650 aeternum,
1501 3608 1528 3633 ι»
1550 3587 1694 3659 quia
1734 3592 2050 3660 peccatum

390 3667 776 3724 sacerdotum
804 3668 1151 3726 Iudaeorum
1181 3672 1348 3743 quod
1405 3673 1462 3728 in
1517 3674 1745 3731 Christo
1791 3675 2052 3731 admise-

389 3758 549 3823 runt,
574 3754 846 3812 videlicet
873 3756 1018 3828 quia
1038 3773 1161 3813 non
1194 3757 1388 3814 solum
1417 3765 1927 3834 contempserunt,
1948 3762 2050 3818 sed

389 3843 568 3900 etiam
599 3845 1042 3913 cruciﬁxerunt,
1074 3845 1326 3903 victimis
1351 3853 1534 3921 atque
1575 3850 1878 3906 sacriﬁciis
1899 3851 2055 3922 lega-

387 3931 548 3988 libus
579 3949 774 4006 usque
803 3934 864 3989 in
895 3935 1330 4008 sempiternum
1360 3937 1588 4009 expiari
1611 3954 1731 3994 nou
1767 3945 1979 4011 potest.

464 4042 493 4069 ‹‹
523 4021 764 4080 Samuel
781 4027 980 4079 autem
1003 4023 1415 4081 dormiebatin
1440 4026 1662 4099 templo
1679 4028 1932 4096 Domini,
1949 4028 2050 4085 ubi

390 4129 420 4163 ‹
460 4113 586 4164 erat
616 4125 759 4166 arca
791 4111 908 4167 Dei.
952 4115 1020 4168 Et
1053 4113 1289 4170 vocavit
1337 4115 1619 4172 Dominus
1645 4118 1905 4174 Samuel.
1940 4120 2052 4184 Qui

387 4218 416 4247 κ
456 4197 855 4270 respondens,
877 4200 960 4256 ait
981 4217 994 4258 :
1016 4205 1161 4258 Ecce
1190 4218 1323 4273 ego,
1346 4226 1374 4253 »
1401 4209 1458 4261 et
1481 4205 1711 4280 reliqua
1735 4225 2050 4282 usquequo

388 4285 490 4354 ait,
515 4307 542 4334 ‹‹
570 4299 751 4358 porro
785 4287 1024 4344 Samuel
1047 4290 1309 4348 necdum
1338 4292 1567 4350 sciebat
1587 4297 1932 4368 Dominum,
1954 4313 2052 4354 ne-

391 4394 420 4421 ‹‹
463 4388 582 4445 que
612 4374 907 4431 revelatus
929 4376 1121 4434 fuerat
1146 4379 1200 4435 ei
1229 4396 1426 4438 sermo
1452 4384 1742 4440 Domini.»
1763 4385 1936 4451 Quod
1959 4391 2046 4442 ter

2155 1833 2180 1858 ‹‹
2225 1807 2396 1864 mini.
2432 1829 2450 1858 ο
2490 1808 2598 1863 Per
2647 1808 2932 1864 terminos
2971 1812 3139 1864 terra:
3180 1807 3400 1864 Iudaea:
3456 1807 3824 1881 descriptos,

2154 1896 2596 1952 universitatem
2624 1896 2814 1969 plebis
2841 1897 3056 1970 pariter
3083 1895 3558 1970 comprehendit.
3583 1898 3714 1952 Dan
3737 1894 3832 1952 vi-

2154 1985 2324 2042 culus
2355 1985 2528 2041 estin
2576 1991 2790 2058 quarto
2817 1985 3093 2041 milliario
3142 2003 3177 2041 a
3223 1984 3499 2041 l’aneade
3530 1985 3828 2041 euntibus

2154 2076 2398 2146 Tyrum,
2423 2074 2524 2146 qui
2555 2090 2748 2146 usque
2774 2075 2951 2130 hodie
2978 2074 3265 2131 terminus
3313 2078 3402 2130 est
3428 2073 3650 2129 Iudaeae
3683 2089 3826 2147 pro-

2155 2162 2366 2217 vinciae
2393 2167 2598 2218 contra
2627 2163 3110 2235 septentrionem.
3165 2166 3240 2218 De
3279 2178 3402 2235 quo
3433 2167 3491 2218 et
3539 2161 3828 2217 Iordanis

2157 2252 2382 2306 tlumen
2412 2265 2736 2324 erumpens
2767 2268 2804 2308 a
2832 2251 2962 2306 loco
2987 2251 3228 2308 sortitus
3277 2256 3364 2307 est
3404 2267 3652 2307 nomen.
3692 2254 3830 2307 Ber-

2161 2339 2340 2396 sabee
2369 2340 2636 2396 similiter
2658 2341 2824 2396 vicus
2849 2347 2937 2395 est
2963 2343 3020 2396 in
3053 2341 3210 2397 tribu
3237 2341 3404 2396 .ludte
3425 2341 3483 2396 in
3517 2341 3826 2398 tricesimo

2159 2429 2239 2485 ab
2292 2429 2532 2485 Hebron
2587 2429 2881 2488 milliario.
2941 2447 3196 2500 vergens
3242 2430 3321 2486 ad
3365 2435 3664 2486 austrum.
3693 2453 3722 2481 «ι
3759 2433 3827 2487 Et

2159 2518 2353 2574 evenit
2380 2534 2577 2575 sermo
2623 2519 2916 2576 Samuelis
2964 2520 3246 2576 universo
3295 2519 3512 2575 lsraeli.
3550 2543 3578 2570 »ι
3610 2521 3826 2578 Sermo

2161 2608 2321 2664 enim
2351 2608 2482 2678 ejus
2529 2608 2638 2664 fuit
2693 2608 2771 2665 ad
2803 2609 3150 2664 universum
3184 2608 3380 2671 Israel,
3412 2609 3581 2681 quod
3613 2625 3829 2682 percu-

2161 2697 2343 2754 tiendi
2369 2703 2619 2753 essenta
2645 2698 2989 2754 Philisthteis
3013 2703 3254 2772 propter
3274 2704 3524 2771 peccata
3553 2699 3828 2755 ﬁliorum

2163 2785 2302 2842 Heli.
2340 2789 2403 2842 Et
2423 2787 2537 2842 hoc
2567 2804 2640 2842 ex
2671 2786 2874 2842 divina
2917 2786 3277 2843 revelatione
3305 2786 3681 2843 clarescebat
3710 2787 3828 2842 sibi

2159 2874 2345 2931 fuisse
2397 2876 2746 2946 revelatum,
2800 2876 2950 2932 sicut
2999 2877 3084 2932 rei
3126 2876 3405 2949 probavit
3461 2885 3746 2943 eventus,
3769 2883 3831 2932 et

2157 2963 2294 3020 ideo
2323 2980 2501 3021 verus
2531 2966 2824 3038 propheta
2851 2965 3312 3038 praedicabatur.

2809 3099 3035 3155 CAPUT
3073 3101 3159 3155 IV.

2231 3243 2259 3273 «
2303 3225 2589 3293 Egressus
2607 3231 2696 3282 est
2713 3242 2978 3299 namque
3001 3228 3172 3284 Israel
3192 3228 3435 3284 obviam
3465 3228 3826 3285 Philisthiim

2160 3329 2191 3365 ‹
2229 3310 2289 3368 in
2321 3313 2615 3385 praelium,
2645 3320 2700 3370 et
2723 3320 3177 3373 castrametatus
3221 3323 3307 3372 est
3330 3318 3504 3388 juxta
3554 3317 3828 3390 lapidem

2165 3421 2192 3448 ‹‹
2235 3399 2536 3471 adjutorii.
2582 3406 2762 3460 Porro
2802 3405 3149 3462 Philisthiim
3181 3411 3473 3461 venerunt
3501 3407 3562 3461 in
3593 3406 3824 3479 Aphec,

2159 3511 2186 3538 «
2229 3494 2287 3546 et
2315 3491 2723 3550 instruxerunt
2747 3494 2936 3550 aciem
2982 3501 3190 3551 contra
3220 3495 3416 3552 Israel.
3444 3495 3590 3551 Inito
3616 3500 3826 3552 autem

2160 3599 2191 3633 ‹
2231 3582 2576 3650 certamine,
2611 3589 2775 3653 terga
2797 3585 2966 3640 vertit
2996 3585 3177 3641 Israel
3204 3585 3572 3648 Philisthaeis,
3591 3589 3648 3641 et
3663 3601 3826 3641 caesa

2164 3691 2193 3718 α
2233 3675 2372 3727 sunt
2398 3671 2458 3727 in
2487 3672 2586 3728 illo
2640 3674 2962 3730 certamine
2995 3675 3225 3746 passim
3274 3690 3382 3747 per
3410 3689 3612 3745 agros,
3645 3675 3825 3746 quasi

2165 3778 2194 3814 ‹
2233 3765 2494 3831 quatuor
2540 3763 2726 3818 millia
2767 3764 3050 3819 virorum.
3085 3784 3111 3814 ›
3154 3767 3314 3819 Patet
3360 3765 3534 3834 juxta
3564 3763 3827 3818 litteram

2161 3863 2400 3917 sensus,
2449 3851 2594 3922 quia
2635 3854 2750 3908 ista
2801 3858 3043 3925 propter
3087 3858 3333 3925 peccata
3375 3852 3634 3908 ﬁliorum
3700 3852 3828 3907 Heli

2161 3940 2434 4011 perpessi
2473 3945 2613 3998 sunt
2652 3941 2756 3998 ﬁlii
2804 3943 2998 3999 Israel.
3037 3943 3197 3998 Unde
3227 3943 3381 3998 bene
3413 3941 3621 4014 Aphec
3639 3944 3832 4012 furor

2162 4042 2370 4097 novus,
2403 4028 2526 4085 sive
2552 4030 3004 4100 apprehendens
3033 4031 3471 4104 interpretatur,
3504 4030 3674 4102 quod
3705 4046 3832 4086 me-

2162 4117 2274 4172 rito
2314 4119 2593 4175 convenit
2634 4120 2813 4176 rebus
2843 4121 3050 4191 gestis.
3084 4122 3194 4186 Qui
3219 4120 3381 4176 enim
3401 4119 3554 4175 iram
3587 4120 3829 4176 Domini

2165 4211 2512 4264 meruerunt
2541 4207 2619 4264 ab
2648 4209 2925 4266 hostibus
2975 4209 3336 4282 apprehensi
3395 4214 3554 4264 sunt.
3603 4209 3828 4264 Verum

2163 4295 2335 4366 juxta
2365 4311 2683 4368 anagogen
2708 4298 2856 4370 quid
2887 4298 3199 4368 signiﬁcet,
3221 4297 3479 4353 breviter
3507 4296 3830 4352 enuclean-

2165 4382 2315 4440 dum
2342 4390 2452 4442 est.
2485 4389 2664 4443 Porro
2700 4386 2894 4454 Israel,
2917 4387 3022 4459 qui
3048 4387 3468 4458 interpretatur
3496 4387 3595 4442 vir
3614 4386 3825 4441 videns

388 4459 680 4518 Dominus
711 4464 1047 4521 Samuelem
1077 4468 1334 4539 vocavit,
1354 4446 1853 4542 prreﬁgurabatur
1881 4474 2047 4546 quod
2078 4446 2122 4500 θ
2167 4475 2352 4530 Deum
2375 4475 2495 4531 sive
2528 4478 2710 4546 fortis
2737 4446 2892 4532 cum,
2917 4446 3058 4545 Deo,
3091 4446 3388 4544 signiﬁcat
3417 4474 3729 4530 credentes
3759 4476 3824 4530 in

389 4548 515 4622 ipse
547 4566 697 4622 puer
725 4551 962 4609 futurus
987 4560 1116 4612 erat
1139 4557 1456 4630 propheta,
1487 4558 1632 4628 dux,
1653 4565 1710 4616 et
1740 4563 2042 4619 sacerdos.

385 4640 618 4696 Nescire
649 4642 974 4698 Dominum
1005 4644 1221 4701 dicitur
1247 4647 1507 4716 Samuel,
1549 4650 1692 4721 quia
1718 4651 2048 4724 prophetia;

384 4730 745 4801 mysterium
792 4732 1055 4789 necdum
1081 4734 1155 4802 ei,
1187 4734 1283 4791 vel
1311 4753 1509 4793 sermo
1558 4739 1792 4795 Domini
1832 4740 2050 4797 revela-

384 4822 478 4874 tus
503 4819 716 4878 fuerat.
750 4825 899 4880 Nam
931 4825 1332 4882 communiter
1363 4831 1426 4882 ut
1450 4829 1644 4885 caeteri
1672 4829 1917 4887 sciebat.

455 4930 482 4956 «
526 4911 800 4985 Dixitque
829 4913 1119 4970 Dominus
1149 4915 1227 4972 ad
1253 4916 1526 4974 Samuel:
1552 4920 1698 4975 Ecce
1746 4935 1860 4991 ego
1889 4919 2044 4977 facio

381 5016 411 5044 α
453 4999 708 5056 verbum
738 5001 800 5057 in
829 5003 1007 5058 Israel
1032 5022 1046 5059 :
1070 5004 1236 5078 quod
1265 5005 1613 5080 quicunque
1641 5008 1916 5078 audierit,
1940 5010 2048 5066 tin-

382 5103 410 5133 κ
451 5083 618 5142 nient
637 5089 835 5145 ambae
864 5107 1040 5149 aures
1057 5094 1208 5164 ejus.
1226 5115 1254 5144 n
1269 5094 1392 5152 Hoc
1419 5095 1478 5152 in
1499 5096 1634 5153 loco
1655 5099 2044 5156 comminatio

383 5171 479 5229 ')ei
501 5179 590 5231 est
607 5192 788 5249 super
806 5179 951 5243 Heli,
967 5186 1024 5237 et
1039 5198 1220 5256 super
1237 5184 1491 5242 domum
1518 5188 1569 5258 ej
1580 5204 1676 5244 us:
1699 5205 1770 5244 eo
1794 5190 1961 5262 quod
1982 5190 2044 5245 in

380 5268 632 5334 peccato
654 5265 918 5325 ﬁliorum
949 5270 1079 5326 Heli
1109 5287 1251 5329 arca
1279 5275 1380 5331 Dei
1409 5283 1738 5348 caperetur,
1763 5284 1820 5334 et
1867 5278 2044 5336 Israel

375 5357 591 5421 rueret,
624 5360 680 5411 et
707 5357 839 5427 ejus
885 5358 992 5415 ﬁlii
1017 5360 1344 5430 interirent,
1367 5368 1425 5420 et
1447 5365 1668 5422 domus
1694 5367 1821 5423 Heli
1851 5383 2044 5423 sacer-

379 5436 545 5526 dotio
567 5441 786 5501 domus
816 5449 1056 5506 Domini
1083 5452 1459 5522 privaretur;
1491 5461 1550 5510 et
1573 5455 1652 5511 ob
1699 5456 1760 5512 id
1790 5456 2039 5526 factum,

377 5525 754 5587 audientium
785 5551 959 5592 aures
991 5539 1272 5597 tiunirent
1303 5548 1545 5616 stupore
1570 5547 1929 5602 vehementi.

447 5631 493 5720 ‹Δ
507 5618 698 5671 Crevit
719 5627 917 5717 autem
946 5629 1204 5698 Samuel,
1238 5635 1293 5686 et
1322 5633 1608 5689 Dominus
1622 5639 1770 5702 erat,
1785 5651 1924 5691 cum
1941 5651 2037 5720 eo,

373 5720 405 5749 «
435 5702 495 5757 et
520 5715 643 5760 non
669 5708 879 5770 cecidit
900 5728 972 5773 ex
992 5717 1278 5774 omnibus
1303 5721 1503 5777 verbis
1519 5723 1651 5793 ejus
1672 5723 1734 5780 in
1758 5702 2036 5784 terram»,

2166 4566 2372 4630 Deum,
2401 4564 2749 4621 Philisthiim
2777 4581 2939 4628 vero,
2968 4565 3072 4636 qui
3101 4565 3569 4635 interpretantur
3597 4565 3823 4618 caden-

2158 4655 2242 4706 tes
2267 4652 2505 4720 poculo,
2533 4651 2882 4708 immundos
2912 4651 3250 4722 signiﬁcant
3279 4651 3546 4722 spiritus,
3577 4651 3680 4722 qui
3712 4666 3820 4722 po-

2155 4740 2294 4797 culo
2313 4740 2608 4813 superbiae
2629 4742 2925 4811 inebriati,
2956 4747 3013 4798 et
3037 4742 3149 4814 ipsi
3179 4739 3629 4796 de-coelestibus
3668 4741 3822 4796 ceci-

2153 4829 2392 4900 derunt,
2421 4834 2480 4886 et
2522 4831 2742 4888 multos
2790 4830 3057 4900 quotidie
3104 4830 3422 4886 hominum
3481 4835 3820 4900 pervertere

2153 4919 2460 4991 festinant,
2493 4919 2712 4992 poculo
2743 4935 2855 4976 suo
2885 4919 3148 4976 malitias.
3181 4923 3397 4975 Contra
3424 4933 3580 4990 quos
3615 4917 3820 4981 Israel,

2151 5007 2360 5066 ﬁdeles
2381 5007 2621 5074 scilicet,
2639 5026 2714 5065 ne
2742 5008 3222 5065 victiimmundis
3240 5006 3547 5079 spiritibus
3576 5006 3818 5073 cedant,

2153 5098 2257 5154 sed
2308 5103 2372 5154 ut
2418 5114 2703 5171 superare
2749 5099 3001 5172 possint,
3023 5099 3195 5169 juxta
3237 5095 3502 5169 lapidem
3535 5096 3821 5165 adjutorii

2148 5192 2665 5244 castrametantur.
2689 5187 2862 5260 Lapis
2887 5187 3048 5242 enim
3089 5186 3163 5241 ad
3165 5185 3370 5256 jutorii
3408 5183 3605 5253 legem
3634 5183 3824 5254 signi-

2148 5277 2290 5334 ﬁcat
2319 5278 2552 5348 Christi,
2585 5278 2688 5334 ubi
2713 5278 2867 5350 lapis
2903 5293 3078 5333 verus
3103 5276 3368 5332 Christus
3396 5275 3718 5336 invenitur,
3743 5275 3822 5330 de

2147 5382 2272 5439 quo
2320 5367 2609 5440 scriptum
2654 5373 2743 5424 est
2777 5386 2790 5421 :
2824 5389 2852 5415 «
2892 5366 3176 5439 Lapidem
3223 5380 3408 5436 quem
3453 5362 3824 5435 reprobave-

2147 5459 2289 5510 runt
2335 5454 2701 5512 tediﬁcantes
2756 5457 2946 5526 (Psal.
2999 5470 3179 5520 cxvn;
3227 5453 3447 5507 Matth.
3499 5451 3647 5522 xxi),
3704 5457 3819 5508 etc.

2146 5545 2328 5599 Juxta
2372 5560 2556 5616 quem
2603 5549 2919 5602 morantur
2962 5542 3191 5609 ﬁdeles,
3249 5546 3312 5596 ut
3363 5540 3669 5596 Christum
3724 5540 3821 5596 in-

2149 5632 2350 5688 venire
2406 5633 2657 5705 possint,
2711 5650 2782 5689 ac
2834 5633 3055 5696 dicere,
3108 5650 3138 5682 ‹
3201 5633 3266 5684 Et
3321 5628 3498 5684 nobis
3550 5628 3611 5683 in
3671 5627 3823 5701 lapi-

2148 5720 2290 5783 dem
2331 5721 2612 5792 adjutorii
2638 5739 2652 5790 ;
2680 5729 2738 5780 et
2783 5724 2844 5779 iu
2903 5724 3139 5794 petram
3191 5717 3426 5788 refugii.
3462 5735 3494 5770 ›
3524 5719 3587 5775 Et
3644 5716 3817 5786 illud,
