3944 6414
148 279 227 334 gat
1103 271 1408 327 ENNARR.
1453 269 1522 326 IN
1567 267 1816 326 LIBROS
1857 268 2116 329 REGUM.
2149 303 2217 313 —
2250 276 2318 332 IN
2350 278 2478 334 LIB.
2514 281 2553 336 Ι.

3444 287 3551 342 282

152 422 175 450 α
199 395 554 468 Adjutorium
584 399 861 452 nostrum
908 395 968 452 in
1009 396 1257 452 nomine
1288 395 1518 452 Domini
1575 395 1765 466 (Psal.
1800 395 1846 448 Α
1886 395 2289 456 sacerdotium
2335 403 2680 460 Iudaeorum
2722 403 2990 460 funditus
3016 405 3198 462 ﬁnem
3217 408 3472 480 accepit,
3497 418 3553 472 et

149 486 365 555 cum)»:
397 484 514 541 Sed
543 484 688 542 dum
720 485 832 559 ipsi
859 486 1032 558 juxta
1055 485 1322 558 lapidem
1352 489 1686 552 versantur,
1711 483 1773 539 id

148 579 237 642 est,
264 573 618 632 meditantur
646 575 706 632 in
767 575 898 646 lege
931 575 1165 632 Domini
1222 575 1319 632 die
1371 591 1442 632 ac
1483 577 1680 645 nocte,
1713 576 1778 629 ut

135 664 474 721 salvatorem
507 665 771 739 amplius
823 665 1091 723 invenire
1122 665 1362 722 valeant
1409 664 1772 736 adjutorem,

147 753 459 812 Philisthiim
487 753 550 810 in
579 755 782 829 Aphec
812 755 1082 827 veniunt,
1116 759 1175 812 et
1213 755 1403 811 aciem
1455 757 1663 810 contra
1692 753 1776 808 Is-

147 842 252 900 rael
272 843 582 900 instruunt.
618 844 819 917 Aphec
849 843 1076 918 quippe
1117 845 1298 915 furor
1347 859 1536 901 novus
1595 842 1778 898 inter-

145 938 399 1008 pretatur.
431 936 500 990 Et
529 933 683 990 bene
710 933 877 990 furor
907 951 1102 990 novus
1139 933 1581 1007 interpretatur,
1633 931 1779 1005 quia

145 1038 251 1096 quo
275 1022 529 1096 amplius
562 1022 770 1080 ﬁdeles
809 1022 1109 1080 immundi
1142 1022 1384 1096 spiritus
1415 1021 1604 1078 divini
1633 1020 1778 1092 legi-

144 1111 243 1168 bus
276 1111 537 1168 insistere
567 1112 968 1186 conspiciunt,
999 1117 1058 1170 et
1103 1129 1274 1186 spem
1299 1127 1473 1168 suam
1502 1111 1564 1168 in
1591 1110 1781 1168 Chris-

143 1205 254 1258 tum
273 1199 576 1270 collocare,
609 1217 682 1258 eo
703 1202 936 1259 acriora
967 1218 1037 1258 ac
1068 1217 1229 1259 nova
1261 1201 1596 1259 certamina
1648 1199 1779 1256 felle

143 1305 250 1346 suae
273 1290 506 1348 malitiae
536 1291 734 1349 abacti
765 1297 1111 1349 construere
1146 1307 1271 1348 non
1321 1294 1579 1348 cessant.
1615 1289 1781 1346 Unde

143 1379 338 1436 inultos
363 1380 468 1453 qui
489 1381 550 1436 in
602 1381 732 1437 suis
762 1381 1081 1438 virtutibus
1110 1380 1443 1449 conﬁdunt,
1478 1385 1536 1437 et
1581 1379 1642 1435 in
1674 1379 1781 1435 hu-

140 1484 304 1526 mana
329 1469 622 1544 sapientia
654 1470 1007 1540 gloriantur,
1041 1476 1145 1528 aut
1193 1470 1387 1541 legem
1437 1471 1637 1543 (prout
1685 1471 1782 1524 Ju-

140 1557 241 1614 daii
268 1559 546 1629 sentiunt)
575 1560 894 1618 carnaliter
935 1559 1208 1634 accipere
1256 1561 1526 1634 cupiunt,
1560 1563 1618 1615 et
1643 1574 1780 1629 gra-

139 1646 263 1704 tiam
297 1649 595 1719 Evangelii
625 1654 1011 1706 contemnere
1036 1665 1159 1706 non
1185 1653 1481 1714 metuunt,
1511 1648 1777 1704 immun-

1885 484 2262 554 exigentibus
2293 492 2554 563 peccatis
2595 494 3058 550 exterminatum
3097 499 3204 565 est,
3237 501 3296 552 et
3318 496 3429 568 ipsi
3455 515 3550 554 sa-

1887 573 2218 633 cerdotesa
2250 580 2528 649 gentibus
2551 581 2839 638 interfecti
2884 588 3041 640 sunt.
3084 583 3232 641 Hinc
3274 585 3353 641 ad
3397 589 3528 643 Eze-

1887 663 2138 721 chielem
2163 669 2452 724 Dominus
2485 670 2565 726 ait
2589 689 2601 726 :
2621 674 2829 744 «Ettu,
2851 671 2936 728 ﬁli
2957 672 3244 746 hominis,
3275 691 3446 732 sume
3473 675 3543 732 ti-

1886 753 1945 808 bi
1976 753 2246 823 gladium
2277 763 2524 815 acutum
2574 760 2887 817 radentem
2942 761 3120 835 pilos,
3172 766 3227 819 et
3269 779 3548 821 assumas

1889 857 2025 904 eum
2059 848 2117 900 et
2144 845 2330 902 duces
2364 863 2471 920 per
2517 854 2700 922 caput
2748 855 2919 906 tuum
2961 855 3018 907 et
3063 850 3323 908 barbam
3384 856 3550 910 tuam

1890 932 2128 1003 (Ezech.
2156 936 2236 1006 v),
2267 958 2294 985 »
2327 942 2436 994 etc.
2474 938 2626 1005 Quid
2657 955 2764 1012 per
2795 939 3064 1010 gladium
3123 945 3388 1008 acutum,
3436 942 3551 998 nisi

1888 1023 2289 1080 vastationem
2321 1026 2620 1097 signiﬁcat
2647 1027 3016 1095 Judmorum,
3075 1046 3212 1103 quae
3263 1030 3376 1086 sub
3415 1034 3550 1087 Ves-

1888 1112 2149 1184 pasiano
2179 1119 2235 1170 et
2263 1115 2394 1172 Tito
2425 1116 2582 1173 facta
2609 1119 2739 1174 est?
2761 1119 2912 1184 Quid
2939 1135 3080 1176 vero
3109 1136 3218 1193 per
3244 1121 3550 1177 caesariem

1889 1201 2103 1282 capitis
2133 1207 2188 1258 et
2218 1201 2498 1271 barbam,
2529 1205 2642 1260 nisi
2684 1221 2929 1262 omnem
2955 1206 3464 1279 pulchritudinem
3493 1213 3551 1265 et

1888 1289 2225 1348 virilitatem
2259 1293 2532 1364 ejusdem
2566 1295 2775 1368 populi
2802 1295 3218 1352 demonstrat?
3244 1299 3385 1363 Quae
3421 1313 3548 1353 om-

1889 1379 1992 1436 nia
2019 1380 2207 1437 Judaai
2230 1383 2590 1454 amittentes,
2623 1385 2849 1458 quique
2871 1401 2943 1441 ex
2969 1385 3114 1459 ipsis
3140 1386 3298 1442 fame
3329 1403 3398 1444 ac
3420 1403 3552 1460 pes-

1891 1470 2116 1528 tilentia
2145 1477 2202 1528 et
2233 1473 2435 1542 gladio
2465 1480 2908 1541 remanserunt,
2942 1476 3059 1531 sub
3082 1476 3278 1546 ﬁgura
3307 1476 3548 1549 capillo-

1889 1576 2026 1616 rum
2049 1560 2110 1617 in
2160 1564 2392 1618 cunctis
2423 1564 2702 1634 gentibus
2733 1565 2905 1638 quasi
2931 1565 2990 1620 in
3034 1581 3280 1620 omnem
3305 1570 3548 1620 ventum

1890 1649 2147 1723 dispersi
2175 1657 2334 1708 sunt.
2371 1655 2439 1709 Et
2469 1657 2534 1709 ut
2563 1654 2937 1710 manifestius
2977 1655 3152 1726 juxta
3177 1653 3549 1726 superiorem

133 1736 190 1793 di
212 1737 438 1811 spiritus
471 1738 643 1795 facile
672 1744 1078 1812 prosternunt.
1104 1743 1252 1796 Nam
1281 1739 1588 1812 sequitur:
1616 1761 1644 1788 ‹‹
1671 1737 1780 1793 Ini-
1810 1752 1850 1806 Β
1892 1738 2344 1811 intelligentiam
2408 1742 2792 1814 intelligatur,
2859 1743 3136 1800 dicamus
3203 1743 3390 1799 aliter.
3456 1743 3549 1799 Ait

138 1831 394 1884 toautem
424 1829 775 1898 certamine,
803 1833 970 1900 terga
998 1829 1172 1886 vertit
1196 1828 1372 1885 Israel
1402 1827 1774 1895 Philisthmis,

138 1921 187 1972 et
210 1932 353 1974 casa
375 1923 518 1974 sunt
560 1919 620 1974 in
653 1918 752 1974 illo
784 1918 1110 1975 certamine
1140 1919 1374 1992 passim
1421 1933 1529 1990 per
1575 1931 1775 1986 agros,

129 2007 288 2079 quasi
313 2013 576 2082 quatuor
612 2009 801 2066 millia
823 2008 1108 2065 virorum.
1131 2030 1159 2058 »
1182 2011 1449 2074 Quatuor
1474 2007 1634 2063 enim
1665 2007 1780 2063 ista

138 2095 304 2152 millia
350 2097 621 2155 virorum
669 2098 729 2154 in
788 2098 1114 2154 certamine
1162 2097 1605 2154 Philistinorum
1652 2111 1778 2169 quo

137 2187 414 2258 congressi
439 2193 584 2244 sunt
611 2187 716 2243 ﬁlii
767 2186 965 2253 Israel,
1017 2186 1292 2244 videlicet
1337 2185 1648 2242 credentes
1703 2200 1776 2241 ex

135 2274 418 2346 primitiva
447 2275 734 2343 Ecclesia,
768 2276 1095 2349 perierunt,
1119 2275 1200 2332 illi
1229 2275 1644 2345 intelliguntur
1671 2274 1778 2348 qui

135 2369 373 2436 quatuor
403 2365 728 2436 Evangelia
758 2366 1024 2439 recipere
1051 2365 1394 2422 noluerunt.

197 2476 222 2503 κ
251 2455 388 2511 Misit
406 2471 554 2526 ergo
582 2455 849 2530 populus
877 2456 937 2512 in
971 2455 1112 2527 Silo,
1143 2459 1199 2514 et
1220 2455 1482 2512 tulerunt
1510 2453 1650 2511 inde
1679 2469 1774 2510 ar-

135 2565 160 2590 κ
188 2559 309 2600 cam
339 2544 586 2602 foederis
610 2545 844 2602 Domini
873 2545 1265 2612 exercituum,
1299 2545 1564 2601 sedentis
1591 2559 1778 2617 super

135 2656 158 2682 α
184 2635 514 2692 Cherubim.
538 2638 605 2692 Et
624 2641 1037 2706 cognoverunt
1062 2635 1417 2692 Philisthiim
1447 2633 1615 2709 quod
1635 2648 1778 2690 arca

134 2743 158 2769 «ί
184 2721 406 2780 Domini
425 2725 692 2781 venisset
741 2725 802 2781 in
847 2729 1065 2781 castra.
1101 2742 1131 2776 ›
1160 2725 1652 2796 'h'mueruntque,
1683 2722 1774 2778 di-

131 2817 348 2870 centes:
383 2837 411 2864 «
444 2815 626 2871 Venit
652 2816 806 2870 Deus
824 2815 886 2870 in
915 2819 1129 2872 castra.
1167 2837 1195 2864 »ο
1216 2819 1368 2872 Arca
1392 2813 1554 2870 enim
1584 2828 1774 2886 quam

132 2899 224 2956 ﬁlii
254 2903 427 2959 Israel
456 2904 535 2960 de
569 2903 690 2961 Silo
719 2904 779 2960 in
806 2903 1084 2978 praelium
1114 2903 1397 2970 tulerunt,
1425 2901 1550 2959 duo
1579 2905 1775 2959 Testa-

132 2996 318 3048 menta
348 2992 673 3064 signiﬁcat,
713 3009 852 3066 quae
883 2992 1089 3049 ﬁdeles
1133 3009 1208 3048 ex
1251 2992 1501 3048 Iudaico
1547 2991 1776 3064 populo

1890 1830 2048 1886 enim
2077 1849 2089 1886 :
2121 1854 2148 1880 α
2171 1833 2239 1888 Et
2268 1837 2349 1898 tu,
2383 1833 2463 1888 ﬁli
2494 1833 2776 1901 hominis,
2798 1850 2968 1890 sume
2994 1834 3098 1890 tibi
3125 1833 3396 1904 gladium
3413 1849 3552 1889 acu-

1891 1925 2017 1977 tum
2050 1922 2360 2002 radentem
2391 1923 2567 1996 pilos,
2607 1947 2633 1973 ››
2666 1928 2776 1981 etc.
2828 1929 2886 1980 In
2940 1925 3053 1980 hoc
3094 1939 3360 1997 namque
3391 1922 3548 1979 facto

1883 2012 2181 2083 judicium
2241 2013 2656 2087 Redemptoris
2706 2014 3079 2087 exprimitur,
3126 2014 3232 2086 qui
3275 2013 3336 2069 in
3367 2028 3548 2069 carne

1888 2117 2191 2175 apparens
2217 2107 2399 2175 caput
2423 2103 2747 2176 rasit,quia
2764 2103 3014 2158 Judaico
3036 2102 3374 2158 sacerdotio
3399 2117 3548 2174 prae-

1887 2196 2199 2264 ceptorum
2233 2208 2482 2248 suorum
2512 2196 2894 2248 sacramenta
2941 2191 3207 2247 abstulit.
3239 2190 3411 2246 Unde
3442 2205 3550 2262 per

1887 2280 2122 2336 decisos
2175 2281 2446 2354 capillos,
2499 2285 3018 2338 sacramentorum
3072 2279 3406 2346 subtilitas;
3439 2294 3548 2351 per

1887 2373 2071 2442 caput
2099 2386 2264 2437 vero,
2291 2386 2532 2426 summa
2553 2369 2868 2426 sacerdotii
2899 2368 3272 2440 designatur.
3289 2366 3545 2424 Barbam

1886 2458 2054 2528 rasit,
2075 2457 2220 2531 quia
2249 2473 2505 2527 regnum
2537 2457 2919 2514 lsraeliticum
2948 2455 3546 2519 deserens,decorem

1885 2547 2118 2603 virtutis
2148 2548 2505 2620 amputavit.

1957 2659 1985 2687 «
2017 2638 2276 2693 Currens
2327 2642 2529 2693 autem
2560 2637 2651 2692 vir
2679 2637 2754 2692 de
2792 2635 3126 2707 Benjamin,
3156 2635 3237 2692 ait
3263 2633 3340 2690 ad
3375 2631 3498 2687 Heli
3528 2649 3541 2687 :

1887 2748 1914 2776 ‹‹
1949 2726 2122 2795 Fugit
2154 2725 2330 2782 lsrael
2359 2742 2564 2782 coram
2599 2725 2976 2792 Philisthiim,
3026 2729 3084 2780 et
3106 2724 3283 2780 ruina
3320 2737 3547 2791 magna

1885 2837 1914 2864 «
1950 2814 2108 2872 facta
2132 2820 2220 2872 est
2245 2815 2303 2871 in
2331 2815 2580 2889 populo.
2606 2820 2860 2888 Insuper
2905 2821 2963 2871 et
2991 2815 3115 2870 duo
3145 2813 3249 2869 ﬁlii
3276 2811 3360 2868 tui
3389 2826 3546 2867 inor-

1887 2927 1916 2955 ‹‹
1940 2905 2023 2961 tui
2053 2909 2212 2971 sunt,
2237 2905 2434 2977 Ophni
2466 2909 2523 2960 et
2549 2905 2831 2973 Pbinees;
2856 2909 2912 2961 et
2941 2920 3084 2960 arca
3106 2903 3205 2959 Dei
3235 2905 3414 2975 capta
3432 2904 3542 2956 est.

1886 3016 1915 3043 «ι
1940 2995 2214 3067 Cumque
2256 2993 2353 3050 ille
2382 2994 2756 3049 nominasset
2805 3009 3008 3050 arcam
3048 2992 3170 3058 Dei,
3219 2989 3428 3048 cecidit
3471 2987 3546 3044 de

135 3077 202 3133 ad
232 3086 431 3149 gentes
463 3081 919 3138 transtulerunt.
954 3083 1098 3148 Quae
1150 3081 1307 3138 bene
1359 3080 1576 3137 dicitur
1604 3101 1634 3134 ‹
1669 3084 1778 3137 Do-
1805 3110 1847 3166 ε
1887 3106 1915 3133 α
1949 3083 2094 3139 sella
2123 3087 2452 3138 retrorsum
2495 3082 2668 3153 juxta
2697 3082 2944 3147 ostium,
2970 3086 3046 3148 et,
3070 3080 3274 3137 fractis
3305 3077 3547 3135 cervici-

132 3170 315 3226 «mini
378 3171 756 3228 exercituum
803 3171 1066 3228 sedentis
1127 3187 1310 3244 super
1365 3169 1710 3226 Cberubim.
1745 3193 1774 3220 ι.

132 3258 428 3317 cherubim
459 3277 734 3334 namque
760 3261 1074 3332 plenitudo
1117 3262 1382 3318 scientias
1430 3261 1777 3332 interpreta-

131 3351 230 3417 tur,
254 3366 386 3422 qua:
417 3351 480 3407 in
530 3351 778 3407 duobus
805 3350 1199 3407 Testamentis
1229 3350 1552 3419 inventtur,
1582 3365 1778 3421 quan-

128 3450 295 3506 quam
327 3439 404 3494 ad
437 3439 742 3497 Christum
771 3439 972 3496 referri
1002 3439 1211 3513 possit,
1241 3439 1304 3494 in
1329 3454 1454 3512 quo
1487 3442 1629 3494 sunt
1647 3454 1776 3494 om-

129 3539 222 3580 nes
252 3528 514 3586 thesauri
541 3529 853 3602 sapientiaa
879 3535 938 3586 et
967 3529 1227 3586 scientiae
1270 3527 1562 3584 reconditi
1616 3528 1772 3599 (Col.

131 3617 357 3682 n).Qua3
406 3617 731 3675 Philistiim
787 3617 1122 3686 audientes,
1154 3617 1430 3674 videlicet
1475 3617 1775 3691 sapientes

128 3702 280 3760 istius
309 3708 536 3778 saeculi,
566 3724 672 3764 seu
701 3707 816 3780 ipsi
841 3707 1142 3764 immundi
1159 3708 1401 3781 spiritus
1433 3707 1525 3779 (de
1551 3707 1775 3781 quibus

130 3797 381 3865 superius
408 3797 708 3864 diximus)
737 3801 1211 3866 extremuerunt,
1239 3797 1460 3852 scilicet
1483 3797 1628 3869 quia
1662 3813 1777 3852 coe-

126 3887 615 3960 peruntApostoli
648 3887 846 3943 verbis
872 3887 1104 3961 pluere,
1155 3903 1224 3943 ex
1265 3887 1512 3942 scientia
1563 3887 1776 3942 utrius-

123 3986 225 4042 que
252 3976 616 4033 Testamenti
644 3976 950 4033 miraculis
967 3991 1310 4047 coruscare,
1340 3979 1398 4033 et
1425 3975 1604 4049 quasi
1627 3975 1778 4032 toni-

124 4061 238 4118 trua
263 4062 562 4132 intonare,
599 4087 628 4114 «
663 4065 928 4122 clamore
957 4065 1194 4135 grandi,
1228 4070 1286 4121 et
1317 4065 1630 4138 personuit
1660 4068 1774 4120 ter-

122 4171 145 4196 ιι
173 4166 234 4208 ra
258 4175 285 4201 »ι
309 4170 345 4210 a
363 4172 515 4212 voce
539 4154 989 4229 pradicationis
1007 4155 1170 4222 (Act.
1196 4155 1279 4226 ii),
1311 4161 1368 4211 et
1393 4153 1778 4211 crediderunt

119 4253 177 4294 se
205 4246 603 4316 superandos.

181 4352 205 4378 α
256 4336 812 4407 lngemueruntque
867 4334 1172 4392 dicentes:
1226 4336 1322 4390 Vae
1383 4333 1598 4390 nobis!
1647 4337 1774 4390 Non

1887 3194 1914 3221 ‹‹
1946 3171 2085 3242 bus,
2114 3176 2390 3228 mortuus
2420 3175 2566 3227 est.»
2601 3170 2764 3228 Sicut
2785 3169 3063 3243 superius
3089 3183 3255 3225 mors
3281 3167 3546 3223 ﬁliorum

1889 3261 2072 3318 ﬁnem
2099 3259 2396 3330 signiﬁcat
2425 3259 2742 3317 sacerdotii
2772 3258 3140 3324 Iudaeorum,
3187 3257 3271 3314 ita
3321 3255 3381 3312 in
3429 3255 3546 3311 hoc

1885 3349 2018 3406 loco
2049 3365 2212 3405 mors
2239 3349 2426 3422 patris
2454 3348 2732 3418 designat
2749 3347 3170 3422 pontiﬁcatum
3193 3346 3544 3401 Judaaorum

1885 3438 2348 3513 irreparabiliter
2373 3442 2763 3512 prostratum,
2794 3437 3122 3509 sedemque
3167 3435 3390 3491 habere
3437 3449 3546 3488 va-

1885 3547 2085 3598 cuam,
2119 3535 2177 3586 et
2205 3529 2460 3601 gloriam
2501 3528 2814 3585 sacerdotii
2844 3528 3135 3600 regnique
3166 3525 3543 3591 exstinctam,

1885 3621 2038 3676 sicut
2067 3619 2343 3693 superius
2395 3619 2576 3692 paulo
2607 3618 2843 3692 plenius
2890 3617 3168 3690 exemplo
3221 3615 3544 3672 inculcavi-

1884 3726 2042 3766 mus.
2094 3712 2160 3765 Et
2213 3709 2330 3764 hoc
2373 3713 2464 3765 est
2503 3709 2579 3764 de
2625 3708 2769 3764 sella
2813 3712 3137 3763 retrorsum
3169 3705 3457 3761 cecidisse
3488 3710 3550 3761 et

1886 3805 2192 3856 mortuum
2222 3815 2375 3856 esse.
2411 3798 2674 3872 Denique
2705 3802 2845 3870 post
2874 3797 3232 3853 exstinctum
3263 3794 3544 3851 sacerdo-

1887 3890 2030 3945 tium
2059 3905 2129 3946 ac
2182 3888 2390 3944 sedem
2435 3891 2736 3944 vastatam
2777 3886 3163 3960 pontiﬁcatus
3195 3885 3544 3940 Judaeorum

1885 3979 2142 4036 carnalis
2168 3978 2350 4034 etiam
2372 3979 2721 4049 Synagoga,
2747 3975 3066 4032 carnaliter
3090 3974 3171 4030 illi
3200 3973 3543 4041 adbmrens,

1882 4085 2025 4125 mox
2087 4067 2322 4124 interiit.
2385 4069 2462 4122 De
2517 4066 2690 4137 cujus
2745 4063 3180 4135 signiﬁcatione
3234 4062 3547 4134 subjungi-

1885 4163 1981 4214 tur
2013 4174 2027 4213 :

1958 4269 1985 4298 ‹‹
2011 4249 2204 4302 Nurus
2235 4250 2438 4303 autem
2486 4247 2636 4317 eius,
2679 4260 2833 4301 uxor
2897 4244 3168 4307 Pliinees,
3221 4259 3546 4318 praegnans

1885 4361 1914 4389 ‹‹
1944 4341 2071 4393 erat
2099 4336 2420 4409 vicinaque
2467 4335 2686 4410 partui.
2750 4339 2816 4392 Et
2874 4335 3080 4392 audito
3127 4334 3336 4391 nuntio
3378 4333 3547 4406 quod

121 4439 146 4464 α
166 4422 319 4514 enim
345 4425 453 4481 fuit
486 4430 662 4481 tanta
687 4424 1006 4481 exsultatio
1035 4424 1162 4514 heri
1212 4428 1270 4480 et
1314 4423 1771 4514 nudiustertius.
1809 4460 1854 4514 υ
1886 4451 1914 4481 ς
1947 4431 2125 4500 capta
2148 4430 2304 4483 esset
2332 4442 2471 4483 arca
2496 4425 2620 4493 Dei,
2651 4430 2708 4482 et
2729 4430 3004 4482 mortuus
3033 4427 3188 4481 esset
3215 4440 3386 4480 socer
3399 4439 3546 4479 suus

120 4529 144 4554 «
166 4511 248 4566 Va:
279 4514 454 4569 nobis
475 4516 506 4570 ‘2
541 4515 690 4580 Quis
731 4530 843 4570 nos
875 4513 1135 4570 salvabit
1162 4515 1238 4569 de
1282 4529 1470 4569 manu
1519 4513 1774 4568 deorum

122 4601 507 4660 «sublimium
543 4605 803 4660 istorum
831 4604 859 4659 ?
909 4607 1333 4673 Pugnaverunt
1381 4618 1523 4673 ergo
1576 4603 1776 4659 Philis-

121 4708 143 4734 ιι
170 4690 347 4757 thiiin,
373 4700 430 4748 et
481 4710 682 4749 caesus
726 4697 818 4750 est
847 4693 1049 4756 Israel,
1080 4697 1138 4748 et
1175 4692 1327 4762 fugit
1356 4693 1774 4766 unusquisque

124 4777 224 4834 «in
270 4781 736 4839 tabernaculum
790 4799 991 4839 suum.
1030 4805 1057 4832 ››
1107 4785 1171 4838 Et
1213 4782 1310 4838 hic
1357 4782 1518 4839 enim
1549 4783 1610 4838 in
1659 4783 1774 4838 hoc

120 4871 266 4937 Quod
292 4872 369 4927 ab
395 4873 760 4942 alienigenis
787 4887 930 4928 arca
959 4883 1137 4944 capta
1166 4872 1403 4942 dicitur,
1426 4872 1775 4945 praeﬁgura-

121 4953 208 5013 bat
235 4975 269 5015 a
302 4963 593 5031 gentibus
650 4961 778 5018 duo
806 4965 1186 5019 Testamenta
1233 4961 1590 5035 accipienda
1619 4977 1770 5027 esse,

120 5060 236 5116 qua:
260 5067 360 5122 per
376 5068 594 5109 arcam
630 5051 958 5122 signiﬁcari
985 5051 1271 5108 diximus.

182 5159 204 5184 ιι
224 5139 344 5196 Duo
365 5157 625 5215 quoque
648 5141 750 5198 ﬁlii
775 5141 902 5198 Heli
925 5142 1145 5198 mortui
1167 5144 1326 5208 sunt,
1352 5139 1545 5213 Ophni
1569 5147 1627 5197 et
1648 5141 1764 5198 Phi

124 5243 144 5268 α
171 5239 354 5285 necs.»
394 5231 509 5287 Per
533 5230 739 5303 Ophni
763 5229 948 5298 enim,
988 5230 1096 5302 qui
1117 5230 1517 5287 discalceatus
1541 5247 1554 5296 ;
1582 5235 1639 5285 et
1667 5246 1774 5302 per

122 5312 362 5387 Phinees,
393 5321 504 5394 qui
531 5321 758 5378 dicitur
782 5336 846 5377 os
861 5326 1118 5388 mutum,
1139 5337 1249 5395 per
1271 5336 1428 5394 quos
1449 5319 1773 5388 signiﬁcari

119 5400 356 5466 diximus
381 5411 573 5482 longe
610 5410 895 5484 superius
946 5410 1354 5468 sacerdotium
1400 5409 1771 5478 Judaeorum,

121 5496 206 5562 qui
234 5499 408 5557 modo
431 5500 668 5558 mortui
697 5499 1056 5569 referuntur,
1077 5501 1268 5573 ipsius
1291 5499 1606 5556 sacerdotii
1638 5499 1772 5554 ﬁnis

123 5579 454 5656 intelligitur.
501 5589 625 5657 Qui
666 5588 823 5645 bene
874 5594 1208 5663 postquam
1239 5604 1381 5646 arca
1429 5592 1608 5659 capta
1663 5592 1770 5658 est,

124 5678 311 5732 mortui
337 5681 720 5737 referuntur:
744 5679 889 5752 quia
905 5684 1230 5752 postquam
1257 5678 1381 5734 duo
1397 5681 1774 5734 Testamenta

124 5762 491 5840 ldsapientes
517 5769 700 5826 istius
736 5768 940 5825 saeculi
971 5774 1030 5826 et
1062 5767 1312 5837 gentiles
1347 5771 1771 5840 pervenerunt.

1885 4539 1912 4568 α
1950 4524 2006 4574 et
2034 4517 2121 4573 vir
2160 4533 2326 4582 suus,
2374 4516 2710 4572 incurvavit
2740 4532 2803 4571 se
2841 4520 2898 4571 et
2944 4516 3193 4588 peperit.
3245 4516 3546 4571 lrruerant

1886 4629 1914 4657 ‹‹
1943 4607 2104 4663 enim
2128 4607 2188 4662 in
2221 4622 2356 4662 eam
2383 4605 2623 4662 dolores
2656 4605 2858 4670 subiti,
2884 4605 2945 4660 in
2978 4606 3111 4676 ipso
3160 4609 3363 4659 autem
3416 4617 3545 4656 mo-

1887 4719 1914 4746 ‹‹
1949 4701 2152 4752 mento
2183 4695 2396 4750 mortis
2424 4694 2556 4765 ejus
2579 4693 2861 4749 dixerunt
2897 4692 2952 4747 ei
2977 4692 3082 4764 qui
3114 4691 3358 4746 stabant
3385 4687 3544 4743 circa

1884 4806 1912 4833 «
1943 4801 2112 4841 eam:
2146 4787 2226 4840 Ne
2255 4783 2482 4847 timeas,
2515 4781 2661 4854 quia
2688 4781 2878 4836 ﬁlium
2911 4778 3249 4852 peperisti,»
3271 4784 3383 4832 etc.
3405 4777 3545 4832 Om-

1883 4872 1986 4928 nia
2014 4871 2178 4928 enim
2209 4869 2289 4926 ad
2339 4868 2652 4941 superiora
2681 4867 2957 4924 tendunt.
2990 4869 3163 4935 Nam,
3206 4864 3360 4919 sicut
3388 4862 3542 4919 dixi-

1883 4977 2042 5027 mus,
2065 4974 2256 5016 nurus
2283 4956 2429 5023 Heli,
2464 4972 2616 5012 uxor
2646 4956 2920 5019 Phineas,
2962 4953 3269 5010 carnalem
3299 4951 3543 5025 plebem

1882 5050 2198 5106 Judaicam
2226 5046 2612 5116 designabat,
2643 5061 2781 5118 quae
2811 5043 3039 5100 carnali
3067 5044 3405 5101 sacerdotio
3445 5059 3542 5101 co-

1883 5138 2110 5210 pulata,
2144 5154 2284 5193 cum
2316 5137 2451 5208 ipso
2477 5134 2661 5190 ﬁnem
2690 5132 2938 5205 accepit,
2968 5137 3147 5206 atque
3163 5132 3544 5190 divinitusin-

1884 5227 2053 5294 teriit.
2063 5226 2176 5284 Sed
2190 5223 2526 5281 notandum
2540 5221 2800 5294 est,quia
2831 5235 2951 5277 non
2967 5222 3546 5278 anteainteriitante-

1882 5332 2071 5389 quam
2099 5317 2306 5370 vivum
2327 5311 2760 5386 parturiret.lta
2784 5317 2841 5368 et
2856 5327 3169 5383 synagoga
3189 5311 3542 5367 Judazorum

1883 5422 1956 5462 ex
1981 5411 2105 5462 toto
2134 5419 2256 5460 non
2288 5401 2522 5466 interiit,
2555 5406 2883 5473 antequam
2912 5401 3034 5456 vivi
3063 5417 3135 5456 ex
3166 5401 3300 5472 ipsa
3330 5415 3541 5456 nasce-

1883 5500 2108 5564 rentur,
2139 5493 2201 5550 id
2228 5497 2317 5550 est
2342 5493 2475 5564 ipsa
2500 5489 2804 5562 primitiva
2834 5489 3112 5559 Ecclesia,
3144 5505 3280 5562 qua!
3307 5505 3380 5546 ex
3409 5490 3544 5562 ipsa

1883 5584 2059 5658 plebe
2088 5582 2358 5639 credidit.
2391 5579 2556 5636 Unde
2589 5584 2647 5636 et
2676 5579 2887 5636 merito
2912 5578 3385 5636 consolationem
3418 5597 3541 5637 non

1883 5673 2178 5746 recipiens
2209 5671 2287 5728 ab
2318 5670 2411 5726 his
2457 5685 2594 5742 quae
2625 5669 3078 5735 consolabatur,
3111 5670 3172 5725 id
3217 5675 3304 5726 est
3355 5673 3541 5743 Syna-

1883 5780 2044 5836 goga
2065 5764 2398 5836 desperans
2425 5760 2505 5818 ab
2534 5758 2867 5816 humilibus
2897 5759 3280 5818 credentibus
3305 5761 3417 5817 ait:
