3944 6412
371 259 477 318 283

1476 249 1839 307 ANGELOMI
1877 243 2330 305 LUXOVIENSIS
2367 248 2687 313 MONACHI

3692 246 3805 303 284

448 403 478 434 ‹‹
505 379 816 438 Translata
852 381 942 435 est
991 376 1182 448 gloria
1206 376 1281 433 de
1331 375 1529 445 Israel,
1557 374 1704 447 quia
1733 376 1909 445 capta
1936 373 2025 426 est
2062 371 2111 427 Δ
2142 386 2434 441 magnam
2465 370 2988 441 signiﬁcationem,
3014 369 3078 439 in
3100 368 3235 441 ipsa
3252 368 3430 426 ruina
3448 369 3665 438 Dagon
3683 367 3804 435 sui,

378 496 406 525 (ί
443 488 583 528 arca
617 471 732 528 Dei.
772 491 799 521 ››
834 473 951 525 Hoc
981 472 1071 523 est
1099 467 1265 540 quod
1296 466 1582 521 Dominus
1609 461 2023 520 aitzsAufere-

377 567 473 619 tur
503 578 541 619 a
568 561 740 617 vobis
767 574 1020 627 regnum
1048 557 1168 627 Dei,
1216 559 1271 613 et
1312 556 1553 612 dabitur
1594 554 1753 625 genti
1791 549 2028 607 facienti

376 652 606 709 fructus
625 651 754 722 ejus
772 647 1185 720 (Matth.xu).»
1206 646 1370 702 Unde
1399 645 1736 702 notandum
1762 639 2029 713 est,quia

383 755 645 814 puerum
697 736 929 793 vocavit
974 735 1258 791 Ichabod.
1300 733 1552 791 Chabod
1602 732 1760 789 enim
1807 730 2026 800 gloria,

377 828 643 886 Ichabod
662 842 803 883 vero
830 826 1040 882 cecidit
1069 826 1271 896 gloria
1300 823 1379 880 ad
1407 823 1539 879 illos
1568 822 1815 878 refertur
1838 818 1941 890 qui
1958 832 2031 872 ex

378 925 706 993 Synagoga
733 931 859 972 non
889 914 1202 971 credentes
1225 914 1596 987 prodierunt,
1631 910 1736 983 qui
1765 909 1826 964 in
1857 908 2030 963 deco-

375 1026 502 1067 rem
534 1012 593 1063 et
621 1007 875 1077 gloriam
921 1021 1052 1061 esse
1097 1008 1375 1077 poterant
1427 1002 1543 1075 ipsi
1596 1003 1951 1073 Synagogae,
1985 997 2031 1051 si

378 1097 620 1156 credere
634 1096 696 1152 in
727 1096 936 1166 Deum,
958 1099 1016 1150 et
1036 1109 1243 1150 eorum
1276 1089 1803 1165 praedicationibus
1822 1087 2033 1144 voluis-

378 1193 528 1245 sent.
563 1190 630 1242 Et
657 1185 803 1258 quia
843 1185 959 1240 hoc
1014 1198 1191 1253 agere
1232 1182 1739 1253 contempserunt,
1780 1176 2033 1247 gloriam

378 1277 657 1334 eamdem
688 1274 1055 1330 amiserunt:
1097 1271 1240 1343 quia
1266 1270 1685 1343 praedicatores
1709 1266 1918 1331 sancti,
1950 1258 2033 1319 eis

378 1363 758 1437 contemptis,
783 1360 864 1417 ad
885 1365 1089 1430 gentes
1103 1362 1523 1432 pervenerunt,
1556 1357 1718 1413 Unde
1740 1362 1795 1411 et
1822 1355 2032 1410 iisdem

382 1453 640 1528 apostoli
655 1452 863 1507 dicunt
887 1468 899 1506 :
926 1473 954 1501 «
971 1449 1155 1505 Vobis
1172 1449 1415 1521 quidem
1432 1447 1749 1519 oportebat
1768 1446 2032 1517 primum

381 1541 552 1616 loqui
574 1540 824 1597 verbum
856 1539 978 1595 Dei.
1014 1538 1127 1595 Sed
1157 1538 1303 1611 quia
1339 1536 1639 1610 repulistis
1668 1534 1838 1604 illud,
1864 1538 1920 1589 et
1948 1534 2031 1587 in-

383 1633 602 1703 dignos
638 1646 748 1686 vos
774 1628 1086 1701 judicastis
1115 1632 1351 1685 internae
1383 1627 1532 1696 vitae,
1565 1642 1636 1682 ex
1668 1625 1782 1681 hoc
1808 1624 2031 1680 ibimus

385 1721 464 1778 ad
487 1723 695 1793 gentes
726 1719 879 1791 (Act.
907 1721 1094 1786 x110.»

1053 1860 1275 1916 CAPUT
1300 1861 1361 1914 V.

456 2011 486 2038 «
510 1986 859 2044 Philisthiim
890 1991 1092 2043 autem
1126 1985 1383 2043 tulerunt
1432 2000 1638 2040 arcam
1698 1982 1820 2052 Dei,
1852 1987 1909 2036 et
1951 1997 2041 2036 as-

385 2100 413 2127 ‹‹
446 2080 835 2150 portaverunt
868 2091 1003 2132 eam
1054 2092 1090 2131 a
1119 2074 1338 2147 Lapide
1370 2072 1650 2145 adjutorii
1678 2072 1740 2128 in
1766 2073 2035 2126 Azotum.

383 2188 412 2218 «
444 2165 845 2237 Tuleruntque
881 2164 1235 2222 Philisthiim
1265 2180 1467 2219 arcam
1490 2162 1609 2229 Dei,
1634 2167 1691 2218 et
1717 2160 2041 2217 intulerunt

383 2278 414 2308 «
443 2272 577 2312 eam
608 2255 668 2310 in
698 2255 989 2328 templum
1011 2255 1239 2325 Dagon,
1271 2259 1328 2310 et
1348 2255 1681 2309 statuerunt
1707 2267 1841 2307 eam
1867 2250 2041 2322 juxta

384 2367 414 2396 «
448 2348 714 2413 Dagon.»
749 2345 922 2417 Lapis
946 2343 1232 2415 adjutorii
1262 2342 1477 2401 dicitur
1504 2342 1674 2397 locus
1695 2340 1811 2405 ille,
1843 2338 2039 2412 inquo

384 2435 584 2508 posuit
631 2434 872 2491 Samuel
898 2434 1164 2507 lapidem
1213 2450 1428 2499 unum,
1476 2432 1626 2489 inter
1666 2430 1936 2502 Masphat
1985 2432 2041 2483 et

383 2524 536 2581 inter
567 2526 724 2579 Sem.
774 2527 1115 2595 Azotusque
1144 2528 1199 2578 et
1231 2527 1372 2578 Azot
1399 2521 1633 2587 dicitur,
1662 2524 1750 2576 est
1796 2535 1918 2575 una
1966 2518 2041 2573 de

386 2616 658 2686 quinque
710 2613 1046 2671 civitatibus
1100 2612 1572 2685 Allophylorum,
1626 2611 2043 2681 interpretatur

386 2707 591 2759 autem
616 2703 957 2760 incendium
983 2704 1203 2774 patris.
1236 2705 1302 2758 Et
1356 2702 1508 2758 bene
1550 2700 1894 2757 incendium
1937 2715 2044 2771 pa-

394 2791 498 2849 tris
525 2791 763 2860 dicitur,
793 2791 902 2847 ubi
946 2791 1176 2848 idolum
1217 2791 1429 2860 Dagon
1482 2788 1865 2855 consistebat,
1897 2788 2042 2860 quia

389 2881 685 2938 adventus
737 2896 891 2936 arcae
944 2880 1045 2936 Dei
1098 2883 1160 2936 in
1213 2883 1464 2937 Arctum
1517 2878 1865 2935 incendium
1918 2882 2045 2934 erat

388 2969 615 3025 diaboli
637 2970 824 3042 patris
873 2969 1146 3027 omnium
1176 2970 1581 3027 inimicorum.
1626 2971 1835 3038 Dagon
1866 2968 2042 3025 inter-

388 3062 656 3132 pretatur
696 3060 878 3129 piscis
929 3060 1210 3127 tristitie,
1260 3058 1558 3129 signiﬁcat
1612 3058 1845 3115 hostem
1894 3057 2041 3114 anti-
2086 3083 2129 3140 ρ

387 3163 602 3220 quum,
632 3147 740 3220 qui
767 3146 830 3204 in
859 3148 1014 3205 mari
1049 3147 1221 3204 istius
1249 3146 1465 3204 mundi
1507 3146 1761 3220 positus,
1792 3145 2043 3203 devorat

389 3241 757 3311 peccatores.

464 3347 495 3377 κ
525 3329 797 3399 Cumque
818 3326 1213 3384 surrexissent
1239 3326 1505 3383 diluculo
1532 3326 1696 3383 Azoti
1717 3326 1903 3382 altera
1924 3326 2040 3392 die,

392 3437 424 3467 κ
448 3431 584 3471 ecce
615 3419 821 3486 Dagon
852 3416 1090 3488 iacebat
1122 3432 1352 3489 pronus
1377 3416 1440 3472 in
1464 3420 1619 3472 terra
1661 3421 1797 3472 ante
1838 3430 2043 3471 arcam

395 3525 425 3556 α
452 3504 710 3575 Domini,
735 3527 763 3556 »ι
789 3506 1108 3579 etreliqua.
1139 3508 1270 3563 Jam
1296 3505 1573 3577 superius
1597 3504 1862 3561 diximus
1877 3503 2045 3575 quod

394 3608 537 3650 arca
579 3593 702 3649 duo
735 3593 1030 3664 signiﬁcat
1072 3597 1473 3651 Testamenta.
1506 3593 1852 3650 Philisthiim
1902 3608 2044 3648 vero

394 3682 458 3739 in
479 3683 595 3740 hoc
641 3682 776 3739 loco
807 3682 1057 3753 gentiles
1081 3683 1565 3756 praeﬁgurantur.
1603 3684 1717 3739 Sed
1753 3682 1900 3739 dum
1956 3697 2047 3737 ar-

394 3789 533 3829 eam
575 3773 655 3830 ad
677 3773 972 3846 templum
999 3790 1178 3829 suum
1206 3772 1503 3844 deferunt,
1551 3774 1758 3842 Dagon
1805 3771 2045 3828 illorum

391 3862 545 3919 deus
574 3863 817 3930 corruit,
863 3869 1044 3935 atque
1073 3862 1211 3920 duas
1257 3862 1475 3936 palmas
1518 3865 1576 3919 et
1623 3866 1807 3934 caput
1857 3862 2046 3918 absci-

390 3952 641 4025 duntur.
674 3952 829 4018 Quid
855 3958 942 4009 est
978 3954 1141 4009 enim
1170 3954 1305 4021 hoc,
1336 3953 1505 4025 quod
1534 3952 1684 4008 dum
1710 3968 1852 4008 arca
1880 3953 2045 4024 juxta

396 4044 605 4110 Dagon
638 4042 1036 4107 constituitur,
1084 4059 1227 4098 mox
1255 4042 1318 4098 in
1358 4047 1577 4098 terram
1623 4042 2042 4113 prosternitur,

392 4128 514 4184 nisi
544 4131 743 4183 statim
773 4133 839 4184 ut
881 4133 1233 4186 testamenta
1282 4131 1382 4185 Dei
1412 4130 1491 4186 ad
1531 4136 1735 4200 gentes
1765 4147 2046 4204 pervene-

395 4219 556 4283 runt,
584 4215 898 4273 confestim
945 4217 1108 4273 idola
1128 4234 1265 4291 quae
1306 4222 1625 4292 deceptum
1655 4220 2047 4292 possidebant

397 4304 608 4360 orbem
638 4304 942 4363 destructa
963 4310 1123 4376 sunt,
1153 4308 1471 4381 omnisque
1501 4325 1667 4365 error
1691 4309 2044 4365 simulacro-

396 4409 535 4449 rum
563 4394 805 4462 corruit,
833 4396 1214 4467 praesentiam
1258 4397 1361 4453 Dei
1388 4398 1541 4454 ferre
1567 4414 1691 4454 non
1719 4398 2042 4454 sustinens.

400 4482 514 4540 Sed
539 4484 877 4541 notandum
908 4489 1014 4555 est,
1046 4486 1190 4558 quia
1219 4486 1280 4541 hi
1314 4487 1421 4558 qui
1448 4503 1651 4543 arcam
1678 4487 2045 4543 constituunt

391 4572 567 4643 juxta
598 4575 825 4643 Dagon,
860 4578 925 4631 ut
954 4590 1096 4631 arca
1125 4576 1227 4631 Dei
1256 4575 1498 4633 subdita
1526 4575 1607 4631 illi
1645 4576 1875 4646 fuisset,
1901 4578 2047 4646 tign-

393 4677 527 4718 ram
554 4667 867 4731 gesserunt
895 4664 1255 4736 sapientium
1276 4665 1459 4735 hujus
1484 4665 1715 4735 mundi,
1738 4665 1844 4737 qui
1873 4670 2046 4722 testa-

382 4755 600 4808 «menta
627 4751 728 4808 Dei
777 4752 1039 4808 subdere
1090 4753 1407 4811 voluerunt
1436 4754 1549 4809 sub
1580 4769 1829 4810 suorum
1860 4754 2047 4811 scien-

394 4840 497 4896 tia.
522 4840 608 4896 llli
628 4856 770 4898 vero
798 4842 904 4915 qui
928 4844 1136 4913 Dagon
1162 4843 1830 4900 restitueruntinlocum
1843 4862 2042 4911 suum,

393 4929 651 4999 ﬁguram
679 4938 992 5001 gesserunt
1020 4948 1230 4990 eorum
1278 4934 1384 5006 qui
1411 4934 1757 4990 defensores
1806 4933 2049 4990 fuerunt

395 5018 746 5076 idololatria
773 5022 986 5078 cultus.
1016 5026 1162 5078 Nam
1191 5023 1254 5079 in
1282 5023 1569 5080 manibus
1600 5026 1808 5093 Dagon
1837 5024 2041 5096 praeci-

398 5107 477 5163 sis
503 5123 658 5180 opus
698 5109 1048 5168 idololatriae
1095 5116 1500 5185 amputatum,
1557 5113 1621 5169 in
1663 5114 1859 5185 capite
1903 5129 2046 5169 vero

396 5197 527 5269 ejus
548 5199 832 5271 superbia
854 5200 1079 5256 diaboli
1107 5202 1344 5258 abscisa
1370 5202 1843 5273 signiﬁcabatur,
1867 5219 1903 5259 a
1924 5218 2047 5275 quo

394 5286 630 5344 initium
655 5290 884 5360 peccati
914 5288 1039 5347 fuit.
1062 5290 1235 5356 Quod
1260 5306 1399 5347 vero
1424 5292 1485 5346 in
1510 5291 1714 5348 limine
1734 5292 2047 5347 inveniun-

395 5378 510 5445 tur,
542 5382 779 5446 gestum
807 5382 917 5444 est,
941 5382 1009 5434 ut
1037 5380 1261 5435 scilicet
1288 5380 1655 5452 praeﬁnitum
1706 5397 1827 5436 suae
1857 5380 2046 5437 idolo-

392 5462 581 5520 latriae
609 5466 794 5522 ﬁnem
824 5472 1241 5538 agnoscerent.
1277 5469 1483 5525 Limen
1515 5470 1680 5525 enim
1719 5470 1903 5526 ﬁnem
1956 5469 2048 5525 iti-

397 5552 556 5607 neris
576 5555 891 5625 signiﬁcat,
917 5557 978 5613 id
998 5562 1088 5614 est
1116 5560 1703 5616 consummationem
1727 5560 1888 5615 idoli.
1935 5562 2052 5616 Seu

397 5640 580 5695 limen
635 5642 930 5711 signiﬁcat
994 5647 1197 5709 ﬁdem,
1259 5663 1366 5719 per
1430 5665 1620 5720 quam
1698 5648 2049 5706 idololatriae

400 5728 593 5785 cultus
648 5729 983 5789 destructus
1040 5739 1147 5791 est.
1205 5737 1397 5792 Etiam
1440 5736 1590 5793 illud
1649 5737 1907 5807 pertinet
1959 5736 2042 5794 ad

2143 464 2320 533 atque
2350 462 2613 518 fractura
2640 461 2817 531 illius,
2841 460 3039 516 solum
3066 459 3423 516 invenerunt
3440 458 3640 514 fractis
3667 458 3806 528 ejus

2138 550 2420 606 omnibus
2446 551 2735 607 membris
2762 550 3034 606 dorsum.
3051 550 3309 605 Dorsum
3328 547 3555 621 quippe
3584 546 3807 618 fugam

2139 638 2453 708 signiﬁcat,
2483 640 2544 696 id
2577 645 2666 696 est
2718 638 3107 696 abolitionem
3146 636 3469 695 idolorum.
3536 637 3807 704 Quicun-

2138 744 2256 800 que
2284 730 2443 786 enim
2474 729 2728 799 fugiunt,
2775 726 3274 801 persequentibus
3325 726 3579 783 dorsum
3625 726 3803 782 dant.

2142 819 2307 875 Unde
2355 823 2411 876 et
2439 819 2515 875 de
2543 817 2816 875 hostibus
2860 818 3151 891 scriptum
3182 820 3302 873 est:
3364 840 3390 865 α
3456 815 3570 883 Qui
3605 831 3808 889 pones

2141 925 2245 964 eos
2275 909 2524 965 dorsum
2583 909 2769 980 (Psal.
2818 909 2993 979 xxw).
3024 929 3052 957 ››
3086 906 3193 963 Ubi
3223 905 3387 963 enim
3418 908 3560 962 sunt
3588 904 3805 961 idola?

2143 998 2465 1070 perierunt,
2498 1000 2552 1053 et
2581 997 2627 1052 si
2661 996 2867 1069 aliqua
2893 1000 3034 1053 sunt
3070 995 3447 1052 remanentia
3477 995 3557 1051 ab
3591 993 3808 1067 aliqui-

2140 1086 2256 1143 bus
2289 1087 2691 1158 abscondunt,
2719 1086 2976 1155 fugiunt.
3025 1089 3173 1143 Nam
3205 1085 3511 1156 sequitur:

2215 1197 2243 1233 ‹
2276 1179 2618 1248 Aggravata
2643 1182 2731 1232 est
2747 1181 2947 1232 autem
2971 1191 3190 1232 manus
3204 1174 3441 1231 Domini
3462 1189 3646 1247 super
3662 1175 3809 1229 Azo-

2145 1290 2173 1317 ιι
2206 1273 2315 1337 tos,
2350 1272 2407 1324 et
2434 1266 2755 1323 demolitus
2785 1271 2873 1322 est
2903 1282 3027 1331 eos,
3076 1270 3133 1321 et
3187 1264 3483 1339 percussit
3507 1264 3573 1321 in
3611 1280 3810 1320 secre-

2145 1382 2171 1408 α
2203 1358 2331 1415 tiori
2362 1363 2530 1430 parte
2561 1357 2795 1413 natium
2813 1359 3065 1412 Azotum
3093 1356 3316 1412 etﬁnes
3343 1356 3503 1426 ejus;
3526 1378 3554 1405 »
3576 1359 3632 1410 et
3649 1370 3809 1426 qua-

2145 1454 2280 1505 tuor
2308 1448 2572 1521 reliquas
2604 1447 2887 1503 civitates.
2930 1446 3035 1502 Hic
3082 1445 3260 1502 etiam
3304 1444 3502 1514 ﬁgura
3542 1448 3810 1516 praeten—

2145 1538 2321 1594 ditur.
2355 1537 2529 1604 Quod
2568 1542 2770 1592 autem
2801 1536 3074 1609 percussi
3119 1540 3257 1593 sunt
3286 1534 3345 1591 in
3376 1534 3720 1607 posteriora
3749 1533 3812 1590 hi

2146 1629 2251 1701 qui
2272 1644 2474 1686 arcam
2507 1628 2610 1685 Dei
2638 1628 3108 1700 captivaverunt,
3139 1628 3253 1683 hac
3269 1642 3452 1699 pmna
3480 1624 3817 1696 signiﬁcari

2077 1727 2121 1787 Β
2148 1718 2402 1787 videtur,
2433 1718 2577 1790 quia
2596 1717 2646 1772 si
2675 1717 2781 1789 qui
2819 1716 3189 1789 susceperint
3229 1720 3655 1773 testamentum
3687 1714 3817 1782 Dei,

2150 1811 2206 1863 et
2234 1806 2628 1879 posteriorem
2656 1806 2845 1862 vitam
2882 1805 3215 1876 dilexerint,
3262 1821 3336 1860 ex
3389 1804 3539 1876 ipsis
3581 1809 3640 1859 et
3700 1819 3817 1876 pro

2148 1894 2316 1967 ipsis,
2362 1896 2691 1965 justissime
2731 1895 2895 1966 justo
2945 1892 3174 1965 judicio
3226 1893 3328 1949 Dei
3357 1892 3419 1948 in
3470 1891 3821 1965 posteriora

2147 1984 2595 2051 cruciabuntur,
2626 2000 2784 2056 quae,
2814 1983 2966 2039 sicut
2989 1982 3071 2038 ait
3099 1981 3446 2055 Apostolus,
3477 1982 3819 2039 existimari

2146 2074 2369 2130 debent
2395 2074 2545 2131 sicut
2569 2078 2829 2129 stercora
2858 2072 3047 2143 (Phil.
3076 2072 3179 2143 ιιι).
3221 2070 3333 2137 Qui
3370 2072 3534 2127 enim
3582 2071 3670 2128 sic
3720 2086 3818 2127 as-

2149 2167 2397 2221 sumunt
2448 2167 2876 2219 testamentum
2908 2162 3202 2229 divinum,
3254 2165 3318 2216 ut
3363 2161 3427 2218 in
3477 2162 3822 2233 posteriora

2149 2253 2535 2324 respicientes
2560 2253 2737 2309 veteri
2770 2269 2830 2308 se
2862 2251 3123 2308 vanitate
3152 2266 3277 2306 non
3307 2255 3553 2317 exuant,
3580 2249 3819 2309 similes

2153 2348 2293 2399 sunt
2314 2343 2586 2398 hostibus
2633 2342 2747 2398 illis
2773 2341 2878 2414 qui
2907 2357 3115 2397 arcam
3145 2340 3483 2397 testamenti
3504 2342 3818 2412 captivam

2144 2433 2320 2504 juxta
2347 2430 2510 2487 idola
2548 2446 2661 2488 sua
2695 2435 3045 2503 posuerunt.
3080 2433 3147 2488 Et
3174 2429 3274 2489 illa
3312 2430 3565 2502 quidem
3605 2434 3819 2485 vetera

2150 2522 2329 2579 etiam
2361 2520 2703 2577 nolentibus
2757 2521 3010 2578 cadunt:
3044 2520 3189 2593 quia
3234 2542 3262 2570 α
3307 2519 3506 2575 omnis
3557 2535 3708 2577 caro
3741 2519 3819 2574 fe-

2151 2627 2322 2680 num,
2356 2614 2431 2677 et,
2478 2633 2505 2660 »
2553 2611 2803 2668 claritas
2838 2633 2865 2660 ‹‹
2919 2608 3203 2678 hominis,
3236 2612 3301 2664 ut
3328 2608 3443 2664 ﬂos
3472 2608 3613 2666 feni.
3644 2608 3821 2665 Aruit

2156 2700 2384 2765 fenum,
2426 2698 2536 2754 ﬂos
2564 2699 2796 2755 cecidit.
2831 2719 2857 2749 »
2884 2699 3051 2757 Area
3079 2703 3283 2755 autem
3311 2698 3551 2754 Domini
3604 2701 3821 2754 manet

2151 2788 2216 2844 in
2245 2793 2538 2843 aeternum
2559 2788 2701 2857 (Isa.
2724 2788 2839 2859 XL).
2862 2810 2890 2839 ››
2918 2790 3223 2845 Secretum
3242 2786 3466 2845 scilicet
3488 2791 3819 2844 testamen-

2155 2882 2285 2934 tum
2322 2891 2700 2949 regnumque
2728 2876 3041 2949 caalorum,
3095 2876 3201 2933 ubi
3242 2880 3332 2933 est
3388 2880 3685 2933 aeternum
3717 2875 3820 2933 Dei

2155 2965 2431 3025 verbum.

2798 3053 3037 3111 CAPUT
3078 3057 3166 3112 Vl.

2229 3168 2259 3197 ‹‹
2288 3144 2415 3201 Fuit
2435 3158 2578 3213 ergo
2608 3159 2751 3202 arca
2780 3144 3018 3201 Domini
3064 3144 3127 3200 in
3155 3143 3401 3215 regione
3435 3143 3818 3201 Philisihino-

2160 3258 2187 3285 α
2209 3251 2345 3291 rum
2372 3237 2609 3306 septem
2637 3233 3013 3291 mensibus.»
3030 3234 3154 3291 Hoc
3182 3234 3348 3292 enim
3376 3238 3618 3306 tempus
3632 3250 3820 3307 prop-

2155 3331 2241 3381 ter
2274 3323 2723 3380 universitatem
2772 3328 3113 3395 temporum
3157 3340 3295 3396 quae
3328 3322 3671 3396 septenario
3702 3340 3818 3380 nu-

2154 3428 2323 3470 mero
2351 3412 2628 3469 discurrit
2657 3412 2954 3483 signiﬁcat
2970 3416 3414 3470 Testamentum
3443 3412 3685 3469 Domini
3718 3430 3818 3470 us-

2155 3517 2273 3576 que
2303 3503 2383 3559 ad
2426 3503 3013 3559 consummationem
3044 3503 3246 3559 seaculi
3275 3503 3339 3560 in
3369 3502 3647 3573 gentibus
3678 3520 3816 3577 per-

2153 3608 2534 3649 mansurum.
2554 3592 2775 3648 Deinde
2794 3592 3063 3663 sequitur
3082 3592 3339 3664 qualiter
3361 3592 3508 3648 inito
3538 3592 3814 3655 consilio.

2152 3682 2423 3754 quinque
2452 3696 2602 3737 auos
2637 3696 2872 3751 aureos,
2901 3682 3074 3751 juxta
3122 3697 3448 3738 numerum
3495 3681 3812 3737 civitatum

2154 3787 2425 3836 suarum,
2458 3771 2804 3827 obtulerunt
2830 3787 3004 3828 arcte.
3047 3775 3209 3829 Patet
3244 3773 3407 3829 enim
3436 3771 3642 3829 litteras
3676 3789 3817 3829 sen-

2154 3877 2282 3930 sus,
2333 3864 2536 3915 tamen
2588 3860 2819 3932 aliquid
2885 3860 3344 3931 signiﬁcationis
3391 3860 3619 3917 habet:
3669 3862 3817 3934 quia

2152 3947 2461 4021 quosdam
2487 3948 2785 4018 signiﬁcat
2826 3950 2934 4021 qui
2990 3955 3127 4022 post
3177 3950 3340 4007 idola
3390 3951 3817 4024 paenitentiam

2157 4042 2390 4108 gerunt.
2412 4037 2497 4094 Illi
2523 4037 2685 4093 enim
2710 4054 2925 4095 aureos
2964 4054 3112 4095 anos
3144 4044 3323 4112 atque
3348 4056 3551 4096 mures
3574 4056 3814 4107 aureos,

2155 4127 2238 4183 ad
2265 4142 2469 4183 arcam
2502 4127 2737 4184 Domini
2764 4128 3041 4195 offerunt,
3071 4129 3176 4202 qui
3205 4145 3313 4202 per
3340 4129 3581 4201 ﬂagella
3607 4130 3817 4200 agnita

2156 4216 2371 4272 virtute
2394 4217 2544 4287 ejus,
2577 4233 2687 4289 pro
2720 4218 3033 4274 transactis
3063 4219 3350 4291 peccatis,
3394 4223 3454 4275 et
3505 4219 3815 4276 idolorum

2157 4305 2390 4361 cultura
2410 4305 2849 4378 paenitudinem
2880 4312 3171 4376 gerentes,
3211 4323 3321 4380 per
3346 4324 3554 4365 veram
3586 4308 3818 4364 confes-

2161 4396 2391 4451 sionem
2424 4398 2545 4451 Deo
2572 4395 2826 4465 gloriam
2855 4396 3138 4452 reddunt.
3170 4400 3238 4452 Et
3272 4397 3409 4453 licet
3449 4398 3641 4454 coacti
3694 4403 3817 4454 stu-

2157 4485 2327 4541 dium
2350 4484 2483 4541 vitm
2513 4501 2634 4540 suae
2664 4484 2743 4541 ad
2765 4485 3015 4543 meliora
3043 4491 3417 4557 convertunt,
3441 4503 3818 4558 cognoscen-

2157 4578 2246 4630 tes
2278 4589 2342 4630 se
2372 4574 2613 4643 ﬂagella
2644 4574 2880 4630 Domini
2912 4579 3092 4648 atqae
3142 4574 3356 4647 plagas
3381 4577 3540 4647 juste
3582 4578 3819 4650 perpeti

2156 4680 2193 4721 a
2223 4664 2497 4720 Domino.
2520 4664 2682 4720 Unde
2711 4664 2980 4737 quinque
3001 4665 3266 4722 civitates
3293 4666 3815 4735 Philisthinorum,

2155 4754 2426 4826 quinque
2456 4754 2721 4827 corporis
2751 4771 2983 4819 sensus,
3015 4755 3075 4811 id
3101 4761 3193 4811 est
3243 4756 3460 4824 visum,
3512 4756 3813 4825 auditum,

2157 4847 2421 4914 gustum,
2454 4843 2796 4914 odoratum,
2830 4850 2887 4900 et
2927 4849 3172 4913 tactum,
3226 4846 3487 4916 ﬁguram
3525 4847 3815 4902 habuisse

2156 4950 2281 4989 non
2301 4933 2559 4989 dubium
2588 4939 2696 4989 est.
2739 4938 2845 4989 Per
2872 4936 2985 4991 hos
3033 4936 3196 4992 enim
3243 4936 3461 5003 homo,
3509 4941 3613 4993 aut
3650 4936 3810 4992 bene

2157 5022 2466 5095 operando
2496 5027 2798 5097 praecepta
2825 5025 2927 5080 Dei
2952 5025 3262 5097 adimplet,
3286 5030 3390 5082 aut
3408 5042 3595 5099 prave
3616 5027 3819 5082 viven-

2157 5112 2237 5169 do
2258 5113 2502 5169 diabolo
2529 5113 2834 5170 satisfacit.
2872 5115 3148 5187 Sequitur
3174 5133 3188 5171 :

2232 5224 2258 5255 «
2300 5206 2465 5258 Nunc
2522 5217 2665 5272 ergo
2717 5203 2956 5275 arripite
3009 5208 3067 5259 et
3112 5204 3287 5261 facite
3317 5205 3657 5277 plaustrum
3702 5220 3817 5262 no-

2157 5308 2301 5347 vum
2357 5307 2550 5347 unum
2608 5297 2665 5347 et
2715 5291 2871 5349 duas
2918 5308 3134 5349 vaccas
3189 5294 3357 5365 fetas,
3411 5295 3635 5367 quibus
3688 5312 3816 5353 non

2159 5386 2247 5437 est
2305 5381 2656 5453 impositum
2712 5382 2952 5453 jugum,
3006 5384 3240 5455 jungite
3301 5385 3364 5440 in
3427 5384 3704 5457 plaustro
3760 5390 3820 5442 et

2158 5469 2444 5525 recludite
2506 5470 2725 5527 vitulos
2784 5486 2993 5528 earum
3059 5472 3249 5529 domi.
3311 5473 3675 5547 Tolletisqne
3730 5491 3820 5532 ar—

2160 5574 2294 5615 cam
2361 5559 2598 5615 Domini
2663 5564 2721 5616 et
2783 5561 3021 5633 ponetis
3077 5562 3140 5617 in
3197 5563 3449 5635 plastro,
3503 5586 3531 5613 ››
3579 5568 3637 5620 et
3683 5566 3819 5620 reli-

2160 5664 2302 5719 qua.
2373 5650 2506 5704 Haec
2570 5649 2779 5719 igitur,
2848 5666 3204 5723 quanquam
3277 5652 3539 5709 historiae
3600 5654 3818 5710 seriem

2162 5738 2689 5808 prmtermittamus
2757 5739 3197 5798 enucleandam
3217 5782 3232 5811 ,
3294 5742 3444 5815 quia
3505 5742 3640 5803 luce
3704 5743 3820 5801 cla-
