3944 6476
205 256 297 311 283
1194 259 1450 316 ENARR.
1491 260 1562 316 IN
1601 255 1841 316 LIBROS

2021 254 2155 312 'rUM.
2196 281 2268 303 ιιι-
2304 256 2375 314 IN
2413 255 2545 317 LIB.
2589 261 2640 318 1.

3527 267 3637 327 286

204 381 314 436 rius
332 382 517 453 patet,
534 384 739 438 tamen
754 396 831 439 ne
852 381 1029 440 alicui
1047 382 1231 440 ludus
1249 399 1381 441 esse
1402 379 1859 456 videatur,quid
1882 379 1937 438 Α
1976 377 2434 439 Palaestinorum
2460 381 2735 456 quinque
2763 381 3034 455 corporis
3073 398 3290 441 sensus
3320 399 3358 444 ο,
3385 387 3636 461 quibus

204 469 647 540 signiﬁcationis
674 471 920 543 gerebat
947 472 1271 537 moraliter,
1297 491 1370 531 ex
1399 480 1749 532 sanctorum
1773 471 1859 528 di-

1971 467 2116 525 dam
2159 468 2589 539 intelliguntur.
2620 475 2704 531 Ex
2750 472 2973 546 quibus
3018 472 3176 535 bene
3204 475 3422 537 Azotus
3462 478 3638 539 inter-

201 560 317 629 ctis,
346 575 471 616 non
501 564 712 617 nostra
759 566 1071 635 ponentes,
1103 563 1470 637 pandemus.
1501 564 1653 631 Quid
1677 563 1858 633 igitur
1964 560 2233 629 pretatur
2261 560 2439 630 ignis,
2470 559 2639 619 illum
2666 560 2884 618 scilicet
2910 560 3278 633 signiﬁcans,
3305 580 3430 638 quo
3449 567 3636 627 corda

200 664 384 706 vacca:
409 649 875 724 Allophylorum
922 667 1129 709 arcam
1160 654 1264 710 Dei
1289 659 1611 725 gestantes,
1641 652 1757 710 nisi
1784 651 1855 709 ﬁ-

199 754 400 809 guram
411 745 767 797 sanctorum
782 757 853 798 ac
870 741 1140 799 ﬁdelium
1150 744 1623 801 renuntiantium
1635 743 1856 800 saeculo

199 828 658 902 praeﬁgurabant
671 830 700 886 ?
720 831 826 905 qui
841 831 1076 889 nullum
1091 834 1288 891 delicti
1293 835 1513 907 jugum
1524 837 1853 901 traxerunt,

196 934 381 991 neque
407 918 533 975 ullo
561 920 888 992 parentelre
920 922 1120 979 studio
1141 938 1180 979 a
1207 924 1518 998 proposito
1546 923 1851 993 religionis

196 1007 659 1081 praepediuntur,
676 1024 876 1084 neque
892 1027 1096 1085 opere,
1120 1013 1271 1069 sicut
1288 1029 1397 1087 per
1420 1016 1662 1087 Moysen
1682 1012 1757 1069 de
1771 1017 1854 1070 ta-

196 1096 339 1151 libus
365 1096 619 1154 dicitur:
647 1120 676 1148 ‹‹
705 1100 815 1165 Qui
844 1099 1055 1157 dicunt
1080 1101 1238 1175 patri
1265 1118 1377 1159 suo
1403 1106 1460 1159 et
1486 1102 1684 1171 matri,
1707 1106 1851 1159 Nes~

195 1186 279 1242 cio
306 1203 431 1249 vos,
459 1192 518 1244 et
545 1189 891 1246 nescierunt
918 1191 1120 1248 (Deut.
1148 1193 1407 1266 xxxm)»
1440 1192 1596 1260 Quid
1624 1192 1705 1249 ab
1734 1192 1849 1249 eis-

193 1276 322 1331 dem
354 1278 549 1333 vaccis
567 1278 937 1336 vehebatur:
971 1297 1158 1338 sacras
1181 1282 1496 1355 Scriptura:
1526 1282 1853 1356 praetende-

192 1365 289 1422 bat
328 1372 802 1438 sacramentum,
835 1370 930 1428 cui
978 1386 1192 1428 omnes
1240 1372 1431 1430 sancti
1477 1372 1847 1444 obedientes,

192 1455 330 1512 dum
381 1456 805 1530 obtemperant
850 1460 1026 1532 quasi
1063 1462 1597 1537 superimpositam
1642 1478 1850 1520 arcam

194 1545 415 1601 Domini
442 1552 712 1620 portant.
741 1548 1074 1607 Plaustrum
1106 1567 1246 1608 vero
1273 1552 1442 1622 illud,
1462 1553 1527 1609 in
1552 1569 1675 1626 quo
1706 1569 1850 1610 arca

192 1634 546 1707 gestabatur,
579 1638 775 1694 crucis
795 1638 1009 1696 Christi
1032 1639 1324 1698 innuebat
1347 1642 1721 1715 mysterium.
1739 1646 1849 1699 Un-

1964 644 2325 702 miserorum
2355 648 2826 707 succenduntur.
2852 652 2932 707 De
2959 650 3186 723 quibus
3203 652 3494 727 scriptum
3514 661 3631 715 est:

1963 756 1993 786 α
2022 736 2243 792 Omnes
2268 736 2674 795 adulterantes
2694 738 2855 797 velut
2881 738 3181 797 clubanus
3206 743 3392 805 corda
3420 760 3632 805 eorum

1964 823 2115 896 (Ose.
2146 826 2314 897 vn).»
2360 829 2426 882 Et
2478 829 2654 896 Gaza,
2683 843 2821 901 quae
2871 828 3087 887 dicitur
3130 831 3430 900 fortitudo
3477 836 3628 905 ejus,

1959 914 2106 986 quia
2132 914 2315 971 fortes
2345 921 2486 977 sunt
2512 918 2919 977 adulterantes
2947 917 3011 976 in
3034 920 3299 991 malum;
3332 922 3457 981 sive
3482 924 3631 983 divi-

1961 1005 2081 1074 tiae,
2113 1003 2189 1060 de
2214 1005 2438 1077 quibus
2477 1007 2769 1065 Dominus
2792 1008 2971 1066 dicit:
3020 1032 3048 1060 ‹‹
3075 1010 3510 1073 Sollicitudines
3538 1013 3631 1075 dio

1961 1092 2246 1151 vittarum
2281 1095 2581 1155 suifocant
2626 1098 2881 1155 verbum
2911 1099 3156 1171 (Matth.
3188 1101 3284 1174 1),»
3324 1102 3631 1176 accipiun-

1960 1186 2055 1239 tur
2082 1183 2146 1239 in
2191 1183 2417 1256 quibus
2464 1185 2779 1245 conﬁdunt
2829 1187 3043 1261 iniqui.
3073 1192 3142 1246 Et
3175 1191 3460 1264 Ascalon,
3489 1208 3629 1266 quas

1948 1275 2297 1344 ponderata
2328 1279 2525 1347 sonat,
2556 1276 2649 1333 vel
2673 1278 2831 1349 ignis
2861 1279 3186 1349 homicida,
3207 1281 3453 1341 malitiae
3482 1299 3631 1356 pon-

1957 1362 2092 1431 dus,
2139 1380 2264 1437 quo
2300 1364 2726 1438 deprimuntur
2769 1367 3035 1441 reprobi.
3076 1371 3157 1426 De
3204 1386 3328 1447 qua
3372 1370 3625 1433 dicitur:

1957 1451 2246 1525 Iniquitas
2276 1453 2340 1511 in
2368 1453 2593 1512 talento
2634 1455 2872 1529 plumbi
2914 1456 3101 1528 sedet,
3131 1458 3281 1531 quia
3313 1460 3628 1533 iniquitate

1956 1543 2252 1614 succensi,
2285 1548 2347 1601 ut
2392 1544 2610 1603 divitiis
2657 1545 2973 1604 abundare
3019 1548 3272 1620 possint,
3301 1549 3630 1609 homicidia

1955 1638 2322 1706 perpetrant.
2358 1634 2526 1693 Unde
2558 1636 2704 1694 Geth
2726 1637 2863 1708 jure
2885 1639 3334 1712 sequitur,qute
3354 1642 3630 1699 torcular

190 1723 259 1779 de
303 1730 358 1781 et
386 1726 623 1783 Veritas
654 1727 773 1784 ait:
823 1748 852 1778 ‹‹
873 1728 931 1785 Si
973 1730 1111 1804 quis
1141 1731 1270 1789 vult
1310 1736 1451 1805 post
1496 1749 1595 1789 me
1619 1733 1842 1802 venire,
1874 1749 1920 1807 Β
1953 1721 2414 1795 interpretatur:
2449 1725 2757 1797 Signiﬁcat
2796 1731 3002 1787 autem
3039 1727 3456 1787 tribulationes
3480 1746 3629 1803 prse-

194 1813 439 1887 abneget
464 1818 885 1891 semetipsum,
919 1824 978 1876 et
1006 1820 1171 1878 tollat
1198 1838 1438 1879 crucem
1466 1839 1645 1880 suam
1670 1828 1729 1881 et
1752 1839 1845 1880 se-

189 1909 402 1977 quatur
447 1922 548 1964 me
596 1908 841 1979 (Matth.
875 1926 1008 1979 xvr;
1043 1912 1236 1969 Marc.
1268 1919 1409 1979 vni).
1432 1935 1462 1965 »
1502 1913 1617 1971 Sed
1641 1918 1846 1971 notan-

190 1993 325 2051 dum
354 2000 445 2052 est
464 1997 640 2070 quod
661 1998 891 2056 eaedem
917 2015 1119 2058 vaccae
1140 2000 1272 2059 fatae
1298 2003 1480 2060 fuisse
1505 2018 1847 2060 memoran-

191 2088 293 2152 tur,
324 2086 464 2159 quia
500 2092 649 2144 sunt
677 2088 782 2160 qui
830 2089 1098 2163 plerique
1146 2091 1208 2148 in
1232 2092 1331 2149 via
1354 2093 1457 2149 Dei
1485 2093 1843 2150 intrinsecus

189 2175 349 2247 positi
378 2175 519 2233 foris
549 2176 900 2236 carnalibus
930 2180 1247 2238 affectibus
1274 2182 1557 2254 ligantur,
1581 2184 1689 2240 sed
1718 2199 1843 2241 non

190 2264 477 2323 declinant
502 2283 541 2324 a
570 2272 737 2324 recto
775 2268 1004 2340 itinere,
1035 2271 1181 2345 quia
1222 2288 1428 2330 arcam
1449 2287 1455 2294 '
1474 2273 1574 2330 Del
1601 2279 1845 2348 portant

188 2353 244 2409 in
283 2361 498 2413 mente.
531 2359 686 2414 Ecce
714 2359 916 2415 venim
940 2376 1143 2417 vaccae
1184 2363 1514 2420 Bethsamis
1561 2368 1843 2437 pergunt.

190 2444 503 2502 Bethsamis
539 2448 773 2522 quippe
802 2448 1023 2505 dicitur
1049 2451 1260 2508 domus
1275 2454 1438 2521 solis,
1459 2458 1517 2510 et
1543 2454 1843 2527 Propheta

189 2534 297 2590 ait:
327 2535 555 2593 «Vobis
586 2542 795 2594 autem
840 2539 948 2611 qui
996 2539 1217 2597 timetis
1271 2545 1458 2598 Deum
1488 2543 1712 2601 orietur
1754 2543 1843 2600 sol

184 2621 406 2693 justitiaa
436 2627 613 2696 (Mal.
647 2626 742 2699 ιν).
770 2649 799 2677 ››
846 2628 903 2684 Si
929 2627 1111 2698 igitur
1139 2629 1219 2686 ad
1267 2631 1469 2687 aeterni
1502 2631 1645 2688 solis
1668 2631 1843 2688 habi-

187 2714 456 2772 tationem
473 2717 803 2788 tendimus,
826 2718 1083 2790 dignum
1110 2720 1379 2794 profecto
1403 2727 1512 2791 est,
1544 2728 1608 2780 ut
1636 2724 1711 2779 de
1740 2723 1843 2780 Dei

187 2801 377 2860 itinere
404 2819 515 2878 pro
542 2806 898 2863 carnalibus
927 2806 1245 2866 affectibus
1278 2826 1401 2868 non
1447 2811 1841 2869 declinemus.

188 2892 315 2950 Tota
338 2894 497 2953 enim
528 2895 747 2952 virtute
768 2897 1151 2969 pensandum
1185 2904 1289 2968 est,
1322 2901 1489 2974 quod
1518 2917 1719 2960 vaccae
1742 2902 1845 2959 Dei

187 2981 435 3054 plaustro
465 2986 799 3059 suppositae
827 2992 1086 3059 pergunt
1116 2993 1174 3045 et
1197 2997 1465 3061 gemunt,
1489 2992 1637 3049 dant
1656 2992 1736 3049 ab
1755 2993 1844 3048 in-

1956 1812 2138 1868 sentis
2190 1813 2345 1882 vitae,
2379 1813 2486 1871 ubi
2538 1819 2893 1888 torquentur
2933 1815 3104 1875 electi
3153 1833 3227 1875 ac
3265 1818 3531 1891 reprobi.
3560 1822 3631 1876 Et

1953 1904 2226 1958 Accaron
2272 1918 2438 1971 vero,
2466 1920 2604 1977 quae
2644 1906 2935 1964 sterilitas
2965 1905 3060 1965 vel
3096 1907 3427 1965 eradicatio
3473 1908 3621 1966 dici-

1952 1992 2067 2058 tur,
2100 1990 2501 2063 reproborum
2540 1992 2841 2063 signiﬁcat
2870 1993 3259 2065 sterilitatem,
3289 1995 3398 2068 qui
3426 1996 3521 2055 his
3542 1996 3626 2055 vi-

1952 2079 2048 2141 tiis
2074 2079 2391 2147 insistunt;
2420 2085 2477 2138 et
2498 2081 2547 2138 si
2572 2081 2637 2138 in
2664 2081 2758 2141 his
2787 2085 3326 2155 perseveraverint,
3355 2084 3626 2142 eradica-

1950 2167 2179 2227 buntur
2209 2185 2246 2225 a
2276 2175 2429 2228 terra
2461 2170 2814 2233 viventium.
2849 2172 2961 2230 Sed
3003 2172 3096 2229 hae
3124 2172 3395 2246 quinque
3424 2173 3627 2233 eivin

1951 2262 2040 2316 tes
2065 2274 2323 2316 munera
2348 2274 2534 2318 aurea
2565 2260 2844 2330 oﬂ'erunt,
2875 2260 3125 2334 quando
3163 2277 3314 2321 auro
3345 2262 3626 2335 spiritalis

1951 2348 2358 2417 intelligentia:
2401 2350 2694 2421 instructi,
2725 2350 2805 2407 ab
2852 2351 2947 2407 bis
2977 2351 3133 2409 vitiis
3176 2367 3285 2425 per
3327 2352 3624 2424 poeniten-

1955 2436 2099 2495 tiam
2125 2437 2517 2507 declinantes,
2546 2455 2685 2513 quae
2724 2439 2788 2496 in
2809 2440 3078 2514 quinque
3109 2440 3386 2499 sensibus
3416 2455 3629 2515 serpe”

1951 2528 2035 2586 ris
2089 2528 2488 2589 admittuntur
2525 2530 2747 2589 divinis
2780 2529 3179 2589 Testamentis
3223 2547 3287 2589 se
3331 2531 3622 2591 subdunt.

1956 2618 2122 2674 Unde
2150 2635 2397 2675 necesse
2435 2623 2526 2676 est
2555 2624 2617 2677 ut
2645 2619 2961 2677 attendant
2984 2620 3063 2677 ad
3091 2625 3372 2694 mortem,
3406 2621 3512 2678 ubi
3535 2628 3625 2679 est

1958 2706 2191 2765 tristitia
2208 2724 2348 2766 vera
2376 2712 2435 2766 et
2462 2709 2735 2767 sterilitas
2762 2715 3055 2783 perpetua
3082 2714 3140 2766 et
3169 2711 3254 2768 sic
3292 2726 3356 2767 se
3386 2710 3628 2767 cohibe-

1956 2797 2111 2855 bunt
2148 2798 2229 2857 ab
2275 2798 2715 2872 iniquitatibus.
2742 2799 2860 2857 Sed
2904 2799 3076 2873 quod
3121 2800 3203 2858 ait
3231 2801 3408 2873 juxta
3442 2800 3626 2860 hieto.

1949 2903 2105 2945 riam
2132 2906 2148 2947 Ζ

2021 2999 2053 3029 κ
2084 2978 2173 3035 Ab
2204 2977 2353 3035 urbe
2382 2983 2623 3036 murata
2645 2979 3151 3053 usqueadvillam
3174 2996 3315 3053 quae
3344 2984 3471 3038 erat
3488 2980 3628 3039 abs-

188 3072 330 3130 limis
357 3075 647 3146 mugitus,
679 3079 739 3132 et
767 3081 970 3134 tamen
1013 3078 1091 3135 de
1120 3079 1327 3137 itinere
1364 3097 1488 3138 non
1517 3082 1843 3139 deﬂectunt
1871 3116 1917 3176 ο
1949 3088 1979 3119 κ
2013 3084 2133 3141 que
2160 3072 2413 3176 Immolet
2433 3084 2635 3176 “qui

189 3176 428 3231 gressus.
460 3166 555 3223 Sic
585 3166 879 3223 nimirum
905 3169 1329 3240 praedicatores
1360 3171 1569 3240 sancti,
1594 3172 1677 3229 sic
1704 3173 1844 3229 tide-

186 3252 262 3307 les
276 3255 491 3328 quique
514 3255 678 3315 intra
689 3262 962 3314 sanctam
992 3260 1318 3317 Ecclesiam
1343 3262 1567 3318 debent
1584 3267 1649 3319 ut
1678 3278 1841 3319 com-

188 3345 471 3414 patiantur
504 3345 805 3419 proximis
834 3362 943 3419 per
980 3349 1356 3419 charitatem,
1409 3356 1466 3408 et
1510 3356 1713 3409 tamen
1764 3352 1839 3409 de

186 3432 270 3488 via
290 3434 386 3490 Dei
409 3451 531 3492 non
561 3436 905 3493 exorbitent
936 3452 1044 3510 per
1071 3440 1532 3497 confessionem.

250 3544 278 3572 κ
309 3524 417 3580 Sed
447 3530 502 3582 et
537 3530 800 3599 satrapae
826 3526 1270 3586 Philistinorum
1302 3531 1716 3604 sequebantur
1743 3548 1841 3587 us-

188 3632 214 3658 ιι
238 3628 345 3684 que
373 3615 449 3670 ad
492 3615 787 3672 terminos
829 3618 1198 3675 Bethsames.
1232 3622 1411 3676 Porro
1455 3621 1839 3678 Bethsamitas

188 3718 216 3753 ‹
241 3704 535 3765 metebant
578 3705 842 3761 triticum
889 3706 951 3761 in
980 3706 1153 3763 valle.
1188 3711 1255 3764 Et
1283 3709 1587 3766 elevantes
1630 3710 1838 3768 oculos

191 3811 215 3837 ‹‹
246 3808 396 3858 suos,
426 3794 713 3853 viderunt
739 3810 967 3860 arcam,
1000 3802 1058 3851 et
1082 3797 1275 3867 gavisi
1323 3803 1463 3854 sunt
1492 3815 1631 3855 cum
1659 3799 1840 3855 vidis-

190 3900 213 3926 «ί
242 3886 378 3938 sent.
402 3885 466 3939 Et
495 3883 843 3957 plaustrum
868 3885 1030 3943 venit
1050 3886 1113 3941 in
1142 3902 1361 3957 agrum
1386 3890 1565 3945 Iosue
1593 3889 1837 3945 Bethsa-

191 3990 214 4015 «
241 3972 408 4043 mites,
436 3979 495 4030 et
520 3974 682 4031 stetit
710 3974 814 4030 ibi.
852 3976 987 4031 Erat
1024 3981 1227 4032 autem
1260 3977 1343 4032 ibi
1372 3976 1528 4051 lapis
1548 3993 1836 4049 magnus.

187 4080 212 4105 ‹‹
243 4062 301 4116 Et
338 4064 733 4121 conciderunt
760 4063 926 4136 ligna
976 4065 1295 4138 plaustri,»
1336 4071 1395 4123 et
1422 4067 1675 4141 reliqua.
1705 4071 1839 4125 tam

187 4149 328 4207 enim
357 4154 633 4226 superius
661 4152 893 4210 dictum
921 4158 1033 4225 est,
1062 4155 1232 4228 quod
1262 4157 1598 4214 Bethsamis
1625 4159 1838 4214 domus

187 4240 309 4297 solis
344 4241 853 4317 interpretaretur.
892 4244 1005 4301 Sed
1050 4260 1213 4301 nunc
1242 4261 1381 4318 quae
1411 4246 1529 4303 alia
1552 4252 1746 4319 potest
1774 4249 1836 4304 in

188 4326 290 4384 hoc
332 4330 460 4388 loco
496 4348 633 4389 esse
668 4333 893 4389 domus
936 4332 1097 4401 solis,
1146 4334 1262 4390 nisi
1294 4340 1508 4392 sancta
1552 4336 1834 4407 Ecclesia,

1952 3180 1983 3212 α
2014 3161 2348 3230 posuerunt
2369 3173 2574 3216 arcam
2594 3157 2851 3215 Domini.
2872 3179 2903 3209 υ
2924 3157 3076 3214 Abel
3099 3173 3395 3228 magnum
3414 3159 3621 3216 civitas

1949 3252 2042 3304 est
2069 3247 2133 3303 in
2178 3246 2431 3304 termino
2460 3247 2660 3304 Israel.
2692 3246 2844 3304 Abel
2871 3262 3161 3318 magnum
3188 3247 3414 3304 idcirco
3444 3262 3623 3306 voca-

1949 3341 2065 3406 tur,
2088 3353 2229 3393 cum
2257 3342 2438 3393 antea
2463 3336 2801 3394 Bethsamis
2847 3340 3061 3394 vocata
3100 3335 3192 3404 sit,
3226 3336 3351 3394 sive
3375 3341 3623 3411 propter

1949 3426 2181 3483 luctum
2226 3442 2409 3500 super
2454 3426 2598 3483 viris
2655 3425 3031 3483 Bethsamitis
3074 3426 3157 3482 ita
3201 3425 3451 3495 factum,
3495 3426 3621 3484 sive

1948 3524 2196 3590 prepter
2222 3516 2672 3572 distinctionem
2699 3516 2951 3573 civitatis
2980 3515 3131 3571 Abel
3169 3516 3513 3580 Betmztcha,
3543 3515 3620 3573 de

1955 3622 2079 3680 qua
2104 3605 2464 3663 exclamavit
2504 3605 2721 3662 mulier
2761 3605 3004 3679 sapiens
3045 3605 3125 3662 ad
3170 3606 3343 3673 Joab,
3372 3605 3617 3663 dicens:

1948 3716 1981 3751 α
2010 3696 2123 3762 Qui
2168 3696 2562 3769 interrogant,
2599 3695 2970 3767 interrogent
3009 3695 3074 3752 in
3127 3695 3319 3752 Ahala
3357 3697 3449 3764 (ΙΙ
3469 3698 3616 3767 Reg.

1946 3792 2125 3859 Νη.»
2152 3787 2248 3843 Sic
2286 3787 2491 3860 itaque
2524 3786 2983 3857 intelligendum
3014 3790 3122 3857 est,
3150 3784 3324 3859 quod
3349 3785 3430 3843 ab
3471 3786 3619 3843 urbe

1946 3881 2186 3934 murata
2210 3892 2407 3950 usque
2428 3876 2511 3933 ad
2539 3876 2747 3933 villain
2774 3891 2915 3949 quas
2952 3879 3043 3933 est
3065 3875 3299 3948 absque
3326 3889 3529 3945 muro,
3559 3879 3619 3932 et

1947 3982 2145 4040 usque
2173 3966 2254 4023 ad
2281 3965 2435 4022 Abel
2457 3980 2756 4036 magnum
2784 3964 3083 4021 dederunt
3118 3980 3343 4023 mures.
3380 3966 3621 4037 «Super
3680 3969 3689 3976 ‘

1946 4072 2152 4130 quem,
2176 4078 2207 4108 ι)
2236 4056 2300 4112 id
2330 4059 2439 4125 est,
2473 4069 2657 4128 super
2695 4054 2928 4111 luctum
2982 4059 3365 4127 «posuerunt
3408 4069 3616 4112 arcam

1946 4167 1976 4195 ‹‹
2007 4146 2265 4218 Domini,
2293 4162 2435 4218 quae.
2479 4149 2609 4203 erat
2636 4160 2831 4218 usque
2876 4145 2940 4201 in
2988 4144 3154 4201 illam
3185 4144 3347 4201 diem
3376 4147 3440 4201 in
3467 4159 3616 4217 agro

1948 4252 1977 4283 ‹‹
2007 4233 2189 4287 Josuo
2215 4230 2615 4299 Bethsamitis,
2641 4236 2705 4286 et.
2721 4230 2832 4287 fuit
2854 4229 2939 4287 ibi
2968 4230 3163 4287 donec
3192 4230 3259 4286 in
3282 4230 3615 4288 Gariathia-

1948 4344 1977 4370 ‹‹
2008 4322 2123 4377 rim
2145 4321 2329 4377 ducta
2354 4325 2461 4377 est.
2492 4322 2559 4377 Et
2580 4319 2881 4394 percussit
2896 4320 2972 4377 de
2988 4320 3218 4393 populo
3237 4320 3619 4395 septuaginta

189 4431 221 4471 a
247 4419 367 4476 Sole
390 4422 631 4492 justitias
659 4422 958 4479 illustrata
978 4422 1007 4478 Ῥ
1044 4426 1110 4480 Et
1137 4423 1287 4497 quid
1303 4429 1391 4480 est
1436 4425 1832 4483 Bethsamitas

189 4504 237 4536 in
265 4510 407 4536 .mll-
444 4512 743 4536 ι---...-..ι..
799 4516 1018 4536 ..-ιη-,Α
1071 4513 1186 4536 _:_:
1236 4513 1507 4536 Δ--ι-..--
1559 4515 1828 4536 η--ι--ξμ

2021 4412 2193 4476 viros,
2221 4414 2280 4467 et
2303 4410 2750 4485 quinquaginta
2790 4410 2979 4467 millia
3007 4411 3227 4485 plebis,
3248 4432 3279 4461 ν
3302 4416 3362 4470 et
3385 4411 3618 4486 reliqua

2022 4517 2268 4536 ηιιοηιιη
2300 4501 2380 4536 ait
2401 4518 2414 4531 ο

188 4504 241 4561 in
265 4510 408 4565 valle
444 4512 749 4571 frumenta
799 4516 1043 4583 metere,
1071 4513 1190 4568 nisi
1230 4513 1507 4570 doctores
1558 4515 1833 4573 Ecclesiw

2021 4517 2269 4575 queque
2296 4504 2414 4559 ait:

191 4609 473 4659 annonam
500 4602 675 4658 verbi
728 4601 831 4658 Dei
874 4602 937 4658 in
987 4602 1322 4660 humilitate
1351 4605 1651 4661 tractare?
1693 4605 1837 4671 Quis

190 4691 267 4740 est
299 4687 443 4763 lapis
487 4691 551 4748 in
602 4706 753 4761 agro
778 4694 978 4762 losue,
1004 4692 1124 4749 nisi
1163 4692 1428 4750 Christus
1457 4694 1749 4751 Dominus
1775 4696 1839 4751 in

192 4775 423 4836 Ecclesia
451 4797 565 4838 sua
585 4781 614 4835 ἱ)
648 4780 834 4850 Ligna
856 4797 998 4838 vero
1027 4781 1129 4838 illa
1158 4781 1432 4854 plaustri,
1455 4782 1647 4855 ipsius
1679 4784 1840 4841 Chri-

192 4864 253 4919 sti
302 4870 720 4942 prteﬂgurasse
762 4871 957 4926 crucis
1009 4871 1368 4944 mysterium
1408 4887 1531 4929 non
1579 4872 1836 4929 dubium

191 4958 282 5009 est.
307 4958 519 5016 Vaccas
547 4975 692 5017 vero
711 4975 896 5033 super
918 4960 1189 5034 lapidem
1215 4960 1555 5030 immolare,
1581 4967 1672 5019 est
1696 4978 1838 5019 con-

191 5055 372 5101 versos
400 5055 639 5108 sanctos
669 5065 706 5107 a
734 5049 958 5106 saeculo
987 5050 1049 5106 in
1077 5050 1291 5107 Christi
1317 5050 1650 5107 imitatione
1677 5067 1839 5109 mor-

192 5131 409 5194 titicare.

253 5244 279 5270 α
302 5226 358 5281 lli
390 5232 529 5284 sunt
550 5232 761 5285 autem
791 5228 894 5287 ani
917 5229 1083 5284 aurei
1113 5244 1271 5302 quos
1298 5228 1692 5285 reddiderunt
1712 5228 1841 5286 Phi-

194 5330 217 5355 «
244 5310 468 5373 listhiim
496 5334 609 5391 pro
629 5317 871 5388 delicto,
898 5319 1182 5375 Domino:
1208 5321 1427 5374 Azotus
1450 5333 1661 5385 unum,
1681 5320 1839 5376 Gaza

195 5416 440 5473 «unum,
496 5408 760 5467 Ascalon
810 5423 1024 5477 unum,
1086 5408 1232 5464 Beth
1299 5423 1516 5475 unum,
1564 5412 1836 5465 Aecaron

196 5510 220 5534 υ
246 5506 472 5551 unum»
489 5503 707 5555 Azotus
722 5497 883 5554 enim
898 5497 1323 5570 interpretatur
1337 5499 1514 5569 ignis,
1532 5500 1839 5554 Gazavero

197 5578 459 5643 fortitudo
474 5588 757 5659 ejus,sive
777 5588 1025 5644 divitiae.
1041 5587 1297 5643 Ascalon
1321 5587 1549 5659 quippe
1567 5588 1839 5657 pondera

198 5667 277 5723 vel
298 5672 439 5741 ignis
461 5678 784 5739 homicida.
801 5678 947 5733 Geth
962 5678 1259 5747 torcular,
1284 5679 1557 5732 Accaron
1574 5691 1717 5732 vero
1732 5683 1843 5737 ste.

200 5758 371 5819 rititas
388 5766 478 5823 vel
492 5769 828 5827 eradicatio
842 5766 1077 5825 dicitur.
1094 5766 1371 5841 Quinque
1385 5764 1553 5826 enim
1568 5766 1836 5829 civitates

2589 4591 2818 4649 CAPUT
2860 4590 2981 4648 VII.

2021 4705 2048 4733 ‹‹
2074 4687 2140 4739 Et
2156 4683 2384 4740 factum
2413 4685 2504 4738 est
2523 4697 2592 4737 ex
2615 4697 2739 4754 qua
2764 4680 2864 4737 die
2891 4681 3117 4747 mansit
3129 4695 3273 4737 area
3294 4679 3532 4736 Domini
3550 4679 3617 4737 in

1946 4793 1979 4828 ι
2009 4772 2443 4842 Cariathiarim,
2471 4769 2849 4842 multiplicati
2883 4774 3028 4826 sunt
3052 4770 3183 4825 dies
3211 4769 3364 4838 (erat
3388 4767 3616 4840 quippe

1947 4885 1977 4913 ‹‹
2008 4879 2206 4919 annus
2226 4861 2571 4931 vicesimus,
2594 4864 2655 4916 et
2675 4858 3177 4931 requievitomnis
3197 4856 3376 4913 Israel
3394 4856 3615 4913 domus

1947 4975 1977 5004 ‹‹
2008 4959 2147 5025 post
2167 4952 2548 5007 Dominum.»
2575 4948 2752 5015 Quod
2772 4947 2932 5004 enim
2950 4947 3179 5004 dictum
3195 4950 3305 5017 est,
3324 4946 3473 5019 quia
3485 4961 3616 5019 per-

1946 5042 2133 5097 cussit
2152 5041 2228 5096 de
2253 5039 2482 5113 populo
2516 5038 2622 5111 qui
2647 5052 2773 5094 non
2800 5040 2969 5093 erant
3010 5035 3089 5095 de
3127 5036 3309 5109 stirpe
3337 5035 3611 5104 Levitica,

1948 5129 2328 5202 septuaginta
2342 5129 2522 5199 viros,
2534 5131 2593 5184 et
2609 5124 3055 5200 quinquaginta
3071 5125 3260 5184 millia
3270 5125 3484 5200 plebis,
3500 5141 3612 5198 pro

1947 5235 2069 5276 una
2091 5219 2428 5292 eademque
2453 5234 2518 5275 re
2542 5217 2950 5275 indifferenter
2966 5217 3278 5291 accipitur.
3293 5221 3443 5275 Nam
3463 5220 3522 5273 et
3540 5231 3615 5271 ex

1950 5327 2073 5367 uno
2094 5314 2296 5368 (irch
2315 5310 2480 5382 quod
2503 5312 2592 5366 est
2610 5308 2732 5371 λαός
2761 5306 2915 5364 solet
2938 5312 3264 5380 utrumque
3284 5304 3609 5362 transferri.

1951 5401 2067 5462 Sed
2096 5402 2158 5457 in
2205 5401 2321 5457 hoc
2350 5400 2583 5457 videtur
2627 5414 2759 5457 esse
2806 5397 3110 5465 distantia,
3142 5396 3290 5470 quia
3316 5396 3380 5452 in
3419 5394 3613 5468 priore

1884 5481 1897 5491 ’
1949 5497 2251 5550 commate
2303 5489 2600 5559 versiculi,
2633 5488 2909 5548 additum
2950 5491 3042 5543 est
3077 5486 3184 5544 viri
3231 5486 3615 5560 septuaginta

1949 5586 2090 5640 sunt
2108 5581 2399 5656 percussi.
2416 5581 2495 5636 De
2514 5580 2648 5653 ipsa
2666 5583 2870 5637 autem
2894 5575 3071 5633 turba
3086 5576 3316 5648 vulgari
3335 5576 3613 5633 homines

1947 5672 2391 5747 quinquaginta
2410 5670 2615 5740 millia,
2640 5670 2808 5744 quod
2837 5685 2911 5725 ne
2944 5674 3246 5742 pateretur
3267 5669 3482 5743 (Exod.
3505 5672 3609 5737 xx)

1950 5762 2216 5839 populus
2243 5778 2282 5821 a
2307 5762 2487 5834 longe
2511 5762 2715 5821 stabat
2736 5764 2795 5820 et
2815 5760 3049 5834 orabat,
3068 5760 3236 5819 solus
3262 5764 3493 5835 Moyses
3516 5775 3613 5818 as-
