3944 6468
293 267 400 322 287

1408 257 1762 315 ANGELOMI
1803 252 2251 310 LUXOVIENSIS
2290 253 2603 310 MONACHI

3625 243 3735 298 288

295 387 492 444 cendit
519 385 598 442 ad
625 386 964 441 Dominum.
987 384 1150 439 Unde
1179 384 1237 439 in
1270 382 1516 438 Hebraeo
1543 382 1623 436 ita
1649 378 1940 435 habetur:
1979 375 2027 428 A
2061 381 2224 442 teste,
2253 377 2514 448 majores
2567 375 2782 430 animae
2823 377 2960 427 sunt
2986 390 2998 439 ;
3053 370 3232 425 colles
3259 384 3402 424 vero
3434 367 3732 422 minores.

295 499 323 527 ‹‹
357 479 424 532 Et
447 474 745 548 percussit
768 473 842 529 de
865 473 1090 546 populo
1111 473 1484 546 septuaginta
1499 470 1679 539 viros,
1702 473 1760 524 et
1779 466 1948 539 quin-

295 564 586 640 quaginta
626 562 811 618 millia
835 562 994 618 viros
1021 581 1033 629 ;
1061 585 1087 611 »
1118 563 1228 618 hos
1259 559 1636 633 septuaginta
1664 558 1822 613 viros
1849 557 1946 627 ju-

296 656 480 725 diccs,
516 652 893 726 septuaginta
942 651 1169 708 Hebraei
1219 650 1646 720 intelliguntur,
1686 662 1948 716 quorum

297 744 508 799 merita
534 746 590 798 et
618 741 806 813 gloria
835 739 1274 813 quinquaginta
1318 739 1503 794 millia
1535 737 1674 793 viris
1705 750 1947 808 compa-

298 837 539 888 rantur:
592 830 743 886 sicut
793 835 850 886 et
895 829 969 885 de
1019 830 1207 886 David
1261 829 1561 900 dicitur([
1596 829 1734 898 Reg.
1766 825 1944 896 xvui).

300 920 494 987 «Quia
533 924 595 976 tu
646 934 804 974 unus
832 935 942 992 pro
982 919 1192 974 decem
1221 918 1485 974 millibus
1516 914 1946 988 computaris.»

299 1007 470 1074 Quod
498 1007 724 1065 dictum
751 1012 870 1063 est:
899 1031 926 1056 ‹‹
951 1008 1100 1074 Quia
1142 1023 1213 1063 ex
1251 1024 1374 1080 qua
1420 1007 1515 1062 die
1559 1003 1782 1060 mansit
1809 1019 1950 1060 arca

300 1098 536 1154 Domini
560 1097 992 1164 Cariathiarim,
1025 1097 1398 1170 multiplicati
1439 1099 1579 1151 sunt
1625 1093 1784 1149 dies:
1827 1096 1950 1148 erat

297 1187 524 1260 quippe
553 1202 749 1243 annus
781 1185 1120 1254 vicesimus,
1142 1208 1170 1235 ››
1199 1190 1257 1241 et
1284 1184 1533 1257 reliqua,
1547 1183 1675 1254 jam
1697 1181 1774 1238 ad
1795 1185 1952 1236 octa-

297 1293 444 1332 vum
475 1291 666 1348 usque
688 1291 917 1331 annum
939 1274 1105 1344 regni
1133 1274 1343 1343 David,
1365 1272 1613 1346 quando
1633 1287 1788 1336 eam,
1812 1285 1951 1325 con-

300 1367 547 1434 gregata
595 1361 799 1436 populi
843 1361 1197 1435 frequentia,
1228 1361 1289 1416 in
1317 1362 1650 1416 Jerusalem
1680 1357 1947 1424 adduxit,

303 1453 422 1508 sint
459 1451 645 1522 [anni]
675 1451 1088 1525 computandi.
1123 1455 1419 1507 Invenitur
1461 1465 1725 1522 namque
1765 1447 1825 1503 in
1859 1463 1950 1502 se-

301 1539 625 1614 quentibus
653 1540 795 1613 quia
825 1540 1192 1612 temporibus
1221 1539 1410 1597 Saulis
1440 1538 1632 1594 fuerat
1655 1537 1854 1593 ablata
1878 1535 1953 1592 de

303 1630 417 1686 hac
447 1628 699 1696 civitate,
733 1633 790 1685 et
818 1629 996 1684 allata
1023 1629 1084 1684 in
1114 1634 1308 1684 castra
1338 1635 1641 1701 pugnante
1664 1643 1734 1682 eo
1751 1627 1956 1683 adver-

2061 469 2175 524 Seu
2205 467 2386 522 etiam
2416 465 2643 529 Gabaa,
2667 463 2771 518 ubi
2802 462 3046 518 Eleazar
3073 459 3231 514 ﬁlius
3264 456 3624 514 Aminadab
3643 472 3738 511 sa-

2059 555 2269 610 cerdos
2295 554 2686 619 constituitur,
2707 556 2771 607 ut
2792 549 3093 606 custodiat
3117 563 3324 604 arcam
3356 545 3627 611 Domini,
3651 545 3741 600 in-

2058 648 2414 716 terpretatur
2460 643 2652 706 collis,
2682 640 2778 696 vel
2817 639 3177 695 sublimitas.
3213 635 3458 692 Eleazar
3489 634 3735 703 adjuto-

2058 737 2214 790 rium
2238 733 2490 789 dicitur:
2526 737 2582 788 et
2618 731 2771 786 bene
2799 729 2902 801 qui
2935 726 3193 784 custodit
3223 741 3432 781 arcam
3467 721 3734 791 Domini,

2060 823 2426 894 adjutorium
2454 822 2892 893 interpretatur,
2910 818 3055 890 quia
3077 816 3267 872 sancti
3290 814 3399 870 viri
3428 811 3737 885 quidquid

2058 912 2202 968 boni
2232 912 2478 980 habent,
2513 927 2633 966 non
2663 909 2739 964 ad
2767 925 2850 973 se,
2875 908 2977 963 sed
2998 907 3075 962 ad
3096 905 3422 962 Dominum
3453 902 3734 959 referun-

2060 1007 2173 1058 tur.
2208 1000 2371 1056 Unde
2401 999 2756 1074 Apostolus:
2801 1020 2828 1046 ‹‹
2853 996 3159 1052 Fiduciam
3199 994 3382 1050 talem
3426 991 3736 1048 habemus

2059 1107 2165 1164 per
2193 1090 2493 1145 Christum
2529 1088 2606 1144 ad
2637 1089 2846 1156 Deum,
2880 1101 3004 1141 non
3033 1084 3199 1156 quod
3250 1081 3622 1138 sufﬁcientes
3659 1080 3734 1134 si-

2061 1197 2196 1235 mus
2227 1179 2488 1249 cogitare
2515 1177 2744 1251 aliquid
2784 1194 2819 1232 a
2851 1175 3046 1239 nobis,
3077 1173 3254 1246 quasi
3287 1190 3361 1228 ex
3390 1171 3597 1238 nobis,
3632 1169 3736 1226 sed

2061 1269 2414 1326 sufﬁcientia
2456 1274 2665 1324 nostra
2704 1285 2770 1323 ex
2802 1268 2920 1322 Deo
2959 1269 3046 1320 est
3074 1266 3131 1335 (Ι
3155 1265 3294 1319 Cor.
3328 1263 3479 1334 111),»
3521 1266 3583 1316 et
3613 1259 3738 1315 reli-

2059 1375 2204 1432 qua.
2235 1359 2457 1414 Verum
2485 1355 2924 1420 Cariathiarim,
2957 1368 3092 1426 quae
3123 1352 3550 1423 interpretatur
3581 1349 3734 1404 vitta

2059 1451 2376 1516 silvarum,
2410 1445 2709 1516 signiﬁcat
2739 1448 3013 1498 sanctam
3043 1441 3388 1506 Ecclesiam,
3419 1455 3494 1494 ex
3534 1436 3734 1492 multi~

2063 1536 2268 1593 tudine
2287 1535 2554 1604 gentium
2581 1533 2914 1590 collectam.
2936 1535 2997 1586 In
3023 1546 3148 1602 qua
3173 1534 3507 1602 postquam
3531 1527 3744 1582 Testa-

2066 1630 2338 1681 mentum
2370 1624 2611 1692 mansit,
2635 1620 3008 1694 multiplicati
3027 1618 3471 1690 suntjusti,qui
3495 1616 3579 1672 ab
3607 1616 3742 1688 ipso

305 1734 440 1773 sum
471 1717 853 1774 Philisthieos.
887 1718 977 1773 Sic
1003 1718 1219 1773 etenim
1253 1717 1539 1790 scriptum
1569 1722 1694 1772 est:
1730 1736 1759 1768 α
1786 1719 1847 1770 Et
1878 1715 1958 1770 ait
1989 1728 2030 1780 Β
2068 1715 2225 1770 velut
2265 1714 2391 1769 dies
2442 1712 2759 1768 illuminati
2811 1715 2968 1765 sunt.
3005 1707 3231 1764 Baalim
3279 1707 3589 1775 habentes,
3624 1705 3744 1760 sive

309 1805 449 1862 Saul
475 1805 554 1860 ad
586 1806 867 1862 Aciliam:
901 1807 1148 1878 Applica
1189 1822 1392 1862 arcam
1428 1807 1525 1861 Dei
1554 1807 1611 1876 (Ι
1635 1807 1772 1874 Reg.
1807 1809 1902 1873 1v).
1929 1826 1954 1852 ››

307 1895 443 1949 Erat
462 1893 621 1949 enim
648 1893 730 1949 ibi
759 1910 900 1950 arca
931 1895 1031 1950 Dei
1062 1894 1122 1949 in
1152 1895 1246 1949 die
1277 1894 1398 1963 illa,
1422 1910 1560 1949 cum
1591 1893 1724 1948 ﬁliis
1756 1891 1953 1947 Israel.

308 1985 374 2036 Et
399 1982 544 2054 quia
568 1987 800 2038 constat
824 1985 916 2052 (II
934 1985 1076 2050 Reg.
1105 1985 1202 2053 v1),
1233 1983 1398 2055 quod
1433 1981 1615 2038 David
1638 1981 1849 2037 eamin
1871 1983 1962 2035 Je-

304 2069 564 2126 rusalem
594 2070 909 2127 adduxerit
938 2072 1159 2127 cultam
1189 2071 1263 2127 de
1293 2071 1478 2127 domo
1508 2071 1867 2138 Aminadab,
1899 2070 1960 2125 in

304 2176 491 2234 quam
535 2176 656 2216 non
707 2161 866 2217 illata
916 2178 1046 2217 esse
1095 2161 1459 2234 perhibetur,
1492 2165 1670 2217 restat
1695 2160 1957 2231 intelligi,

304 2249 448 2322 quia
477 2250 538 2305 in
565 2250 778 2305 diebus
805 2250 994 2306 Saulis
1025 2251 1212 2306 relata
1262 2250 1336 2305 de
1385 2251 1610 2316 castris,
1639 2255 1697 2306 et
1725 2249 1784 2305 in
1817 2265 1964 2322 prae-

305 2338 427 2394 fata
453 2339 741 2395 remansit
764 2339 926 2394 illata
956 2340 1210 2405 civitate,
1239 2339 1398 2394 unde
1429 2339 1650 2408 denuo,
1675 2342 1962 2408 regnante

308 2427 512 2496 David,
541 2427 820 2484 afferetur
847 2427 909 2482 in
933 2427 1281 2482 Jerusalem.
1319 2430 1414 2482 Est
1433 2444 1574 2498 ergo
1606 2444 1818 2482 sensus
1846 2443 1962 2482 me-

306 2522 553 2572 moratae
604 2516 930 2580 sententiae,
960 2516 1104 2588 quia
1153 2532 1226 2571 ex
1275 2533 1398 2588 qua
1443 2515 1538 2571 die
1576 2517 1796 2571 mansit
1824 2531 1964 2570 arca

305 2605 366 2660 in
399 2604 833 2670 Cariathiarim,
867 2610 995 2660 erat
1043 2619 1238 2659 annus
1283 2604 1619 2671 vicesimus,
1654 2621 1794 2660 cum
1826 2620 1962 2658 eam

307 2693 446 2748 inde
474 2692 776 2747 transferri
825 2692 1193 2764 temporibus
1226 2692 1364 2748 Saul
1403 2709 1587 2748 causa
1637 2691 1774 2748 belli
1819 2709 1961 2748 con-

309 2783 576 2852 tingeret.
608 2781 1186 2854 Denique,vicesimo
1217 2788 1458 2853 peracto
1478 2798 1658 2847 anno,
1682 2781 1963 2837 translata

309 2878 397 2928 est
417 2888 452 2928 a
481 2870 755 2927 Samuele
781 2872 840 2926 in
875 2872 1160 2943 Masphat.
1185 2874 1249 2927 Et
1269 2871 1343 2926 de
1365 2872 1632 2944 Masphat
1652 2871 1962 2926 transtule-

307 2966 446 3016 runt
476 2977 632 3026 eam,
668 2959 906 3016 Samuel
932 2965 989 3015 et
1019 2960 1177 3024 Saul,
1209 2961 1268 3016 in
1301 2961 1566 3029 Galgala.
1601 2960 1740 3016 Inde
1773 2965 1962 3015 trans-

2067 1805 2469 1866 ascendentes,
2495 1807 2597 1857 aut
2624 1801 2958 1870 supem’ores
2985 1798 3430 1869 interpretatur,
3450 1811 3642 1868 quem
3673 1793 3745 1848 ﬁ-

2067 1892 2127 1948 lii
2159 1891 2336 1946 Israel
2368 1891 2774 1962 projeccrunt;
2823 1887 3046 1960 pariter
3075 1902 3216 1941 cum
3245 1884 3550 1952 Astaroth,
3578 1881 3748 1938 idola

2069 1981 2335 2052 gentium
2367 1978 2682 2048 signiﬁcat,
2717 1993 2851 2049 quae
2880 1975 3262 2048 projecerunt
3305 1971 3624 2028 credentes
3674 1987 3748 2026 ex

2071 2069 2366 2140 gentibus,
2402 2073 2537 2141 post
2567 2066 3008 2138 susceptionem
3042 2080 3194 2119 arcae
3217 2061 3601 2118 Testamenti.
3632 2061 3750 2116 Seu

2070 2159 2175 2232 qui
2208 2164 2377 2214 vetus
2411 2156 2590 2212 Israel
2615 2161 2722 2222 est,
2754 2155 2813 2210 id
2837 2160 2923 2210 est
2955 2155 3048 2210 vir
3069 2154 3273 2209 videns
3301 2153 3514 2219 Deum,
3553 2149 3752 2205 aufert

2073 2264 2110 2304 a
2138 2264 2200 2304 se
2227 2262 2472 2303 omnem
2502 2245 2800 2301 facturam
2826 2243 3232 2313 malignorum
3260 2240 3611 2313 spirituum,
3632 2239 3751 2294 hoc

2072 2337 2232 2393 enim
2278 2336 2700 2407 interpretatur
2755 2331 3058 2388 Astaroth.
3118 2329 3321 2386 Aufert
3380 2327 3752 2399 jactantiam

2074 2431 2252 2498 atque
2286 2424 2634 2497 superbiam
2656 2428 2714 2478 et
2740 2422 2822 2478 sic
2850 2421 3026 2477 servit
3053 2423 3170 2476 Deo
3198 2418 3328 2486 soli,
3345 2417 3492 2490 quia
3524 2439 3554 2466 ιι
3580 2415 3755 2472 nulla

2072 2516 2325 2571 societas
2367 2521 2455 2570 est
2504 2513 2652 2568 lucis
2691 2512 2768 2567 ad
2800 2510 3098 2577 tenebras,
3127 2525 3238 2564 nec
3267 2506 3390 2563 ulla
3415 2506 3751 2562 conventio

2073 2605 2283 2660 Christi
2319 2604 2395 2659 ad
2428 2602 2608 2659 Belial
2639 2604 2694 2666 (Ι
2723 2602 2862 2658 Cor.
2894 2602 3030 2671 v1).»

2147 2693 2357 2748 «Dixit
2401 2697 2602 2748 autem
2655 2689 2933 2745 Samuel:
2980 2690 3350 2757 Congregate
3391 2687 3751 2741 universum

2075 2806 2102 2832 ‹‹
2133 2781 2310 2837 Israel
2330 2783 2390 2838 in
2417 2781 2750 2853 Masphath,
2774 2784 2838 2834 ut
2865 2794 3030 2834 orem
3064 2792 3172 2849 pro
3194 2775 3369 2832 vobis
3395 2774 3751 2832 Dominum.

2075 2896 2100 2921 α
2113 2871 2663 2926 Etconveneruntin
2678 2867 3473 2940 Masphath,bauseruntque
3490 2881 3750 2936 aquam,

2075 2986 2102 3010 «
2135 2967 2191 3016 et
2219 2960 2557 3016 effuderunt
2605 2960 2666 3014 in
2713 2963 3038 3030 conspectu
3071 2955 3370 3022 001111111,››
3399 2960 3457 3010 et
3480 2953 3746 3027 reliqua,

305 3049 429 3106 lata
458 3054 550 3106 est
579 3065 613 3105 a
656 3048 793 3106 Saul
839 3049 902 3105 in
952 3049 1170 3119 Nobee,
1196 3051 1270 3105 de
1320 3050 1517 3105 Nobee
1549 3050 1609 3105 in
1633 3049 1854 3116 Gabaa,
1889 3049 1962 3104 de
1996 3084 2036 3142 ρ
2076 3051 2174 3106 Hic
2190 3050 2432 3114 enim,si
2456 3047 2981 3120 priesumptionon
2999 3043 3448 3116 videatur(quia
3470 3059 3594 3098 non
3617 3043 3753 3116 ple-

307 3139 512 3195 Gabaa
527 3139 605 3194 ad
627 3137 776 3194 Aiud
794 3138 1045 3194 domum
1069 3138 1412 3194 Obededon.
1432 3138 1568 3194 Inde
1587 3137 1883 3194 transtulit
1902 3139 1961 3193 in

310 3227 468 3284 Sion.
500 3231 579 3284 De
620 3227 760 3283 Sion
814 3228 1112 3284 transtulit
1158 3244 1294 3283 eam
1341 3227 1624 3284 Salomon
1655 3227 1715 3284 in
1748 3229 1964 3283 Sancta

309 3322 678 3381 sanctorum,
706 3316 797 3372 vel
838 3322 991 3372 certe
1023 3317 1337 3372 vicesimus
1389 3321 1515 3372 erat
1565 3333 1784 3384 annus,
1824 3333 1964 3371 cum

306 3405 507 3460 adhuc
535 3403 734 3460 omnis
768 3404 983 3460 domus
1012 3405 1189 3460 Israel
1235 3405 1560 3478 quievisset
1599 3410 1735 3478 post
1767 3405 1962 3460 Domi-

310 3508 480 3558 num,
519 3492 768 3562 abjectis
824 3493 999 3548 idolis
1051 3494 1340 3559 videlicet,
1395 3493 1475 3549 illi
1525 3494 1634 3549 soli
1680 3494 1961 3548 serviens.

313 3580 486 3646 Quod
535 3581 595 3636 in
645 3581 1035 3652 sequentibus
1083 3581 1323 3637 dicitur:
1377 3604 1404 3631 ‹‹
1433 3581 1816 3637 Abstulerunt
1862 3581 1966 3637 ﬁlii

310 3668 492 3725 Israel
513 3669 739 3726 Baalim
761 3675 819 3724 et
846 3670 1214 3736 Astaroth,et
1243 3670 1570 3725 servierunt
1602 3670 1855 3726 Domino
1877 3686 1967 3724 so-

309 3758 406 3815 li.»
435 3759 607 3824 Quod
637 3775 709 3814 ea
738 3758 894 3814 facta
925 3760 1000 3813 sit
1026 3763 1146 3813 toto
1178 3765 1443 3830 tempore
1484 3758 1839 3830 praesulatus
1868 3761 1966 3814 Sa-

309 3847 546 3918 muelis,
574 3847 699 3922 qui,
730 3848 994 3920 Josepho
1025 3852 1190 3917 teste,
1219 3847 1540 3903 duodecim
1580 3846 1756 3903 annis
1802 3864 1964 3903 com-

309 3937 504 4008 pletus
535 3941 643 4004 est,
673 3940 730 3992 et
772 3935 968 4008 primo
995 3939 1262 4007 tempore
1306 3935 1473 4004 regni
1521 3934 1682 4002 Saul,
1709 3935 1833 4007 qui,
1866 3951 1965 3991 eo—

311 4023 451 4079 dem
480 4025 761 4081 historico
783 4023 1142 4090 afﬁrmante,
1166 4023 1374 4094 viginti
1401 4024 1575 4080 annis
1605 4024 1809 4090 tenuit,
1834 4023 1965 4079 nul-

311 4112 406 4168 lus
431 4116 652 4168 sanctae
672 4113 930 4168 historias
956 4112 1231 4167 curiosus
1253 4113 1503 4182 ignorat.
1521 4115 1792 4184 Namque
1809 4118 1968 4185 post-

312 4200 567 4256 modum
597 4216 736 4255 cum
787 4200 1130 4256 recessisset
1161 4200 1410 4273 Spiritus
1440 4201 1675 4257 Domini
1705 4217 1742 4257 a
1769 4201 1962 4267 Saule,

313 4294 371 4345 et
395 4289 648 4358 agitaret
672 4305 812 4344 eum
839 4289 1081 4361 spiritus
1109 4305 1394 4362 nequam,
1429 4291 1690 4346 maxime
1723 4291 1801 4346 ad
1832 4307 1966 4363 per-

2073 3141 2210 3196 nius
2240 3140 2646 3209 intelligimus)
2663 3137 2808 3210 quid
2829 3141 2934 3203 est,
2957 3135 3126 3209 quod
3151 3150 3380 3208 aquam
3405 3134 3753 3214 hauserunt

2075 3235 2131 3285 et
2159 3229 2498 3284 effuderunt
2527 3229 2585 3283 in
2631 3232 2958 3299 conspectu
2988 3224 3242 3292 Domini,
3274 3223 3422 3296 quid
3465 3223 3753 3279 Hebraeo-

2073 3335 2210 3375 rum
2239 3318 2478 3374 traditio
2511 3317 2747 3381 sentiat,
2770 3316 2921 3370 sicut
2939 3315 2999 3370 in
3025 3313 3398 3386 quibusdam
3427 3312 3750 3368 codicibus

2075 3409 2352 3477 legimus,
2372 3410 2628 3463 inserere
2645 3405 2760 3460 nisi
2779 3401 3452 3460 sumus.Traduntenim
3469 3400 3642 3474 quod
3660 3418 3758 3457 co-

2076 3515 2206 3554 ram
2241 3497 2494 3553 Domino
2540 3496 2599 3551 in
2631 3494 2848 3550 eadem
2894 3509 3058 3566 aqua
3098 3491 3424 3548 maledicta
3453 3496 3752 3561 congesta

2077 3589 2210 3653 sint,
2243 3592 2301 3642 et
2330 3587 2479 3642 sicut
2522 3586 2582 3640 in
2631 3583 2761 3653 lege
2811 3582 3025 3638 mulier
3049 3582 3304 3654 zelotipa
3332 3581 3554 3636 hausta
3588 3596 3755 3652 aqua

2075 3677 2469 3748 probabatur,
2502 3675 2584 3728 ita
2614 3678 2671 3728 et
2695 3673 2792 3728 hic
2818 3671 3149 3728 idololatria
3175 3670 3290 3726 hac
3316 3685 3481 3742 aqua
3509 3665 3754 3742 probati

2075 3770 2235 3821 sunt.
2261 3765 2324 3820 Hi
2356 3763 2647 3829 videlicet,
2668 3762 2773 3834 qui
2800 3777 2862 3816 se
2891 3759 3055 3815 idola
3084 3758 3338 3814 coluisse
3369 3758 3615 3830 penitus
3647 3758 3754 3813 de-

2076 3851 2565 3921 negabant.Trad
2578 3856 2684 3906 unt
2699 3850 2903 3918 etiam,
2927 3848 3094 3921 quod
3116 3848 3466 3920 quicunque
3489 3845 3751 3902 idolola-

2075 3946 2164 3998 tra
2178 3942 2332 3996 lianc
2349 3956 2574 4013 aquam
2591 3943 2908 4010 gustasset,
2923 3937 3087 3993 labia
3110 3937 3160 4007 ej
3173 3936 3333 3992 usita
3355 3935 3468 3991 sibi
3485 3935 3754 3991 adhaere-

2078 4034 2230 4099 rent,
2255 4034 2319 4084 ut
2339 4044 2733 4101 nequaquam
2747 4044 2819 4083 ea
2841 4027 2919 4081 ab
2940 4026 3194 4081 invicem
3218 4041 3503 4097 separare
3522 4040 3604 4097 po
3615 4031 3752 4080 sset.

2077 4123 2195 4176 Hoc
2217 4118 2436 4174 indicio
2457 4117 2797 4174 idololatria
2827 4113 3414 4188 deprehendebatur,
3446 4119 3506 4170 et
3535 4114 3756 4170 interﬁ-

2075 4209 2362 4264 ciebatur.
2378 4205 2548 4270 Quod
2563 4212 2620 4261 et
2632 4205 2944 4277 sequentia
2959 4203 3397 4272 demonstrant,
3412 4203 3473 4258 in
3487 4219 3562 4258 eo
3583 4204 3752 4276 quod

2077 4298 2182 4352 ait:
2209 4295 2657 4368 «Judicavitque
2671 4294 2911 4349 Samuel
2934 4293 3087 4348 ﬁlios
3107 4291 3280 4347 Israel
3299 4293 3357 4347 in
3372 4295 3750 4364 Maspliatli.»

313 4379 693 4452 sequendum
749 4379 933 4435 David
985 4379 1296 4436 innoxium
1350 4385 1406 4436 et
1439 4381 1691 4450 justum,
1724 4395 1966 4436 necesse
2002 4434 2041 4453 η
2073 4387 2351 4442 Judicare
2381 4387 2495 4440 hoc
2525 4386 2584 4440 in
2615 4385 2768 4450 loco,
2802 4383 3152 4439 idololatras
3186 4382 3523 4437 secundum
3553 4381 3752 4453 legem

314 4434 439 4524 erat
467 4471 698 4540 partem
739 4434 956 4522 militias
988 4468 1081 4523 vel
1127 4434 1318 4540 plebis
1362 4434 1490 4538 ej
1520 4434 1967 4533 nullam,mali-
2001 4434 2042 4488 D

315 4558 406 4614 tiae
431 4556 589 4614 illius
618 4557 908 4613 exstitisse
935 4557 1309 4630 complicem.
1343 4559 1438 4612 His
1463 4559 1634 4628 juxta
1659 4557 1966 4614 historiam

313 4647 660 4720 praelibatis,
692 4647 839 4720 quid
887 4646 1135 4718 mystice
1167 4645 1476 4715 signiﬁcet,
1505 4647 1672 4719 quod
1701 4663 1842 4704 arca
1873 4663 1967 4703 ve-

312 4740 398 4796 nit
424 4741 484 4794 in
526 4738 960 4800 Cariathiarim,
989 4743 1046 4794 et
1073 4737 1398 4794 intulerunt
1447 4755 1584 4794 eam
1623 4739 1684 4794 in
1715 4739 1968 4795 domum

311 4828 650 4884 Aminadab
676 4828 736 4884 in
768 4828 992 4891 Gabaa,
1015 4833 1072 4884 et
1099 4843 1173 4883 ex
1192 4844 1315 4900 qua
1335 4827 1430 4883 die
1461 4828 1681 4884 mansit
1709 4827 1968 4884 1111111111-

314 4917 554 4989 tiplicati
588 4923 728 4974 sunt
750 4918 902 4985 dies,
934 4917 1246 4974 enucleare
1274 4917 1651 4974 conabimur.
1684 4917 1968 4974 Amnina-

313 5006 435 5062 dab
462 5007 642 5074 enim,
673 5007 733 5063 in
755 5009 927 5078 cujus
957 5007 1210 5063 domum
1239 5007 1400 5063 venit
1429 5023 1590 5074 arca,
1610 5013 1791 5076 pater
1810 5023 1973 5064 meus

315 5102 676 5165 spontaneus
706 5097 1144 5169 interpretatur.
1174 5098 1482 5167 Signiﬁcat
1503 5098 1799 5170 populum
1826 5114 1972 5168 gen-

314 5185 588 5251 tium,cui
603 5185 886 5241 Dominus
900 5189 1065 5242 Pater
1077 5186 1691 5255 gratiamTestamenti
1703 5187 1970 5242 contulit.

316 5275 420 5340 Qui
456 5292 592 5330 cum
628 5274 946 5330 Psalmista
971 5275 1166 5330 dicere
1197 5280 1426 5348 potest:
1459 5276 1847 5332 «Voluntarie
1877 5293 1972 5332 sa-

316 5363 597 5419 cr1ﬁcabo
615 5364 788 5420 tibiet
806 5363 1136 5420 conﬁtebor
1155 5364 1387 5420 nomini
1405 5368 1529 5431 tuo,
1543 5365 1814 5432 Domine,
1832 5381 1978 5437 quo-

317 5452 481 5506 niam
523 5451 755 5508 bonum
803 5457 892 5509 est
919 5454 1109 5519 (Psat.
1144 5455 1280 5523 1.111).
1307 5476 1334 5502 υ
1366 5453 1573 5510 Gabaa
1622 5470 1766 5510 vero
1807 5456 1977 5510 collis

319 5538 551 5604 dicitur,
583 5546 640 5596 et
663 5541 896 5598 animas
946 5542 1240 5612 signiﬁcat
1285 5543 1604 5598 humilium
1651 5543 1726 5599 de
1755 5543 1978 5616 quibus

320 5625 565 5680 dicitur:
600 5650 627 5676 ‹‹
655 5629 989 5700 Suscipiant
1013 5635 1249 5686 montes
1277 5647 1490 5702 pacem
1517 5631 1763 5704 populo,
1782 5637 1840 5688 et
1867 5631 1980 5687 col-

321 5713 408 5769 les
428 5714 722 5784 justitiam
751 5719 936 5788 (Psal.
968 5721 1177 5789 1.xx1).»
1193 5722 1416 5776 Montes
1446 5719 1979 5790 enim,Augustino

2078 4476 2253 4532 morti
2286 4475 2517 4530 tradere
2547 4474 2708 4529 dicit.
2741 4473 2954 4528 Dicunt
2991 4473 3176 4527 etiam
3223 4471 3388 4543 quod
3417 4472 3534 4526 hoc
3567 4473 3754 4528 modo

2077 4570 2307 4637 Moyses
2337 4563 2706 4632 idololatras,
2733 4562 2838 4634 qui
2859 4561 3112 4617 vitulum
3139 4561 3421 4631 fecerant,
3450 4562 3752 4633 probave-

2077 4656 2169 4721 rit,
2185 4654 2432 4726 quando
2451 4653 2697 4724 arripuit
2719 4652 2971 4707 vitulum
2993 4656 3050 4706 et
3073 4651 3426 4716 combussit,
3449 4652 3754 4707 contrivit-

2078 4759 2196 4817 que
2227 4758 2416 4814 usque
2441 4743 2518 4797 ad
2544 4742 2947 4813 pulverem,et
2978 4739 3196 4812 sparsit
3220 4740 3281 4794 in
3314 4742 3752 4812 aquam,etde-

2080 4834 2164 4889 dit
2193 4849 2265 4888 ex
2294 4848 2366 4888 eo
2399 4837 2606 4903 potum
2630 4831 2766 4886 ﬁliis
2799 4830 2998 4886 Israel.
3031 4833 3147 4885 Nos
3172 4830 3305 4900 jam
3335 4829 3582 4886 illorum
3612 4831 3753 4886 deli-

2079 4925 2356 4978 ramenta
2382 4920 2739 4986 omittentes,
2759 4920 2905 4992 quia
2936 4924 3136 4974 utrum
3168 4935 3379 4974 verum
3410 4920 3486 4974 sit
3510 4920 3752 4988 ignora~

2080 5026 2238 5077 mus,
2285 5009 2629 5081 simpliciter
2677 5008 3084 5078 intelligimus,
3141 5007 3308 5080 quod
3355 5012 3483 5062 tam
3538 5014 3752 5064 saneto

2081 5100 2206 5155 viro
2239 5098 2631 5154 conveniebat
2684 5104 2745 5152 ut
2786 5097 3027 5169 plebem
3078 5097 3192 5151 sibi
3239 5098 3660 5163 commissam,
3695 5099 3752 5152 in

2076 5187 2307 5260 justitia
2332 5192 2390 5243 et
2420 5188 2682 5253 veritate,
2710 5191 2768 5242 et
2799 5201 3043 5241 summa
3082 5186 3401 5258 prudentia
3441 5185 3752 5255 guberna-

2082 5282 2189 5334 ret.
2217 5278 2508 5332 Caaterum
2557 5276 2703 5348 quid
2743 5275 2941 5345 ﬁgura
2971 5275 3281 5344 signiticet,
3309 5275 3593 5331 intimare
3626 5277 3756 5332 bre-

2083 5368 2230 5422 viter
2265 5366 2667 5435 aggredimur.
2700 5363 3014 5436 Masphath
3061 5364 3222 5418 enim
3251 5379 3374 5435 quo
3414 5379 3752 5436 congrega-

2085 5461 2182 5512 tus
2212 5460 2300 5512 est
2330 5455 2530 5520 Israel,
2560 5454 2661 5509 ubi
2708 5460 2765 5510 et
2792 5470 3020 5526 aquam
3065 5454 3288 5520 hausit,
3319 5453 3380 5508 in
3420 5461 3753 5527 conspectu

2087 5545 2343 5613 Domini,
2393 5545 2813 5615 interpretatur
2868 5545 3138 5609 intentio,
3196 5547 3474 5598 sanctam
3528 5545 3754 5615 signiﬁ-

2087 5649 2234 5689 cans
2263 5633 2608 5702 Ecclesiam,
2636 5633 2740 5688 ubi
2763 5649 2906 5688 vera
2945 5638 3033 5688 est
3061 5632 3328 5702 intentio,
3360 5647 3500 5704 quae
3531 5634 3750 5690 melius

2094 5725 2291 5794 potest
2325 5737 2430 5794 per
2454 5721 2658 5793 ipsum
2689 5722 3002 5794 Masphath
3040 5720 3308 5791 intelligi,
3335 5720 3397 5776 in
3430 5721 3663 5779 unitate
3690 5722 3751 5777 ti-
