3944 6426
174 297 276 351 289

1187 293 1441 348 ENARR.
1484 291 1551 348 IN
1594 289 1844 346 LIBROS
1882 289 2140 345 REGUM.
2181 320 2250 330 —
2288 289 2356 346 IN
2405 292 2534 348 LlB.
2577 295 2618 348 l.

3507 302 3616 357 290

178 418 291 478 dei.
316 416 432 472 sub
458 432 624 472 novo
656 415 1007 481 sacerdotio,
1043 415 1354 472 collectam
1385 435 1398 470 :
1430 431 1622 489 aquas
1652 414 1842 486 lacry-
1879 417 1925 469 A
1957 417 2158 469 autem
2175 413 2975 488 ait:«Eratpaxinterlsrael
3008 421 3066 474 et
3112 420 3556 492 Amorrhaaum,
3584 446 3613 474 ››

176 525 415 566 marum
435 509 750 575 hauriens,
775 514 829 564 et
849 507 1436 581 persatisfactionem
1457 506 1842 579 pcenitentiae,

177 615 277 656 eas
310 598 373 654 in
403 602 737 671 conspectu
772 596 1006 653 Domini
1038 596 1377 652 effundens.
1438 595 1611 661 Quod
1641 599 1844 651 autem

179 686 424 745 Samuel
452 687 753 760 propheta
782 686 842 741 in
869 686 1082 742 eodem
1107 685 1261 750 loco,
1294 686 1408 741 hoc
1450 690 1536 740 est
1584 686 1645 739 in
1699 687 1846 740 Mas-

176 777 348 850 phat,
378 776 680 849 populum
715 775 1100 832 lsraeliticum
1136 774 1472 844 judicabat,
1532 775 1645 828 hoc
1697 772 1847 828 indi-

176 881 350 922 casse
381 865 638 934 videtur,
663 864 832 938 quod
853 864 1052 920 omnis
1104 863 1460 936 praedicator
1496 861 1843 935 spiritualis,

176 971 280 1011 eos
311 954 524 1010 ﬁdeles
554 953 822 1010 maxime
854 953 1070 1008 docere
1103 953 1318 1018 studet,
1359 969 1513 1025 quos
1545 953 1606 1006 in
1654 951 1845 1006 inten-

177 1043 407 1100 tionem
434 1041 962 1115 contemplationis
992 1047 1170 1114 atque
1197 1041 1274 1098 ad
1327 1058 1599 1098 amorem
1640 1039 1846 1114 patria:

175 1133 440 1190 caelestis
472 1133 735 1189 intentos
759 1148 892 1188 esse
925 1131 1320 1205 perspexerit.

250 1247 278 1272 ‹‹
319 1225 386 1278 Et
421 1222 830 1278 ascenderunt
856 1227 1113 1292 satrapa:
1141 1219 1626 1276 Philisdiinorum
1662 1219 1739 1274 ad
1767 1223 1847 1274 ls-

175 1332 207 1366 ‹
241 1311 740 1376 rael.Quodcum
757 1309 1180 1366 audissenttilii
1217 1308 1420 1378 Israel,
1457 1309 1783 1364 timuerunt
1814 1323 1849 1362 a

176 1421 207 1455 ‹
236 1400 394 1456 facie
418 1400 937 1466 Philisthiuorum,
956 1398 1356 1470 dixeruntque
1368 1397 1445 1454 ad
1469 1397 1843 1454 Samuelem:

174 1513 203 1540 α
240 1494 326 1546 Ne
357 1505 557 1546 cesses
574 1505 686 1561 pro
711 1488 884 1544 nobis
907 1487 1168 1544 clamare
1195 1487 1274 1542 ad
1315 1487 1636 1542 Dominum
1660 1487 1847 1542 Deum

176 1602 204 1628 «
239 1584 548 1645 nostrum,
578 1582 641 1633 ut
664 1577 853 1634 salvet
877 1592 988 1633 nos
1018 1575 1094 1631 de
1117 1592 1308 1632 manu
1335 1575 1845 1631 Philisthinorum.

175 1693 204 1719 ‹‹
237 1667 398 1725 Tulit
427 1671 632 1724 autem
656 1666 898 1724 Samuel
925 1681 1151 1736 agnum
1179 1665 1502 1721 lactentem
1548 1680 1760 1732 unum,
1793 1668 1850 1720 et

175 1781 205 1807 ‹‹
239 1756 463 1814 obtulit
493 1756 661 1812 illum
693 1754 1114 1812 holocaustum
1163 1753 1464 1824 integrum
1510 1753 1782 1810 Domino.
1817 1776 1843 1802 »
1877 1775 1918 1829 Β

171 1852 391 1917 Agnus
421 1846 518 1901 hic
549 1845 607 1900 in
641 1850 788 1918 typo
815 1843 1054 1900 oblatus
1106 1842 1333 1916 pOpulo
1389 1843 1492 1899 Dei
1541 1842 1847 1898 victoriam

172 1936 474 2012 praestitit,
506 1934 652 2007 quia
680 1934 953 1990 videlicet
974 1950 1082 2006 per
1110 1933 1458 2005 passionem
1489 1933 1699 1988 Christi
1736 1933 1847 1988 im-

172 2024 434 2082 mundis
466 2023 775 2096 spiritibus
807 2021 1126 2096 superatis,
1152 2038 1273 2094 pax
1295 2021 1530 2078 reddita
1553 2026 1642 2078 est
1666 2020 1851 2078 ﬁdeli-

171 2114 322 2172 bus.
359 2113 526 2170 Unde
557 2118 615 2169 et
643 2113 706 2168 in
733 2128 906 2169 sacra
926 2111 1175 2168 historia
1205 2110 1592 2182 subjungitur
1617 2127 1630 2166 :

256 2226 285 2253 ιδ
319 2204 574 2259 Factum
605 2206 696 2258 est
723 2216 867 2271 ergo
883 2217 1023 2257 cum
1037 2199 1277 2256 offerret
1293 2199 1714 2256 holocaustum
1735 2201 1850 2254 Do-

176 2318 207 2344 «ι
245 2293 444 2365 mino,
474 2291 831 2348 Philisthitm
858 2291 1042 2348 iniere
1077 2290 1347 2364 praelium
1395 2296 1604 2346 contra
1650 2288 1846 2345 Israel.

171 2407 202 2434 (ι
242 2383 513 2440 Intonuit
536 2386 739 2438 autem
755 2381 1040 2437 Dominus
1053 2379 1290 2449 fragore
1306 2394 1534 2450 magno
1552 2378 1615 2434 in
1635 2378 1730 2434 die
1751 2377 1853 2434 illa

172 2497 198 2523 (ι
237 2487 429 2545 super
458 2469 837 2534 Philisthiim,
860 2474 917 2526 et
947 2469 1230 2526 exterruit
1251 2485 1376 2537 eos,
1412 2491 1441 2518 »
1497 2472 1554 2524 et
1597 2467 1848 2541 reliqua.

168 2565 348 2619 Tunc
365 2561 530 2617 enim
552 2559 845 2616 Dominus
858 2558 1098 2629 fragore
1117 2573 1343 2628 magno
1365 2557 1643 2624 intonuit,
1662 2572 1854 2630 quan-

1955 503 2156 560 hocin
2184 503 2385 561 futuro
2406 505 2732 577 intelligere
2759 506 3039 578 dabatur,
3083 509 3231 582 quia
3282 517 3610 585 postquam

1953 609 2060 664 per
2086 595 2435 666 passionem
2467 597 2701 652 Domini
2718 613 2907 654 aereae
2929 602 3254 670 potestates
3283 601 3452 658 vietae
3493 618 3614 659 ces-

1954 688 2179 754 serunt,
2209 700 2400 757 usque
2431 686 2693 759 populus
2719 703 2792 742 ex
2845 687 3298 746 circumcisione
3343 691 3617 749 videlicet

1955 777 2010 828 et
2032 774 2325 846 praeputio
2355 776 2629 846 credens,
2661 776 2722 832 in
2769 775 3006 834 civitate
3039 777 3180 834 ﬁdei
3208 779 3322 836 sibi
3369 796 3617 839 concor-

1953 861 2136 917 davit.
2168 864 2552 920 Amorrhaeus
2598 864 3021 938 interpretatur
3067 882 3335 938 amarus,
3385 869 3476 926 vel
3527 872 3613 927 to-

1954 965 2159 1021 quens.
2194 954 2260 1006 Et
2288 952 2606 1024 Apostolus
2639 955 2722 1010 ait
2777 973 2790 1010 :
2846 977 2874 1005 ε(
2904 958 3016 1012 Vos
3067 957 3171 1030 qui
3201 958 3380 1014 eratis
3408 957 3611 1030 longe,

1955 1037 2094 1095 facti
2125 1041 2263 1096 estis
2293 1057 2482 1114 prope
2506 1042 2567 1097 in
2599 1043 2892 1112 sanguine
2923 1045 3155 1101 Christi.
3181 1051 3310 1120 Ipse
3340 1051 3429 1103 est
3451 1047 3614 1105 enim

1956 1144 2077 1201 pax
2108 1134 2333 1197 nostra,
2359 1130 2465 1202 qui
2494 1130 2629 1186 fecit
2658 1137 2913 1205 utraque
2944 1149 3134 1190 unum
3165 1135 3344 1206 (Eph.
3380 1142 3461 1203 ii),
3489 1160 3516 1187 »
3558 1142 3616 1194 et

1955 1216 2208 1290 reliqua.
2246 1221 2352 1273 [ste
2385 1224 2472 1275 est
2499 1219 2740 1276 Samuel
2765 1221 2870 1293 qui
2896 1221 3199 1279 invocavit
3224 1223 3434 1295 Deum,
3464 1226 3617 1282 sicut

1956 1306 2018 1362 in
2045 1307 2435 1380 sequentibus
2463 1307 2698 1378 legitur,
2733 1309 3044 1366 exaudivit
3066 1327 3207 1367 eum
3239 1315 3418 1384 Deus,
3450 1319 3508 1370 et
3552 1315 3615 1370 in

1959 1398 2226 1468 tempore
2255 1395 2477 1452 messis
2499 1396 2770 1470 pluviam
2799 1397 3162 1472 impetravit.
3200 1399 3398 1457 Pluvia
3452 1404 3614 1460 enim

1957 1484 2018 1540 in
2063 1485 2284 1541 sanctis
2333 1485 2650 1558 Scripturis
2705 1487 2893 1543 verba
2938 1493 3079 1544 sunt
3114 1489 3437 1560 Evangelii,
3491 1491 3615 1547 sive

1956 1572 2125 1644 legis.
2158 1574 2320 1630 Sicut
2346 1579 2403 1630 et
2431 1577 2660 1647 Moyses
2711 1575 2852 1632 dicit
2904 1593 2918 1632 :
2979 1595 3010 1630 ‹
3042 1580 3426 1650 Exspectetur
3465 1579 3618 1636 sicut

1958 1662 2165 1736 pluvia
2190 1663 2498 1736 eloquium
2528 1680 2757 1731 meum,
2789 1669 2847 1721 et
2893 1664 3265 1723 descendant
3321 1667 3474 1724 sicut
3515 1685 3616 1724 ros

1960 1751 2146 1808 verba
2174 1768 2313 1808 mea
2364 1754 2560 1824 (Deut.
2588 1755 2797 1826 xxxii).
2833 1777 2862 1804 »
2917 1757 3080 1811 Hane
3118 1754 3298 1827 igitur
3349 1756 3616 1829 pluviam

1959 1842 2378 1898 deditmundo
2409 1843 2676 1900 Christus
2727 1843 2789 1899 in
2838 1849 3106 1916 tempore
3155 1845 3389 1917 messis,
3437 1845 3499 1902 id
3529 1851 3619 1904 est

1959 1933 2208 2006 quando
2239 1938 2446 2002 gentes
2475 1933 2671 2006 colligi
2698 1934 3034 2007 oportebat,
3071 1939 3131 1990 ut
3160 1935 3316 1991 sicut
3355 1936 3619 1992 frumen-

1961 2027 2089 2078 tum
2122 2023 2371 2093 horreis,
2400 2023 2482 2079 sic
2512 2024 2668 2080 intra
2727 2023 2998 2079 Ecclesiae
3041 2023 3242 2080 sinum
3283 2041 3616 2097 congrega-

1958 2117 2184 2168 rentur.

2034 2223 2062 2250 «
2089 2200 2413 2257 Judicabat
2439 2200 2680 2258 Samuel
2709 2201 2886 2258 Israel
2943 2202 3172 2258 cunctis
3227 2203 3442 2259 diebus
3480 2203 3616 2260 vitta

1962 2312 1991 2340 ‹‹
2026 2307 2172 2362 suae,
2205 2295 2262 2346 et
2293 2291 2418 2347 ibat
2445 2307 2552 2364 per
2589 2290 2858 2361 singulos
2901 2307 3096 2348 annos
3140 2293 3616 2349 circumveniens

1961 2403 1988 2430 ‹‹
2026 2379 2246 2448 Bethel,
2266 2385 2323 2436 et
2347 2379 2614 2451 Galgala,
2648 2385 2705 2436 et
2733 2381 3065 2453 Masphatli,
3098 2387 3154 2438 et
3189 2382 3505 2454 judicabat
3535 2383 3616 2438 Is-

1962 2492 1989 2519 «
2022 2469 2147 2526 rael
2172 2469 2233 2524 in
2265 2468 2622 2542 supradictis
2643 2469 2807 2526 locis.
2839 2491 2867 2518 »
2899 2473 3025 2526 Non
3056 2471 3218 2527 enim
3241 2477 3468 2528 vacata
3490 2489 3617 2545 my-

1960 2558 2138 2616 sterio
2167 2557 2336 2631 quod
2362 2557 2608 2614 Samuel
2629 2559 2690 2614 in
2709 2559 3070 2631 supradictis
3087 2559 3233 2616 locis
3250 2561 3616 2617 conveniens

170 2651 258 2708 do
313 2667 427 2724 per
475 2655 719 2706 sanctos
773 2647 1082 2720 apostolos
1139 2662 1358 2703 sonum
1407 2645 1851 2719 praedicationis
1954 2648 2272 2720 judicabat
2297 2646 2494 2704 Israel.
2532 2651 2592 2703 In
2616 2647 2732 2704 hoc
2762 2648 2923 2704 enim
2955 2653 3169 2722 typum
3202 2650 3386 2706 tenuit
3413 2649 3617 2706 docto-

171 2741 403 2798 emisit.
430 2741 611 2795 Juxta
631 2737 800 2812 quod
831 2737 1122 2810 scriptum
1145 2741 1234 2792 est
1265 2755 1278 2792 :
1316 2758 1343 2785 «
1373 2735 1720 2792 lntonuitde
1738 2752 1850 2790 caa-

169 2831 246 2887 lis
267 2829 592 2898 Dominus,
610 2831 668 2884 et
689 2826 1030 2882 Altissimus
1053 2824 1218 2881 dedit
1237 2841 1449 2881 vocem
1467 2841 1641 2880 suam
1660 2825 1848 2896 (Psat.

168 2921 350 2991 xui).
385 2941 414 2967 »
441 2917 559 2975 Sed
587 2917 738 2973 dum
761 2915 875 2971 ista
905 2914 1165 2971 intonuit
1212 2915 1523 2984 Dominus,
1571 2913 1856 2970 exterruit

169 3007 569 3076 Philisthiim,
593 3011 652 3062 et
675 3005 814 3062 caesi
839 3010 978 3061 sunt
1007 3020 1044 3060 a
1072 3003 1209 3059 ﬁliis
1250 3003 1450 3059 Israel.
1495 3004 1646 3068 Quia
1686 3003 1852 3058 vide-

167 3099 320 3156 licet
340 3095 645 3153 immundi
668 3094 932 3168 spiritus,
951 3092 1481 3166 praadicationibus
1502 3097 1851 3148 sanctorum
1892 3134 1932 3190 Ο

170 3191 497 3258 cedentes,
528 3203 565 3242 a
586 3185 737 3241 {acie
755 3199 964 3240 eorum
986 3182 1411 3249 discesserunt,
1433 3182 1599 3256 quod
1618 3181 1854 3254 plenius

168 3278 233 3335 in
268 3275 690 3334 ecclesiastica
727 3273 982 3329 historia
1035 3271 1392 3328 declaratur.
1466 3271 1630 3327 Unde
1687 3271 1856 3326 Beth-

170 3369 353 3434 cbar,
392 3365 496 3421 ubi
526 3365 664 3421 caesi
697 3367 858 3432 sunt,
881 3362 1303 3434 interpretatur
1351 3361 1562 3416 domus
1593 3362 1854 3431 agnitio-

171 3459 298 3521 nis,
335 3456 461 3511 sive
478 3455 688 3510 domus
722 3453 894 3523 agni,
925 3450 1248 3508 Ecclesiam
1271 3448 1854 3523 praetiguravitillius

169 3547 248 3604 de
283 3561 420 3618 quo
446 3546 714 3600 Joannes
739 3541 822 3598 ait
877 3557 890 3596 :
939 3563 966 3589 ‹‹
1003 3543 1147 3596 Ecce
1172 3543 1382 3610 Agnus
1415 3539 1536 3610 Dei,
1586 3554 1722 3596 ecce
1752 3538 1857 3612 qui

173 3637 339 3694 tollit
368 3638 621 3708 peccata
645 3629 862 3688 mundi
894 3630 1091 3697 (Joan.
1127 3630 1188 3701 1).
1226 3652 1254 3679 »
1277 3633 1338 3684 ln
1365 3644 1509 3702 qua,
1541 3633 1598 3683 et
1653 3644 1690 3684 a
1733 3643 1858 3700 qua

173 3724 477 3790 Ecclesia,
514 3721 769 3778 Domino
799 3720 1056 3784 favente,
1079 3717 1378 3774 immundi
1411 3717 1650 3791 spiritus
1682 3731 1856 3789 supe-

168 3816 293 3874 rati
332 3819 495 3870 sunt.
533 3816 597 3868 Et
622 3811 777 3867 bene
807 3809 889 3866 ait
922 3825 935 3863 :
971 3827 1002 3862 ‹
1033 3807 1331 3864 Persecuti
1361 3813 1502 3864 sunt
1531 3823 1632 3863 eos
1665 3822 1856 3880 usque

171 3908 252 3964 ad
291 3905 503 3961 locum
536 3902 643 3975 qui
683 3905 811 3958 erat
859 3915 1040 3972 super
1064 3898 1378 3967 Bethchar,
1412 3921 1440 3947 ››
1495 3914 1632 3970 quae
1680 3899 1856 3952 inter-

170 4000 461 4071 pretatur
490 3993 701 4048 domus
733 3989 1079 4060 agnitionis,
1111 3987 1259 4060 quia
1309 3986 1517 4042 tandiu
1564 3985 1854 4059 praedica-

169 4092 344 4144 tores
410 4081 710 4156 persecuti
787 4082 948 4150 sunt,
1023 4093 1343 4150 quousque
1412 4075 1610 4132 omnis
1693 4090 1859 4131 error

168 4177 651 4250 expurgaretur,
699 4174 756 4226 et
807 4184 944 4224 vere
994 4170 1148 4223 Deus
1228 4170 1673 4236 agnosceretur.
1764 4167 1859 4221 Se-

167 4266 395 4340 quitur
419 4279 432 4318 :

246 4377 276 4405 «
319 4350 476 4409 Tulit
499 4354 705 4406 autem
733 4346 974 4404 Samuel
998 4345 1264 4419 lapidem
1294 4361 1504 4407 unum,
1555 4347 1612 4399 et
1659 4341 1860 4414 posuit

171 4468 200 4494 ‹‹
233 4460 390 4500 eum
422 4441 577 4497 inter
606 4437 919 4511 Masphath
945 4441 1003 4494 et
1030 4438 1183 4492 inter
1214 4437 1329 4492 Sen
1357 4452 1369 4500 ;
1404 4441 1462 4489 et
1492 4431 1729 4489 vocavit
1752 4447 1856 4488 no-

173 4559 201 4583 α
237 4548 392 4590 men
425 4531 560 4602 ejus
589 4546 603 4584 :
632 4527 806 4600 Lapis
859 4525 1162 4598 adjutorii,
1197 4547 1226 4573 »

173 4624 348 4681 enim
380 4624 516 4690 iste,
547 4634 734 4692 quem
761 4615 1003 4672 Samuel
1031 4615 1183 4670 inter
1208 4612 1542 4684 Masphath,
1571 4628 1708 4684 qua:
1766 4611 1857 4666 in-

175 4715 551 4788 terpretatur
581 4708 834 4764 intentio
859 4724 872 4762 :
904 4710 962 4762 et
991 4706 1127 4772 Sen,
1149 4702 1315 4776 quod
1340 4701 1857 4768 diciturdentium,

175 4805 259 4861 ob
292 4804 547 4873 signum
581 4797 846 4854 victoriae
877 4797 1097 4869 posuit,
1125 4809 1310 4866 quem
1355 4791 1541 4848 alium
1589 4790 1704 4847 nisi
1753 4793 1862 4846 Do-

175 4896 427 4952 minum
474 4893 757 4946 nostrum
804 4890 1007 4942 Jesum
1054 4883 1353 4940 Christum
1412 4880 1862 4955 praetiguravit?

175 4986 284 5058 qui
319 4980 673 5039 secundum
703 4977 865 5034 dicta
893 4975 1328 5050 prophetarum
1359 4973 1511 5029 inter
1566 4971 1862 5028 inventio-

174 5092 322 5132 nem
341 5071 579 5128 V’eteris
595 5065 1045 5135 Testamenti,et
1060 5063 1357 5134 Evangelii
1371 5061 1863 5136 praedicationem

178 5165 442 5238 positus,
472 5159 761 5216 ﬁdelibus
793 5157 917 5212 suis
939 5161 1147 5212 contra
1168 5151 1549 5211 adversarias
1606 5155 1862 5224 potesta-

179 5260 267 5312 tes
289 5249 738 5309 dimicantibus
765 5246 1056 5304 auxilium
1078 5249 1342 5319 praastat.
1367 5245 1501 5316 Ipse
1524 5241 1686 5298 enim
1707 5257 1859 5314 prte-

177 5343 573 5414 ﬁgurabatur
602 5339 664 5395 in
721 5336 944 5410 lapide,
992 5339 1236 5410 propter
1268 5331 1614 5388 ﬁrmitatem
1662 5346 1676 5384 :
1736 5329 1862 5404 ipse

178 5431 652 5504 signiﬁcabatur
682 5427 746 5484 in
772 5441 953 5498 agno,
976 5429 1224 5499 propter
1248 5420 1687 5479 innocentiam:
1714 5419 1862 5490 sive,

178 5524 332 5596 quia
363 5539 478 5596 pro
509 5518 694 5576 nobis
725 5521 820 5573 est
846 5515 1216 5572 immolatus.
1251 5511 1424 5579 Quod
1483 5516 1685 5566 autem
1733 5509 1816 5566 ait
1847 5527 1860 5565 :

181 5637 208 5660 ‹‹
240 5613 580 5684 Hucusque
610 5605 937 5664 auxiliatus
969 5611 1057 5661 est
1085 5603 1262 5660 nobis
1295 5624 1321 5652 ‹‹
1361 5601 1668 5666 Dominus,
1698 5618 1726 5650 ιο
1773 5615 1866 5654 os-

183 5701 538 5774 tenditquia
559 5698 916 5772 quicunque
941 5696 1051 5751 hos
1075 5692 1361 5749 terminos
1413 5687 1863 5756 transcendunt,

184 5793 342 5850 sicut
367 5789 654 5858 haeretici,
689 5784 988 5845 auxilium
1019 5783 1118 5841 Dei
1146 5798 1272 5840 non
1321 5783 1646 5839 merentur.
1693 5777 1866 5844 Quod

1292 4493 1627 4595 et'reliqua.
1685 4521 1858 4593 Lapis
1890 4493 1931 4548 θ

1959 2754 2096 2793 rum
2119 2743 2340 2793 sancta:
2368 2737 2661 2805 Ecclesiae,
2685 2741 2743 2793 et
2766 2742 2827 2793 ut
2855 2739 2969 2794 hoc
3003 2738 3373 2795 manifestius
3394 2743 3618 2812 pateat,

1960 2826 2416 2883 manifestemus
2447 2826 2664 2883 clarius
2697 2843 2710 2882 :
2746 2827 2944 2884 Bethel
2968 2828 3153 2898 enim,
3174 2845 3314 2902 quae
3332 2828 3620 2902 interpre-

1962 2921 2120 2973 tatur
2143 2917 2352 2972 domus
2371 2917 2502 2986 Dei,
2522 2921 2795 2972 sanctam
2817 2917 3115 2988 significat
3135 2916 3458 2974 Ecclesiam
3480 2933 3618 2989 qua:

1961 3005 2182 3062 domus
2212 3004 2312 3061 Dei
2341 3005 2575 3072 dicitur,
2607 3005 2670 3060 in
2699 3021 2824 3078 qua
2855 3005 3143 3062 Dominus
3176 3022 3291 3062 sua
3325 3006 3519 3075 gratia
3540 3005 3622 3061 vi-

1961 3093 2177 3151 delicet
2203 3094 2264 3150 in
2293 3093 2596 3149 mentibus
2634 3093 2958 3150 electorum
3013 3094 3284 3150 habitare
3331 3094 3618 3164 dignatus

1962 3188 2072 3239 est.
2095 3185 2270 3239 Juxta
2293 3181 2459 3254 quod
2490 3181 2572 3237 ait
2605 3197 2616 3235 :
2651 3203 2680 3231 ι(
2715 3184 2781 3237 Et
2807 3180 3204 3238 inambulabo
3234 3187 3291 3238 et
3319 3181 3619 3238 inhabita-

1962 3273 2042 3329 bo
2081 3272 2142 3328 in
2168 3272 2251 3327 eis
2284 3271 2370 3342 (II
2395 3271 2532 3326 Cor.
2565 3286 2640 3338 γι,
2671 3271 2809 3327 Lev.
2838 3273 2947 3341 26).
2982 3293 3008 3319 ››
3068 3271 3320 3337 Undeet
3350 3270 3617 3343 Galgala,

1962 3378 2098 3435 quae
2137 3361 2560 3432 interpretatur
2615 3360 2924 3430 revelatio,
2987 3359 3266 3416 eamdem
3325 3359 3622 3431 signiticet

1965 3449 2310 3520 Ecclesiam,
2333 3449 2409 3506 de
2434 3465 2558 3522 qua
2589 3449 2877 3505 Dominus
2906 3449 3068 3505 dicit.
3088 3471 3116 3499 «
3136 3449 3242 3505 Ubi
3259 3449 3478 3504 fuerint
3497 3449 3620 3505 duo

1961 3539 2059 3596 vel
2081 3545 2195 3596 tres
2226 3541 2568 3608 congregati
2593 3538 2656 3594 in
2685 3539 2930 3594 nomine
2956 3554 3113 3609 meo,
3136 3537 3220 3594 ibi
3247 3555 3380 3595 sum
3415 3537 3474 3594 in
3497 3555 3620 3594 me-

1963 3630 2064 3686 dio
2095 3645 2305 3685 eorum
2340 3629 2577 3699 (Matth.
2611 3632 2792 3695 xviii),
2828 3650 2855 3678 »
2887 3627 3161 3684 videlicet
3207 3644 3314 3702 per
3367 3627 3623 3699 gratiam

1967 3735 2093 3774 suae
2114 3717 2490 3774 revelationis
2517 3733 2588 3774 ac
2617 3717 2950 3790 praesentiae
2983 3731 3105 3772 suae
3153 3716 3504 3773 Divinitatis.
3559 3719 3622 3773 Et

1965 3808 2299 3880 Masphath,
2331 3823 2468 3878 quia
2499 3805 2920 3878 interpretatur
2948 3807 3221 3870 intentio,
3242 3804 3396 3860 bene
3428 3803 3623 3876 sequi-

1967 3903 2100 3954 tur:
2135 3897 2279 3970 quia
2312 3895 2584 3952 videlicet
2611 3895 2673 3950 in
2705 3894 3054 3968 supradicta
3112 3893 3372 3950 Ecclesia
3415 3897 3626 3950 sancta

1968 3986 2090 4057 Dei,
2122 3991 2214 4042 est
2241 4001 2396 4059 pura
2424 3985 2488 4040 in
2513 3983 2818 4040 mentibus
2846 3983 3171 4039 electorum
3201 3982 3469 4050 intentio,
3503 3998 3626 4055 qua

1967 4091 2206 4148 semper
2225 4075 2431 4145 esurit,
2455 4079 2513 4130 et
2542 4073 2783 4130 anhelat
2809 4071 2888 4129 ad
2921 4076 3128 4129 Deum.
3159 4077 3220 4129 In
3240 4088 3364 4146 qua
3386 4071 3628 4130 Samuel

1966 4165 2262 4238 propheta
2285 4163 2518 4236 judicat
2540 4162 2694 4220 ﬁlios
2724 4161 2920 4231 Israel,
2949 4161 3224 4219 videlicet
3245 4167 3308 4218 ut
3331 4161 3542 4219 doctor
3561 4159 3626 4217 ﬁ-

1968 4253 2116 4311 delis
2142 4252 2350 4309 ﬁdeles
2381 4252 2442 4309 in
2474 4251 2734 4309 Ecclesia
2759 4251 3042 4310 decernit.
3079 4252 3242 4310 Unde
3279 4251 3434 4308 bene
3485 4249 3628 4308 dici-

1969 4347 2086 4414 tur,
2118 4343 2286 4416 quod
2310 4347 2613 4399 revertens
2645 4341 2877 4399 habitat
2904 4342 2964 4398 in
2988 4345 3178 4400 Rama
3231 4340 3492 4408 Samuel,
3525 4340 3629 4396 ubi

1971 4437 2100 4490 erat
2121 4433 2344 4490 domus
2375 4432 2528 4504 ejus,
2545 4431 2690 4506 quia
2723 4432 2992 4489 videlicet
3012 4433 3127 4489 hoc
3147 4431 3447 4490 indicasse
3467 4429 3633 4487 vide-

1974 4529 2087 4594 tur,
2118 4523 2286 4596 quod
2305 4523 2502 4579 omnis
2527 4522 2967 4580 eeclesiasticus
2993 4522 3222 4590 doctor,
3257 4522 3346 4577 vir
3395 4521 3629 4593 spirita-

1969 4613 2041 4670 lis
2065 4613 2126 4669 in
2152 4612 2434 4684 Ecclesia,
2455 4611 2592 4669 licet
2620 4629 2858 4685 semper
2895 4612 2957 4668 in
3000 4611 3311 4668 altitudine
3359 4615 3626 4666 contem-

1971 4703 2252 4776 plationis
2280 4702 2416 4769 (hoc
2445 4701 2606 4757 enim
2637 4701 2934 4772 signiﬁcat
2963 4703 3170 4767 Rama,
3185 4715 3320 4772 quae
3345 4697 3630 4768 interpre-

1970 4796 2127 4848 tatur
2157 4792 2393 4848 excetsa
2422 4791 2659 4861 mente),
2694 4790 2964 4846 habitare
2991 4787 3338 4856 delectetur,
3370 4800 3478 4857 per
3534 4800 3630 4839 ac-

1971 4881 2162 4938 tiones
2189 4885 2393 4937 tamen
2423 4879 2942 4951 compassionum,
2961 4876 3041 4932 ad
3074 4875 3318 4930 inﬁrma
3352 4871 3630 4928 membra

1971 4970 2244 5027 Ecclesia:
2277 4966 2762 5025 condescendere
2785 4981 2908 5022 non
2927 4963 3141 5031 renuit,
3165 4967 3222 5019 et
3239 4962 3417 5036 quasi
3440 4976 3630 5035 popu-

1969 5059 2098 5116 lum
2128 5057 2309 5115 lsrael
2328 5056 2580 5128 judicat,
2615 5055 2764 5111 dum
2795 5052 3085 5111 creditam
3114 5052 3228 5110 sibi
3255 5051 3516 5126 plebem,
3550 5050 3629 5108 ad

1971 5148 2297 5206 tenendam
2324 5146 2614 5201 unitatem
2643 5143 2802 5209 ﬁdei,
2835 5147 2894 5200 et
2919 5148 3166 5200 caeteras
3196 5142 3442 5200 virtutes
3490 5156 3631 5214 ope-

1970 5237 2220 5306 randas,
2245 5233 3292 5292 suaexhortationeinstituitetdocet
3337 5249 3349 5288 :
3389 5247 3494 5287 seu
3524 5228 3630 5302 qui

1966 5323 2560 5400 judexalienidelicti
2581 5321 2854 5393 efﬁcitur,
2872 5327 2929 5380 et
2965 5321 3264 5395 judicium
3307 5323 3542 5377 exercet
3567 5317 3630 5374 in

1973 5416 2158 5472 domo
2177 5413 2277 5470 Dei
2297 5430 2310 5469 :
2325 5428 2448 5469 non
2460 5415 2779 5486 propterea
2794 5415 2851 5468 et
2862 5409 3164 5468 malevola
3174 5413 3392 5477 mente,
3421 5407 3529 5464 sed
3543 5423 3631 5464 se-

1975 5504 2244 5562 cundum
2261 5501 2428 5577 quod
2440 5517 2612 5558 sacra
2627 5500 2930 5573 Scriptura
2943 5498 3184 5567 revelat,
3201 5514 3378 5570 agere
3407 5497 3588 5554 debet
3613 5514 3626 5554 :

1975 5595 2320 5652 addomum
2334 5591 2556 5666 proprii
2574 5590 2830 5664 pectoris
2872 5594 2930 5646 et
2962 5589 3339 5646 conscientiae
3384 5589 3631 5646 tandem

1973 5685 2188 5754 redire,
2208 5689 2265 5739 et
2282 5681 2508 5738 hostias
2527 5681 2705 5737 bona:
2726 5680 3048 5736 voluntatis
3080 5683 3199 5736 Deo
3222 5679 3556 5736 immolare.
