3944 6408
387 304 486 366 291

1010 424 1239 482 CAPUT
1278 421 1412 477 VIII.

461 559 487 587 ‹‹
521 530 876 603 Congregati
906 544 1048 601 ergo
1073 528 1334 585 universi
1365 526 1624 599 majores
1660 528 1807 579 natu
1840 517 2036 581 Israel,

389 649 417 678 «
448 626 741 682 venerunt
769 619 847 677 ad
870 618 1208 678 Samuelem
1224 618 1286 674 in
1306 615 1619 682 Ramatha,
1644 614 2041 682 dixeruntque

390 738 419 767 ‹‹
452 714 504 771 ei
536 730 549 770 :
584 714 728 770 Ecce
758 715 821 767 tu
852 709 1117 775 senuisti,
1138 713 1195 765 et
1222 706 1327 764 ﬁlii
1357 707 1439 763 tui
1471 721 1594 762 non
1639 702 1954 761 ambulant
1980 699 2040 753 in

389 827 418 855 «
447 802 556 861 viis
584 802 718 875 tuis,
744 798 1034 857 constitue
1060 796 1237 853 nobis
1264 812 1488 865 regem,
1521 799 1587 850 ut
1608 793 1836 866 judicet
1858 806 1990 857 nos,
2011 807 2039 837 »

387 896 497 950 etc.
532 890 682 957 Quid
712 889 872 946 enim
905 886 1284 958 signiﬁcabat
1314 883 1479 961 quod
1518 881 1781 939 seniores
1841 876 2039 941 lsrael,

384 979 705 1055 reprobato
739 977 1012 1037 Samuele
1035 976 1350 1049 propheta,
1372 988 1576 1045 regem
1596 972 1707 1027 sibi
1724 970 2040 1043 petierunt,

385 1069 503 1128 nisi
530 1070 645 1127 hoc
670 1067 837 1144 quod
862 1068 924 1123 in
956 1066 1216 1123 adventu
1248 1063 1569 1121 Salvatoris
1589 1062 1903 1134 impletum
1916 1071 2045 1114 esse

385 1159 807 1232 cognoscimus
836 1176 849 1215 :
874 1156 1121 1231 quando
1153 1152 1362 1210 scribre
1396 1158 1453 1209 et
1487 1151 1789 1217 Pharisaei,
1844 1149 2044 1223 repul-

386 1266 452 1307 so
484 1248 739 1306 Domino
767 1248 913 1302 Jesu
944 1244 1176 1301 Christo
1206 1258 1349 1299 vero
1376 1239 1704 1307 sacerdote,
1737 1252 1939 1307 regem
1969 1235 2044 1291 si-

384 1339 448 1396 bi
475 1336 800 1410 elegerunt,
831 1332 1096 1392 clamant
1123 1351 1135 1389 :
1171 1358 1199 1385 ‹‹
1230 1335 1358 1389 Non
1379 1331 1678 1387 habemus
1711 1343 1913 1397 regem
1934 1325 2045 1381 nisi

388 1430 686 1487 Caesarem
710 1425 905 1499 (Joan.
930 1423 1063 1497 XIX).
1092 1444 1119 1473 η
1148 1420 1314 1479 Unde
1342 1418 1603 1489 Samuel,
1635 1417 1741 1492 qui
1767 1418 2050 1488 interpre-

386 1520 545 1574 tatur
572 1530 785 1572 nomen
809 1515 935 1585 ejus
984 1516 1160 1580 Deus,
1210 1509 1566 1585 reprobatus
1626 1525 1661 1562 a
1713 1504 2047 1561 senioribus

389 1605 589 1678 Israel,
620 1603 943 1660 Dominum
974 1618 1043 1658 ac
1074 1599 1531 1673 Redemptorem
1562 1595 1875 1667 significat.
1908 1591 2047 1649 Saul
2114 1635 2123 1639 -

1472 291 1831 353 ANGELOMI
1874 282 2327 346 LUXOVIENSIS
2361 286 2697 347 MONACHI.

2066 412 2120 467 Α
2151 412 2447 469 unctionis
2473 414 2938 478 sacramentum,
2969 408 3032 465 in
3058 411 3206 481 typo
3233 407 3555 465 Salvatoris
3607 406 3818 464 christi

3699 282 3818 342 292

2150 508 2289 558 sunt
2315 503 2617 576 appellati.
2653 501 2821 558 Unde
2853 504 2910 556 et
2942 498 3130 555 David
3161 499 3242 554 ait
3283 498 3362 554 ad
3410 513 3553 554 eum
3601 496 3709 569 qui
3754 513 3817 553 se

2149 592 2402 649 ﬁnxerat
2428 591 2568 650 Saul
2598 591 2886 648 occidisse
2915 606 2929 645 :
2959 612 2988 640 «
3020 587 3338 654 Quomodo
3377 602 3503 643 non
3564 585 3821 642 timuisti

2149 696 2402 737 manum
2432 684 2597 737 tuam
2627 680 2855 736 mittere
2885 679 2945 733 in
2971 678 3259 734 christum
3292 674 3529 733 Domini
3549 674 3644 747 (II
3667 677 3817 746 Reg.

2150 771 2230 841 1)?
2267 789 2296 822 »
2322 770 2435 827 Sed
2460 771 2614 826 bene
2637 771 2735 836 ait,
2769 769 2934 842 quod
2958 767 3036 824 ab
3067 768 3322 823 humero
3362 781 3610 821 sursum
3674 762 3821 820 Saul

2152 859 2636 931 supereminebat
2663 858 2966 923 omnibus,
2996 857 3172 928 juxta
3225 854 3556 927 spiritalem
3599 852 3819 909 intelli-

2154 948 2436 1018 gentiam,
2464 948 2609 1021 quia
2641 951 2822 1019 caput
2868 950 3140 1007 nostrum
3195 959 3437 999 sursum
3483 946 3576 998 est
3629 956 3822 1015 supra

2152 1051 2287 1103 nos,
2315 1036 2481 1108 quod
2507 1042 2592 1092 est
2614 1036 2901 1093 Christus.
2927 1037 2991 1091 Et
3010 1034 3165 1089 bene
3186 1033 3411 1088 dictum
3443 1049 3458 1084 :
3484 1051 3514 1085 ‹
3538 1035 3671 1087 Non
3691 1034 3825 1086 erat

2154 1126 2363 1181 melior
2391 1125 2491 1181 illo
2509 1149 2557 1195 »,
2572 1130 2629 1181 et
2650 1124 2963 1181 Psalmista
2987 1139 3000 1178 :
3027 1144 3056 1172 «
3087 1122 3229 1188 Quis
3245 1122 3306 1176 in
3322 1120 3596 1176 nubibus
3612 1135 3823 1193 (equa-

2154 1214 2331 1281 bitur,
2362 1218 2463 1271 aut
2492 1215 2627 1287 quis
2658 1212 2865 1269 similis
2895 1212 3001 1268 erit
3032 1214 3151 1267 Deo
3178 1210 3323 1266 Filio
3358 1211 3457 1265 Dei
3487 1210 3517 1269 ‘2
3547 1228 3579 1263 ‹
3627 1209 3822 1280 (Psal.

2155 1304 2454 1374 Lxxxvln.)
2486 1304 2584 1359 Hic
2615 1303 2775 1358 enim
2805 1316 2929 1357 non
2953 1301 3166 1356 seriem
3192 1299 3454 1355 historias
3478 1298 3690 1366 secuti,
3718 1298 3825 1354 sed

2159 1392 2439 1466 spiritalis
2467 1392 2866 1461 intelligentiae
2894 1406 3139 1445 sensum
3172 1388 3568 1445 continuatim
3601 1387 3828 1443 descri-

2155 1482 2296 1538 bere
2322 1482 2518 1539 conati
2540 1497 2770 1537 sumus.
2793 1484 3081 1536 Craterum
3103 1478 3247 1552 quia
3264 1493 3482 1551 parum
3503 1477 3825 1533 historiam

2157 1572 2670 1645 praetermisimus,
2703 1572 2779 1626 ad
2802 1585 2936 1626 eam
2954 1569 3381 1625 insinuandam
3402 1567 3829 1641 apostrophen

388 1710 550 1761 vero,
572 1658 688 1768 Iqui
718 1691 933 1748 dicitur
962 1692 1181 1761 petitus
1210 1658 1319 1744 seu
1343 1687 1570 1758 petitio,
1624 1700 1733 1740 suo
1791 1683 1954 1756 quod
2012 1697 2049 1738 a
2158 1660 2354 1768 Ῑδοθξεξ
2381 1661 2773 1768 (ξῗονθνξωυιε-
2800 1660 2889 1768 im
2917 1659 3077 1715 enim
3101 1673 3271 1715 Sacra
3298 1658 3593 1768 Ῑλίξξονίδέ

388 1780 615 1857 populo
661 1780 997 1855 postulatus
1044 1777 1276 1849 legitur,

389 1888 571 1945 quem
600 1868 815 1926 dimitti
846 1868 959 1925 sibi
991 1867 1324 1942 petierunt:
1360 1865 1463 1941 qui
1489 1863 1629 1921 Saul
1660 1862 1816 1918 ﬁlius
1845 1861 1956 1926 Cis,
1986 1859 2049 1913 ﬁ-

386 1959 501 2016 lius
533 1958 718 2027 Abiel,
745 1957 929 2014 fuisse
972 1957 1205 2028 legitur.
1267 1956 1361 2010 Cis
1411 1952 1573 2009 enim
1630 1951 2048 2023 interpretatur

386 2049 576 2105 durus
603 2045 698 2104 vel
728 2063 983 2104 vomens.
1015 2045 1184 2102 Abiel
1207 2060 1350 2100 vero
1393 2088 1404 2112 ,
1439 2049 1571 2099 ater
1596 2057 1757 2098 meus
1809 2039 2044 2108 dicitur,

384 2155 646 2214 quorum
674 2137 991 2193 nominum
1030 2133 1546 2208 interpretationes
1562 2131 1636 2187 ad
1671 2129 2050 2198 duritiem,et

385 2228 463 2286 ad
489 2226 787 2285 vomitum
844 2224 1085 2282 malitiae
1137 2223 1487 2280 Judaeorum
1541 2221 1857 2296 pertinent,
1918 2218 2042 2292 qui,

385 2319 571 2374 Deum
597 2315 835 2373 Patrem
866 2314 1236 2383 conﬁtentes,
1269 2312 1477 2369 Filium
1505 2310 1567 2368 in
1607 2310 1887 2384 passione
1939 2324 2044 2364 ne-

384 2411 694 2477 gaverunt,
729 2405 991 2461 dicentes
1044 2421 1057 2460 :
1114 2402 1277 2464 Tolle
1307 2402 1493 2472 hunc,
1524 2404 1580 2456 et
1601 2399 1829 2455 dimitte
1869 2397 2045 2454 nobis

383 2495 716 2552 Barrabam
745 2513 757 2550 :
788 2511 913 2550 non
936 2492 1351 2562 intelligentes,
1382 2490 1526 2564 quia
1567 2488 1672 2562 qui
1727 2492 1908 2558 negat
1964 2486 2044 2541 Fi-

383 2584 530 2640 lium
561 2587 741 2656 negat
780 2583 1108 2653 etPatrem,
1141 2578 1245 2654 qui
1277 2579 1439 2635 misit
1466 2577 1655 2634 illum.

955 2725 1157 2780 CAPP.
1200 2724 1265 2779 IX
1303 2726 1362 2779 et
1396 2720 1457 2779 X.

396 2836 403 2843 '
459 2856 487 2886 «
517 2832 670 2913 Tulit
700 2835 901 2889 autem
932 2830 1174 2888 Samuel
1201 2828 1545 2887 lenticulam
1567 2827 1700 2894 olei,
1733 2830 1789 2881 et
1836 2825 2043 2882 effudit

390 2945 418 2974 «
452 2938 636 2995 super
664 2925 848 2995 caput
881 2922 1033 2993 ejus,
1066 2923 1123 2976 et
1151 2917 1534 2976 deosculatus
1566 2922 1824 2986 esteum,
1850 2915 2036 2971 etait:

385 3035 413 3063 «
448 3014 593 3069 Ecce
625 3012 794 3069 unxit
824 3017 876 3068 te
900 3010 1187 3067 Dominus
1218 3023 1399 3081 super
1426 3006 1831 3062 haereditatem
1862 3022 2039 3061 suam

382 3123 410 3153 κ
442 3100 503 3156 in
534 3100 888 3175 principem.
916 3116 949 3154 ›
1009 3096 1329 3155 Sciendum
1376 3100 1467 3152 est
1514 3093 1679 3167 quod
1727 3093 1866 3150 Saul
1916 3109 2036 3149 non
2069 3126 2109 3182 ρ

380 3189 558 3247 unius
588 3204 826 3263 semper
846 3203 1120 3263 personae
1148 3186 1402 3258 gestavit
1454 3184 1736 3255 ﬁguram,
1786 3183 1893 3238 sed
1939 3183 2038 3238 ali-

376 3279 625 3355 quando
655 3279 1003 3336 Judteorum
1031 3282 1266 3350 typum,
1291 3276 1371 3333 ob
1404 3274 1770 3348 superbiam,
1822 3277 1877 3330 et
1929 3273 2035 3329 ad-

376 3382 587 3423 versus
646 3369 832 3423 Deum
894 3364 1307 3433 invidentiam,
1368 3365 1518 3420 sicut
1575 3363 1849 3436 superius
1914 3363 2037 3418 teti-

379 3455 599 3526 gimus,
656 3459 713 3511 et
769 3455 830 3511 in
886 3454 1085 3511 futuro
1139 3452 1730 3510 demonstrabimus:
1768 3452 2038 3524 aliquan-

376 3544 458 3601 do
512 3543 745 3601 Domini
795 3544 983 3601 nostri
1036 3547 1177 3601 Jesu
1229 3543 1459 3613 Christi,
1517 3547 1763 3616 propter
1804 3541 2037 3597 unctio-

374 3647 518 3690 nem
569 3633 758 3706 regni,
813 3637 992 3706 atque
1040 3632 1414 3690 altitudinem
1471 3635 1729 3699 staturae,
1785 3635 2038 3703 etprop-

375 3727 463 3780 ter
511 3722 935 3797 principatum.
988 3724 1067 3779 De
1112 3737 1235 3795 quo
1308 3721 1499 3777 Isaias
1561 3719 1642 3775 ait
1701 3736 1714 3774 :
1768 3721 2037 3774 «Factus

374 3818 462 3870 est
485 3812 862 3888 principatus
881 3812 1011 3884 ejus
1030 3827 1210 3885 super
1226 3811 1547 3867 humerum
1570 3810 1698 3880 ejus
1722 3810 1861 3879 (Isa.
1884 3809 1982 3879 1x).
2006 3830 2033 3856 »

372 3902 711 3976 Aliquando
739 3918 882 3959 vero
922 3901 1258 3975 principem
1288 3897 1490 3955 saeculi
1530 3898 1731 3967 hujus,
1791 3902 2035 3970 propter

372 3989 693 4046 elationem
725 3990 922 4046 cordis
952 3994 1008 4045 et
1027 3987 1348 4043 humilium
1381 3986 1863 4059 oppressionem,
1886 3986 2037 4042 sicut

372 4078 436 4134 in
456 4076 845 4151 sequentibus
874 4076 1277 4133 declarabitur
1311 4092 1323 4144 ;
1358 4074 1464 4130 sed
1489 4076 1549 4129 in
1576 4075 1691 4131 hoc
1719 4075 1874 4145 loco,
1931 4074 2031 4131 ubi

374 4182 412 4223 a
467 4165 742 4222 Samuele
828 4167 1042 4221 unctus
1095 4164 1327 4235 legitur,
1354 4163 1555 4237 ipsum
1587 4164 1886 4221 Christum
1919 4168 2032 4220 Do-

372 4254 609 4312 minum
631 4253 851 4310 scilicet
907 4253 1277 4311 Salvatorem
1319 4253 1611 4324 designat.
1671 4255 1830 4310 Sicut
1871 4254 2031 4309 enim

376 4343 539 4418 Saul,
572 4359 711 4401 cum
732 4343 935 4401 asinas
961 4342 1145 4415 patris
1174 4342 1263 4399 sui
1322 4360 1454 4416 quae
1511 4343 1761 4400 deerant
1811 4360 2031 4416 qurere-

370 4430 479 4505 ret,
502 4434 564 4490 in
596 4448 782 4504 regno
811 4436 1161 4506 assumptus
1192 4437 1279 4489 est
1314 4448 1328 4488 :
1353 4433 1531 4488 simili
1553 4448 1798 4506 quoque
1844 4434 2029 4489 modo

370 4523 661 4581 Dominus
706 4527 763 4580 et
818 4521 1087 4580 Salvator
1135 4525 1359 4594 noster,
1416 4527 1744 4594 postquam
1825 4538 1861 4577 a
1932 4526 2029 4579 Pa-

368 4617 455 4672 tre
501 4629 610 4671 suo
657 4612 902 4680 missus,
963 4612 1043 4668 ad
1087 4626 1232 4668 oves
1283 4626 1419 4685 quae
1466 4612 1767 4684 perierant
1810 4610 2029 4667 domus

366 4702 550 4762 Israel
590 4701 793 4760 venire
823 4700 1105 4773 dignatus
1154 4704 1260 4767 est,
1290 4716 1471 4775 super
1522 4705 1807 4757 cunctum
1840 4716 2029 4774 popu-

362 4793 492 4852 lum
550 4808 732 4851 suum
785 4792 865 4851 ab
900 4807 971 4850 eo
1019 4792 1081 4849 in
1124 4806 1329 4863 regem
1380 4796 1617 4849 tantum
1676 4791 2028 4848 constitutus

367 4887 473 4941 est.
529 4882 620 4943 Sic
673 4884 801 4958 ipse
848 4882 930 4939 ait
989 4898 1003 4938 :
1061 4900 1090 4935 et
1122 4884 1244 4953 Ego
1276 4883 1478 4937 autem
1505 4881 1862 4937 constitutus
1890 4897 2027 4936 sum

365 4986 472 5028 rex
493 4971 571 5028 ab
601 4987 671 5030 eo
703 4985 885 5046 super
916 4970 1058 5028 Sion
1078 4975 1351 5028 montem
1382 4974 1665 5026 sanctum
1688 4973 1818 5040 ejus
1837 4969 2024 5040 (Psal.

363 5076 425 5127 11,
454 5060 647 5118 Marc.
688 5060 890 5132 mu):
922 5082 950 5111 »
1008 5061 1123 5118 hoc
1177 5060 1341 5118 enim
1380 5056 1883 5133 praeﬁgurabatur
1922 5074 2029 5131 per

364 5149 568 5209 asinas
598 5153 841 5224 propter
882 5149 1343 5224 simplicitatem,
1404 5148 1570 5224 quod
1625 5153 1682 5206 et
1724 5165 1831 5223 per
1883 5164 2027 5206 oves

361 5244 608 5315 propter
629 5239 1057 5297 innocentiam.
1109 5244 1327 5297 Armus
1358 5255 1542 5313 quem
1578 5238 1716 5297 Saul
1775 5239 2023 5312 accepit,

364 5332 516 5389 sicut
540 5329 815 5404 superius
843 5328 1078 5400 legitur,
1110 5329 1516 5404 principatum
1562 5328 1859 5400 signiﬁcat
1911 5330 2024 5383 Do-

363 5421 513 5476 mini
538 5420 729 5478 nostri
753 5436 935 5495 quem
967 5423 1217 5497 accepit.
1244 5419 1355 5487 Qui
1382 5435 1418 5475 a
1479 5416 1752 5476 Samuele
1804 5422 2021 5476 unctus

362 5508 597 5580 dicitur,
624 5509 767 5580 quia
797 5526 834 5566 θ.
861 5513 981 5566 Deo
1010 5511 1181 5567 Patre
1210 5509 1554 5579 unigenitus
1587 5509 1768 5565 Filius
1794 5508 2024 5582 spirita-

362 5595 403 5652 li
434 5597 712 5652 unctione
738 5597 1038 5656 delibutus
1067 5600 1280 5670 legitur
1323 5617 1334 5654 :
1390 5600 1465 5655 de
1512 5616 1634 5673 quo
1667 5599 1978 5656 Psalmista
2006 5616 2018 5651 :

366 5709 394 5737 «
430 5689 747 5757 Propterea
778 5687 937 5744 unxit
967 5690 1381 5758 teDeus,Deus
1401 5693 1539 5745 tuus
1564 5690 1751 5760 (Psal.
1778 5689 1955 5759 xuv),
1993 5710 2020 5736 ιι

362 5780 422 5834 et
438 5774 690 5849 reliqua.
722 5776 942 5833 Omnes
971 5777 1132 5835 enim
1160 5783 1318 5835 retro
1347 5777 1492 5834 olim
1516 5792 1687 5848 reges
1708 5778 1910 5847 Israel,
1941 5777 2020 5833 ob

1336 1744 1629 1833 gaprab'as
1682 1744 2045 1842 intelligitur,
2084 1764 2130 1822 Β
2229 1772 2258 1799 α
2293 1750 2561 1842 Dixitque
2596 1749 3307 1842 Saul‘adpuerum‘suum
3337 1764 3349 1842 ς
3376 1750 3522 1842 Ecce
3540 1744 3776 1842 ibimus
3812 1764 3825 1801 :

2159 1859 2188 1889 «ι
2216 1838 2362 1911 quid
2393 1839 2650 1895 ieremus
2681 1838 2759 1895 ad
2790 1839 2984 1893 virum
3036 1836 3187 1893 Dei?
3221 1857 3249 1886 »
3294 1840 3352 1893 et
3381 1836 3635 1909 reliqua.
3698 1840 3829 1892 Non

2157 1929 2316 1985 enim
2344 1928 2596 2001 putabat
2622 1928 2762 1985 Saul
2793 1928 2905 1983 sibi
2931 1927 3133 1984 asinas
3157 1941 3193 1982 ει
3218 1926 3492 1984 Samuele
3528 1926 3708 1982 aliter
3736 1927 3828 1981 in-

2157 2017 2363 2086 dicari,
2388 2017 2503 2073 nisi
2533 2019 2721 2091 pretio
2749 2017 3151 2081 divinationis,
3206 2017 3282 2072 de
3323 2032 3449 2089 quo
3506 2032 3663 2089 puer
3724 2017 3826 2081 ait,

2156 2123 2295 2164 cum
2326 2124 2362 2164 a
2390 2107 2565 2165 Saule
2594 2108 2861 2164 audisset
2919 2124 2931 2163 :
2985 2107 3160 2163 Panis
3206 2106 3422 2163 defecit
3475 2106 3536 2162 in
3565 2106 3829 2163 sitarciis

2154 2196 2374 2252 nostris
2405 2214 2419 2252 :

2227 2308 2255 2335 ‹‹
2289 2288 2434 2342 Ecce
2463 2286 2707 2343 inventa
2735 2290 2822 2342 est
2850 2285 2912 2341 in
2935 2299 3123 2341 manu
3145 2299 3281 2341 mea
3302 2287 3520 2358 quarta
3536 2300 3691 2357 pars
3718 2289 3827 2341 sta-

2154 2376 2348 2451 «_teris
2397 2376 2647 2447 argenti,
2704 2375 2918 2432 demus
2973 2375 3205 2431 homini
3262 2375 3380 2430 Dei.
3416 2393 3445 2425 ιι
3500 2373 3648 2430 Ideo
3705 2374 3823 2430 ait:

2154 2465 2306 2531 Quid
2335 2464 2592 2521 feremus
2615 2466 2689 2521 ad
2721 2466 2918 2521 virum
2950 2464 3101 2520 Dei?
3125 2464 3293 2528 Quod
3319 2468 3521 2520 autem
3543 2463 3715 2521 Sauli
3742 2464 3827 2519 in-

2151 2555 2409 2627 quirenti
2440 2554 2513 2610 de
2546 2554 2810 2625 Vidente,
2838 2553 3284 2627 responderunt
3307 2553 3575 2609 dicentes
3609 2568 3626 2607 :

2223 2661 2253 2696 ‹
2281 2644 2516 2700 Festina
2546 2659 2728 2712 nunc,
2754 2643 2933 2699 hodie
2963 2643 3122 2698 enim
3180 2643 3341 2700 venit
3384 2642 3445 2698 in
3489 2642 3820 2710 civitatem,

2152 2752 2183 2786 ‹
2212 2733 2356 2806 quia
2387 2733 2750 2790 sacrificium
2768 2738 2853 2789 est
2874 2732 3052 2789 hodie
3072 2732 3282 2805 populi
3300 2732 3361 2788 in
3380 2730 3643 2788 excelso.
3672 2754 3706 2782 »
3725 2735 3820 2789 Sa~

2150 2822 2441 2878 criﬁcium
2473 2823 2532 2878 in
2563 2823 2677 2878 hoc
2708 2822 2861 2893 loco,
2890 2826 3068 2895 prout
3090 2821 3275 2894 aliqui
3303 2821 3553 2891 intelligi
3577 2821 3816 2889 volunt,

2149 2910 2473 2983 prandium
2499 2910 2862 2983 intelligitur,
2895 2911 3061 2985 quod
3087 2914 3532 2984 praeparaverat
3570 2910 3821 2967 Samuel

2148 3000 2376 3074 populo
2404 3001 2466 3056 in
2506 3001 2805 3068 Kalendis,
2840 3002 2982 3074 quia
3016 3001 3288 3074 sequitur
3318 3017 3331 3056 :

2221 3112 2247 3141 ‹‹
2282 3095 2483 3164 Neque
2505 3093 2664 3147 enim
2712 3096 3085 3147 comesturus
3137 3095 3225 3147 est
3278 3089 3564 3165 populus,
3617 3090 3817 3148 donec

2148 3202 2177 3229 «
2206 3180 2299 3236 ille
2320 3183 2538 3247 veniat,
2562 3182 2708 3253 quia
2737 3180 2866 3253 ipse
2897 3180 3209 3237 benedicet
3257 3179 3487 3249 hostiae,
3537 3185 3597 3236 et
3652 3181 3817 3237 dein-

2153 3289 2174 3323 )
2211 3286 2351 3342 ceps
2383 3270 2698 3325 comedent
2756 3270 2859 3342 qui
2914 3269 3110 3326 vocati
3159 3273 3316 3325 sunt.
3353 3291 3381 3320 »
3435 3271 3739 3327 Cmterum
3769 3270 3817 3325 si

2146 3360 2281 3432 quis
2313 3358 2653 3431 simpliciter
2674 3358 2747 3414 de
2772 3359 2979 3414 hostiis
3009 3357 3355 3425 immolatis,
3388 3373 3458 3414 ac
3505 3359 3816 3415 sacriﬁciis

2144 3447 2469 3518 intelligere
2491 3447 2759 3516 voluerit,
2792 3464 2903 3504 nos
2944 3463 3068 3504 non
3124 3448 3491 3505 inhibemus.
3538 3449 3813 3522 Dixitque

2149 3538 2390 3594 Samuel
2420 3538 2497 3593 ad
2532 3536 2672 3595 Saul
2700 3554 2713 3593 :

2218 3647 2249 3682 ‹
2272 3628 2542 3683 Ascende
2566 3631 2702 3683 ante
2734 3643 2829 3683 me
2852 3626 2915 3683 in
2944 3625 3340 3699 excelsum,ut
3372 3627 3665 3685 comedas
3687 3643 3810 3684 me-

2148 3742 2173 3768 ‹‹
2207 3734 2345 3774 cum
2372 3721 2428 3774 et
2452 3718 2747 3774 dimittam
2773 3721 2827 3773 te
2855 3733 3055 3781 mane,
3086 3721 3141 3774 et
3157 3717 3363 3775 omnia
3382 3734 3520 3791 quae
3578 3723 3727 3775 sunt
3752 3719 3809 3774 in

2144 3828 2173 3859 ‹‹
2207 3807 2385 3862 corde
2408 3810 2509 3862 tuo
2539 3806 2822 3863 indicabo
2844 3807 2967 3863 tibi.
2990 3826 3018 3857 ››
3080 3807 3180 3863 Hic
3202 3805 3362 3863 enim
3388 3807 3436 3862 si
3466 3823 3592 3863 non
3608 3806 3811 3880 displi-

2144 3897 2349 3966 cuerit,
2382 3895 2552 3951 sicuti
2579 3896 2866 3969 scriptum
2897 3895 3256 3965 invenimus,
3285 3896 3678 3953 traditionem
3714 3898 3810 3953 Ju-

2142 3985 2415 4041 daeorum
2440 3984 2696 4041 inserere
2728 3985 3171 4058 praesumimus.
3209 3988 3345 4042 Erat
3372 3985 3536 4042 enim
3565 3985 3630 4042 in
3688 4002 3811 4042 cor-

2142 4075 2217 4131 de
2243 4073 2382 4130 Saul
2404 4074 2577 4145 (sicut
2604 4075 2721 4147 ipsi
2746 4074 3015 4147 tradunt)
3037 4073 3203 4147 quod
3229 4092 3333 4131 rex
3366 4073 3607 4132 futurus
3628 4081 3807 4147 esset,

2141 4164 2287 4237 quia
2313 4162 2544 4220 viderat
2569 4180 2678 4236 per
2705 4164 2902 4219 visum
2925 4180 2986 4219 se
3016 4164 3077 4219 in
3098 4165 3316 4221 vertice
3345 4165 3579 4221 arboris
3622 4166 3809 4221 collo-

2143 4254 2264 4311 cari
2299 4270 2471 4327 ;quze
2501 4254 2649 4309 visio
2672 4254 2910 4323 signum
2936 4253 3137 4324 regale
3163 4259 3305 4312 erat.
3365 4254 3635 4328 Denique
3688 4271 3809 4311 non

2143 4344 2564 4401 tantummodo
2595 4342 2669 4399 de
2694 4343 2877 4399 asinis
2908 4360 3061 4417 quas
3113 4343 3456 4418 perdiderat
3510 4345 3575 4400 in
3623 4346 3807 4401 corde

2143 4433 2455 4502 tractabat,
2487 4434 2631 4506 quia
2656 4448 2795 4489 cum
2825 4431 3052 4489 dictum
3070 4433 3143 4489 sit
3170 4450 3183 4490 :
3211 4436 3278 4490 Et
3296 4433 3502 4490 omnia
3518 4450 3659 4507 quae
3674 4438 3809 4490 sunt

2140 4524 2202 4580 in
2234 4523 2412 4581 corde
2442 4527 2545 4580 tuo
2566 4522 2849 4580 indicabo
2874 4522 3000 4592 tibi,
3034 4524 3234 4580 statim
3260 4539 3366 4596 per
3395 4528 3632 4597 partem
3672 4542 3810 4582 con-

2136 4612 2462 4687 junctionis
2493 4611 2919 4686 copulativam,
2950 4617 3007 4669 et
3034 4612 3460 4684 distinguendo
3498 4612 3809 4688 copulavit

2140 4702 2350 4760 dicens
2384 4718 2396 4758 :

2212 4815 2240 4843 ‹‹
2267 4796 2332 4848 Et
2356 4794 2430 4848 de
2462 4790 2647 4848 asinis
2688 4806 2841 4866 quas
2888 4790 3200 4865 perdidisti
3245 4792 3688 4850 nudiustertius
3732 4808 3807 4850 ne

2140 4905 2169 4935 «
2202 4881 2485 4938 sollicitus
2518 4881 2617 4949 sis,
2651 4880 2795 4955 quia
2814 4881 3041 4937 inventi
3066 4886 3221 4938 sunt.
3249 4902 3278 4933 κ
3304 4885 3371 4939 Et
3397 4881 3546 4938 illud
3601 4899 3619 4939 :
3681 4905 3712 4935 «
3744 4886 3809 4938 Et

2138 4993 2169 5026 ‹
2194 4989 2366 5044 cujus
2396 4976 2569 5028 erunt
2591 4971 2819 5045 optima
2845 4987 3102 5045 quaeque
3126 4972 3302 5029 lsrael
3322 4972 3351 5029 ?
3370 4986 3574 5030 nonne
3610 4972 3723 5030 tibi
3753 4975 3807 5029 et

2126 5071 2168 5114 '«
2199 5062 2365 5118 omni
2394 5061 2603 5118 domui
2630 5060 2814 5135 patris
2844 5061 2949 5117 tui.
2972 5085 3000 5112 »
3013 5061 3183 5118 Tales
3204 5063 3363 5118 enim
3381 5061 3808 5133 ethujusmodi

2135 5149 2482 5208 traditiones
2509 5150 2875 5221 Iudaeorum,
2900 5149 2973 5206 de
2998 5150 3362 5224 apocryphis
3392 5150 3561 5207 libris
3591 5166 3805 5208 eorum

2134 5240 2382 5314 prolatm
2395 5243 2551 5309 sunt,
2581 5255 2735 5313 quos
2749 5255 2956 5295 secum
2971 5239 3311 5296 reconditos
3323 5239 3569 5309 habent,
3586 5256 3729 5315 quae
3744 5242 3805 5297 in

2134 5330 2350 5386 nostris
2378 5345 2501 5387 non
2512 5328 2831 5386 habentur.
2848 5328 3058 5385 Etideo
3074 5347 3109 5386 a
3124 5329 3495 5402 quibusdam
3506 5331 3805 5404 recipiun-

2132 5423 2247 5490 tur,
2278 5435 2403 5475 non
2438 5422 2754 5493 propterea
2784 5421 2848 5474 ut
2876 5417 3009 5475 illos
3037 5420 3396 5491 approbent,
3427 5419 3533 5476 sed
3565 5437 3639 5477 ea
3664 5436 3800 5494 quae

2131 5509 2470 5565 necessaria
2498 5512 2652 5576 sunt,
2669 5506 2749 5564 ad
2773 5506 3261 5565 conﬁrmandum
3290 5508 3609 5582 recipiunt.
3627 5510 3800 5576 Quod

2132 5602 2187 5653 et
2216 5597 2435 5654 Paulus
2458 5597 2778 5672 Apostolus
2809 5596 2866 5651 in
2902 5597 3173 5671 Epistolis
3191 5599 3314 5654 suis
3356 5600 3489 5667 (Tit.
3523 5615 3563 5668 1,
3596 5601 3629 5654 Ι
3659 5600 3794 5655 Cor.

2130 5688 2250 5773 xy),
2280 5703 2401 5743 non
2434 5688 2628 5744 solum
2659 5688 2732 5743 de
2756 5687 3144 5773 Hebraeorum
3174 5688 3340 5744 libris
3397 5690 3795 5763 apocryphis,

2129 5770 2521 5835 verumetiam
2550 5793 2623 5834 ex
2654 5781 2970 5851 poetarum
2995 5770 3065 5835 ac
3087 5778 3459 5836 comicorum
3478 5780 3793 5851 gentilium
