3944 6436
132 291 215 347 193
1122 288 1384 345 ENABR.
1422 292 1488 347 IN
1521 280 1771 346 LIBROS
1801 278 2061 341 REGUM.
2085 312 2155 326 --
2182 284 2253 343 ΙΝ
2278 287 2406 344 LIB.
2442 289 2487 345 Ι.

3422 299 3528 357 294

133 412 215 469 ubi
232 412 630 484 opportunum
659 410 824 475 vidit,
874 411 1153 485 exempla
1210 414 1477 487 protulit.
1521 415 1648 470 Non
1695 412 1759 466 ut
1788 408 1836 465 Α
1869 429 1896 455 ‹‹
1925 408 2104 481 erepit
2134 410 2457 469 adversm
2485 411 2663 470 Iabes
2690 411 2936 471 Galaad.
2968 413 3378 492 Dixeruntque
3401 436 3530 479 om-

134 501 303 560 omnia
330 514 539 556 eorum
586 503 932 558 commenta
963 502 1346 576 approbaret,
1401 504 1507 561 sed
1540 517 1759 575 oppor-

130 596 250 650 tuna
273 588 367 646 ubi
397 590 813 646 necessarium
842 591 1009 659 vidit,
1033 591 1452 650 inseruit.Hinc
1479 595 1567 649 est
1590 589 1757 665 quod

129 679 282 737 ludas
308 678 615 751 apostolus
645 679 707 735 in
755 679 1016 753 Epistola
1046 696 1155 737 sua
1204 698 1276 738 ex
1330 681 1545 738 iisdem
1587 680 1754 736 libris

128 767 435 841 exemplum
456 767 673 838 intulit,
714 768 953 825 dicens:
984 791 1012 820 «
1048 771 1426 843 Prophetavit
1449 774 1651 827 autem
1681 768 1757 824 de

128 858 203 915 his
224 857 498 930 septimus
526 856 607 913 ab
638 857 833 914 Adam
878 859 1101 926 Enoch,
1135 859 1367 916 dicens:
1422 864 1566 916 Ecce
1595 858 1759 915 venit

127 948 380 1004 Dominus
417 946 480 1002 in
506 946 730 1003 sanctis
766 946 1032 1003 millibus
1059 947 1182 1004 suis
1232 947 1425 1005 facere
1460 948 1756 1022 judicium

126 1041 305 1094 contra
330 1051 542 1093 omnes
586 1037 748 1108 (Jud.
780 1040 900 1109 11).»
933 1037 1106 1103 Quod
1136 1054 1207 1094 ex
1251 1038 1551 1112 prmdictis
1591 1037 1757 1094 libris

122 1130 401 1199 sumptum
434 1128 544 1197 est,
580 1127 684 1182 sed
718 1126 865 1200 quia
892 1143 1100 1183 verum
1152 1132 1260 1199 est,
1318 1144 1442 1185 non
1496 1132 1585 1184 est
1624 1127 1757 1199 reji-

123 1216 394 1273 ciendum.
419 1217 553 1272 Non
582 1220 787 1273 tamen
816 1217 1023 1273 omnia
1044 1217 1445 1291 approbanda
1469 1222 1629 1286 sunt,
1652 1217 1759 1273 sed

126 1305 437 1362 necessaria
468 1306 847 1379 accipienda.
883 1307 975 1363 Sic
1007 1307 1191 1363 etiam
1222 1308 1568 1365 traditiones
1610 1322 1760 1364 non-

120 1393 278 1452 nullae
298 1399 644 1468 opportuno
682 1397 1065 1453 assumendae
1097 1401 1254 1454 sunt.

179 1506 207 1535 «
228 1485 491 1558 Cumque
523 1485 745 1541 abieris
786 1486 948 1557 inde,
999 1490 1053 1543 et
1095 1487 1249 1544 ultra
1286 1484 1611 1556 transieris,
1644 1508 1674 1538 »
1704 1490 1761 1543 et

117 1572 324 1648 reliqua
347 1590 669 1648 usquequo
697 1575 795 1644 ait,
814 1599 842 1627 ‹‹
865 1575 1174 1633 invenient
1191 1581 1245 1633 te
1275 1580 1393 1633 tres
1413 1576 1523 1633 viri
1550 1591 1759 1634 ascen-

114 1684 141 1713 «
165 1663 360 1720 dentes
390 1664 469 1720 ad
503 1667 693 1720 Deum
716 1665 777 1721 in
808 1665 1068 1722 Bethel.»
1104 1666 1167 1722 Hi
1192 1666 1299 1723 viri
1321 1682 1506 1724 causa
1536 1666 1757 1723 oratio-

113 1753 194 1809 nis
214 1754 376 1810 ibant
403 1754 467 1811 in
490 1754 727 1824 Bethel;
758 1755 862 1812 ubi
884 1756 1069 1813 Jacob
1089 1756 1356 1829 lapidem
1396 1762 1683 1814 erexerat.

174 1864 202 1899 ‹
229 1848 358 1901 Post
380 1846 513 1901 haec
544 1845 792 1902 veniens
839 1846 918 1903 ad
944 1847 1154 1903 collem
1180 1848 1302 1916 Dei,
1337 1847 1439 1904 ubi
1468 1853 1557 1905 est
1586 1848 1759 1904 statio

114 1957 135 1984 ι(
171 1935 669 1993 Philisthinorum.
706 1958 735 1986 ››
760 1936 937 1993 Collis
966 1938 1067 1994 Dei
1098 1938 1267 1995 locus
1302 1944 1429 1995 erat
1461 1939 1564 1995 ubi
1616 1956 1758 2013 pro-

108 2024 285 2097 pheta:
312 2025 694 2083 habitabant.
718 2049 745 2076 «
770 2029 836 2084 Et
865 2044 1006 2083 cum
1022 2027 1333 2098 ingressus
1364 2027 1545 2085 fueris
1574 2029 1636 2084 in
1658 2044 1756 2085 ur-

110 2134 134 2162 κ
158 2115 306 2187 bem,
334 2116 583 2173 obviam
614 2116 872 2174 habebis
895 2133 1138 2189 gregem
1159 2119 1596 2193 prophetarum
1624 2120 1757 2175 des-

112 2225 133 2256 ι
164 2206 541 2263 cendentium
571 2207 648 2264 de
675 2208 932 2276 excelso,
966 2208 1254 2283 ipsosque
1302 2212 1756 2284 prophetantes,

106 2296 437 2354 «etinsiliet
483 2298 550 2353 in
600 2302 655 2354 te
686 2299 936 2372 Spiritus
965 2299 1224 2369 Domini,
1279 2306 1336 2358 et
1364 2302 1757 2375 prophetabis

108 2407 132 2434 «
160 2402 289 2443 cum
318 2387 422 2457 eis,
457 2392 519 2445 et
546 2388 881 2445 mutaberis
921 2389 983 2446 in
1013 2389 1211 2447 virum
1238 2391 1447 2448 alium.
1501 2392 1756 2459 Quando

103 2495 127 2524 «
164 2492 297 2549 ergo
322 2479 638 2536 evenerint
669 2479 843 2550 signa
868 2481 998 2537 haec
1030 2480 1237 2538 omnia
1266 2480 1393 2551 tibi,
1451 2482 1545 2538 fac
1594 2498 1759 2556 quae-

107 2582 386 2642 «cunque
435 2569 739 2626 invenerit
766 2585 987 2627 manus
1017 2574 1138 2640 tua,
1171 2570 1316 2644 quia
1345 2571 1636 2628 Dominus
1679 2577 1758 2630 te-

103 2680 125 2705 ‹‹
156 2674 287 2715 cum
317 2663 440 2716 est:
474 2664 536 2716 et
559 2658 781 2717 insiliet
806 2661 869 2716 in
890 2664 947 2717 te
966 2659 1217 2735 Spiritus
1241 2661 1498 2731 Domini,
1537 2666 1595 2719 et
1624 2679 1760 2736 pro-

109 2766 131 2797 ι
160 2748 429 2819 phetabis
470 2766 617 2807 cum
664 2752 804 2806 eis.»
839 2752 1238 2825 Prophetasse
1272 2767 1411 2808 eum
1456 2751 1538 2809 ibi
1564 2753 1754 2809 Judaei
1790 2794 1805 2799 -

95 2837 288 2896 dicunt
316 2840 393 2896 de
423 2840 633 2898 futuro
660 2841 902 2909 saeculo,
926 2846 982 2898 et
1009 2841 1083 2897 de
1111 2844 1237 2914 Gog
1265 2846 1326 2899 et
1347 2845 1578 2915 Magog,
1606 2847 1663 2900 et
1682 2844 1757 2900 de

96 2930 343 2998 praemiis
369 2932 709 3004 justorum,
739 2937 796 2988 et
821 2948 1005 3005 pcena
1032 2932 1379 3006 impiorum,
1414 2936 1563 2990 Nam
1610 2935 1758 3007 quia

95 3018 299 3089 Spiritu
324 3021 573 3077 Domini
602 3020 903 3094 impulsus
936 3021 1338 3095 prophetavit,
1376 3023 1451 3079 de
1490 3027 1757 3080 adventu

94 3106 290 3164 Christi
318 3114 376 3167 et
428 3109 631 3167 salute
660 3109 982 3167 hominum
1030 3111 1427 3185 prophetasse
1478 3127 1603 3169 non
1641 3112 1754 3169 du-
1787 3140 1828 3198 ο

91 3194 247 3253 bium
278 3204 385 3256 est.

156 3289 461 3351 «Quando
496 3303 647 3362 ergo
677 3289 951 3346 venerint
981 3290 1155 3362 signa
1200 3288 1331 3347 haec
1379 3290 1587 3348 omnia
1622 3290 1748 3357 tibi,

90 3397 113 3423 «ι
143 3375 234 3434 fac
258 3395 655 3453 quaecunque
694 3380 987 3437 invenerit
1011 3396 1230 3437 manus
1261 3385 1385 3450 tua,
1425 3381 1572 3454 quia
1602 3385 1758 3438 Deus

89 3484 113 3511 «
144 3468 333 3523 tecum
357 3473 467 3525 est.
498 3493 532 3519 ››
560 3474 642 3524 Ac
670 3468 719 3524 si
739 3467 986 3525 diceret:
1022 3469 1123 3524 His
1157 3469 1345 3539 signis
1378 3484 1559 3526 nosse
1589 3475 1758 3544 pote-

84 3554 157 3609 ris
194 3558 337 3629 quia
376 3559 551 3615 Deus
602 3561 656 3613 te
678 3573 885 3629 regem
942 3557 1072 3613 ﬁeri
1100 3557 1308 3629 voluit,
1340 3563 1397 3614 et
1424 3558 1647 3615 idcirco
1680 3558 1759 3616 ad

86 3645 277 3701 omnia
306 3662 449 3720 quae
501 3645 616 3704 tibi
658 3646 897 3718 agenda
949 3650 1108 3720 sunt,
1140 3646 1422 3718 regaliter
1448 3663 1582 3719 age,
1616 3648 1760 3721 quia

84 3732 226 3789 Deus
254 3737 463 3793 tecum
499 3740 619 3793 est.

148 3845 173 3871 «
204 3823 488 3880 Videntes
524 3828 737 3881 autem
763 3839 975 3880 omnes
1005 3822 1111 3897 qui
1140 3828 1436 3881 noverant
1461 3840 1602 3881 eum
1630 3824 1761 3883 heri

84 3929 108 3957 ‹‹
136 3914 188 3966 et
216 3913 691 3985 nudiustertius,
720 3912 888 3986 quod
940 3916 1099 3968 esset
1141 3927 1281 3968 cum
1335 3911 1644 3985 prophetis
1705 3917 1763 3971 et

83 4020 107 4043 «
131 4002 547 4074 prophetaret,
577 4002 863 4059 dixerunt
892 4002 973 4059 ad
996 4001 1255 4058 invicem
1286 4018 1301 4057 :
1327 4002 1619 4069 Quaenam
1665 4019 1760 4060 res

84 4108 107 4136 α
132 4091 341 4149 accidit
364 4092 498 4150 ﬁlio
537 4092 684 4149 Cis?
710 4096 864 4149 Num
912 4095 970 4149 et
1024 4090 1166 4148 Saul
1190 4091 1343 4148 inter
1390 4094 1761 4166 prophetas?

81 4200 105 4227 «
134 4178 601 4257 Responditque
637 4181 790 4239 alius
828 4181 907 4239 ad
935 4182 1211 4249 alterum,
1262 4179 1502 4238 dicens:
1535 4186 1602 4240 Et
1624 4184 1763 4257 quis

78 4286 105 4321 ‹
134 4275 300 4343 pater
329 4288 560 4330 eorum
584 4275 615 4330 ?
654 4294 683 4323 »
717 4275 775 4329 et
802 4271 1053 4346 reliqua.
1090 4274 1244 4329 Bene
1286 4271 1386 4341 ait,
1422 4273 1596 4330 Saule
1625 4290 1761 4346 pro-

75 4359 348 4429 phetante
376 4380 529 4420 cum
562 4362 817 4431 caeteris,
852 4384 880 4413 «
926 4364 994 4418 Et
1041 4361 1177 4435 quis
1238 4366 1410 4435 pater
1457 4363 1757 4419 eorum?»

73 4450 195 4506 Acsi
221 4451 493 4510 diceret:
524 4456 601 4510 Et
632 4453 769 4527 quis
810 4453 1010 4525 major
1038 4451 1123 4508 illi
1144 4452 1207 4508 in
1236 4452 1525 4522 dignitate
1556 4457 1614 4509 et
1666 4469 1757 4511 sa-

1871 517 1899 546 ‹‹
1929 513 2036 553 nes
2066 499 2173 555 viri
2201 500 2382 558 Jabes
2413 502 2492 560 ad
2523 506 2680 561 Naas
2707 518 2720 560 :
2786 504 3011 561 Habeto
3040 520 3151 562 nos
3184 505 3525 581 ftederatos,

1869 608 1897 635 «
1932 591 1987 643 et
2012 590 2341 647 serviemus
2372 591 2498 648 tibi.
2522 595 2591 650 Et
2630 592 2940 666 respondit
2961 594 3040 651 ad
3076 610 3179 651 eos
3202 599 3360 655 Naas
3393 599 3532 657 Am-

1868 697 1895 724 ‹‹
1928 677 2232 736 monites:
2277 684 2342 736 In
2396 682 2513 738 hoc
2569 681 2791 739 faciam
2838 683 3152 740 vobiscum
3187 685 3405 758 foedus,
3465 691 3533 745 ut

1869 786 1898 815 «
1922 780 2129 822 eruam
2153 769 2427 826 omnium
2452 775 2722 828 vestrum
2740 770 2946 829 oculos
2974 772 3235 833 dextros.
3257 794 3286 828 ι
3311 777 3531 836 Verum

1864 855 2010 928 quia
2038 856 2289 915 historia
2317 864 2425 931 est,
2460 860 2788 935 spiritalem
2815 861 3280 934 intelligentiam
3309 866 3530 925 brevis-

1867 945 2021 1002 sima
2071 946 2475 1006 insinuatione
2523 951 2838 1009 enucleare
2906 955 3314 1025 aggredimur.
3375 962 3530 1015 Naas

1868 1035 2049 1103 enim,
2083 1037 2188 1109 qui
2218 1038 2643 1113 interpretatur
2691 1057 2952 1113 serpens,
2989 1043 3290 1115 signiﬁcat
3319 1046 3529 1104 diabo-

1866 1123 2032 1181 lum:
2067 1124 2189 1182 non
2217 1128 2413 1185 solum
2446 1131 2590 1203 quia
2641 1130 2908 1187 lubricus
2965 1138 3022 1190 et
3058 1139 3365 1193 tortuosus
3419 1141 3527 1202 est,

1868 1214 1973 1270 sed
1994 1216 2138 1288 quia
2166 1217 2433 1290 primum
2483 1218 2793 1276 hominem
2826 1236 2933 1294 per
2976 1228 3313 1296 serpentem
3361 1226 3532 1284 dece-

1867 1304 1971 1377 pit.
2003 1308 2132 1378 lpse
2154 1307 2423 1364 ascendit
2443 1308 2520 1364 ad
2544 1309 2946 1382 praeliandum
2973 1316 3182 1370 contra
3204 1313 3404 1385 Jabes,
3424 1315 3531 1390 qui

1866 1391 2289 1467 interpretatur
2317 1412 2543 1466 sensus,
2574 1397 2719 1473 quia
2774 1398 3057 1457 diabolus
3102 1418 3340 1476 semper
3394 1422 3530 1462 sen-

1869 1500 2004 1540 sum
2027 1484 2245 1542 divinae
2273 1488 2649 1560 cognationis
2676 1493 2733 1546 et
2760 1488 3045 1547 bonitatis
3069 1491 3303 1549 auferre
3326 1493 3405 1550 ab
3426 1493 3527 1551 ho-

1867 1574 2134 1631 minibus
2161 1581 2433 1635 conatur.
2459 1577 2684 1636 Galaad
2721 1594 2882 1644 vero,
2911 1580 3018 1654 qui
3042 1580 3260 1639 dicitur
3279 1598 3530 1641 acervus

1869 1666 2210 1736 testimonii,
2234 1665 2365 1722 illos
2396 1666 2693 1737 signiﬁcat
2713 1669 2819 1742 qui
2851 1668 3225 1729 eruditisunt
3250 1673 3312 1729 in
3340 1672 3531 1730 Eccle-

1790 1774 1831 1829 Β
1869 1753 1956 1809 sia
1988 1754 2341 1811 testimoniis
2370 1754 2716 1814 divinarum
2756 1758 3222 1832 Scripturarum.
3259 1763 3528 1829 Quorum

1869 1842 2076 1899 oculos
2110 1843 2391 1901 dexteros
2424 1860 2631 1903 eruere
2654 1848 2839 1920 cupit,
2863 1848 3532 1910 videlicetilluminatio—

1869 1948 2010 1989 nem
2043 1932 2199 1997 ﬁdei,
2232 1938 2289 1990 et
2308 1935 2751 2009 praedicationis
2775 1937 3007 1995 auferre
3029 1940 3265 2011 satagit.
3283 1940 3399 1999 Sed
3418 1942 3530 1999 bos

1872 2023 2034 2089 Saul,
2059 2023 2334 2081 videlicet
2378 2025 2671 2082 Dominus
2700 2042 2772 2083 ac
2821 2028 3184 2101 Redemptor
3212 2034 3434 2099 noster,
3458 2030 3529 2087 li-

1867 2110 2043 2168 berat
2072 2128 2211 2169 cum
2242 2114 2501 2171 exercitu
2523 2132 2634 2171 suo
2661 2133 2674 2172 :
2717 2115 2779 2171 id
2806 2122 2897 2173 est
2925 2118 3146 2175 auxilio
3173 2119 3529 2191 angelorum

1869 2217 1971 2257 seu
2004 2201 2469 2274 praedicatorum
2500 2220 2749 2261 suorum
2772 2205 2879 2279 qui
2905 2205 2967 2262 in
2981 2208 3205 2264 Besech
3231 2208 3529 2283 populum

1869 2296 2199 2348 enumerat.
2234 2293 2453 2350 Besech
2479 2293 2640 2350 enim
2665 2301 2891 2366 egestas
2912 2295 3353 2371 interpretatur,
3385 2298 3531 2372 quia

1868 2378 1927 2435 in
1960 2383 2221 2449 egestate
2251 2382 2561 2454 praesentis
2593 2382 2728 2439 vitm
2752 2384 2918 2441 novit
2941 2387 3232 2443 Dominus
3261 2389 3365 2461 qui
3390 2391 3532 2444 sunt

1869 2469 2021 2540 ejus.
2050 2472 2118 2526 Et
2146 2471 2313 2543 apud
2343 2471 2543 2545 ipsum
2598 2477 2686 2530 est
2724 2478 2919 2531 certus
2973 2492 3264 2533 numerus
3313 2477 3528 2536 electo-

1867 2574 2025 2628 rum,
2054 2576 2210 2633 quos
2261 2562 2340 2618 ad
2382 2561 2659 2636 praelium
2708 2568 2917 2621 contra
2947 2563 3259 2624 diabolum
3291 2569 3525 2628 excitat.

1866 2652 2017 2706 Nam
2049 2666 2376 2723 possumus
2413 2651 2491 2709 ad
2522 2653 2834 2711 haereticos
2863 2655 3101 2721 referre,
3131 2659 3237 2731 qui
3265 2660 3530 2733 populus

1867 2745 1955 2796 est
1981 2741 2276 2810 maeroris,
2296 2743 2587 2815 quoniam
2605 2742 2898 2814 gaudium
2910 2746 3161 2819 Spiritus
3196 2750 3387 2807 sancti
3404 2765 3529 2808 non

1864 2828 2110 2887 habent.
2145 2830 2413 2905 Disponit
2442 2849 2652 2890 eorum
2695 2837 3055 2910 perversitas
3099 2837 3161 2894 in
3192 2838 3308 2895 hoc
3337 2839 3529 2897 faedus

1866 2936 2007 2976 cum
2038 2921 2267 2995 populo
2294 2922 2590 2996 Ecclesiae,
2628 2929 2697 2981 ut
2726 2932 2895 2983 eruat
2924 2926 3134 2983 oculos
3173 2928 3434 3004 dextros,
3467 2930 3530 2987 id

1867 3014 1955 3066 est
2003 3026 2248 3066 sensum
2273 3012 2369 3068 vel
2396 3013 2596 3069 visum
2627 3027 2790 3071 sana:
2822 3016 3173 3074 orthodoxae
3197 3017 3340 3075 ﬁdei
3369 3021 3531 3076 aufe-

1865 3103 1978 3155 rat.
2013 3102 2080 3156 Et
2105 3100 2234 3157 vult
2259 3104 2322 3157 ut
2351 3101 2659 3158 sinistrum
2681 3101 2967 3173 habeant,
2988 3104 3052 3162 id
3073 3111 3161 3163 est
3175 3123 3528 3180 perversum

1868 3204 2133 3259 sensum,
2167 3194 2225 3246 et
2240 3205 2430 3263 prava
2448 3190 2723 3250 sentiant.
2741 3193 2855 3251 Sed
2874 3195 3135 3267 populus
3154 3196 3349 3255 ﬁdelis
3367 3215 3530 3256 acer-

1864 3295 2013 3334 vum
2043 3279 2453 3337 testimonium
2480 3280 2824 3339 divinarum
2853 3284 3293 3358 Scripturarum
3313 3304 3531 3361 conge-

1865 3367 1959 3439 rit,
1991 3369 2152 3425 unde
2181 3368 2303 3425 suis
2350 3370 2626 3427 hostibus
2662 3373 2923 3440 resistat,
2956 3375 3167 3432 emittit
3194 3377 3254 3433 in
3286 3378 3527 3436 univer-

1869 3475 1970 3514 sos
1996 3458 2282 3515 terminos
2309 3460 2508 3533 lsrael,
2536 3461 2653 3518 hoc
2697 3467 2786 3519 est
2815 3460 2896 3519 ad
2923 3461 3200 3522 doctores
3228 3467 3525 3547 Ecclesiae,

1867 3553 2166 3621 quatenus
2199 3548 2312 3605 sibi
2334 3565 2516 3623 opem
2546 3549 2760 3614 ferant,
2795 3556 2853 3609 et
2882 3558 3123 3612 scutum
3148 3554 3286 3614 tidei
3317 3563 3528 3618 contra

1866 3636 2072 3695 hostes
2104 3652 2178 3694 ex
2203 3637 2463 3696 adverso
2494 3644 2832 3714 opponant.

2506 3729 2735 3789 CAPUT
2768 3730 2881 3790 XII.

1940 3837 1968 3867 ‹‹
2003 3814 2156 3874 Dixit
2199 3820 2401 3874 autem
2436 3821 2682 3877 Samuel
2722 3820 2801 3877 ad
2838 3821 3137 3895 populum
3167 3840 3181 3879 :
3214 3825 3415 3883 Venite
3473 3830 3533 3888 et

1871 3927 1901 3956 «
1932 3922 2142 3964 eamus
2182 3906 2241 3964 in
2273 3906 2540 3979 Galgala,
2574 3913 2633 3965 et
2658 3910 3021 3967 innovemus
3056 3912 3140 3969 ibi
3187 3929 3467 3989 regnum,
3495 3937 3524 3971 ι
3614 3957 3634 3974 .

1870 4001 1927 4053 et
1953 3996 2186 4070 reliqua
2212 4012 2533 4072 usquequo
2564 3997 2665 4070 ait,
2699 4020 2728 4049 ‹‹
2760 3998 2908 4057 Misit
2936 4002 3225 4060 Dominus
3253 4005 3532 4065 Jerobaal

1871 4107 1900 4137 «
1925 4091 1980 4143 et
2012 4087 2217 4144 Bedan
2243 4092 2301 4144 et
2329 4087 2516 4145 Barac
2548 4092 2606 4146 et
2645 4088 2852 4163 Jephte
2904 4095 2960 4148 et
3000 4093 3262 4165 Samuel,
3295 4100 3353 4153 et
3380 4097 3533 4156 eruit

1871 4192 2042 4233 «vos
2073 4176 2147 4233 de
2199 4192 2389 4233 manu
2432 4176 2816 4237 inimicorum
2868 4186 3226 4241 vestrorum.
3273 4209 3302 4237 ›ο
3361 4187 3531 4244 Prius

1870 4264 2032 4321 enim
2054 4269 2382 4339 antequam
2431 4268 2743 4341 superiora
2788 4269 3161 4345 pendamus,
3202 4273 3532 4335 dicendum

1870 4360 1959 4412 est
1986 4355 2122 4429 quis
2150 4354 2328 4415 fuerit
2365 4358 2475 4415 iste
2532 4358 2811 4418 Jerobaal
2860 4364 2918 4419 et
2964 4362 3196 4423 Badan.
3253 4366 3532 4426 Jerobaal

1869 4443 1997 4519 ipse
2019 4450 2109 4502 est
2147 4446 2409 4516 Gedeon,
2443 4447 2550 4522 qui
2578 4465 2718 4507 cum
2748 4453 3025 4509 trecentis
3047 4453 3190 4510 viris
3225 4458 3532 4533 superavit

74 4505 608 4616 pientia'?‘
811 4505 1531 4617 Eaie'éti—AIeFPREEéEAQ
1553 4505 1756 4600 vers;-
1784 4505 1830 4561 Β
1869 4505 2244 4595 idadianitas.
2278 4505 2487 4595 Badan
2510 4554 2678 4609 vero,
2703 4542 2771 4597 ut
2797 4540 3166 4617 quibusdam
3196 4505 3415 4620 placet,
3445 4548 3533 4621 ip-

72 4627 116 4682 ri
144 4635 195 4687 et
221 4639 399 4707 pater
430 4648 684 4700 eorum,
708 4631 771 4688 id
800 4637 891 4690 est
917 4633 1204 4703 magister
1243 4631 1464 4701 vocari,
1496 4634 1600 4706 qui
1630 4638 1756 4692 tam

73 4717 273 4778 doctus
302 4727 364 4781 et
392 4724 662 4798 sapiens
685 4726 793 4779 est.
822 4724 990 4780 Pater
1019 4721 1307 4793 magister
1320 4726 1588 4793 vocatur,
1605 4723 1758 4782 sicut

74 4807 285 4868 Eliseus
318 4813 523 4871 Eliam
548 4816 823 4887 patrem,
854 4810 915 4868 id
937 4816 1029 4869 est
1048 4811 1405 4884 magistrum
1426 4818 1624 4885 vocat,
1649 4812 1756 4870 Pa-

72 4901 150 4955 ter
182 4902 286 4972 mi,
320 4906 506 4962 Pater
539 4902 677 4972 mi;
712 4918 924 4959 currus
968 4902 1148 4959 Israel
1178 4907 1235 4959 et
1271 4902 1482 4976 auriga
1511 4903 1661 4977 ejus.
1689 4905 1756 4960 Et

71 4985 123 5044 in
142 4989 292 5050 libro
318 4994 479 5051 Job:
520 4992 689 5061 Eliu,
716 4992 959 5066 Eliphaz
989 4995 1245 5067 patrem,
1276 4992 1339 5048 id
1396 4996 1488 5049 est
1534 4996 1754 5065 magis-

70 5079 213 5138 trum
240 5088 446 5153 vocat,
480 5084 615 5140 hoc
639 5082 848 5155 modo,
882 5106 911 5135 «
943 5084 1115 5140 Pater
1160 5082 1266 5152 mi,
1308 5080 1598 5155 probetur
1642 5082 1753 5140 Job

72 5182 247 5245 usque
278 5174 359 5231 ad
387 5174 601 5231 ﬁnem
655 5170 810 5246 (Job.
844 5173 1055 5247 xxnv).
1107 5193 1136 5222 »
1170 5170 1344 5239 Quod
1374 5174 1579 5229 autem
1613 5172 1754 5230 Saul

70 5258 141 5316 ita
156 5263 402 5335 invenit,
426 5267 601 5323 sicut
624 5261 837 5320 videns
862 5264 1245 5339 praedixerat,
1270 5261 1587 5333 signiﬁcat,
1612 5261 1755 5337 quia

72 5355 259 5412 omnia
294 5355 380 5414 ita
406 5358 769 5414 evenerunt
813 5354 1065 5423 Christo,
1108 5354 1261 5412 sicut
1312 5352 1449 5409 libri
1494 5350 1641 5424 legis
1699 5355 1756 5411 et

68 5447 499 5519 prophetarum
531 5445 693 5503 olim
716 5443 1294 5520 praedixeruntdicet
1314 5443 1389 5500 de
1410 5441 1634 5499 Judteis
1654 5460 1753 5501 ve-

70 5528 162 5592 lint
187 5536 463 5610 intelligi,
489 5533 740 5613 quibus
772 5550 1068 5610 prospera
1099 5552 1207 5592 seu
1237 5533 1601 5591 adversaita
1623 5549 1755 5591 eve-

72 5635 283 5699 narunt,
309 5630 472 5686 sicut
514 5625 913 5703 praedixerat.

753 5718 983 5773 CAPUT
1023 5718 1085 5772 XI

132 5810 410 5870 Ascendit
461 5813 697 5870 autem
747 5809 903 5863 Naas
941 5803 1341 5878 Ammonites,
1373 5806 1432 5863 et
1479 5818 1752 5878 pugnare

1869 4641 1932 4682 se
1970 4630 2062 4685 est
2093 4629 2373 4685 Samson.
2395 4631 2686 4687 Cmterum
2702 4630 2879 4704 juxta
2906 4632 3179 4691 altiorem
3202 4635 3532 4706 intelligen-

1864 4716 2031 4786 tiam,
2061 4717 2309 4788 Galgala
2339 4718 2444 4775 ubi
2504 4720 2749 4777 Samuel
2794 4720 3108 4777 innovavit
3161 4738 3419 4792 regnum
3459 4740 3530 4781 ac

1862 4807 2169 4878 redarguit
2195 4807 2350 4865 ﬁlios
2382 4808 2583 4881 lsrael,
2622 4825 2760 4882 qua
2788 4809 3214 4883 interpretatur
3242 4814 3530 4870 revelatio

1866 4897 2167 4968 signiﬁcat
2204 4897 2635 4955 revelationem
2664 4903 2720 4955 et
2765 4898 3269 4957 illuminationem
3297 4901 3437 4959 ﬁdei
3466 4903 3529 4960 in

1863 4989 2029 5044 Novo
2071 4985 2482 5057 Testamento,
2528 4986 2634 5045 ubi
2681 4991 2850 5043 vetus
2889 5003 3146 5059 regnum
3201 4990 3262 5048 in
3295 5008 3527 5053 novum

1863 5082 2305 5136 commutatum
2336 5082 2445 5135 est.
2480 5081 2559 5136 De
2588 5092 2713 5153 qua
2737 5077 3071 5136 mutatione
3099 5083 3377 5157 superius
3395 5085 3529 5158 jam

1862 5167 2151 5237 diximus,
2168 5168 2274 5225 ubi
2295 5167 2371 5225 de
2396 5167 2479 5224 Eli
2510 5170 2567 5223 et
2586 5166 2743 5223 Filiis
2767 5168 2898 5240 ejus
2925 5169 3282 5246 reprobatis,
3307 5179 3364 5233 et
3381 5174 3529 5234 elec-

1862 5258 2023 5315 tione
2056 5258 2349 5315 Samuelis
2379 5256 2834 5333 descripsimus.
2880 5261 2961 5317 De
3004 5260 3344 5335 abjectione
3387 5266 3526 5324 Saul

1864 5353 1922 5406 et
1965 5349 2384 5407 constitutione
2415 5349 2625 5420 David,
2654 5349 2910 5409 Domino
2948 5351 3206 5426 favente,
3236 5354 3299 5411 in
3325 5362 3526 5430 poste-

1862 5452 2000 5497 rum
2030 5439 2244 5497 dicturi
2276 5458 2507 5498 sumus.
2536 5442 2755 5499 Verum
2784 5443 2845 5499 in
2902 5443 3018 5501 hoc
3068 5444 3237 5518 quod
3287 5448 3529 5507 Samuel

1861 5529 2019 5588 ﬁlios
2049 5529 2375 5601 redarguit,
2413 5530 2588 5605 juxta
2617 5530 2914 5590 moralem
2944 5533 3400 5606 intelligentiam
3428 5543 3522 5613 ty-

1861 5638 2011 5695 pum
2040 5621 2225 5677 tenuit
2247 5622 2599 5704 spiritalium
2634 5623 2985 5679 doctorum:
3028 5625 3132 5700 qui
3154 5626 3215 5683 in
3244 5630 3525 5704 semetip-

1864 5712 1944 5768 sis
1974 5712 2192 5771 delicta
2221 5714 2429 5787 gravis.
2472 5700 2596 5771 non
2649 5711 2900 5785 habent,
2942 5732 3080 5791 quae
3112 5700 3523 5793 redarguerit:

1866 5803 1973 5860 sed
2040 5801 2297 5862 aliorum
2355 5808 2605 5879 peccata
2661 5801 2897 5877 absque
2962 5804 3387 5868 detrectatione
3444 5810 3540 5868 fe-'
