3944 6410
429 271 534 323 295

1529 259 1887 316 ANGELOMI
1930 258 2380 318 LUXOVIENSIS
2416 261 2736 318 MONACHI
3724 263 3813 317 296

428 390 607 446 riunt.
641 390 718 443 De
742 385 836 442 his
865 385 1025 441 enim
1052 384 1269 440 talibus
1292 400 1399 457 per
1431 383 1814 441 Salomonem
1829 381 2076 437 dicitur:
2121 387 2168 439 Α
2199 382 2602 456 ticipationem
2631 384 2707 440 de
2749 383 3038 452 Isboseth,
3061 398 3133 438 eo
3163 382 3330 454 quod
3360 381 3420 438 in
3465 383 3820 454 sequentibus

430 503 459 530 ‹‹
492 477 683 534 Verba
704 475 1066 547 sapientium
1096 474 1270 547 quasi
1304 473 1528 530 stimuli
1557 478 1616 529 et
1641 471 1818 545 quasi
1849 470 2002 527 clavi
2023 470 2084 525 in

430 569 618 625 altum
647 565 829 622 deﬁxi
854 565 1043 635 (Eccl.
1072 564 1193 635 xu).
1221 585 1250 613 »
1281 565 1438 619 Bene
1462 564 1541 619 ait
1568 580 1627 618 zu
1649 561 1839 618 Verba
1854 560 2088 634 sapien-

431 658 578 714 tium
603 656 754 711 sicut
783 652 1004 709 stimuli
1030 657 1086 708 et
1109 652 1285 724 quasi
1306 651 1456 708 clavi
1487 652 1548 708 in
1604 651 1794 706 altum
1820 649 2023 720 deﬁxi,
2056 669 2084 698 »

429 746 575 820 quia
601 745 847 817 peccata
875 741 1192 797 hominum
1222 740 1498 797 nesciunt
1522 739 1916 813 palpare,nec
1940 737 2088 794 mol-

428 834 470 890 li
499 849 684 889 manu
711 834 1022 887 attrectare
1061 829 1308 886 lascivia
1338 848 1350 898 ;
1410 829 1514 885 sed
1542 844 1768 901 asperae
1800 826 2086 883 invectio-

429 923 524 978 nis
556 920 959 993 increpatione
989 919 1306 988 corrigere,
1339 923 1396 974 et
1445 918 1773 974 inerrantes
1800 917 2091 989 pceniten-

428 1012 522 1068 tiae
551 1010 821 1066 dolorem
877 1013 934 1064 et
986 1007 1208 1063 vulnus
1248 1007 1515 1076 inﬁgere.
1575 1007 1630 1062 Si
1683 1006 1854 1076 cujus
1912 1004 2090 1072 igitur
2131 1073 2139 1080 _

431 1116 628 1157 sermo
659 1115 781 1155 non
814 1097 1047 1171 pungit,
1064 1097 1170 1152 sed
1201 1095 1584 1152 oblectationi
1608 1100 1693 1151 est
1716 1094 2087 1150 audientium

427 1189 535 1245 iste
567 1205 688 1244 non
729 1193 816 1242 est
865 1202 1062 1242 sermo
1096 1185 1406 1258 sapientis.
1442 1185 1584 1241 Hinc
1609 1189 1701 1240 est
1723 1183 1889 1256 quod
1919 1183 2091 1237 Joan-

429 1295 538 1335 nes
571 1277 818 1333 Judaaos
851 1275 1176 1346 gloriantes
1216 1273 1522 1343 redarguit
1553 1273 1704 1330 dura
1734 1271 2085 1333 invectione,

429 1368 636 1423 dicens
661 1383 674 1421 :
705 1388 731 1414 ‹‹
770 1363 1080 1420 Genimina
1102 1363 1464 1435 viperarum,
1490 1362 1628 1434 quis
1649 1360 2092 1418 demonstrabit

428 1456 604 1511 vobis
631 1456 834 1524 fugere
864 1469 900 1509 a
931 1457 1179 1508 ventura
1212 1452 1297 1507 ira
1329 1451 1572 1518 (Matth.
1606 1452 1731 1516 iu)?
1757 1472 1783 1498 ››
1826 1449 2089 1522 Denique

431 1559 758 1616 possumus
790 1547 846 1597 et
871 1541 1037 1597 aliter
1065 1541 1223 1596 hanc
1255 1540 1609 1595 sententiam
1640 1539 1805 1595 brevi
1827 1538 2075 1608 indaga-

433 1633 592 1688 tione
618 1633 884 1698 innuere,
917 1647 1040 1704 quo
1067 1629 1148 1686 ait
1176 1629 1417 1686 dicens:
1452 1651 1479 1677 ‹‹
1515 1629 1704 1684 Verba
1728 1628 2089 1701 sapientium

2195 470 2450 542 legatur,
2480 471 2892 544 Quadraginta
2922 486 3226 542 annorum
3256 475 3386 527 erat
3423 470 3684 526 lsboseth
3702 487 3821 526 cum

2196 575 2447 630 regnare
2479 562 2775 634 coepisset,
2805 565 2864 617 et
2889 559 3135 616 duobus
3168 559 3345 615 annis
3389 559 3674 629 regnavit,
3703 565 3753 615 et.
3794 577 3823 614 a

2197 654 2386 705 morte
2416 650 2538 705 Heli
2578 666 2770 723 usque
2803 649 2882 706 ad
2909 648 3052 706 Saul
3073 663 3256 704 omne
3298 653 3537 720 tempus
3590 647 3822 721 quadra-

2197 739 2362 809 ginta
2387 757 2688 797 annorum
2719 747 2826 811 est,
2848 756 2972 797 non
2994 739 3391 814 prohibemus
3428 739 3573 812 quia
3596 743 3651 795 et
3676 738 3822 795 intel-

2196 827 2297 899 ligi
2328 829 2504 886 valet.

2269 940 2296 967 «
2333 922 2395 973 Et
2418 918 3007 990 percussitJonathas
3025 917 3346 974 stationem
3367 915 3822 973 Philisthinorum

2199 1028 2227 1054 «
2254 1023 2390 1078 quae
2421 1012 2548 1063 erat
2576 1008 2638 1062 in
2669 1007 2892 1063 Gabaa.
2915 1007 3089 1072 Quod
3137 1023 3278 1062 cum
3308 1005 3617 1062 audissent
3653 1005 3825 1060 Philis-

2199 1118 2226 1144 «
2264 1095 2450 1166 thiim,
2479 1095 2620 1151 Saul
2645 1095 2858 1151 cecinit
2876 1095 3136 1152 buccina
3163 1093 3225 1150 in
3240 1094 3406 1150 omni
3423 1098 3600 1164 terra,
3623 1092 3824 1149 dicens:

2199 1209 2226 1237 ‹‹
2262 1186 2520 1242 Audiant
2542 1185 2773 1242 Hebraei
2803 1190 2861 1242 et
2889 1185 3209 1242 universus
3241 1183 3446 1252 Israel,
3466 1205 3493 1230 ιι
3517 1187 3576 1239 et
3600 1183 3824 1255 reliqua.

2200 1275 2373 1343 Quod
2403 1275 2563 1332 enim
2587 1277 2700 1332 ait:
2723 1299 2750 1324 ‹‹
2773 1276 2947 1343 Quod
2978 1292 3115 1332 cum
3139 1275 3451 1332 audissent
3480 1272 3824 1340 Philisthiim,

2201 1388 2228 1415 ‹‹
2262 1365 2398 1421 Saul
2430 1365 2643 1421 cecinit
2667 1365 2927 1422 buccina
2980 1385 3008 1414 ››
3069 1369 3207 1428 etc.,
3263 1363 3351 1419 sic
3397 1360 3824 1432 intelligendum

2199 1459 2330 1510 est:
2363 1453 2536 1519 Quod
2574 1470 2714 1510 cum
2745 1453 3057 1510 audissent
3093 1451 3464 1524 Philisthiim,
3500 1449 3829 1507 subauditur

2199 1542 2536 1598 conturbati
2567 1548 2724 1610 sunt,
2761 1542 2900 1600 Saul
2921 1541 3132 1598 cecinit
3149 1540 3428 1597 buccina.
3444 1542 3577 1596 Haec
3597 1537 3830 1596 buccina

2200 1631 2440 1701 signum
2473 1632 2750 1699 victoriae,
2783 1637 2840 1688 et
2861 1630 3290 1688 exhortationis
3321 1629 3532 1692 fuit,ut
3559 1627 3829 1694 audirent,

439 1720 594 1777 sicut
622 1719 866 1789 stimuli,
886 1743 912 1769 »
944 1724 1079 1789 etc.,
1110 1718 1254 1790 quia
1283 1723 1340 1774 et
1367 1717 1448 1774 ad
1477 1717 1927 1774 conversionem
1949 1731 2088 1789 pro-
2130 1735 2170 1788 Β
2198 1726 2256 1777 et
2275 1727 2587 1778 noscerent
2617 1721 2845 1777 Hebraei
2876 1720 3213 1778 conturbati
3231 1723 3548 1792 superatos
3568 1734 3692 1774 esse
3721 1715 3832 1772 Phi-

436 1815 658 1866 vocant
695 1816 750 1866 et
780 1809 953 1864 ﬁrma
985 1814 1142 1877 sunt,
1199 1813 1256 1864 et
1306 1807 1409 1864 inn
1441 1807 1564 1863 ullo
1598 1806 1900 1873 oberrant,
1944 1805 2090 1878 quia

435 1903 643 1956 sancto
676 1899 893 1971 Spiritu
922 1897 1229 1970 prophetis
1259 1901 1316 1953 et
1344 1896 1634 1970 apostolis
1667 1895 1977 1968 inspirata,
2009 1893 2088 1950 ad

431 2005 534 2045 eos
562 2004 752 2061 usque
782 1992 1203 2059 pervenerunt,
1238 1990 1295 2041 ct
1342 1985 1477 2042 ideo
1509 1983 1703 2041 solida
1732 1984 1930 2040 radice
1959 1984 2088 2039 fun-

431 2077 574 2134 data
601 2081 759 2133 sunt.
797 2075 958 2133 Unde
990 2081 1046 2131 et
1087 2076 1148 2131 in
1179 2075 1391 2131 eodem
1441 2091 1619 2130 versu
1669 2073 2084 2144 subjungitur:

430 2167 573 2232 Qua:
603 2181 710 2238 per
729 2165 1161 2236 magistrorum
1197 2163 1511 2220 consilium
1543 2163 1686 2219 data
1719 2167 1858 2218 sunt
1886 2179 1922 2218 a
1948 2178 2086 2234 pas-

430 2259 555 2312 tore
579 2272 724 2323 uno,
752 2255 1028 2311 videlicet
1057 2270 1093 2310 a
1119 2253 1426 2327 prophetis
1453 2270 1559 2325 per
1588 2269 1848 2326 quorum
1890 2251 2086 2308 consi-

432 2343 579 2400 lium
611 2349 751 2400 sunt
779 2343 1034 2417 prolata,
1064 2349 1117 2398 et
1150 2349 1389 2416 pastore
1444 2359 1587 2409 uno,
1631 2341 1692 2397 id
1726 2347 1817 2398 est
1869 2340 2089 2413 Spiritu

429 2440 658 2502 sancto,
689 2433 998 2506 inspirata.
1024 2433 1306 2504 Quisquis
1324 2432 1484 2488 enim
1511 2431 1603 2486 his
1629 2436 1718 2487 est
1741 2431 2086 2497 instructus,

430 2529 487 2580 et
522 2523 740 2596 Spiritu
765 2523 967 2578 divino
983 2521 1334 2588 illustratus,
1355 2525 1551 2592 potest
1581 2520 1895 2590 corrigere,
1924 2520 2090 2583 si,in-

433 2616 732 2682 quantum
757 2610 1034 2665 humana
1059 2607 1347 2677 fragilitas
1366 2623 1488 2663 non
1510 2607 1780 2678 obsistat,
1812 2624 1875 2663 se
1897 2624 1934 2663 a
1960 2623 2092 2679 pec-

434 2699 583 2754 catis
609 2698 985 2764 coutinuerit,
1019 2695 1274 2753 aliorum
1321 2701 1591 2770 peccata.
1627 2696 1776 2762 Quia
1813 2696 1908 2752 ille
1929 2697 2090 2766 juste

433 2787 741 2856 redarguit
759 2787 820 2842 in
847 2784 1074 2842 caeteris
1087 2785 1318 2841 malum
1335 2801 1564 2851 eorum,
1584 2785 1688 2856 qui
1712 2785 2092 2857 spiritualiter

432 2876 664 2942 vivens,
702 2875 776 2930 de
807 2874 1053 2947 proprio
1082 2873 1297 2930 delicto
1326 2873 1683 2948 reprehendi
1712 2890 1748 2929 a
1777 2890 2088 2947 quoquam

433 2981 556 3022 non
586 2969 802 3038 potest.
829 2963 1125 3035 Scriptum
1154 2979 1420 3036 namque
1450 2968 1574 3018 est:
1601 2985 1628 3013 «
1657 2961 1942 3034 Spiritalis
1963 2978 2088 3018 om-

2196 1809 2476 1866 listhaaos.
2501 1811 2818 1884 Propterea
2857 1810 3126 1883 sequitur
3157 1827 3170 1865 :

2272 1920 2300 1952 α
2335 1903 2398 1954 Et
2431 1899 2745 1954 universus
2785 1898 2964 1954 Israel
3018 1897 3246 1954 audivit
3293 1894 3710 1968 hujuscemodi
3759 1893 3830 1949 fa-

2197 2003 2385 2044 mam.
2420 2011 2446 2036 ‹‹
2481 1988 2774 2044 Percussit
2813 1987 2955 2044 Saul
2974 1987 3293 2043 stationem
3314 1985 3831 2041 Philisthinorum.»

2206 2077 2302 2133 His
2327 2077 2508 2133 rebus
2535 2077 2876 2149 compertis,
2918 2075 3290 2132 confortatus
3306 2080 3400 2131 est
3419 2073 3633 2130 Israel:
3679 2086 3833 2146 prop-

2202 2171 2285 2222 ter
2315 2166 2428 2222 hoc
2451 2171 2506 2223 et
2527 2166 2782 2240 equitur:
2807 2169 2908 2222 «Et
2929 2165 3186 2222 erexitse
3204 2163 3386 2220 Israel
3415 2163 3703 2240 adversus
3727 2159 3832 2216 Phi-

2201 2278 2227 2304 ‹‹
2257 2239 2588 2312 Ιίειὶιιεοερέ
2609 2255 2672 2311 ld
2697 2259 2808 2326 est,
2841 2254 3080 2310 viriliter
3099 2254 3279 2327 coapit
3302 2239 3489 2324 agere.
3505 2257 3712 2310 contra
3725 2266 3829 2306 eos.

2272 2369 2299 2394 «
2326 2344 2494 2410 Quod
2518 2361 2658 2400 cum
2689 2344 2980 2400 vidissent
3015 2343 3126 2399 viri
3173 2341 3351 2399 Israel
3376 2357 3439 2398 se
3471 2342 3532 2397 in
3564 2345 3721 2397 arcto
3746 2354 3833 2411 po-

2202 2456 2228 2483 ‹‹
2257 2433 2400 2488 sitos
2425 2433 2705 2504 (afﬂictus
2735 2438 2828 2489 est
2863 2432 3024 2488 enim
3071 2431 3377 2505 p0pulus),
3409 2429 3832 2488 absconderunt

2203 2545 2229 2572 ‹‹
2257 2537 2318 2577 se
2349 2522 2408 2576 in
2437 2521 2764 2594 speluncis,
2789 2527 2848 2577 et
2869 2521 2931 2576 in
2955 2520 3194 2588 abditis,
3227 2520 3287 2576 in
3321 2519 3502 2593 petris
3534 2533 3764 2591 quoque
3787 2518 3832 2570 et

2201 2633 2229 2659 ‹‹
2263 2611 2324 2666 in
2357 2611 2562 2677 antris,
2597 2616 2654 2666 et
2682 2610 2744 2666 in
2774 2609 3066 2680 cisternis,
3095 2633 3122 2659 ››
3144 2612 3203 2664 et
3228 2608 3483 2681 reliqua.
3517 2607 3575 2664 Si
3603 2606 3754 2662 enim
3781 2620 3830 2658 se

2201 2700 2515 2758 abscondit
2537 2699 2718 2756 Israel
2741 2699 2801 2755 in
2833 2699 3092 2772 praefatis
3121 2697 3288 2766 locis,
3321 2697 3599 2753 animum
3638 2693 3829 2769 pulsat,

2201 2789 2348 2862 quid
2371 2794 2459 2845 est
2486 2789 2651 2864 quod
2681 2789 2931 2845 historia
2957 2787 3306 2859 subjungit:

2272 2901 2299 2928 «
2332 2878 2558 2934 Hebraei
2581 2883 2781 2934 autem
2816 2877 3182 2934 transierunt
3210 2875 3564 2932 Jordanem.
3602 2897 3630 2925 »
3685 2868 3832 2938 Quod

2199 2985 2310 3024 nos
2349 2968 2518 3025 aliter
2553 2967 2876 3038 intelligere
2903 2983 3024 3022 non
3054 2981 3400 3039 possumus,
3424 2964 3542 3021 nisi
3561 2963 3688 3020 illos
3724 2975 3833 3017 sen-

431 3055 534 3112 nia
557 3055 788 3126 judicat
818 3058 873 3109 et
893 3053 1022 3126 ipse
1061 3070 1098 3109 a
1117 3053 1356 3143 nemine
1381 3052 1769 3143 judicaturtl
1787 3051 2029 3143 Cornu).
2058 3075 2084 3100 »
2128 3088 2169 3143 ο
2199 3057 2420 3113 tiamus
2449 3056 2554 3129 qui
2585 3073 2647 3112 se
2675 3056 3129 3112 substraxerant
3167 3071 3204 3110 a
3261 3052 3435 3110 Saule
3477 3053 3687 3110 timore
3723 3065 3832 3122 per-

429 3149 720 3201 Innocens
751 3143 912 3198 enim
936 3158 1063 3198 esse
1102 3142 1282 3198 debet
1301 3141 1381 3198 ab
1409 3141 1574 3198 omni
1590 3141 1824 3208 delicto,
1849 3141 1951 3214 qui
1983 3158 2088 3197 cae-

431 3239 586 3290 teros
601 3233 834 3305 judicat
861 3249 972 3305 pro
1003 3230 1222 3288 scelere
1251 3231 1543 3304 ipsorum,
1577 3231 1730 3286 sicut
1757 3236 1814 3286 et
1845 3230 2087 3288 Samuel

429 3321 636 3378 fecisse
657 3321 874 3390 legitur
899 3337 914 3386 :
940 3320 1044 3393 qui
1071 3319 1250 3376 etiam
1284 3318 1432 3375 tales
1472 3317 1741 3392 pluviam
1773 3318 1848 3374 de
1901 3318 2083 3386 caelis,

427 3411 486 3467 id
515 3415 607 3467 est
636 3410 946 3466 scientiam
978 3408 1422 3482 praedicationis
1453 3425 1526 3463 ex
1572 3408 1737 3464 libris
1764 3409 2086 3481 propheta-

428 3517 592 3568 rum,
616 3499 691 3555 de
715 3499 940 3572 quibus
967 3498 1255 3570 scriptum
1283 3501 1397 3554 est:
1429 3519 1456 3546 «
1485 3497 1788 3553 Judicium
1825 3496 2086 3569 positum

429 3593 522 3645 est
562 3593 618 3645 et
665 3588 799 3644 libri
859 3587 1046 3660 aperti
1105 3591 1246 3642 sunt
1289 3589 1469 3654 (Dan.
1492 3588 1598 3658 111,)
1626 3609 1652 3637 »
1685 3586 1993 3659 proferunt
2033 3590 2090 3641 et

433 3677 622 3734 corda
650 3677 1072 3744 hominum,ut
1093 3675 1321 3732 fructus
1349 3675 1596 3745 ﬁdei,ac
1619 3675 1918 3731 bonorum
1949 3691 2088 3747 ope-

427 3784 564 3823 rum
587 3767 830 3838 gignere
859 3765 1113 3838 possint,
1147 3763 1522 3821 diffundunt:
1548 3769 1611 3821 ut
1639 3780 1763 3832 eos,
1795 3765 1941 3837 quia
1962 3780 2087 3820 ma-

426 3855 554 3912 lum
585 3872 647 3912 se
678 3855 869 3927 egisse
898 3858 1292 3926 cognoscunt,
1329 3858 1603 3910 terreant.
1640 3853 1858 3910 Deinde
1887 3853 2086 3927 sequi-

438 3950 534 4001 tur
560 3943 816 4018 qualiter
839 3942 1100 4013 Samuel,
1132 3943 1280 4000 dum
1311 3947 1656 4017 quereretur
1680 3942 1754 3998 de
1785 3942 2087 4016 principa-

429 4038 518 4100 tu,
552 4037 610 4089 et
654 4033 916 4106 populus
946 4034 1390 4106 deprecaretur,
1423 4033 1662 4090 dicens:
1689 4055 1716 4083 «
1759 4036 1839 4089 Ne
1889 4049 2087 4088 cesses

426 4137 599 4179 orare
629 4137 739 4195 pro
786 4121 1018 4192 nobis,»
1063 4122 1442 4196 respondens
1473 4122 1584 4179 ait:
1615 4143 1644 4170 ‹‹
1679 4121 1859 4178 Absit
1912 4137 1948 4178 a
1987 4137 2085 4177 me

425 4210 541 4267 hoc
566 4215 882 4284 peccatum
913 4210 976 4266 in
1005 4211 1260 4267 Domino
1285 4215 1348 4267 ut
1373 4227 1606 4267 cessem
1639 4225 1813 4266 orare
1844 4226 1955 4282 pro
1987 4226 2088 4265 vo-

424 4299 575 4355 bis.»
608 4299 711 4356 Hic
742 4315 1010 4373 namque
1041 4300 1305 4372 perfecta
1338 4299 1680 4370 benignitas
1711 4303 2081 4365 sanctorum,

426 4387 570 4444 olim
599 4388 660 4443 in
694 4388 968 4446 Samuele
997 4388 1411 4446 demonstrata
1435 4393 1556 4444 est:
1585 4387 1688 4443 illa
1713 4386 1985 4442 videlicet
2009 4386 2083 4442 de

426 4492 551 4549 qua
600 4477 887 4535 Dominus
916 4477 1036 4534 ait:
1071 4500 1100 4527 «
1162 4477 1394 4548 Diligite
1447 4475 1748 4543 inimicos,
1809 4479 1868 4531 et
1917 4480 2082 4531 orate

425 4581 537 4639 pro
560 4567 1062 4641 persequentibus
1091 4570 1150 4623 et
1177 4563 1686 4622 calumniantibus
1706 4579 1816 4620 vos
1840 4564 2081 4631 (Matth.

425 4655 499 4727 ν).
526 4678 556 4706 ››

1066 4797 1297 4853 CAPUT
1332 4796 1448 4853 XIII

499 4948 526 4974 «
561 4925 737 4981 Filius
767 4924 946 4979 unius
991 4923 1136 4979 anni
1161 4927 1290 4979 erat
1319 4921 1462 4980 Saul
1490 4938 1628 4978 cum
1679 4937 1932 4992 regnare
1973 4937 2086 4977 caa-

431 5036 460 5064 «
486 5014 690 5087 pisset;
705 5013 948 5070 duobus
964 5017 1165 5070 autem
1182 5013 1356 5070 annis
1372 5013 1646 5086 regnavit
1657 5028 1836 5086 super
1847 5011 2086 5068 Israel.»

426 5105 555 5158 Non
586 5101 660 5156 de
686 5100 952 5157 Isboseth
982 5101 1104 5158 ﬁlio
1138 5101 1278 5160 Saul
1315 5106 1572 5175 tantum,
1617 5100 1723 5157 sed
1753 5100 1828 5156 de
1873 5101 2086 5156 eodem

428 5189 603 5250 Saule
631 5189 749 5246 hoc
780 5188 1004 5246 dictum
1039 5193 1144 5248 est.
1175 5191 1266 5248 Sic
1288 5191 1451 5248 enim
1476 5194 1603 5247 erat
1630 5189 1922 5245 innocens
1948 5189 2089 5250 Saul

423 5279 674 5354 quando
703 5294 956 5352 regnare
988 5283 1270 5354 coeperat,
1301 5280 1456 5337 sicut
1500 5278 1662 5335 ﬁlius
1705 5277 1886 5333 unius
1943 5277 2087 5334 anni

423 5375 532 5441 est,
559 5374 615 5427 et
635 5369 699 5427 in
713 5369 1056 5428 innocentia
1070 5373 1494 5444 perseveraret.
1516 5371 1583 5425 Et
1606 5367 1750 5442 quia
1779 5368 1842 5423 in
1870 5367 2087 5424 eadem

422 5456 765 5515 innocentia
795 5460 1037 5517 duobus
1069 5460 1247 5517 annis
1291 5458 1568 5529 regnavit
1624 5461 1682 5514 et
1726 5455 2083 5525 humilitate,

426 5542 579 5598 bene
601 5545 815 5600 dicitur
829 5552 1118 5619 tanquam
1130 5547 1288 5603 ﬁlius
1311 5547 1491 5603 unius
1509 5545 1654 5604 anni
1667 5543 2086 5602 fuisse.Caeteri

427 5647 570 5686 vero
592 5631 814 5702 quibus
839 5638 1111 5705 regnavit
1137 5637 1381 5707 indigne
1406 5637 1636 5693 calculo
1655 5652 1778 5691 non
1800 5635 1896 5690 hic
1917 5652 2082 5691 com-

427 5718 1020 5792 prehenduntur.Sed
1031 5723 1084 5779 si
1097 5725 1350 5780 voluerit
1367 5726 1502 5797 quis
1527 5723 1849 5794 intelligere
1861 5739 1970 5795 per
1980 5740 2083 5780 an-

2199 3146 2402 3217 territi,
2443 3150 2498 3201 et
2528 3145 2606 3200 ad
2629 3144 2982 3200 Philisthiim
3005 3143 3514 3200 transierant.Sed
3540 3147 3833 3216 posteaau-

2195 3234 2425 3291 dientes
2453 3233 2619 3306 quod
2669 3232 3021 3289 Philisthiim
3053 3231 3362 3304 fugissent,
3395 3232 3832 3288 sociavaruntse

2197 3340 2336 3380 cum
2367 3323 2489 3378 suis
2516 3322 2575 3378 in
2603 3321 2828 3395 praelia,
2863 3322 3015 3388 Quid
3037 3323 3195 3377 enim
3228 3321 3343 3376 hoc
3371 3319 3666 3390 signiﬁcet
3689 3313 3831 3390 quod

2196 3411 2413 3468 reversi
2443 3410 2670 3481 fugitivi
2710 3409 3092 3466 sociaverunt
3121 3425 3182 3464 se
3209 3425 3346 3464 cum
3384 3407 3515 3463 suis
3540 3408 3600 3463 in
3630 3403 3830 3480 praelio,

2195 3503 2468 3560 dicemus
2496 3503 2556 3558 in
2587 3506 2926 3575 posterum:
2957 3524 2984 3552 «
3014 3502 3284 3573 Cumque
3315 3498 3519 3556 adhuc
3549 3491 3832 3555 essetSaul

2207 3615 2232 3644 ‹‹
2267 3593 2328 3648 in
2360 3591 2626 3663 Galgala,
2658 3591 2977 3648 universus
3028 3589 3293 3663 populus
3349 3589 3696 3662 perterritus
3739 3589 3828 3650 est,

2198 3705 2225 3732 ‹‹
2254 3681 2357 3754 qui
2387 3681 2755 3754 sequebatur
2783 3696 2942 3736 eum.
2981 3682 3047 3736 Et
3085 3679 3447 3752 exspectavit
3475 3682 3700 3752 septem
3725 3674 3828 3731 die-

2197 3793 2226 3820 «
2259 3770 2373 3826 bus
2395 3770 2570 3842 juxta
2616 3769 2905 3842 placitum
2937 3768 3249 3837 Samuelis,
3301 3773 3359 3824 et
3414 3783 3543 3824 non
3573 3767 3725 3823 venit
3751 3766 3831 3821 Sa-

2199 3883 2226 3910 ‹‹
2259 3857 2421 3914 muel
2443 3858 2504 3914 in
2539 3857 2802 3928 Galgala.
2837 3857 3233 3930 Dilapsusque
3250 3861 3338 3913 est
3357 3856 3625 3930 populus
3651 3854 3725 3913 ab
3752 3866 3827 3908 eo.

2199 3971 2225 3998 «
2255 3948 2344 4004 Ait
2368 3963 2512 4018 ergo
2545 3948 2719 4002 Saul:
2744 3946 2962 4004 Afferte
2993 3945 3139 4002 mihi
3165 3945 3596 4003 holocaustum
3624 3950 3678 4001 et
3704 3939 3821 4016 paci

2197 4059 2226 4088 ‹‹
2257 4036 2429 4102 ﬁca,»
2448 4039 2504 4092 et
2521 4034 2753 4108 reliqua
2772 4050 3092 4108 usquequo
3111 4034 3193 4090 ait
3218 4051 3232 4089 :
3258 4057 3285 4082 «
3313 4034 3590 4107 Dixitque
3615 4025 3830 4090 Samuel

2198 4149 2226 4177 «
2258 4125 2337 4182 ad
2357 4124 2517 4182 Saul:
2547 4123 2729 4182 Stulte
2755 4124 2953 4195 egisti,
2971 4139 3082 4180 nec
3095 4121 3404 4180 custodisti
3422 4122 3714 4180 mandata
3741 4122 3833 4175 Do-

2197 4239 2225 4266 «
2251 4215 2398 4272 mini
2429 4213 2531 4271 Dei
2563 4213 2668 4281 tui,
2687 4230 2821 4286 qua:
2842 4212 3124 4287 praecepit
3151 4212 3279 4280 tibi,
3313 4235 3342 4263 »
3365 4216 3698 4269 etc.Verum
3719 4209 3832 4280 jam

2198 4304 2476 4378 superius
2501 4303 2766 4360 dixerat:
2801 4325 2828 4351 «
2866 4305 2932 4358 Et
2957 4301 3288 4358 descendes
3316 4306 3454 4358 ante
3491 4317 3588 4358 me
3636 4300 3698 4356 in
3725 4293 3834 4354 Gal-

2199 4393 2357 4465 gala.
2393 4396 2515 4462 Ego
2544 4392 2772 4466 quippe
2803 4390 3088 4448 descendi
3119 4391 3198 4448 ad
3230 4396 3306 4459 te,
3334 4395 3400 4446 ut
3429 4390 3650 4448 oﬁ‘eras
3695 4383 3834 4442 obla-

2197 4482 2444 4549 tionem,
2473 4485 2529 4537 et
2549 4479 2826 4536 immoles
2858 4479 3126 4536 victimas
3143 4479 3449 4552 paciﬁcas.
3477 4482 3710 4553 Septem
3733 4473 3836 4530 die-

2196 4570 2312 4627 bus
2328 4569 2705 4641 exspectabis
2717 4568 2912 4625 donec
2929 4569 3170 4626 veniam
3190 4568 3269 4625 ad
3285 4574 3361 4636 te,
3375 4572 3433 4624 et
3450 4565 3762 4625 ostendam
3785 4559 3836 4616 ti-

2196 4658 2259 4715 bi
2290 4675 2426 4732 quae
2458 4658 2700 4715 facias.»
2719 4657 2964 4714 Videtur
2993 4657 3386 4731 quibusdam,
3415 4651 3835 4730 inculpabiliter

2195 4747 2333 4804 Saul
2363 4746 2650 4803 obtulisse
2676 4746 3121 4818 holocaustum,
3176 4762 3316 4802 cum
3365 4745 3610 4802 Samuel
3655 4741 3728 4800 ab
3775 4753 3834 4795 eo

2196 4839 2594 4908 exspectatus,
2637 4836 2810 4907 juxta
2839 4835 3128 4909 placitum
3177 4840 3408 4909 septem
3451 4834 3689 4891 dierum
3728 4840 3836 4886 non

2196 4923 2623 4990 venerit.Quod
2648 4924 2754 4998 qui
2773 4925 2936 4981 hunc
2972 4924 3176 4981 locum
3198 4924 3354 4980 bene
3384 4921 3732 4986 distinxerit,
3762 4917 3836 4972 in-

2195 5014 2393 5070 veniet
2418 5029 2558 5070 eum
2584 5029 2707 5070 non
2733 5013 3032 5070 immerito
3063 5014 3376 5097 culpatum
3405 5013 3592 5070 fuisse
3641 5015 3697 5067 et
3720 5009 3835 5065 ino-

2193 5103 2536 5161 bedientem
2547 5103 3154 5174 redargutum.Locus
3168 5108 3370 5160 autem
3387 5103 3483 5159 hic
3499 5099 3662 5176 apud
3679 5112 3838 5172 quos-

2194 5191 2339 5248 dam
2369 5191 2450 5249 ita
2468 5191 2882 5262 distinguitur:
2904 5195 3006 5249 (Et
3025 5191 3356 5249 descendes
3366 5195 3504 5249 ante
3529 5206 3626 5246 me
3647 5188 3706 5245 in
3727 5182 3838 5242 Gal-

2195 5280 2482 5353 gala.Ego
2513 5280 2739 5354 quippe
2765 5279 3134 5338 descendam
3154 5281 3234 5337 ad
3253 5285 3332 5337 te.
3366 5303 3395 5331 »
3421 5283 3486 5337 Et
3515 5281 3726 5353 postea
3750 5289 3837 5329 su-

2191 5369 2510 5428 binferturu
2534 5368 2614 5428 ad
2631 5368 2971 5432 offerendas
2983 5369 3340 5440 oblationes,
3359 5374 3416 5426 et
3446 5361 3836 5425 immolandas

2192 5459 2466 5520 victimas
2481 5457 2766 5532 paciﬁcas
2782 5463 3012 5532 septem
3035 5458 3251 5515 diebus
3269 5457 3646 5532 exspectabis
3666 5455 3840 5511 donec

2192 5547 2433 5604 veniam
2464 5548 2540 5604 ad
2564 5552 2640 5616 te,
2665 5553 2722 5604 et
2769 5548 3085 5605 ostendam
3132 5547 3238 5604 tibi
3270 5563 3406 5621 quae
3435 5547 3642 5604 facias.
3673 5564 3701 5597 ›
3728 5544 3838 5599 Non

2191 5653 2335 5706 ergo
2368 5636 2609 5694 Samuel
2635 5654 2812 5693 suum
2840 5637 3172 5710 praestolari
3201 5637 3528 5694 adventum
3551 5632 3709 5693 Sauli
3721 5646 3837 5702 sep-

2192 5729 2311 5782 tem
2337 5725 2575 5784 dierum
2623 5729 2895 5800 tempore
2923 5726 3230 5800 praecepit,
3261 5727 3367 5784 sed
3399 5725 3479 5783 ad
3513 5718 3838 5782 offerendas
