3944 6446
111 289 208 368 29'}~

1060 281 1314 364 mm.
1354 309 1424 365 1N
1466 308 1720 364 uanos
1760 306 2023 366 nucum.
2067 341 2136 351 -
2174 313 2243 368 IN
2286 293 2416 370 LIB.
2457 318 2502 371 ι.

3403 307 3504 380 298

110 431 393 490 oblationes
422 433 480 485 et
500 428 908 486 immolandas
929 430 1205 488 victimas
1234 432 1538 505 paciﬁcas,
1559 450 1621 489 se
1652 431 1731 489 ab
1762 430 1811 484 Α
1843 435 2018 493 citate
2082 438 2161 494 ad
2225 440 2727 513 respondendum
2787 441 3066 498 hostibus
3112 442 3254 500 ﬁdei
3315 445 3513 518 parati

109 531 166 581 eo
206 520 409 578 eisdem
442 524 677 592 septem
711 520 926 576 diebus
955 520 1144 576 voluit
1164 523 1529 595 exspectari;
1562 522 1727 596 quod

107 613 182 668 ille
207 625 574 682 nequaquam
607 608 764 674 fecit,
800 614 856 665 et
893 609 1030 666 ideo
1080 611 1290 667 merito
1346 612 1643 685 culpatur,
1675 616 1732 668 et

108 700 326 757 stultitiae
347 697 537 768 elogio
564 697 886 755 denotatur
907 699 1228 757 indiscreta
1252 701 1446 757 Saulis
1468 701 1728 770 oblatio;

106 791 171 848 ob
197 791 296 846 hoc
331 789 486 861 quod
517 788 875 844 obedientire
905 795 1273 864 praeceptum
1301 791 1732 864 prmvaricatus

107 885 194 950 est,
221 895 254 934 a
295 878 404 934 Deo
431 882 680 950 accepta
710 894 836 934 non
872 882 983 934 est.
1037 879 1187 944 Quia
1230 879 1392 936 enim
1421 880 1731 953 prophetae

106 974 428 1044 praeceptum
458 983 677 1040 parum
721 967 1059 1040 perpendit,
1090 971 1278 1026 Deum
1309 969 1416 1042 qui
1443 969 1732 1043 loqueba-

108 1067 184 1115 tur
200 1059 253 1113 in
280 1057 561 1130 prOpheta
588 1058 969 1130 contempsit,
1001 1057 1233 1116 dicente
1257 1059 1512 1116 Domino
1539 1077 1552 1114 ε
1579 1083 1606 1110 «
1623 1058 1734 1125 Qui

104 1164 193 1205 vos
235 1147 404 1215 audit,
432 1163 528 1203 me
561 1147 759 1203 audit:
795 1153 850 1204 et
877 1148 981 1221 qui
1012 1165 1121 1205 vos
1153 1149 1406 1222 spernit,
1439 1166 1535 1206 me
1570 1165 1734 1223 sper-

107 1239 192 1294 uit.
218 1238 369 1307 (Luc.
392 1237 470 1308 x).
507 1259 535 1287 »
568 1237 735 1293 Unde
764 1236 1026 1294 audivit:

164 1349 186 1375 α
225 1325 328 1384 Sed
371 1341 766 1399 nequaquam
812 1341 1072 1398 regnum
1102 1331 1275 1385 tuum
1306 1328 1464 1385 ultra
1492 1343 1737 1384 consur-

105 1422 132 1468 c'
163 1421 270 1486 get.
320 1415 594 1482 Quaesivit
640 1415 931 1472 Dominus
982 1417 1095 1473 sibi
1143 1418 1344 1474 virum
1392 1419 1567 1490 juxta
1633 1433 1736 1475 cor

105 1529 129 1554 «
163 1521 342 1576 suum,
367 1510 422 1561 et
443 1505 726 1579 praecepit
747 1505 798 1562 ei
824 1507 1112 1563 Dominus
1134 1512 1198 1564 ut
1226 1513 1381 1564 esset
1401 1507 1523 1564 dux
1555 1524 1735 1582 super

105 1601 130 1645 «'
161 1594 432 1668 populum
484 1612 689 1666 suum,
718 1612 790 1652 eo
836 1596 1004 1669 quod
1060 1613 1184 1653 non
1230 1598 1561 1655 servaveris
1595 1615 1730 1671 quae

100 1705 125 1733 ‹‹
158 1685 419 1758 praecepit
443 1685 756 1741 Dominus.
788 1708 816 1735 ››
850 1687 1211 1759 Reprobatio
1240 1688 1432 1744 Saulis
1467 1689 1728 1744 futuram

100 1774 470 1866 praeﬁguravit
521 1775 892 1833 ablationem
940 1777 1111 1848 regni
1155 1777 1522 1834 Judaaorum.
1557 1778 1730 1844 Quod
1763 1811 1804 1866 Β

98 1869 273 1922 autem
297 1865 478 1922 David
509 1871 817 1940 superstes
841 1867 894 1923 ei
923 1867 1141 1940 factus,
1163 1869 1278 1925 hoc
1306 1868 1550 1938 indicat,
1565 1869 1732 1942 quod

101 1954 353 2010 Dominus
395 1956 566 2011 Jesus
597 1955 856 2011 christus
885 1972 994 2029 per
1024 1959 1261 2013 Novum
1285 1959 1731 2014 Testamentum

97 2040 146 2097 in
175 2042 411 2099 Ecclesia
440 2048 803 2115 regnaturus
834 2044 1064 2118 populo
1101 2045 1448 2103 Iudaeorum
1494 2063 1731 2104 succes-

99 2147 251 2188 surus
275 2137 412 2190 erat.
1018 2152 1020 2154 '

154 2240 177 2272 ι
207 2224 373 2279 Porro
392 2223 566 2279 faber
585 2222 867 2280 ferrarius
893 2239 1018 2280 non
1044 2225 1460 2282 inveniebatur
1481 2225 1541 2282 in
1563 2224 1730 2280 omni
1792 2227 1805 2238 '

98 2327 125 2364 ‹
155 2314 292 2387 terra
342 2313 539 2370 Israel.
573 2314 1051 2371 Caverantenim
1100 2315 1414 2387 Philistim,
1467 2332 1541 2372 ne
1583 2315 1730 2370 forte

97 2423 117 2448 ‹‹
154 2400 394 2460 facerent
424 2403 659 2460 Hebraei
681 2403 952 2474 gladium
995 2409 1100 2462 aut
1135 2405 1434 2463 lanceam.
1476 2409 1730 2462 Descen-

95 2513 117 2538 «
152 2490 317 2549 debat
343 2508 484 2564 ergo
516 2493 716 2550 omnis
737 2493 922 2550 Israel
951 2494 1030 2550 ad
1059 2494 1365 2563 Philistim,
1401 2500 1465 2551 ut
1489 2501 1734 2551 acueret

95 2601 118 2626 ‹‹
153 2584 556 2656 unusquisque
603 2599 910 2641 vomerem
954 2601 1136 2642 suum
1163 2590 1220 2642 et
1247 2585 1516 2656 ligonem
1559 2589 1616 2642 et
1647 2602 1734 2641 se-

93 2691 118 2719 u
152 2672 324 2728 curim
363 2679 418 2730 et
461 2673 796 2730 sarculum.
847 2677 1079 2731 Retusae
1123 2674 1326 2748 itaque
1369 2679 1540 2732 erant
1573 2675 1732 2732 acies

93 2781 118 2808 «ί
151 2775 466 2831 vomerum,
526 2768 584 2820 et
628 2763 922 2835 ligonum,
967 2769 1025 2822 et
1068 2765 1413 2837 tridentum,
1466 2771 1523 2823 et
1566 2781 1732 2822 secu-

92 2870 118 2900 α
149 2851 313 2922 rium,
364 2877 393 2904 »
441 2859 498 2911 et
540 2853 792 2928 reliqua.
833 2854 1123 2911 Philistim
1171 2856 1275 2928 qui
1320 2860 1377 2912 et
1409 2855 1730 2930 Allophyli,

91 2937 204 2996 licet
228 2942 492 3015 plurimis
554 2945 616 3000 in
667 2944 816 3001 locis
864 2950 1214 3001 sanctarum
1267 2946 1730 3018 Scripturaruiu,

93 3020 234 3085 aliud
257 3038 431 3106 atque
463 3033 653 3100 aliud,
686 3033 889 3090 multis
933 3034 1130 3090 modis
1159 3034 1474 3104 allegorice
1505 3034 1733 3105 signiﬁ-

95 3124 225 3186 cent,
250 3121 359 3177 hoc
392 3122 452 3178 in
483 3123 623 3180 loco
678 3123 954 3179 omnium
979 3124 1397 3180 haereticorum
1451 3124 1731 3196 praeﬁgu-

91 3215 206 3265 rant
224 3216 486 3269 catervas
513 3231 529 3280 ;
559 3229 701 3286 quae
740 3213 872 3288 pari
917 3229 1219 3270 consensu
1256 3214 1600 3286 impietatis,
1633 3213 1736 3269 ad-

94 3312 273 3354 versus
299 3302 627 3359 Ecclesiam
661 3303 759 3358 Dei
792 3303 1230 3376 conspirantes,
1262 3308 1508 3377 propter
1531 3303 1732 3359 multi-

93 3387 331 3447 tudinem
357 3393 571 3466 populi
601 3391 715 3448 sibi
746 3393 1194 3457 consentientis,
1229 3397 1286 3449 et
1309 3393 1524 3448 mundi
1551 3393 1736 3464 hujus

94 3481 456 3547 potestatibus
482 3483 764 3550 ﬁdentes,
782 3482 1064 3540 eamdem
1083 3483 1410 3540 Ecclesiam
1435 3483 1536 3538 Dei
1560 3499 1596 3539 a
1612 3484 1736 3538 suis

94 3565 342 3626 ﬁdelibus
387 3572 748 3646 depopulari
793 3579 1124 3642 conantur;
1157 3589 1420 3647 quorum
1470 3573 1736 3629 multitu-

95 3653 270 3713 dinem
298 3659 538 3718 inﬁrma
567 3661 860 3733 ‘membra
903 3661 1182 3718 Ecclesiae
1226 3661 1732 3735 pertimescentes,

94 3743 331 3820 plerique
359 3766 431 3806 ex
461 3750 615 3824 ipsis
644 3750 923 3822 abjurata
953 3751 1074 3807 ﬁde
1099 3751 1178 3808 ab
1205 3751 1476 3808 Ecclesire
1511 3751 1737 3808 unitate

95 3831 456 3912 discedentes,
489 3839 725 3898 eisdem
752 3840 1045 3897 haereticis
1078 3841 1406 3899 sociantur.
1438 3841 1550 3898 Alii
1592 3857 1738 3898 vero

96 3921 189 3979 sub
235 3925 460 3986 silentio
510 3945 648 3986 sese
698 3929 1090 4001 occultantes,
1139 3929 1289 3987 dum
1328 3930 1511 3987 ﬁdem
1561 3947 1738 3987 suam

92 4013 270 4082 palam
296 4020 567 4076 conﬁteri
596 4024 895 4087 metuunt,
921 4020 1101 4094 quasi
1129 4021 1192 4077 in
1223 4020 1525 4094 speluncis
1554 4027 1609 4078 et
1636 4037 1736 4078 ca-

97 4104 261 4160 vernis
283 4110 447 4165 terras
477 4109 739 4166 latitant.
774 4109 1086 4180 Philistim,
1110 4125 1373 4183 quorum
1395 4110 1608 4182 ingens
1631 4127 1738 4166 nu-

94 4206 269 4250 merus
299 4213 426 4255 esse
455 4199 833 4273 perhibetur,
853 4199 1130 4256 omnium
1160 4200 1577 4258 haereticorum
1605 4216 1738 4257 ma-

95 4281 280 4349 gistros
324 4287 631 4358 ﬁgurasse
673 4305 798 4345 non
856 4289 1116 4346 dubium
1167 4297 1278 4347 est.
1333 4289 1443 4356 Qui
1496 4295 1741 4364 propter

95 4373 266 4430 varias
294 4383 505 4447 sectas,
539 4378 726 4453 quasi
751 4378 1080 4436 discolores
1122 4380 1283 4454 equi,
1316 4395 1440 4436 uno
1468 4379 1741 4453 impieta-

97 4457 155 4514 tis
182 4462 404 4524 vinculo
435 4467 727 4539 colligati,
750 4468 812 4524 in
832 4469 1016 4541 hujus
1037 4469 1252 4525 mundi
1279 4483 1529 4541 campos
1551 4467 1738 4522 disso-

1765 3173 1805 3227 C

1841 542 1960 599 neq
1990 544 2259 601 uaquam
2309 536 2470 588 sunt.
2512 533 2800 589 Vonieres
2848 550 2990 588 vero
3012 533 3208 606 {atque
3256 535 3508 606 ligones.

1841 633 1948 673 seu
1983 623 2197 676 caetera
2227 621 2611 687 ferramenta,
2646 623 2982 695 spiritaliter
3013 625 3372 695 testimonia,
3403 643 3513 685 seu

1841 709 2162 764 sententias
2192 708 2464 768 indicant
2483 727 2672 768 sacrae
2689 712 2872 781 legis;
2904 712 3128 784 quibus
3159 713 3512 771 testimoniis

1841 797 2181 854 sacerdotes
2211 799 2506 867 Ecclesiae,
2539 800 2602 856 in
2627 817 2779 874 pace
2810 801 3085 872 ejusdem
3116 802 3404 871 Ecclesiae,
3431 803 3514 860 ad

1840 886 2238 944 eruditionem
2269 891 2692 946 tantummodo
2725 891 2936 964 populi
2966 891 3184 959 ﬁdelis,
3227 893 3403 966 quasi
3431 892 3513 951 ad

1841 976 2288 1047 agriculturam,
2328 980 2503 1050 juxta
2542 979 2802 1036 historiae
2845 981 3306 1055 simplicitatem,
3335 988 3512 1039 utun-

1841 1070 1955 1122 tur.
1988 1069 2130 1136 Quae
2161 1069 2516 1136 testimonia,
2551 1070 3048 1127 asciferramenta
3079 1072 3196 1127 sint
3224 1073 3298 1141 (si
3323 1089 3515 1146 quan-

1842 1155 1942 1225 do,
1974 1156 2350 1228 permittente
2391 1159 2530 1226 Deo,
2564 1159 2984 1215 haereticorum
3014 1159 3175 1218 bella
3222 1162 3512 1219 adversus

1844 1242 2171 1300 Ecclesiam
2193 1247 2717 1319 consurrexerint),
2740 1247 2818 1303 ad
2839 1248 3206 1304 exercendos
3240 1251 3515 1308 videlicet

1843 1336 2024 1406 atque
2080 1334 2435 1406 probanbos
2492 1336 2700 1392 ﬁdeles
2756 1353 2920 1402 suos,
2960 1338 3070 1393 viri
3103 1338 3508 1409 ecclesiastici,

1843 1422 2044 1479 subtili
2090 1423 2476 1497 inquisitione
2531 1443 2602 1482 ea
2657 1426 3116 1500 perscrutando,
3149 1433 3206 1483 et
3263 1429 3512 1501 spiritali

1843 1511 2122 1569 acumine
2152 1514 2449 1583 acuendo,
2478 1515 2643 1572 velut
2699 1516 2760 1571 in
2814 1515 3046 1586 gladios
3091 1521 3362 1586 vertunt;
3407 1533 3514 1590 per

1842 1618 1997 1674 quos
2029 1608 2086 1660 et
2109 1604 2311 1661 hostes
2352 1604 2495 1661 ﬁdei
2546 1611 2952 1679 prosternunt,
2985 1611 3043 1662 et
3083 1612 3208 1663 tam
3233 1624 3292 1663 se
3324 1624 3513 1681 quam

1843 1697 2088 1748 caeteros
2134 1693 2343 1750 ﬁdeles
2391 1695 2470 1750 ab
2523 1711 2732 1752 eorum
2765 1696 3198 1769 persecutione,
3236 1697 3359 1753 sive
3385 1713 3517 1770 per-

1843 1785 2124 1840 suasione
2154 1783 2502 1840 defendunt.
2540 1789 2838 1859 Prwcepta
2863 1786 3090 1860 quippe
3120 1786 3336 1843 divinas
3365 1787 3514 1860 legis

1842 1875 2023 1944 atque
2080 1873 2440 1940 testimonia,
2467 1879 2522 1931 et
2551 1875 2915 1932 ferramenta
2956 1880 3096 1932 sunt
3133 1877 3195 1932 in
3227 1893 3375 1948 pace
3405 1879 3513 1933 Ec-

1842 1958 2059 2030 clesiae,
2081 1966 2140 2018 et
2169 1978 2341 2019 arma
2365 1963 2428 2018 in
2461 1969 2729 2036 tempore
2757 1962 2917 2020 belli.
2952 1966 3019 2019 Et
3040 1967 3105 2020 ut
3132 1965 3511 2022 manifestius

1842 2049 1947 2106 ﬁat
1987 2052 2153 2124 quod
2202 2053 2539 2126 profertur:
2575 2059 2638 2109 lu
2693 2069 2846 2126 pace
2895 2053 3168 2110 Ecclesiae
3224 2055 3513 2128 praesules

1842 2141 1973 2211 ejus
2005 2157 2111 2198 seu
2156 2143 2516 2212 sacerdotes,
2552 2143 2807 2216 simplici
2845 2143 3270 2215 praedicatione
3314 2159 3512 2217 popu-

1840 2229 1968 2286 lum
1997 2231 2108 2287 sibi
2158 2232 2450 2289 creditum
2482 2233 2602 2289 ﬁde
2658 2233 3075 2302 informantes,
3105 2250 3228 2289 non
3261 2235 3383 2290 alta
3433 2235 3512 2290 de

1842 2319 1984 2387 Deo,
2040 2335 2238 2393 neque
2283 2321 2645 2393 incapabilia
2699 2321 2811 2376 illis
2861 2327 3228 2394 proponunt,
3289 2322 3391 2377 sed
3446 2325 3514 2378 ut

1843 2407 2190 2480 simpliciter
2220 2409 2470 2465 credant
2518 2410 2576 2464 in
2628 2412 2860 2464 Patrem
2914 2415 2971 2465 et
3023 2409 3230 2465 Filium
3272 2415 3330 2467 et
3381 2410 3512 2484 Spi-

1841 2496 2022 2551 ritum
2045 2501 2343 2564 sanctum,
2368 2497 2756 2553 essentialiter
2774 2513 2963 2552 unum
2983 2502 3040 2553 et
3067 2513 3280 2554 verum
3299 2501 3511 2565 Deum,

1841 2585 2066 2642 trinum
2122 2602 2264 2642 vero
2323 2587 2732 2658 personaliter.
2797 2587 2854 2643 Si
2907 2591 3108 2643 autem
3162 2587 3512 2661 quicunque

1842 2675 2155 2731 haereticus
2213 2676 2553 2732 sabellianae
2600 2675 2784 2750 partis
2838 2681 3099 2731 assertor
3149 2676 3328 2748 dicat,
3367 2676 3514 2749 quia

1842 2765 1901 2820 in
1937 2767 2124 2821 Deum
2156 2766 2308 2821 sicut
2351 2782 2472 2821 una
2504 2765 2715 2830 deitas,
2747 2765 2828 2822 ita
2857 2770 2914 2822 et
2941 2782 3064 2822 una
3095 2781 3355 2838 persona
3384 2782 3512 2822 cre-

1843 2853 2046 2911 denda
2066 2859 2176 2925 est,
2208 2871 2331 2911 non
2365 2860 2500 2920 tres,
2533 2855 2594 2910 id
2625 2861 2732 2922 est,
2761 2861 2822 2911 ut
2847 2855 2977 2928 ipse
3009 2855 3288 2911 credatur
3319 2859 3508 2928 Pater,

1843 2944 1948 3018 qui
1979 2949 2036 3001 et
2074 2945 2294 3014 Filius;
2336 2951 2393 3002 et
2436 2946 2566 3019 ipse
2599 2946 2801 3012 Filius,
2833 2947 2939 3018 qui
2983 2949 3171 3015 Pater,
3201 2947 3353 3002 sicut
3407 2949 3511 3004 Sa-

1844 3033 2058 3090 bellius
2089 3034 2270 3106 impie
2297 3035 2699 3108 praedicabat;
2727 3035 2872 3108 quid
2899 3040 3042 3091 tunc
3073 3036 3382 3104 agendum
3404 3036 3514 3092 erit

1844 3123 1982 3178 viris
2031 3124 2475 3190 ecclesiasticis,
2533 3125 2646 3180 nisi
2691 3129 2757 3180 ut
2797 3128 2853 3179 et
2881 3124 3016 3196 ipsa
3048 3140 3221 3179 sacra
3254 3124 3511 3197 Scriptu-

1844 3229 1912 3268 ra
1934 3217 2144 3268 contra
2192 3213 2546 3283 hujusmodi
2579 3217 2937 3269 assertorem
2973 3212 3230 3284 probare
3260 3216 3510 3284 queant,

1845 3301 2155 3374 quomodo
2203 3304 2356 3357 Deus
2405 3302 2790 3374 omnipotens
2840 3317 2997 3357 unus
3048 3302 3121 3356 sit
3167 3301 3227 3357 in
3271 3306 3510 3372 natura,

1845 3391 2037 3447 trinus
2069 3407 2211 3446 vero
2263 3390 2323 3446 in
2351 3391 2644 3463 personis.
2678 3393 2937 3446 Rursum
2979 3395 3247 3462 tempore
3286 3390 3511 3463 quieto,

1844 3479 1924 3535 nil
1977 3480 2236 3552 amplius
2287 3480 2636 3536 doctoribus
2692 3479 2965 3535 Ecclesiae
3024 3479 3328 3535 catholicae
3385 3479 3514 3553 ple-

1845 3568 2026 3624 bibus
2081 3569 2184 3642 qui
2251 3574 2519 3642 praasunt
2583 3569 2910 3642 praedicare
2971 3570 3264 3635 convenit,
3324 3585 3513 3642 quam

1847 3663 1913 3714 ut
1965 3658 2213 3714 credant
2271 3659 2506 3715 Patrem
2553 3663 2609 3714 et
2661 3658 2876 3714 Filium
2914 3662 2971 3714 et
3014 3657 3296 3731 Spiritum
3339 3674 3514 3715 sanc-

1848 3752 1974 3804 tum
2040 3748 2220 3804 unius
2286 3747 2634 3805 substantia:
2703 3753 2884 3822 atque
2951 3748 3233 3817 deitatis;
3303 3748 3516 3804 Filium

1846 3853 1990 3893 vero
2025 3853 2149 3894 non
2175 3837 2417 3894 aliunde
2448 3854 2638 3910 quam
2679 3837 2754 3894 de
2796 3838 2980 3893 Patris
3033 3838 3372 3893 substantia
3412 3852 3516 3907 ge-

1847 3928 2060 3996 nitum,
2114 3928 2240 3984 sine
2295 3927 2481 3993 initio,
2516 3943 2585 3983 ac
2634 3943 2741 4000 per
2797 3926 3002 3982 omnia
3056 3927 3209 3983 Patri
3257 3926 3515 3982 similem

1848 4021 1906 4074 et
1957 4017 2364 4089 coaequalem;
2396 4017 2679 4090 Spiritum
2706 4033 2844 4072 vero
2879 4021 3177 4085 sanctum,
3226 4033 3298 4072 ex
3345 4019 3518 4074 Patre

1847 4111 1905 4163 et
1958 4106 2098 4163 Filio
2127 4106 2580 4180 procedentem,
2611 4107 2788 4162 unius
2819 4105 3170 4163 substantiae
3196 4123 3335 4163 cum
3384 4106 3456 4163 iis
3482 4123 3520 4163 a

1848 4195 2074 4269 quibus
2124 4196 2413 4268 procedit.
2451 4196 2508 4252 Si
2542 4213 2686 4252 vero
2718 4200 2928 4252 contra
2958 4195 3311 4266 hujusmodi
3363 4197 3519 4252 veri-

1848 4285 2050 4342 dicam
2081 4285 2571 4359 praedicationem
2595 4285 2936 4358 provenerit
2966 4291 3030 4342 ut
3049 4287 3354 4360 quispiam
3373 4286 3523 4343 aria-

1848 4391 1943 4432 nas
1973 4375 2160 4449 partis
2181 4379 2441 4431 assertor
2457 4375 2650 4432 dicat:
2680 4379 2808 4433 Non
2839 4375 2921 4432 ita
2949 4381 3038 4432 est
3060 4382 3123 4432 ut
3145 4376 3518 4450 praedicatis;

1850 4465 1957 4521 sed
1981 4466 2132 4522 sicut
2164 4469 2279 4520 tres
2309 4480 2600 4537 personas
2632 4467 2691 4521 in
2722 4468 2910 4522 Deum
2941 4465 3331 4535 conﬁtemini,
3355 4466 3436 4523 ita
3467 4469 3526 4524 et

96 4553 212 4614 lutis
237 4554 486 4614 habenis
517 4533 616 4616 ad
625 4533 1017 4633 decipiendos
1047 4564 1107 4617 et
1127 4533 1564 4634 opprimendos
1585 4573 1741 4631 quos
1772 4533 1816 4588 D
1849 4559 1969 4612 tres
2015 4533 2386 4613 substantias
2434 4555 2494 4611 in
2545 4571 2683 4612 eum
2745 4556 2917 4612 vobis
2970 4556 3212 4613 credere
3267 4533 3523 4630 oportet.

96 4651 338 4715 possunt,
369 4647 748 4706 discurrunt.
779 4651 891 4706 Sex
921 4649 1111 4707 millia
1140 4649 1390 4724 equites,
1424 4647 1612 4705 elatos
1643 4663 1741 4704 ex-

99 4731 337 4799 primunt
383 4738 628 4803 mundi.
659 4739 766 4811 qui
817 4738 892 4796 de
940 4739 1168 4796 carnali
1217 4739 1483 4813 potentia
1503 4738 1739 4809 tumidi,

98 4817 480 4885 haereticorum
499 4829 815 4901 adjutores
832 4833 1110 4887 existunt.
1135 4829 1382 4903 Reliqua
1404 4829 1566 4900 vulgi
1589 4828 1743 4885 mul-

100 4909 262 4970 titudo
289 4916 603 4987 ingentem
633 4918 828 4974 innuit
857 4919 1019 4992 vulgi
1050 4919 1313 4993 plebem,
1341 4935 1529 4994 quam
1559 4920 1744 4975 haere-

103 4996 180 5054 tici
221 5003 444 5062 callidis
494 5008 1005 5081 persuasionibus
1035 5009 1356 5082 deceptam
1395 5008 1509 5064 sibi
1537 5024 1747 5079 aggre-

102 5097 238 5155 gant.
264 5096 536 5155 Sexcenti
568 5097 704 5166 viri,
728 5099 834 5172 qui
869 5115 1011 5156 cum
1039 5099 1180 5156 Saul
1213 5099 1577 5156 remansisse
1610 5114 1746 5155 nar-

102 5185 298 5254 rantur,
323 5187 769 5245 catholicorum
798 5188 1068 5245 virorum
1100 5188 1361 5246 formam
1400 5187 1747 5261 praetendis-

105 5284 155 5323 se
181 5282 442 5346 possunt,
469 5278 583 5352 qui
611 5294 721 5351 per
745 5281 1038 5336 unitatem
1065 5278 1210 5336 ﬁdei
1241 5279 1471 5335 Christo
1492 5277 1749 5335 Domino

105 5357 238 5418 velut
261 5364 415 5435 Sani,
443 5367 847 5436 adhaerentes,
881 5368 1062 5426 nullis
1091 5368 1395 5426 malorum
1415 5367 1750 5442 persuasio-

106 5448 277 5524 nibus,
308 5472 414 5513 seu
446 5457 805 5527 terroribus,
837 5459 915 5515 ab
938 5475 1012 5516 eo
1041 5457 1348 5516 recedunt.
1374 5457 1553 5514 Fabri
1573 5457 1753 5514 ferra‘

108 5533 162 5591 ι’ίὶ
187 5539 488 5614 allegorice
511 5547 681 5603 viros
709 5546 1050 5618 signiﬁcant
1070 5547 1364 5620 spiritales
1385 5547 1445 5603 in
1468 5543 1750 5616 Ecclesia,

109 5629 194 5696 qni
212 5636 470 5708 tempore
502 5637 681 5710 pacis
714 5637 877 5708 (cum
903 5637 1101 5702 desint
1132 5637 1239 5711 qui
1267 5637 1620 5710 inquietent)
1647 5652 1755 5710 per

112 5722 451 5783 Securitatem
500 5727 747 5796 mentis,
787 5745 894 5784 seu
925 5727 1242 5798 incuriam,
1273 5727 1354 5785 ab
1386 5727 1636 5801 spiritali
1666 5728 1754 5784 in-

113 5809 394 5878 quisitione
425 5813 762 5893 torpentes,
791 5819 971 5892 quasi
1006 5833 1130 5878 non
1160 5820 1300 5894 sint,
1328 5818 1480 5879 dum
1520 5819 1752 5877 inexer-

360 5908 616 5966 ΡΑτιιοι..
660 5905 811 5966 CXV.

1851 4644 2062 4701 Filium
2111 4661 2357 4719 quoque
2416 4661 2541 4701 non
2591 4645 2664 4701 de
2725 4645 3066 4701 substantia
3114 4646 3298 4700 Patris
3347 4645 3524 4700 subs-

1851 4733 2058 4803 titisse,
2088 4733 2192 4790 sed
2240 4751 2313 4790 ex
2352 4733 2538 4790 nihilo
2569 4739 2874 4802 creatum;
2923 4732 3190 4788 similiter
3242 4737 3299 4788 et
3345 4733 3527 4805 Spiri-

1851 4829 1981 4881 tum
2031 4828 2307 4880 sanctum
2340 4839 2462 4878 non
2514 4823 2726 4889 Deum,
2762 4823 2864 4878 sed
2914 4826 3253 4877 creaturam
3282 4821 3527 4879 credere

1853 4917 2103 4986 oportet.
2140 4913 2289 4980 Quid
2343 4918 2553 4969 contra
2598 4910 2952 4982 hujusmodi
3001 4910 3257 4983 impium
3305 4911 3526 4983 praedi-

1853 5008 2118 5060 catorem
2165 5004 2256 5059 vir
2303 5003 2743 5058 ecclesiasticus
2791 5000 3059 5055 facturus
3114 5000 3272 5056 erit?
3301 5001 3415 5057 nisi
3463 5007 3531 5060 ut

1855 5109 1929 5150 ex
1974 5098 2232 5166 utroque
2266 5093 2652 5147 Testamento
2707 5089 2972 5163 proferat
3020 5089 3406 5164 documenta,
3439 5098 3534 5150 at-

1856 5199 1974 5257 que
2022 5183 2187 5239 velut
2243 5184 2607 5239 ferramenta
2657 5184 2835 5238 acuat
2893 5179 3100 5238 divina
3166 5183 3528 5253 testimonia,

1856 5287 1966 5347 per
2022 5288 2158 5346 quae
2215 5277 2273 5329 et
2326 5271 2429 5328 illa
2483 5287 2620 5344 quas
2675 5269 2984 5344 praedicat,
3045 5271 3367 5330 defendere
3433 5290 3532 5330 va-

1857 5363 1995 5432 leat,
2058 5367 2116 5419 et
2183 5360 2658 5419 contradicentes
2723 5360 3004 5418 refutare.
3065 5365 3324 5418 Rursum
3387 5366 3534 5419 tem-

1858 5470 2006 5530 pore
2057 5453 2403 5527 tranquillo,
2454 5451 2538 5508 nil
2594 5451 2858 5525 amplius
2889 5452 2964 5510 de
3020 5453 3119 5510 Dei
3166 5453 3307 5510 Filio
3339 5469 3535 5511 sacer-

1861 5545 2106 5602 dotibus
2161 5543 2434 5601 Ecclesiae
2492 5543 2821 5616 prtedicare
2872 5544 3172 5608 convenit,
3228 5561 3416 5618 quam
3469 5552 3537 5603 ut

1863 5635 2140 5693 credatur
2195 5651 2376 5692 verus
2439 5636 2593 5690 Deus
2657 5651 2727 5690 ex
2792 5634 3129 5692 substantia
3170 5637 3356 5692 Patris
3407 5637 3536 5695 sine

1864 5733 2132 5800 tempore
2176 5723 2552 5782 ineffabiliter
2608 5729 2806 5791 natus,
2867 5730 2923 5780 et
2967 5741 3142 5780 verus
3187 5725 3372 5783 homo
3426 5743 3538 5800 pro

1864 5821 2072 5877 nostra
2113 5813 2524 5890 redemptione
2563 5813 2638 5870 de
2665 5813 3004 5873 substantia
3052 5817 3261 5875 matris
3305 5820 3536 5889 tempoa
3632 5812 3642 5822 '

3184 5907 3250 5960 10
