3944 6420
375 290 486 357 29,9.

1479 261 1839 338 ANGELOMI
1879 249 2341 328 LuquiENsis
2379 250 2693 327 nomen;

3706 243 3818 298 300

374 410 574 469 raliter
618 408 851 472 creatus
885 406 942 465 et
988 404 1187 474 natus,
1220 393 1459 468 gemina
1509 384 1865 452 substantia,
1907 381 2026 456 εἰη,-
2055 379 2103 432 Α
2133 375 2552 474 haereticorum
2599 375 2930 432 conventus
2983 367 3300 438 disturbat,
3329 365 3594 438 dissipat
3630 368 3816 436 atque

375 497 568 572 gulari
605 511 748 554 vero
772 471 1071 566 persona;
1118 478 1691 544 consubstantialem
1740 471 1892 530 Patri
1938 485 2030 524 se-

376 557 646 648 cundum
677 582 1072 648 Divinitatem,
1095 569 1670 634 consubstantialem
1690 580 1832 620 vero
1859 557 2033 616 matri

371 681 546 753 juxta
569 672 1049 755 humanitatcm',
1082 681 1274 723 unum
1307 661 1710 730 eamdemque
1734 655 1795 710 in
1829 651 2032 718 singu—

376 747 606 827 laritate
629 747 928 838 personae.
973 747 1190 823 Contra
1219 769 1406 828 quam
1439 751 1621 806 fidem
1663 747 1711 800 si
1742 761 1772 798 e
1803 747 2036 798 contra-

379 859 470 916 rio
513 831 732 912 diversi
763 852 1115 908 occurrant:
1143 861 1302 902 unus
1333 840 1606 897 videlicet
1633 836 1735 908 qui
1778 834 1858 889 ita
1884 831 2038 885 duas

375 952 622 1006 naturas
647 943 709 1000 in
732 941 872 1000 Filio
906 938 1011 996 Dei
1039 933 1370 1004 confundat
1395 935 1575 1004 atque
1599 921 2050 999 perinisceat,ut

375 1038 528 1094 inter
557 1036 746 1098 Deum
776 1035 833 1112 et
859 1027 1171 1094 hominem
1219 1023 1451 1085 nullam
1486 1034 1614 1074 esse
1645 1010 2043 1112 differentiam

379 1128 632 1194 astruat,
689 1101 800 1177 sed
834 1120 952 1176 hoc
982 1132 1112 1172 esse
1145 1113 1453 1184 Deitatem,
1505 1105 1674 1180 quod
1721 1107 1778 1160 et
1826 1101 2043 1194 huma-

377 1217 624 1276 nitatem
657 1213 720 1268 in
741 1227 833 1281 eo,
869 1209 1024 1264 sicut
1050 1209 1109 1262 et
1131 1201 1472 1268 Euthitiani,
1505 1203 1562 1254 et
1589 1209 1800 1251 eorum
1825 1187 2046 1246 similes

377 1303 642 1364 haeretici
692 1299 877 1374 impie
944 1294 1264 1352 defendere
1333 1287 1724 1346 contendunt.
1790 1284 2048 1338 Rursum

381 1397 532 1454 alius
555 1409 628 1450 ex
657 1372 912 1448 adverso
940 1384 1229 1460 prosiliat,
1261 1379 1368 1454 qui
1391 1379 1545 1434 sicut
1572 1375 1726 1431 duas
1755 1372 1818 1428 in
1847 1386 1916 1426 eo
1948 1383 2050 1422 na-

381 1491 570 1551 turas,
587 1483 670 1540 ita
685 1484 744 1536 et
769 1478 924 1536 duas
939 1489 1233 1549 personas
1255 1471 1554 1527 afﬁrmare
1577 1465 1734 1530 velit,
1763 1462 1916 1517 sicut
1945 1462 2047 1514 Ne-

385 1571 651 1632 storiani.
685 1572 904 1628 Iterum
927 1566 1128 1622 tertius
1156 1562 1246 1619 vel
1283 1564 1536 1634 quartus
1564 1556 1858 1618 occurrat,
1889 1565 2047 1604 unus

384 1662 660 1722 videlicet
679 1660 785 1733 qui
813 1655 1097 1714 eumdem
1130 1653 1334 1710 Filium
1371 1649 1464 1706 Dei
1493 1647 1656 1703 dicat
1700 1643 1761 1733 in
1803 1639 2042 1733 veritate

390 1757 578 1810 Deum
624 1729 773 1816 esse,
814 1745 1126 1804 hominem
1171 1757 1316 1798 vero
1369 1739 1428 1794 in
1475 1732 1794 1811 phantasia
1845 1729 2044 1793 fuisse,

390 1836 912 1916 quemadmodum
943 1829 1247 1890 Manichaei
1277 1834 1330 1884 et
1371 1823 1823 1881 I’I‘iscillianistze
1855 1818 2049 1873 dicere

392 1909 526 1988 ausi
548 1933 704 1985 sunt.
731 1925 896 1981 Alius
923 1929 1126 1980 autem
1146 1919 1250 1992 qui
1281 1918 1448 1973 illum
1480 1930 1700 1988 purum
1740 1909 2048 1965 hominem

388 2020 590 2085 fuisse,
643 2016 876 2088 absque
935 2017 1074 2081 Deo,
1126 2007 1466 2072 contendat,
1503 2005 1654 2058 sicut
1697 1994 2048 2055 [’liotiniani.

389 2112 650 2168 Rursum
683 2087 798 2162 alii
813 2109 992 2177 atque
1039 2099 1137 2156 alii
1176 2098 1449 2164 existant,
1479 2093 1581 2167 qui
1627 2107 1786 2154 eum,
1819 2087 1932 2142 hoc
1964 2087 2058 2145 est,

390 2197 603 2254 Filium
625 2195 744 2266 Dei,
773 2193 922 2250 nihil
958 2191 1033 2248 de
1065 2195 1252 2246 matre
1284 2185 1704 2257 assumpsisse,
1744 2195 1854 2235 nec
1891 2177 2050 2247 ejus-

392 2287 534 2343 dem
575 2290 802 2358 naturw
853 2281 1061 2340 fuisse,
1118 2295 1190 2334 ex
1239 2293 1360 2349 qua
1408 2280 1466 2330 et
1513 2291 1622 2329 nos
1675 2285 1910 2331 sumus,
1947 2263 2051 2320 sed

391 2375 593 2433 nescio
624 2357 814 2448 quam
843 2368 1264 2439 imaginariam
1301 2381 1546 2421 carnem
1572 2361 1632 2416 in
1663 2357 1892 2416 mundo
1925 2370 2052 2419 ges-

393 2472 588 2532 tasse;
635 2468 693 2518 et
721 2459 920 2518 centeri
960 2457 1224 2530 plurimi,
1269 2471 1425 2526 quos
1456 2467 1666 2507 omnes
1715 2458 2052 2503 memorare

392 2554 572 2610 nimis
602 2550 904 2625 prolixum
931 2552 1039 2613 est,
1078 2550 1134 2602 et
1179 2561 1302 2599 non
1351 2539 1792 2598 necessarium:
1845 2537 2055 2590 contra

395 2657 550 2715 quos
591 2655 802 2696 omnes
839 2637 1038 2692 hostes
1074 2633 1236 2701 ﬁdei,
1276 2631 1424 2704 quid
1469 2625 1877 2685 ecclesiasticis
1919 2621 2056 2678 viris

399 2730 710 2802 agendum
747 2728 877 2784 est?
907 2726 1022 2782 nisi
1051 2729 1116 2780 ut
1151 2740 1224 2779 ex
1255 2727 1507 2792 utroque
1549 2720 1922 2774 Testamento
1965 2711 2055 2766 di-

398 2835 604 2876 versas
658 2815 980 2872 sententias
1035 2817 1215 2884 atque
1266 2806 1624 2872 testimonia,
1671 2802 1848 2877 quasi
1891 2799 2058 2858 varia

400 2909 764 2966 ferramenta
790 2904 1020 2969 liment,
1067 2905 1382 2966 exacuunt,
1406 2903 1583 2969 atque
1611 2893 1925 2959 elucident,
1953 2905 2060 2962 per

399 3014 534 3072 quae
585 2999 642 3052 et
687 3011 758 3050 ea
788 3009 923 3066 quas
965 2990 1215 3048 credunt
1251 3005 1322 3045 ac
1374 2985 1704 3060 praedicant
1741 2979 2059 3037 defendere

400 3065 646 3158 queant,
681 3087 739 3139 et
761 3065 1138 3151 adversarios
1171 3095 1332 3148 suos,
1373 3080 1474 3130 aut
1513 3069 1912 3128 confodiendo
1945 3065 2058 3122 sibi

401 3174 800 3242 substernere,
843 3173 950 3227 aut
1001 3172 1155 3224 certe
1212 3164 1488 3222 terrendo
1539 3163 1601 3217 in
1658 3164 1864 3230 fugam
1915 3171 2059 3213 con-

398 3267 644 3322 vertere.
706 3264 828 3318 Hoc
887 3259 1111 3332 quippe
1167 3255 1373 3322 modo,
1417 3257 1472 3308 et
1526 3257 1734 3306 contra
1787 3248 2060 3306 diversas

401 3350 784 3426 quaestiones,
845 3365 983 3420 quae
1039 3347 1102 3402 in
1166 3342 1428 3399 Ecclesia
1496 3357 1602 3413 per
1667 3333 2062 3393 contentionis

404 3439 615 3496 vitium
645 3436 938 3502 oriuntur,
987 3433 1091 3492 Dei
1120 3429 1533 3489 sacerdotibus
1590 3427 1755 3483 omni
1805 3427 2060 3481 circum-

406 3527 711 3602 spectione
740 3524 1047 3594 agendum
1093 3527 1198 3579 est.
1234 3525 1300 3578 Et
1341 3519 1630 3575 adversus
1657 3516 1853 3572 varias
1882 3516 2066 3570 luere-

407 3617 664 3674 ticorum
706 3613 1001 3670 novitates
1048 3611 1215 3668 omni
1277 3609 1474 3665 studio
1531 3607 1924 3676 vigilandum,
1987 3620 2064 3658 ne

407 3705 559 3764 ﬁdes
609 3701 902 3770 Ecclesiae,
951 3699 1114 3756 velut
1163 3696 1399 3754 tedilicii
1450 3695 1932 3761 fundamentum,
1960 3709 2068 3765 per

409 3794 762 3857 eorumdem
810 3790 1227 3848 haereticorum
1265 3787 1579 3859 impetum,
1605 3783 1780 3856 quasi
1799 3783 2070 3855 impulsu

408 3890 724 3942 ventorum
753 3881 992 3938 labatur
1029 3882 1209 3951 atque
1267 3875 1612 3931 subruatur.
1645 3872 1819 3938 Quod
1867 3878 2069 3928 autem

412 3975 495 4034 ait
540 3971 844 4044 Scriptura
890 3968 965 4024 de
1024 3963 1360 4022 Israeliticis
1402 3962 1568 4018 viris:
1604 3983 1630 4010 ‹‹
1667 3960 2074 4016 Descendebat

414 4076 556 4132 ergo
585 4059 784 4116 omnis
819 4056 998 4114 Israel
1046 4055 1126 4112 ad
1173 4052 1485 4122 Philistim,
1512 4056 1578 4107 ut
1605 4056 1844 4108 acueret
1891 4066 2071 4106 unus-

414 4148 670 4223 quisque
697 4161 1006 4204 vomerem
1034 4159 1214 4200 suum
1240 4146 1296 4199 et
1322 4141 1586 4212 ligonem
1625 4144 1684 4196 et
1727 4139 2006 4206 securim,
2042 4162 2074 4192 η

418 4239 565 4304 etc.;
617 4235 734 4294 hoc
783 4248 908 4290 non
955 4229 1215 4288 absurde
1263 4229 1510 4300 intelligi
1549 4228 1746 4300 datur,
1769 4228 1914 4302 quia
1935 4243 2074 4284 con-

417 4321 704 4382 troversia
765 4320 1184 4378 haereticorum
1248 4317 1525 4374 exercitia
1563 4322 1702 4374 sunt
1757 4316 2076 4374 catholico-

415 4426 555 4468 rum
583 4427 597 4479 ;
641 4414 699 4467 et
724 4407 1026 4465 malorum
1056 4407 1354 4464 contentio
1386 4405 1688 4462 bonorum
1739 4405 1900 4461 acuit
1937 4420 2074 4460 sen-

418 4517 612 4570 sum;
688 4504 744 4556 et
832 4498 1157 4555 adversitas
1231 4496 1556 4568 impiorum
1633 4495 1872 4552 sinistra
1937 4498 2077 4552 sunt

417 4605 588 4648 arma
668 4588 992 4661 justorum.
1057 4585 1230 4652 Quod
1302 4590 1505 4641 tamen
1574 4583 1854 4653 haeretici,
1914 4583 2078 4640 velut

415 4681 724 4750 Bhilistim,
755 4679 1040 4736 omnibus
1082 4676 1282 4733 modis
1312 4680 1544 4747 cavent,
1588 4691 1664 4731 ne
1709 4690 1820 4748 pro
1864 4690 2074 4731 eorum

415 4771 752 4838 occasione,
808 4769 920 4826 viri
986 4766 1261 4826 catholici
1325 4781 1497 4822 arma
1559 4765 1793 4840 possint
1850 4764 2076 4822 habere

417 4860 721 4934 spiritalia.

1043 5001 1270 5056 CAPUT
1305 4999 1439 5056 XIV.

494 5150 520 5176 ‹‹
554 5129 622 5182 Et
651 5125 866 5182 accidit
893 5124 1163 5199 quadam
1191 5124 1308 5191 die,
1352 5129 1415 5180 ut
1451 5123 1674 5180 diceret
1698 5123 1986 5180 Jonathas
2014 5123 2081 5178 ti-

421 5239 449 5266 «
488 5216 604 5274 lius
653 5215 792 5274 Saul
845 5216 922 5272 ad
977 5214 1419 5272 adolescentem
1457 5213 1826 5284 armigerum
1861 5230 2076 5270 suum:

423 5331 450 5356 ‹‹
491 5307 654 5378 Veni,
673 5311 729 5362 et
758 5310 1132 5364 transeamus
1161 5303 1240 5360 ad
1271 5303 1589 5361 stationem
1621 5303 1922 5370 Philistim,
1943 5319 2078 5375 quae

423 5418 450 5444 ‹‹
493 5401 580 5452 est
606 5401 769 5453 trans
797 5395 1000 5452 locum
1030 5394 1220 5462 illum,
1253 5398 1420 5450 etc.».
1467 5393 1687 5450 Pendet
1736 5394 1896 5450 enim
1949 5393 2080 5450 haec

426 5485 715 5541 sententia
735 5501 806 5540 ex
829 5484 1256 5558 superioribus.
1287 5486 1574 5542 Jonathas
1595 5500 1754 5550 vero,
1778 5484 1950 5556 cujus
1976 5499 2080 5540 no-

429 5587 566 5626 men
599 5577 771 5629 sonat
819 5576 1102 5630 columbae
1161 5575 1402 5640 (Ianum,
1434 5579 1782 5630 sanctorum
1814 5573 2081 5629 virorum

429 5657 804 5730 spiritalium,
835 5662 1027 5732 quiin
1074 5661 1335 5717 Ecclesia
1383 5661 1546 5718 dono
1595 5662 1844 5733 Spiritus
1895 5659 2088 5718 sancti

329 5779 340 5790 ο
429 5746 637 5832 repleti
667 5751 1106 5830 sun,t,g_estavit
1133 5751 1428 5822 ﬁguram;
1459 5767 1568 5824 per
1607 5768 1764 5825 quos
1793 5752 2092 5824 Dominus,

2138 465 2198 520 in
2238 466 2445 534 fugam
2479 465 2668 521 vertit.
2695 462 2968 530 Armiger
3000 463 3200 516 autem
3230 457 3362 527 ejus
3392 471 3612 515 eorum
3643 469 3817 508 sanc-

2139 558 2337 608 torum
2359 554 2623 608 virorum
2643 547 3050 619 praetiguravit
3071 543 3418 617 discipulos,
3439 543 3547 615 qui
3573 541 3818 602 illorum

2142 643 2418 714 exempla
2459 647 2638 714 atque
2670 639 3004 696 doctrinam
3053 637 3372 699 sectantes,
3407 636 3466 688 et
3501 629 3820 689 individua

2141 732 2252 786 illis
2281 733 2677 801 adhaerentes,
2699 728 2875 801 quasi
2905 741 3115 782 eorum
3147 739 3316 779 arma
3335 724 3603 794 portant.
3640 719 3820 786 Quod

2143 824 2345 875 autem
2401 820 2562 875 idem
2590 817 2875 874 Jonathas
2922 820 2977 869 et
3026 813 3285 881 armiger
3329 809 3460 880 ejus
3517 807 3819 864 adversus

2145 907 2449 978 Philistim,
2499 922 2620 962 non
2677 921 2783 977 per
2833 903 3108 975 planiora
3157 899 3436 970 leniaque
3494 895 3657 962 loca,
3715 892 3824 950 sed

2145 1014 2253 1070 per
2284 1013 2500 1053 saxosa
2532 1001 2589 1052 et
2619 993 2813 1050 ardua
2847 991 2953 1048 iter
2981 989 3292 1064 arripiunt,
3323 986 3474 1042 illud
3493 984 3824 1056 allegorice

2150 1087 2347 1157 signat
2375 1085 2538 1159 quod
2569 1100 2693 1142 non
2729 1081 2809 1137 illi
2861 1079 3220 1143 sacerdotes,
3273 1075 3379 1149 qui
3434 1075 3596 1131 intra
3627 1073 3823 1130 Eccle-

2151 1177 2322 1240 siam,
2373 1175 2556 1230 latam
2606 1178 2662 1228 et
2693 1170 3025 1244 spatiosam
3072 1168 3254 1229 viam,
3288 1181 3397 1238 per
3454 1163 3828 1222 dissolutam

2150 1267 2356 1330 vitam,
2387 1263 2718 1329 ambulant,
2753 1261 3027 1316 hostibus
3059 1257 3198 1313 ﬁdei
3230 1253 3527 1311 contraire
3565 1257 3828 1330 queunt,

2152 1372 2348 1427 neque
2399 1372 2539 1410 cum
2569 1353 2684 1408 illis
2735 1349 3074 1424 spiritaliter
3103 1346 3414 1418 dimicare,
3445 1343 3557 1399 sed
3600 1341 3690 1398 illi
3718 1357 3831 1415 po-

2154 1447 2268 1502 tius
2301 1448 2402 1517 qui
2430 1461 2535 1517 per
2565 1445 2791 1499 arctam
2828 1445 2885 1496 et
2926 1443 3250 1508 angustam
3279 1435 3443 1492 viam
3479 1433 3833 1505 gradientes

2155 1535 2305 1590 inter
2332 1538 2652 1604 utrumque
2685 1530 3159 1594 Testamentum,
3189 1530 3370 1598 atque
3399 1523 3552 1579 inter
3581 1537 3839 1598 prospe«

2155 1642 2222 1681 ra
2270 1629 2326 1680 et
2379 1623 2652 1691 adversa,
2698 1617 2872 1692 quasi
2905 1617 3056 1674 inter
3107 1614 3261 1671 duos
3291 1610 3574 1686 scopulos
3615 1610 3846 1672 dextra.

2073 1733 2118 1786 Β
2156 1714 2427 1785 laevaque
2457 1711 2768 1776 incedunt;
2805 1706 2908 1780 qui
2962 1705 3144 1762 armis
3172 1707 3520 1762 sanctarum
3570 1701 3842 1774 Scriptu-

2155 1821 2360 1860 rarum
2391 1801 2626 1870 muniti,
2656 1815 2775 1856 non
2811 1795 3134 1870 proclivius
3161 1794 3240 1850 ad
3276 1792 3421 1858 ima,
3462 1790 3571 1847 sed
3608 1791 3838 1846 mentis

2157 1893 2479 1958 alacritate,
2533 1889 2612 1946 ad
2670 1887 3044 1946 altitudinem
3107 1880 3636 1955 contemplationis
3711 1885 3840 1936 toto

2157 1982 2377 2038 adnisu
2417 1977 2818 2035 conscendere
2850 1975 3139 2031 nituntur.
3177 1970 3489 2028 Illud‘vero
3519 1969 3631 2025 iter
3660 1966 3842 2041 quod

2156 2072 2445 2128 Jonathas
2467 2068 2764 2138 armigero
2792 2081 2904 2120 suo
2934 2061 3266 2136 proposuit,
3281 2067 3346 2116 ut
3375 2059 3490 2115 nisi
3520 2058 3640 2132 ipsi
3660 2058 3840 2130 prius

2115 2193 2131 2206 -
2157 2162 2234 2218 ad
2286 2159 2560 2216 hostibus
2604 2153 2910 2230 provocati
2955 2153 3166 2214 forent,
3199 2164 3591 2223 nequaquam
3617 2147 3703 2204 ad
3727 2163 3840 2202 eos

2159 2250 2496 2314 transirent,
2527 2247 2632 2303 sed
2663 2244 2844 2319 quieti
2899 2242 3310 2308 subsisterent,
3345 2239 3460 2296 hoc
3509 2237 3694 2294 nobis
3723 2253 3841 2309 per

2157 2338 2504 2412 hujusmodi
2539 2338 2644 2392 iter
2686 2336 2927 2406 signum
2979 2349 3150 2391 sacra
3183 2331 3487 2404 Scriptura
3517 2328 3719 2401 typice
3751 2331 3844 2383 in-

2157 2431 2322 2488 nuit:
2353 2434 2416 2485 ut
2445 2444 2517 2483 ne
2548 2426 2682 2500 quis
2724 2441 2796 2481 ex
2835 2423 3141 2480 catholicis
3174 2421 3464 2478 adversus
3511 2418 3841 2474 haereticos

2159 2523 2321 2596 prior
2351 2517 2743 2576 contentionis
2775 2533 2948 2573 arma
2995 2516 3394 2578 commoveat,
3425 2510 3539 2570 nisi
3570 2510 3650 2566 ab
3684 2509 3839 2582 ipsis

2161 2614 2326 2686 prius
2357 2612 2434 2667 ad
2469 2615 2773 2666 certamen
2823 2610 3188 2680 provocatus
3245 2603 3454 2669 fuerit;
3511 2600 3660 2674 quia
3709 2615 3848 2656 non

2162 2719 2266 2775 per
2305 2700 2648 2762 catholicos,
2678 2697 2782 2752 sed
2831 2695 3030 2770 potius
3061 2709 3168 2767 per
3210 2691 3541 2759 hazreticos,
3589 2696 3843 2746 conten-

2162 2791 2338 2848 tionis
2391 2789 2549 2844 bella
2587 2788 2647 2842 in
2700 2785 2960 2841 Ecclesia
2989 2781 3307 2840 exordium
3354 2783 3621 2854 sumunt.
3659 2777 3874 2850 Quod_

2165 2887 2366 2936 autem
2395 2877 2689 2934 Jonathas
2741 2880 2798 2932 et
2845 2875 3104 2944 armiger
3148 2872 3277 2944 ejus
3305 2869 3504 2946 prima
3552 2884 3846 2940 congres-

2167 2971 2332 3026 sione
2362 2968 2654 3024 adversus
2703 2964 3018 3030 Philistim,
3053 2977 3178 3020 non
3209 2960 3327 3018 alio
3353 2959 3414 3016 in
3459 2959 3617 3025 loco,
3643 2975 3851 3031 quam

2096 3093 2137 3149 ρ
2165 3060 2226 3116 in
2248 3075 2394 3149 agro
2433 3057 2676 3114 culturae
2701 3054 2902 3110 dedito
2939 3051 3352 3122 conﬂigentes,
3384 3047 3847 3149 vigintiunui‘ne-

2165 3165 2234 3205 ro
2263 3148 2460 3222 prima
2505 3146 2696 3200 fronte
2731 3159 2803 3198 ex
2833 3141 3106 3196 hostibus
3151 3141 3556 3212 prosternunt,
3590 3134 3746 3192 illud
3777 3135 3861 3190 ti—_

2170 3237 2449 3308 guraliter
2479 3233 2814 3306 signiﬁcare
2863 3231 3121 3298 videtur,
3153 3229 3322 3302 quod
3362 3227 3455 3284 his
3483 3225 3850 3282 doctoribus

2169 3327 2427 3386 haeretici
2445 3326 2666 3382 cedunt
2682 3330 2859 3398 atque
2883 3319 3416 3392 succumbunt,qui
3437 3319 3594 3374 intra
3618 3315 3848 3374 limites

2173 3417 2439 3474 Ecclesiae
2472 3414 2670 3490 positi,
2700 3429 2736 3469 a
2763 3411 3147 3478 meditatione
3176 3409 3344 3478 legis,
3373 3407 3535 3464 velut
3573 3405 3654 3468 ab
3687 3406 3847 3475 agri-

2171 3509 2403 3564 cultura
2431 3522 2554 3562 non
2581 3504 2886 3560 recedunt.
2923 3500 3234 3575 Sequitur:

2244 3621 2272 3648 α
2309 3597 2423 3654 Sed
2443 3601 2497 3650 et
2529 3594 2776 3661 Hebrzei,
2809 3591 2914 3665 qui
2947 3591 3184 3647 fuerant
3213 3605 3351 3645 cum
3381 3585 3676 3643 Philistim
3711 3585 3848 3642 heri

2174 3709 2202 3736 «
2245 3692 2301 3742 et
2329 3683 2780 3749 nudiustertius,
2823 3679 3338 3750 ascenderantque
3367 3693 3508 3732 cum
3538 3675 3624 3732 eis
3658 3674 3726 3732 in
3749 3691 3848 3732 ca-

2177 3795 2210 3830 (ι
2247 3775 2402 3842 stris,
2448 3772 2666 3828 reversi
2698 3775 2840 3826 sunt
2869 3773 2934 3826 ut
2971 3773 3170 3825 essent
3198 3783 3339 3824 cum
3372 3764 3572 3833 Israel,
3603 3786 3630 3814 ››
3668 3771 3728 3820 et
3754 3781 3847 3820 rer

2173 3866 2341 3938 liqua
2368 3877 2685 3936 usquequo
2717 3861 2832 3916 ait:
2875 3881 2903 3910 κ
2947 3858 3378 3914 Nuntiaverunt
3407 3861 3612 3911 autem
3652 3854 3845 3924 Sauli,

2177 3977 2206 4006 ‹‹
2247 3955 2530 4022 dicentes,
2557 3950 2722 4024 quod
2753 3947 3014 4023 populus
3033 3951 3338 4020 peccasset
3358 3945 3615 4004 Domino
3641 3961 3850 4000 eome-

2179 4066 2208 4096 «
2249 4043 2398 4098 dens
2438 4057 2576 4097 cum
2621 4039 2933 4110 sanguine.
2967 4036 3075 4101 Qui
3121 4035 3233 4093 ait:
3275 4033 3648 4092 Praevaricati
3678 4034 3845 4092 estis.

2181 4155 2210 4184 «
2248 4131 2475 4190 Volvite
2506 4129 2588 4188 ad
2615 4145 2713 4186 me
2741 4129 2870 4200 jam
2897 4142 3059 4184 nunc
3101 4141 3316 4182 saxum
3348 4123 3598 4194 grande.
3626 4145 3654 4175 ››
3691 4127 3852 4180 Nam

2179 4228 2506 4296 antequam
2565 4219 2890 4294 spiritalem
2934 4217 3196 4286 ﬁguram
3235 4213 3667 4285 aggrediamur
3695 4229 3855 4270 enu-

2180 4313 2517 4381 cleandam,
2549 4307 3066 4367 manifestandum
3091 4310 3182 4362 est
3201 4304 3350 4378 quid
3375 4307 3468 4364 est
3493 4303 3661 4377 quod
3697 4304 3858 4362 Scri-

2105 4448 2148 4502 D
2179 4410 2356 4478 ptura
2382 4399 2950 4502 dicitde'lonatlia:
2984 4395 3302 4502 lllu‘minat'i
3343 4399 3486 4453 sunt
3523 4394 3685 4502 oculi
3711 4395 3856 4466 ejus

2181 4499 2238 4551 et
2294 4492 2442 4568 quid
2498 4490 2790 4561 signiticet
2849 4489 3022 4559 juxta
3085 4485 3397 4542 historiam
3454 4483 3624 4557 quod
3680 4484 3855 4554 dicit,

2183 4581 2514 4638 comedisse
2545 4578 2844 4652 populum
2865 4592 3004 4632 cum
3032 4574 3348 4644 sanguine.
3373 4571 3530 4638 Quid
3558 4575 3651 4626 est
3677 4571 3860 4644 quod

2182 4688 2354 4730 sacra
2374 4670 2676 4742 Scriptura
2696 4667 2778 4723 ait
2802 4684 2814 4722 :
2843 4663 3196 4722 «llluminati
3219 4661 3527 4719 suntoculi
3547 4661 3856 4729 Jonatbae,

2181 4766 2426 4837 propter
2469 4763 2712 4830 gustum
2769 4755 2961 4814 mellis
2993 4761 3020 4812 ?
3049 4776 3080 4806 ιι
3132 4752 3415 4827 nunquid
3463 4756 3604 4810 ante
3647 4767 3858 4810 caecus

2183 4857 2311 4911 erat
2328 4852 2356 4908 Ὺ
2407 4849 2663 4910 Minime.
2708 4847 2822 4904 Sed
2872 4844 3192 4904 illuminati
3244 4847 3384 4902 sunt
3430 4841 3661 4916 utique,
3725 4859 3864 4900 non

2183 4943 2264 5001 ad
2309 4939 2656 5009 videndum,
2685 4937 2830 5012 quia
2874 4939 3011 4994 ante
3063 4934 3327 5004 videbat,
3359 4933 3466 4990 sed
3519 4931 3600 4990 ad
3625 4931 3864 4989 discer-

2183 5031 2473 5099 nendum,
2515 5029 2659 5103 quia
2714 5027 2898 5086 vetita
2943 5025 3230 5095 tetigerat.
3289 5023 3451 5080 Sicut
3509 5022 3587 5078 de
3635 5021 3864 5094 primis

2184 5121 2531 5180 hominibus
2573 5117 2804 5189 legitur,
2837 5116 2942 5188 qui
2997 5131 3138 5178 mox
3191 5117 3257 5172 ut
3303 5111 3610 5186 prohibita.
3652 5117 3868 5181 gusta-

2184 5217 2421 5278 verunt,
2471 5215 2710 5282 apertos
2761 5206 3048 5264 habuisse
3092 5203 3301 5261 oculos
3357 5202 3714 5273 referentur,
3777 5203 3870 5259 ad

2185 5301 2653 5360 discernendum
2683 5297 2954 5354 videlicet
2995 5296 3147 5352 inter
3197 5295 3431 5351 bonum
3483 5292 3655 5365 quod
3707 5293 3870 5349 ami-

2189 5398 2406 5460 serant,
2430 5398 2488 5450 et
2530 5391 2756 5448 malum
2795 5389 2874 5444 ad
2929 5387 3096 5460 quod
3150 5386 3508 5443 ceciderant.
3557 5385 3868 5442 Caeterum

2189 5484 2372 5556 aliqui
2401 5482 2568 5538 aliter
2592 5479 2838 5550 intelligi
2864 5477 3110 5533 volunt:
3157 5476 3336 5532 Aiunt
3373 5474 3537 5532 enim
3581 5473 3755 5546 quod
3788 5491 3870 5531 ex

2189 5574 2374 5628 nimio
2405 5571 2599 5628 calore
2631 5569 2806 5634 oculi,
2839 5571 2896 5622 et
2926 5567 3201 5622 exercitio
3249 5564 3436 5638 praelii
3486 5581 3557 5620 ac
3603 5565 3868 5636 itineris,

2190 5663 2548 5720 reverberati
2581 5665 2768 5729 erant,
2801 5663 2856 5715 et
2895 5657 3080 5713 nimio
3125 5656 3356 5728 jejunio
3388 5655 3699 5726 fatigatus,
3733 5672 3871 5712 non

2195 5751 2390 5811 solum
2409 5767 2681 5824 corpore,
2696 5748 2801 5806 sed
2831 5751 2888 5806 et
2907 5750 3108 5809 mente
3123 5743 3392 5806 fortassis
3413 5743 3879 5814 defecerat,ubi
