3944 6426
100 264 179 318 301

1021 255 1278 310 ENARR.
1340 259 1407 312 lN
1455 254 1710 312 LIBROS
1764 255 2023 311 REGUM.
2059 273 2127 295 ά·-
2161 257 2228 311 IN
2286 257 2414 312 UB.
2475 260 2514 312 l.

3372 266 3479 321 302

99 389 208 442 sunt
230 380 373 439 oeuli
402 380 696 436 interioris
726 380 1013 436 hominis.
1043 384 1103 436 Et
1133 382 1270 437 ideo
1298 399 1436 438 cum
1465 385 1701 451 gustas-
1732 383 1784 436 A.
1815 379 2116 450 jejunium
2142 381 2475 447 indirentis,
2500 381 2712 436 videns
2747 396 2930 454 super
2950 380 3165 440 faciem
3185 384 3312 454 agri
3336 387 3476 456 mel,

100 479 400 544 setgustum
434 470 648 535 mellis,
684 471 1056 526 illuminatus
1104 472 1320 526 dicitur
1357 489 1368 526 :
1403 474 1548 545 quia
1579 487 1704 526 non

97 566 254 620 solum
281 559 434 616 oculi
469 577 539 614 ex
570 561 889 616 refectione
937 562 1224 633 corporis,
1250 563 1548 632 inquiunt,
1585 561 1706 615 cla-

96 657 192 710 rius
218 652 400 706 videre
434 655 760 721 cmperant,
796 652 896 704 sed
923 659 977 706 et
1008 651 1252 705 interius
1279 668 1449 705 mens
1491 651 1708 705 clarior

94 743 381 798 centuriata
408 740 724 794 dulcedine
757 741 965 802 mellis,
987 758 1055 796 ac
1083 742 1418 813 promptior
1438 758 1710 814 resump-d

93 843 150 889 tis
173 832 366 888 viribus
417 830 498 886 ad
526 831 1020 903 persequendum
1051 831 1434 887 adversarios
1467 833 1705 888 exstitit.

94 921 228 978 Unde
255 927 305 976 et
326 920 451 991 ipse
479 920 562 974 ait
609 936 621 972 :
683 942 710 968 ‹‹
755 919 1050 975 Turbavit
1077 925 1247 992 pater
1269 929 1440 976 metis
1465 926 1706 976 terram.

91 1035 114 1061 α
148 1010 355 1066 Vidistis
385 1008 520 1082 ipsi,
555 1009 700 1081 quia
730 1009 1048 1065 il-luminati
1093 1015 1233 1065 sunt
1276 1010 1434 1065 oculi-
1464 1011 1606 1074 mei,
1635 1029 1708 1070 eo

89 1126 108 1150 α
145 1099 287 1173 quod
315 1098 681 1168 gustaverim
712 1098 1024 1171 paululum
1047 1100 1127 1154 de
1150 1099 1323 1154 melle
1352 1100 1483 1155 isto:
1510 1117 1706 1172 quan-

89 1215 110 1239 α
147 1190 389 1258 tomagis
423 1189 473 1244 si
504 1189 862 1243 comedisset
893 1189 1153 1260 pepuli-is
1186 1189 1258 1244 de
1287 1190 1705 1261 praedainim-i—

86 1302 109 1331 ‹
143 1296 325 1335 eorum
354 1294 603 1332 suorum
636 1294 820 1349 quam
850 1283 1088 1349 ceperat
1119 1279 1145 1332 ?
1184 1302 1208 1324 ››
1232 1282 1378 1332 Nam
1407 1279 1574 1350 quod
1601 1281 1702 1348 ait,

84 1392 104 1418 ‹‹
140 1367 395 1425 Turbavit
426 1372 596 1439 pater
620 1384 794 1421 meus
830 1373 1065 1430 terram,
1097 1389 1124 1415 ››
1154 1367 1228 1421 de
1259 1372 1494 1438 patrata
1527 1369 1704 1424 victo-

80 1459 156 1515 ria
186 1456 470 1520 intumuit,
528 1461 584 1512 et
635 1457 770 1511 ideo
829 1457 903 1510 de
956 1456 1178 1512 indicto
1204 1457 1434 1526 jejunio
1467 1464 1699 1529 patrem

78 1565 234 1604 suum
267 1546 661 1618 reprehendit.
722 1546 983 1618 Denique
1013 1547 1180 1618 quod
1222 1547 1490 1619 sequitur
1524 1566 1535 1598 :
1572 1570 1598 1598 ς(
1635 1551 1699 1604 Et

82 1663 102 1688 ι(
141 1654 332 1693 versus
343 1637 420 1692 ad
436 1637 710 1709 praedam
729 1636 1087 1704 defatigatus
1105 1637 1384 1708 populus,
1406 1636 1534 1692 tulit
1557 1653 1697 1692 oves

1816 470 2079 524 extendit
2122 472 2528 527 summitatem
2571 471 2770 539 virgae,
2805 475 2861 526 et
2899 471 3138 529 intinxit
3187 477 3249 530 in
3271 476 3482 532 favum

1817 559 2034 622 mellis,
2084 566 2140 615 et
2180 561 2460 630 gustavit,
2510 566 2567 616 et
2612 561 2934 618 illuminati
2977 567 3115 619 sunt
3145 564 3304 621 oculi
3328 566 3480 637 ejus,

1815 649 2295 721 prepalabimus,
2336 656 2397 705 ut
2426 654 2822 723 postmodum
2857 655 3072 708 caetera
3104 655 3484 726 conjunctim

1815 739 2118 794 insinuare
2149 740 2482 795 valeamus.
2515 740 2735 795 Verum
2764 742 2932 814 quod
2965 743 3041 798 ad
3066 749 3311 814 gustum
3341 747 3486 803 mel-

1814 827 1884 882 lis
1911 829 2362 885 ocu‘lilonatlim
2403 829 2722 886 illuminati
2773 836 2935 897 sunt,
2995 831 3146 889 sicut
3194 833 3478 905 diximus,

1816 934 1939 973 non
1965 918 2043 974 ad
2075 919 2426 986 videndum,
2460 919 2605 992 quia
2628 925 2805 977 antea
2826 921 3090 990 videbat,
3121 923 3230 979 sed
3260 924 3339 982 ad
3365 926 3482 982 dis-

1817 1009 2211 1076 cernendum,
2245 1009 2389 1082 quia
2425 1009 2608 1066 vetita
2659 1011 2946 1082 tetigerat.
3001 1015 3162 1069 Tunc
3195 1014 3356 1071 enim
3383 1031 3481 1072 ca-

1815 1111 1924 1154 sus
1955 1099 2071 1166 ille,
2101 1099 2251 1154 sicut
2283 1099 2502 1166 Adam,
2543 1099 2677 1155 fecit
2707 1100 2879 1155 illum
2913 1105 3230 1175 attentum,
3271 1104 3476 1161 reddi-

1811 1188 2018 1261 ditque
2049 1189 2366 1244 confusum
2403 1206 2415 1244 :
2448 1189 2594 1261 quid
2621 1189 2785 1245 aliud
2808 1191 3181 1264 exprimitur,
3215 1194 3332 1250 nisi
3362 1195 3479 1252 hoc

1811 1278 1970 1334 facto
1991 1278 2373 1346 admonetur,
2404 1294 2617 1334 omnes
2660 1279 2972 1336 illecebras
3013 1281 3386 1354 voluptatum
3417 1284 3479 1340 in

1813 1367 2034 1424 saeculo
2072 1367 2292 1423 debere
2325 1373 2708 1422 contemnere
2732 1368 2781 1422 is
2811 1369 2916 1440 qui
2945 1372 3063 1424 Deo
3093 1370 3298 1427 nititur
3324 1373 3478 1429 mili—

1806 1459 1929 1511 tare
1943 1459 1970 1512 1’
1991 1459 2117 1512 Non
2145 1457 2303 1512 enim
2324 1460 2516 1529 potest
2545 1459 2753 1512 contra
2777 1456 3130 1530 Allophylos
3158 1460 3480 1532 spiritales,

1806 1545 1869 1601 id
1899 1552 1989 1602 est
2017 1547 2310 1603 adversus
2344 1547 2644 1619 principes
2675 1546 3061 1603 tenebrarum
3082 1548 3312 1604 viribus
3343 1551 3479 1606 ani-

1806 1636 1889 1691 mi
1923 1653 2300 1703 concurrere,
2333 1637 2435 1708 qui
2463 1637 2664 1692 adhuc
2689 1637 3041 1708 hujusmodi
3071 1638 3320 1710 negligit
3346 1639 3484 1696 dul-

78 1748 104 1777 (ι
135 1731 183 1782 et
208 1727 406 1791 boves,
467 1730 524 1781 et
580 1725 816 1794 vitulos,
859 1729 916 1779 et
975 1731 1389 1780 mactaverunt
1427 1725 1486 1780 in
1521 1733 1693 1783 terra.
1726 1745 1780 1797 Β
1805 1724 2078 1780 cedinem
2094 1725 2414 1780 declinare.
2445 1725 2548 1781 Mel
2566 1725 2728 1781 enim
2755 1725 3069 1795 distillans,
3093 1726 3290 1800 inquit
3323 1727 3477 1785 Scri-

80 1840 100 1862 «
137 1816 505 1888 Comeditque
533 1815 794 1887 populus
819 1832 958 1870 cum
992 1815 1303 1885 sanguine,
1337 1838 1363 1864 »
1407 1819 1530 1871 Non
1565 1816 1700 1871 fecit

77 1905 304 1977 populus
335 1905 564 1960 irritum
585 1905 1017 1974 juramentum.
1042 1903 1209 1969 Quod
1241 1904 1399 1959 enim
1433 1905 1573 1961 Saul
1594 1905 1698 1960 ad-

74 1996 356 2063 ju-raverat,
385 1994 596 2049 dicens
629 2011 648 2048 '.
679 2017 702 2046 ι
741 1993 1082 2050 Maledictus
1114 1993 1204 2047 vir
1234 1994 1336 2066 qui
1370 1994 1698 2050 comederit

78 2109 98 2132 α
133 2101 334 2156 panem
363 2101 562 2156 usque
611 2082 689 2139 ad
734 2099 1071 2154 vesperam,
1119 2083 1310 2138 donec
1348 2083 1598 2138 ulciscar
1623 2084 1698 2140 de

78 2198 99 2222 ‹‹
134 2173 365 2228 inimicis
397 2173 567 2228 meis.
601 2194 627 2221 η
685 2172 820 2227 ideo
871 2172 1040 2241 dixit,
1095 2172 1239 2244 quia
1295 2173 1540 2227 victoria
1565 2173 1695 2243 jam

72 2264 213 2335 potiti
239 2269 401 2318 erant
434 2281 447 2332 ;
479 2263 587 2317 sed
618 2278 902 2334 peccasse
940 2263 1214 2330 Domino,
1276 2268 1338 2318 et
1374 2279 1513 2317 cum
1561 2279 1696 2319 san-

75 2355 225 2421 guine
251 2353 588 2408 comedisse
613 2352 848 2418 dici-tur,
882 2352 1024 2423 quia
1043 2357 1250 2407 contra
1265 2351 1416 2420 legis
1438 2369 1699 2425 praecep-

71 2450 197 2510 tum,
226 2449 549 2515 antequam
573 2441 935 2498 sacrificium
952 2443 1358 2515 vespertinum
1390 2459 1700 2515 peragere-

75 2540 164 2599 tur,
195 2535 601 2589 comederunt.
640 2533 730 2588 Sic
771 2533 974 2604 itaque
1005 2550 1149 2588 usus
1177 2538 1322 2602 erat,
1361 2539 1428 2588 ut
1449 2533 1712 2605 quando

72 2623 426 2679 homicidium
482 2623 565 2678 ab
603 2623 708 2688 eis,
742 2627 852 2678 aut
877 2623 937 2676 in
970 2623 1116 2688 suis,
1147 2628 1247 2679 aut
1269 2623 1330 2679 in
1361 2624 1580 2678 exteris
1604 2623 1702 2678 tie-

71 2714 180 2782 luat,
201 2731 316 2769 non
361 2713 753 2769 comederent
806 2717 1145 2784 antequam-
1175 2714 1697 2769 sacri-liciumves-

70 2806 338 2875 partialim
361 2822 475 2878 pro
525 2804 620 2859 eis-
646 2804 832 2858 ﬁeret.
892 2804 1092 2869 Aliter,
1127 2820 1414 2876 peccasse
1447 2805 1700 2859 Domino

72 2901 118 2949 et
143 2896 466 2951 comedisse
516 2912 658 2950 cum
700 2895 992 2965 sanguine
1025 2895 1504 2967 cl~ic1mtur.-quia
1535 2912 1697 2949 mae-

69 2986 178 3040 tatis
206 2986 476 3055 victimis,
520 3001 645 3040 non
676 2985 1022 3041 obtulerunt
1049 2985 1136 3040 ad-
1160 2987 1574 3041 sanctuarium
1606 3001 1697 3040 sa-

69 3077 395 3147 cerdotibus,
424 3078 614 3147 juxta
649 3075 797 3145 legis
817 3082 1206 3148 pl‘tuceplum,
1229 3077 1469 3148 adi-pem
1502 3082 1700 3131 etsan-
1732 3113 1771 3168 Ο

69 3166 296 3230 cuinam,
337 3183 489 3222 cum
515 3165 795 3220 videlicet
844 3164 1264 3220 sanctuarium-
1289 3182 1496 3220 secum
1521 3165 1702 3220 liabe-

68 3261 200 3310 ηεαδ.-
219 3257 472 3322 Quando
501 3257 676 3312 locus
704 3255 1033 3310 sanctuarii
1069 3255 1433 3326 proculerat,
1455 3256 1704 3326 jubetur

69 3347 280 3415 sanguis
312 3347 703 3403 victimarum
734 3345 795 3400 in
827 3352 1042 3400 terram
1076 3345 1244 3400 fundi
1275 3345 1360 3399 de
1384 3346 1474 3400 his
1497 3345 1700 3400 videli-

67 3443 138 3488 cet
160 3436 604 3510 victimis,quas
637 3436 716 3491 ad
748 3453 890 3491 suos
907 3436 1702 3508 esusprmnarabant,quan~

67 3524 130 3578 de
157 3543 280 3582 vero
311 3527 1025 3598 sanctuarium-prtesens
1042 3532 1184 3588 erat,
1210 3527 1456 3593 sanguis
1475 3526 1698 3581 host-ia»-

67 3630 175 3670 rum
204 3633 375 3689 super
400 3618 593 3674 altare
631 3616 869 3672 Domini
896 3617 1142 3688 jubetur
1171 3617 1353 3671 funde
1427 3617 1586 3673 Sicut
1611 3621 1712 3671 est:

69 3705 183 3759 illud
211 3707 262 3762 in
284 3709 440 3765 libro
471 3708 924 3763 Deuteronom-ii
955 3724 966 3761 :
1004 3729 1030 3754 ‹‹
1070 3707 1694 3771 Βᾶηρηὶηθῐηιὴοεῐὶᾶι-

68 3811 178 3850 rum
200 3805 429 3854 tuarum
458 3798 688 3854 fundes
709 3798 768 3852 in
803 3797 993 3868 altari,
1025 3797 1305 3852 carnibus
1337 3803 1550 3853 autem,
1570 3798 1698 3869 ipse

71 3887 284 3941 vesceris
315 3891 686 3957 (Deut.xu).»
719 3887 893 3952 Quod
922 3888 1066 3958 quia
1105 3886 1387 3959 praelatus
1432 3886 1696 3959 populus

68 3990 161 4029 non
182 3977 326 4047 fecit,
359 3994 655 4052 peccasse
688 3977 940 4032 discitur
972 3977 1245 4045 Domino,
1281 3982 1336 4032 et
1362 3977 1584 4033 idcirco
1615 3977 1694 4032 di-

69 4063 329 4123 citurcum
353 4068 666 4137 sanguine
691 4067 1182 4122 comedisse.Sive
1214 4067 1358 4139 quia
1385 4073 1540 4123 retro
1554 4067 1695 4122 olim

66 4154 348 4224 perlegam
377 4159 645 4229 mystice
671 4160 1042 4229 praeceptum
1081 4156 1290 4219 fuerat,
1324 4161 1386 4211 ut
1434 4172 1508 4211 ne
1559 4156 1696 4228 quis

67 4240 123 4294 «le
151 4244 277 4299 filiis
305 4247 490 4302 Israel
527 4262 713 4301 ovem
757 4245 849 4300 vel
881 4245 1099 4301 bovem
1133 4250 1237 4300 aut
1291 4259 1559 4316 capram,
1603 4245 1698 4301 vel

65 4333 332 4399 quodlibet
349 4336 590 4392 animal
617 4335 786 4407 quod
809 4336 1058 4390 Domino
1083 4335 1464 4401 offerebatur,
1481 4337 1540 4390 in
1567 4349 1695 4390 cas-

69 4419 146 4471 tris
172 4421 561 4496 immolarent,
609 4425 716 4479 sed
766 4424 839 4478 ad
897 4425 1116 4479 ostium
1162 4423 1693 4479 labernaculi'uni-

66 4523 206 4565 versa
240 4514 553 4581 ducerent,
605 4519 664 4570 et
709 4513 792 4568 ibi
842 4514 1050 4569 omnia
1098 4513 1456 4569 occiderent.
1519 4513 1696 4578 Quod
1728 4513 1750 4529 "

69 4599 180 4659 Quia
220 4617 331 4658 non
379 4604 678 4673 fecerant,
712 4603 1045 4659 comedisse
1096 4603 1328 4675 passim
1360 4602 1694 4660 occidendo

69 4689 357 4750 referuntur
376 4712 524 4750 cum
560 4694 886 4763 sanguine.
935 4693 1088 4748 Licet
1120 4693 1228 4748 iste
1260 4709 1472 4749 sensus
1506 4700 1702 4766 poste-

70 4777 163 4832 rior
179 4782 540 4852 quibusdam
571 4784 817 4858 placere
848 4784 1136 4850 videatur,
1170 4784 1512 4856 superiores
1534 4802 1697 4858 vero,

69 4883 189 4937 quos
212 4878 550 4946 posuimus,
585 4875 784 4945 magis
818 4879 906 4941 (ut
935 4875 1112 4929 nobis
1136 4874 1388 4945 videtur)
1434 4876 1698 4932 historia)

73 4971 382 5028 L'Ungruunt.
434 4970 569 5022 Non
625 4965 764 5021 ideo
805 4964 1084 5032 dicimus,
1120 4967 1182 5020 ut
1215 4965 1402 5020 istum
1439 4967 1698 5035 refrage-

73 5063 194 5120 mus,
238 5061 334 5112 aut
362 5058 767 5113 inhibeamus
800 5071 1068 5125 sensum,
1103 5072 1242 5110 cum
1285 5056 1546 5112 maxime
1582 5057 1703 5129 spi-

75 5137 188 5194 ritali
211 5147 421 5214 sensui,
455 5146 536 5202 de
568 5162 700 5219 quo
735 5145 796 5200 in
830 5144 1223 5216 sequentibus
1266 5145 1519 5200 Domino
1546 5146 1699 5202 duce

74 5229 236 5288 llit-turi
267 5253 499 5308 sumus,
533 5235 826 5292 coma-snit
858 5254 870 5304 ;
925 5234 1028 5289 sed
1060 5235 1339 5306 prudenti
1366 5234 1566 5290 lectori
1594 5237 1699 5291 de-

75 5319 414 5394 relinquimus
471 5343 737 5383 sensum
777 5331 1051 5381 nostrum
1101 5325 1484 5386 insinuando,
1539 5331 1604 5380 ut
1652 5326 1700 5381 si

75 5405 328 5484 illacumt,
353 5419 503 5474 mihi
537 5415 983 5473 consentiendo
1015 5415 1206 5470 faveat
1241 5433 1254 5482 ;
1313 5414 1459 5486 quia
1488 5414 1605 5485 hic,
1638 5418 1704 5471 ut

77 5503 236 5569 annui,
266 5507 336 5562 ad
365 5510 645 5565 radicem
691 5506 950 5562 historiae
994 5506 1269 5577 pertinet.
1309 5508 1451 5560 Ecce
1484 5505 1701 5562 funda-

80 5598 291 5651 mentum
315 5599 581 5656 historia:
610 5596 947 5658 innuimus,
975 5613 1134 5650 nunc
1164 5594 1489 5667 spiritalem
1519 5594 1700 5660 signi-

85 5679 361 5743 lii'rllitinciii
406 5689 797 5762 pandamus.
847 5686 959 5741 Sed
1022 5687 1188 5758 prius
1236 5685 1380 5757 quid
1406 5685 1703 5753 signiﬁcat

81 5772 484 5838 ‘lUOdlonathas
517 5779 692 5836 lilius
723 5775 860 5833 Saul
891 5777 1194 5848 pergentis
1215 5777 1292 5832 ad
1324 5775 1617 5849 praelium,
1645 5780 1702 5832 et

1806 1820 1984 1888 ptura
2014 1817 2308 1882 (Prouv),
2330 1815 2490 1870 labia
2511 1814 2859 1880 meretricis,
2893 1815 3059 1888 quod
3087 1821 3179 1872 est
3206 1816 3469 1874 delecta-

1804 1905 1886 1961 tio
1918 1904 2237 1977 voluptatis
2267 1904 2546 1959 carnalis.
2578 1907 2655 1959 De
2684 1919 2807 1975 quo
2831 1909 3098 1976 putatur,
3117 1906 3295 1976 juxta
3316 1923 3478 1979 mys-

1807 1995 1952 2049 ticos
1993 1994 2346 2063 intellectus,
2379 1994 2542 2048 hunc
2570 1999 2843 2063 gustasse
2871 1994 3194 2062 Jonathan,
3229 1999 3286 2051 et
3314 2001 3472 2071 sorte

1804 2083 2276 2155 deprehensum.
2309 2083 2408 2137 vix
2439 2082 2720 2156 precibus
2746 2082 2958 2156 populi
2994 2081 3342 2140 liberatum.
3402 2084 3475 2140 Il-

1805 2173 1910 2228 lud
1944 2189 2084 2227 vero
2115 2171 2282 2244 quod
2312 2172 2587 2243 superius
2619 2171 3072 2244 descripsimus,
3123 2171 3269 2246 quia
3316 2176 3478 2245 post-
3527 2207 3538 2212 -

1804 2279 1990 2334 quam
2028 2261 2261 2317 Domini
2284 2261 2614 2333 opitulante
2646 2261 2889 2317 auxilio.
2915 2260 3208 2318 Philistim
3236 2267 3477 2318 contur-

1806 2353 1938 2409 bati-
1953 2353 2330 2425 dispersique
2365 2359 2419 2408 et
2451 2352 2507 2407 in
2530 2351 2738 2423 fugam
2760 2352 2915 2408 versi
2946 2357 3103 2424 sunt,
3126 2352 3476 2427 quicunque

1807 2443 1881 2498 de
1913 2443 2047 2498 liliis
2081 2443 2259 2498 Israel
2284 2443 2684 2510 adhaeserant,
2712 2458 2950 2497 rursum
2980 2442 3059 2498 ad
3081 2459 3222 2498 suos
3251 2442 3476 2499 Israeli-

1807 2533 1954 2588 ticos
1987 2532 2204 2587 reversi
2239 2537 2397 2600 sunt,
2422 2536 2557 2600 etc.,
2590 2531 2746 2586 hanc
2774 2530 3229 2601 intelligentiam
3253 2531 3473 2604 mysti-

1807 2639 1872 2677 ce
1902 2623 2124 2678 liabere
2158 2621 2532 2691 dignoscitur
2568 2642 2580 2676 :
2624 2619 2793 2693 quod
2813 2626 3140 2694 postquam
3170 2620 3476 2677 haeretico-

1806 2731 1946 2768 rum
1977 2718 2330 2776 conventus,
2358 2711 2609 2766 Domino
2633 2715 3014 2784 cooperante,
3043 2727 3150 2784 per
3172 2711 3478 2767 ecclesias-

1809 2805 1960 2858 ticos
1988 2802 2144 2857 viros
2178 2802 2364 2856 victus
2389 2806 2567 2873 atque
2591 2801 2904 2872 dispersus
2931 2806 2987 2855 et
3018 2801 3078 2856 in
3109 2800 3320 2870 fugam
3339 2804 3471 2856 Ver-

1809 2910 1911 2947 sus
1943 2891 2250 2947 catholicis
2289 2890 2534 2946 cesserit
2565 2908 2579 2958 ;
2635 2907 2737 2945 eos
2783 2906 2926 2946 vero
2973 2889 3080 2962 qui
3109 2889 3184 2946 de
3213 2888 3477 2948 Ecclesia

1807 2982 1890 3038 ab
1915 2982 2058 3054 ipsis
2089 2981 2380 3037 haereticis
2409 2980 2463 3034 vi
2497 2979 2590 3035 vel
2619 2979 3002 3052 perversione
3035 2979 3323 3036 subtracti
3352 2979 3478 3036 fue-

1809 3077 1960 3138 rant,
1995 3087 2240 3127 rursum
2271 3069 2357 3125 ad-
2379 3070 2704 3125 Ecclesiam
2731 3086 2768 3125 a
2790 3085 2914 3141 qua
2942 3069 3343 3125 discesserant
3383 3085 3471 3125 re-

1807 3163 2079 3229 deuntes,
2112 3162 2381 3234 plerique
2425 3159 2784 3227 sacerdotes,
2818 3159 3018 3215 adhuc
3065 3159 3304 3215 diversa
3343 3174 3473 3215 sen-

1808 3253 2019 3308 tientes
2051 3257 2106 3306 et
2136 3251 2194 3305 in
2218 3250 2397 3305 variis
2430 3248 2601 3304 sectis
2625 3248 2875 3317 seducti,
2903 3251 3008 3304 aut
3037 3246 3169 3302 illos
3199 3263 3352 3319 quos
3395 3246 3472 3302 de

1806 3343 1951 3415 ipsis
1983 3340 2295 3410 haereticis,
2328 3339 2503 3412 quasi
2529 3349 2684 3394 oves
2705 3342 2810 3394 aut
2827 3337 3033 3404 boves,
3051 3337 3129 3392 ad
3145 3335 3470 3394 Ecclesiam

1806 3433 2090 3486 reducere
2122 3430 2439 3503 potuerint,
2469 3428 2867 3501 baptizandos
2891 3427 3093 3483 denuo
3115 3426 3468 3495 decernunt;

1806 3522 1889 3577 sic
1911 3521 2281 3594 quibusdam
2313 3518 2726 3575 sacerdotibus
2758 3517 2903 3574 olim
2932 3517 3131 3572 visum
3156 3505 3375 3583 fuerat,
3406 3520 3473 3572 ut

1806 3613 1882 3668 de
1908 3611 2116 3667 hieresi
2149 3610 2228 3666 ad
2275 3599 2598 3666 Ecclesiam
2629 3607 2926 3675 conversi,
2958 3607 3174 3664 iterum
3203 3607 3470 3680 baptiza-

1802 3709 2028 3770 rentur,
2063 3701 2215 3756 sicut
2240 3700 2466 3756 faciunt
2496 3699 2814 3755 Donatistae
2836 3697 3096 3754 haeretici
3124 3713 3137 3752 :
3162 3685 3340 3770 quod
3360 3696 3470 3752 uti-

1803 3809 1922 3866 que
1953 3793 2220 3848 illicitum
2252 3795 2360 3855 est,
2393 3807 2495 3845 eos
2520 3789 2623 3862 qui
2655 3788 2837 3844 semel
2870 3787 3058 3845 abluti
3081 3791 3241 3856 sunt,
3265 3787 3469 3842 denuo

1801 3883 2139 3956 baptizare,
2159 3885 2262 3938 aut
2287 3886 2440 3936 certe
2463 3880 2766 3935 conversis
2780 3895 2851 3934 ex
2874 3877 3218 3949 gentilitate,
3246 3891 3472 3948 nequa-

1804 3990 1991 4046 quam
2024 3972 2359 4028 secundum
2406 3968 2876 4026 ecclesiasticam
2914 3967 3208 4037 regulam,
3237 3970 3468 4022 rectum

1803 4063 2178 4135 baptism-um
2209 4061 2460 4117 tradere.
2501 4062 2661 4125 Quos
2713 4063 2916 4114 tamen
2965 4057 3231 4114 Christus
3266 4055 3470 4112 Domi-
3529 4117 3532 4124 η

1805 4171 1941 4222 nus,
1975 4153 2137 4208 velut
2171 4151 2330 4218 Saul,
2358 4167 2464 4222 per
2493 4149 2926 4205 ecclesiasticos
2971 4148 3127 4204 viros
3159 4146 3238 4203 ad
3269 4145 3468 4226 unita-

1807 4248 1924 4300 tem
1953 4242 2090 4298 ﬁdei
2124 4246 2362 4296 revocat
2391 4241 2453 4294 in
2483 4239 2598 4294 title
2630 4255 2760 4308 sua,
2810 4239 2986 4310 cujus
3025 4237 3288 4308 ﬁguram
3315 4235 3469 4309 lapis

1805 4334 1902 4389 ille
1961 4331 2205 4401 grandis
2261 4329 2695 4403 praetendebat,
2750 4329 2853 4402 qui
2897 4343 3110 4384 omnes
3160 4326 3470 4384 credentes

1779 4421 2090 4498 .lmptizari
2119 4419 2419 4494 praecepit.
2457 4421 2608 4474 Nam
2639 4418 2806 4491 quod
2832 4422 3204 4498 praeceptum
3223 4407 3371 4488 erat,
3403 4407 3476 4472 ut

1805 4495 1981 4569 ovem
2006 4511 2096 4567 vel
2127 4511 2344 4567 bovem
2371 4508 2464 4564 vel
2483 4507 2796 4582 quodlibet
2823 4495 3068 4574 animal,
3093 4505 3262 4580 quod
3284 4503 3474 4590 Domi:

1807 4621 1886 4659 no
1917 4603 2302 4669 offerebatur,
2327 4617 2450 4656 non
2485 4599 2543 4654 in
2577 4596 3221 4665 castris'immolarent,
3259 4589 3472 4650 sed’ad

1806 4696 2028 4751 ostium
2077 4690 2444 4748 tabernaculi
2503 4690 2790 4745 universa
2837 4687 3231 4751 adducerent,
3288 4686 3473 4756 prout

1809 4783 2088 4856 superius
2121 4779 2515 4845 ostendimus,
2551 4782 2608 4834 et
2636 4776 2719 4832 ibi
2751 4776 2960 4832 omnia
2988 4773 3348 4838 occiderent,
3385 4775 3470 4842 ty-

1807 4890 1920 4947 pos
1952 4869 2362 4928 adumbrabat
2406 4866 2662 4922 futuros.
2721 4863 2898 4930 Quod
2922 4861 3085 4919 enim
3110 4861 3172 4946 in
3202 4860 3334 4929 lege
3375 4875 3469 4915 os-

1809 4963 1980 5031 tium,
2011 4961 2124 5016 hoc
2154 4958 2248 5014 hic
2294 4957 2508 5027 ingens
2555 4970 2794 5018 saxum,
2829 4953 2944 5007 hoc
2998 4949 3193 5006 unitas
3241 4947 3382 5004 ﬁdei
3407 4948 3468 5004 in

1809 5051 2038 5109 Christo
2071 5046 2384 5118 signiﬁcat.
2430 5049 2578 5100 Nam
2610 5042 2761 5097 sicut
2791 5056 2898 5113 per
2924 5055 3067 5096 oves
3099 5043 3156 5095 et
3197 5037 3382 5095 boves
3414 5042 3472 5094 et

1806 5140 2024 5196 vitulos
2054 5144 2108 5193 et
2141 5137 2372 5201 arietes,
2413 5133 2685 5188 diversos
2735 5130 3011 5187 homines
3055 5129 3135 5186 ad
3163 5129 3349 5185 ﬁdem
3378 5145 3472 5187 ve-

1807 5233 2036 5288 nientes
2086 5226 2399 5297 significat,
2443 5224 2528 5279 ita
2563 5239 2668 5294 per
2694 5221 3058 5277 occisionem
3088 5218 3465 5286 animalium,

1807 5323 2114 5378 lavacrum
2152 5313 2618 5386 regenerationis
2657 5312 2946 5369 insinuat.
2998 5312 3063 5367 In
3093 5326 3216 5383 quo
3244 5307 3472 5381 baptis-

1809 5429 1930 5481 mo,
1965 5409 2126 5466 velut
2153 5404 2467 5480 quodlibet
2496 5401 2743 5468 animal,
2776 5407 2944 5458 vetus
2971 5403 3158 5456 homo
3191 5397 3466 5466 moritur,

1809 5508 1864 5559 et
1886 5518 2078 5558 novus
2103 5495 2377 5565 resurgit.
2415 5495 2496 5550 llli
2526 5493 2687 5549 enim
2719 5492 2964 5548 eosdem
2996 5489 3304 5546 credentes
3323 5507 3469 5564 qua-

1810 5595 1855 5648 si
1908 5592 2142 5647 diversa
2189 5585 2495 5652 animalia,
2557 5588 2616 5638 ut
2672 5583 2899 5638 dictum
2951 5586 3056 5644 est,
3105 5580 3465 5645 occidentes,

1809 5699 1988 5756 super
2017 5687 2236 5737 terram
2275 5693 2412 5731 cum
2439 5674 2732 5743 sanguine
2764 5673 3111 5741 comedunt,
3153 5672 3254 5745 qui
3285 5672 3348 5727 in
3371 5687 3470 5727 va-

1810 5775 1928 5832 rias
1951 5776 2144 5830 sectas
2169 5766 2365 5835 divisi,
2394 5767 2454 5823 in
2482 5764 2704 5822 unitate
2731 5762 2892 5830 fidei,
2921 5763 3073 5821 sicut
3091 5766 3349 5837 oportet,
3372 5776 3469 5818 ne-
