3944 6424
409 251 514 304 303

407 386 721 443 quaquam
752 371 1242 442 baptizant.Quos
1258 369 1461 441 utique
1474 371 1646 441 quasi
1672 387 1809 425 cum
1827 368 2070 437 sangui-
2107 372 2153 424 A

406 476 482 515 ne
510 460 852 528 comedunt,
884 459 1030 514 dum
1061 458 1191 513 illos
1227 457 1460 531 absque
1484 460 1745 530 perfecta
1791 458 2068 531 puriﬁca-

404 549 564 605 tione
587 553 968 622 peccatorum
1006 548 1115 603 sibi
1150 554 1497 618 aggregant.
1516 551 1676 614 Quos
1702 549 1859 604 velut
1875 562 2072 602 come-

405 638 575 708 dunt,
617 638 762 693 dum
790 653 850 692 se
887 654 1025 693 cum
1049 637 1160 692 illis
1189 653 1376 692 unum
1401 654 1622 709 corpus
1655 635 1940 693 efﬁciunt.
1977 638 2074 692 Se-

403 728 610 798 quitur
639 745 650 781 :

475 840 502 866 ‹‹
542 814 871 872 zEdiﬁcavit
912 820 1112 872 autem
1149 816 1288 872 Saul
1331 816 1515 872 altare
1552 816 1829 872 Domino.
1875 818 2069 870 Tunc-

402 928 430 955 ‹‹
469 922 585 977 que
615 904 879 977 primum
920 907 1101 978 coepit
1148 905 1447 961 aediﬁcare
1494 906 1680 961 altare
1718 904 1994 960 Domino.
2038 924 2069 954 »

398 994 677 1049 Hebraeus
716 1009 839 1050 non
875 994 1078 1062 habet,
1109 997 1398 1064 primum,
1429 997 1581 1050 sicut
1608 995 1668 1050 in
1699 992 2069 1067 quibusdam

397 1084 704 1139 codicibus
752 1085 1030 1154 legimus.
1082 1084 1247 1140 Unde
1299 1085 1726 1157 quaerendum,
1760 1100 1900 1139 cum
1929 1088 2068 1138 ante

396 1172 630 1243 legatur
660 1173 991 1229 aedificasse
1046 1173 1254 1240 altare,
1309 1173 1559 1246 quando
1601 1189 1637 1229 a
1679 1172 1954 1229 Samuele
1984 1172 2070 1227 in-

394 1269 674 1335 crepatus
704 1268 811 1330 est,
843 1279 949 1317 cur
978 1262 1073 1318 hic
1100 1262 1337 1327 dicitur,
1369 1266 1530 1318 Tunc
1564 1262 1742 1335 coepit
1768 1261 2067 1316 aedificare

393 1353 660 1424 primum
689 1351 873 1407 altare
907 1351 1159 1407 Domino
1189 1353 1218 1407 ?
1276 1351 1391 1408 Sed
1423 1351 1739 1406 sciendum
1768 1354 1859 1405 est
1885 1349 2067 1404 aediﬁ-

394 1460 562 1498 casse
595 1442 763 1497 illum
785 1442 992 1512 altare,
1025 1441 1130 1497 sed
1161 1442 1306 1514 quia
1332 1441 1744 1497 inobedienter
1763 1440 1909 1496 illud
1927 1439 2066 1495 aedi-

392 1530 612 1597 ﬁcavit,
645 1545 767 1584 non
791 1531 1044 1586 Domino
1067 1530 1400 1586 aediﬁcasse
1432 1531 1797 1599 intelligitur.
1834 1529 1934 1584 Hic
1965 1546 2067 1584 au-

393 1621 511 1675 tem
544 1620 690 1692 quia
720 1620 1067 1676 obedienter
1107 1625 1163 1676 et
1192 1625 1348 1676 recte
1378 1621 1522 1676 illud
1554 1620 1891 1682 aediﬁcavit,
1942 1620 2056 1674 Do-

390 1711 561 1765 mino
593 1709 927 1766 aediﬁcasse
959 1710 1324 1783 perhibetur.

469 1823 496 1850 «
545 1800 820 1872 Dixitque
867 1799 1006 1857 Saul
1046 1799 1125 1855 ad
1169 1799 1463 1872 populum
1517 1817 1530 1855 :
1587 1799 1904 1872 Applicare
1941 1799 2060 1855 huc

393 1911 422 1940 ‹‹
463 1889 780 1945 universos
843 1889 1101 1959 angulos
1165 1889 1397 1962 populi.
1433 1908 1460 1940 ›
1510 1888 1776 1958 Angulos
1820 1887 2055 1960 populi,

387 1980 690 2052 principes
719 1979 930 2051 populi
961 1983 1158 2048 vocat,
1182 1979 1404 2052 quibus
1427 1979 1589 2034 idem
1618 1977 1906 2051 populus,
1931 1984 2060 2034 tan-

385 2085 572 2140 quam
599 2068 903 2140 lapidibus
934 2069 1072 2124 hinc
1099 2069 1239 2124 inde
1263 2069 1519 2141 parietes
1551 2069 1929 2138 inhaererent,
1954 2068 2055 2124 ad-

383 2158 670 2214 haerebat.
704 2158 924 2213 Deinde
954 2158 1224 2231 sequitur
1286 2175 1298 2210 :
1363 2158 1625 2223 Qualiter
1657 2163 1879 2213 sortem
1918 2158 2055 2214 mit-

384 2247 565 2302 tendo
596 2247 1008 2319 deprehensus
1027 2253 1114 2302 est
1142 2249 1457 2304 Jonathas.
1486 2248 1650 2303 Unde
1681 2252 1734 2302 et
1762 2248 1845 2304 ait
1870 2247 2007 2303 Saul
2039 2263 2052 2300 :

453 2359 483 2386 «
526 2341 658 2394 Haec
688 2338 865 2394 faciat
893 2338 1041 2393 mihi
1070 2341 1223 2394 Deus
1246 2343 1303 2394 et
1326 2338 1454 2393 haec
1485 2338 1689 2407 addat,
1710 2338 1855 2410 quia
1891 2353 2052 2392 mor-

379 2449 409 2478 «
448 2431 504 2483 te
519 2428 808 2500 morieris,
828 2428 1104 2484 Jonatha.
1130 2428 1279 2484 Dixit
1308 2445 1427 2502 que
1463 2428 1725 2501 populus
1767 2428 1846 2483 ad
1871 2427 2010 2484 Saul
2036 2443 2048 2482 :

379 2538 408 2567 «
450 2520 681 2588 Ergone
708 2517 999 2574 Jonathas
1030 2518 1325 2573 morietur
1348 2519 1451 2589 qui
1471 2518 1604 2572 fecit
1623 2517 1876 2572 salutem
1894 2516 2051 2572 hanc

380 2630 409 2658 «
451 2623 740 2677 magnam
768 2607 829 2663 in
852 2607 1029 2664 Israel
1065 2625 1078 2676 ;
1111 2608 1225 2663 hoc
1249 2607 1419 2662 nefas
1445 2613 1551 2663 est.
1587 2607 1880 2662 Liberavit
1907 2621 2051 2678 ergo

383 2697 717 2768 «'populus
765 2697 1092 2754 Jonatham
1138 2702 1203 2753 ut
1240 2713 1365 2752 non
1415 2703 1764 2751 moreretur.
1811 2718 1838 2745 »
1898 2700 2047 2752 Nota

376 2792 673 2859 quantum
714 2788 947 2860 prosint
987 2792 1290 2843 transacta
1339 2786 1502 2842 bona
1531 2793 1739 2842 contra
1767 2785 2050 2858 quielibet

377 2877 630 2931 minima
662 2877 911 2933 offensa.
940 2876 1056 2932 Nisi
1087 2876 1247 2931 enim
1270 2877 1588 2930 Ionatham
1621 2875 1917 2947 praeterita
1945 2875 2048 2930 ad-

371 2966 687 3037 juvissent,
717 2966 1094 3022 imminentia
1146 2965 1310 3022 mala
1357 2982 1751 3038 nequaquam
1794 2965 2045 3020 evadere

1526 247 1884 302 ANGELOMI
1925 243 2377 302 LUXOVIENSIS
2417 249 2732 308 MONACHI

3749 265 3850 336 ac;

2266 393 2293 417 «
2332 371 2604 445 Dixitque
2638 375 2776 432 Saul
2809 376 3005 433 Cinreo
3057 394 3071 432 ε
3130 377 3319 439 Abite.
3354 381 3637 448 recedite,
3671 389 3850 458 atque

2185 479 2210 505 ‹‹
2254 458 2595 518 descendite
2626 465 2703 520 ab
2735 466 2995 533 Amalec,
3031 483 3104 522 ne
3131 466 3277 522 forte
3297 467 3608 526 involvam
3632 478 3687 528 te
3712 491 3848 530 cum

2184 567 2212 596 «
2253 563 2346 616 eo,
2388 568 2418 601 ›
2452 557 2506 606 et
2535 552 2784 625 reliqua.
2813 555 3044 610 Cinaeus
3075 555 3201 628 ipse
3228 559 3536 614 estlethro
3551 570 3849 632 cognatus

2180 637 2384 707 Moysi,
2416 639 2490 695 de
2514 641 2685 711 cujus
2717 659 2932 711 genere
2959 650 3130 700 erant
3157 645 3356 715 Cinaei,
3382 648 3488 718 qui
3519 649 3850 707 descende-

2179 732 2314 782 rant
2343 729 2420 783 ad
2453 730 2716 802 Amalec,
2750 738 2806 788 et
2833 733 3189 790 habitabant
3209 752 3349 790 cum
3379 752 3471 807 eo,
3505 740 3614 811 qui
3635 741 3845 814 utique

2178 831 2388 873 eorum
2410 821 2896 890 consanguineus
2925 829 3072 890 erat,
3094 829 3151 879 et
3175 823 3586 883 haereditatem
3622 829 3682 884 in
3718 833 3848 902 ejus

2177 908 2333 962 terra
2361 907 2685 964 habebant.
2746 912 3205 968 Misericordiam
3251 930 3393 970 vero
3435 915 3675 972 Cinaaus
3707 935 3847 975 cum

2177 993 2311 1049 ﬁliis
2338 997 2520 1052 Israel
2550 998 2758 1055 fecisse
2801 1001 3037 1068 dicitur,
3072 1002 3190 1057 sive
3221 1002 3364 1074 quia
3404 1007 3646 1080 Moysen
3701 1007 3850 1065 fovit

2176 1081 2235 1137 in
2268 1087 2423 1142 terra
2451 1087 2705 1157 Madian,
2742 1089 2866 1145 sive
2895 1090 3040 1162 quia
3073 1091 3393 1147 concilium
3432 1093 3599 1150 dedit
3629 1097 3844 1168 Moysi,

2176 1172 2429 1243 qualiter
2471 1175 2914 1235 multitudinem
2953 1179 3163 1252 populi
3209 1180 3577 1250 gubernaret
3616 1186 3842 1252 (Exod.

2176 1264 2352 1333 xvm).

2247 1371 2274 1400 ‹‹
2318 1353 2663 1411 Nuntiatum
2688 1361 2778 1412 est
2801 1357 3061 1413 Samueli
3093 1374 3164 1414 eo
3190 1361 3353 1431 quod
3385 1361 3653 1418 venisset
3705 1364 3846 1420 Saul

2175 1461 2202 1488 ‹‹
2245 1441 2307 1496 in
2339 1445 2700 1508 Carmelum,
2747 1452 2804 1502 et
2851 1449 3134 1504 erexisset
3166 1449 3276 1504 sibi
3311 1449 3603 1508 fornicem
3629 1455 3846 1510 trium-

2175 1552 2202 1578 ‹‹
2247 1530 2512 1602 phalem.
2566 1557 2592 1583 ››
2650 1536 3038 1592 Consuetudo
3067 1543 3192 1593 erat
3223 1553 3456 1609 regum,
3491 1547 3556 1596 ut
3585 1544 3844 1614 quando

2173 1617 2421 1677 victoria
2440 1622 2843 1693 potiebantur,
2858 1625 3116 1682 facerent
3135 1642 3233 1682 arc
3243 1643 3364 1692 um,
3379 1628 3494 1684 hoc
3524 1636 3635 1700 est,
3652 1632 3843 1688 forni-

2092 1718 2137 1772 Β
2172 1723 2303 1763 cem
2334 1709 2408 1765 de
2437 1713 2704 1783 myrtetis
2725 1719 2780 1769 et
2808 1713 3026 1786 palmis
3054 1720 3109 1772 et
3138 1715 3332 1786 olivis,
3357 1718 3436 1773 ob
3469 1719 3725 1788 signum
3761 1724 3844 1778 vi—

2171 1798 2389 1865 ctoriae,
2421 1807 2599 1873 prout
2626 1803 2993 1873 quibusdam
3024 1805 3276 1860 videtur.
3299 1806 3592 1863 Caeterum
3617 1811 3666 1865 si
3699 1812 3841 1884 quis

2169 1901 2379 1944 arcum
2409 1904 2482 1944 ex
2509 1889 2813 1962 lapidibus
2838 1892 3164 1962 intelligere
3195 1894 3463 1958 voluerit,
3482 1897 3542 1952 in
3567 1915 3700 1970 quo
3720 1903 3842 1956 vic-

2169 1977 2381 2033 toriam
2404 1995 2578 2035 suam
2609 1997 2775 2037 more
2805 1997 3018 2052 regum
3047 1983 3419 2056 depinxerat,
3444 2002 3570 2042 non
3597 1989 3840 2045 inhibe-

2166 2082 2323 2134 mus,
2353 2069 2458 2123 sed
2502 2070 2881 2141 potissimum
2928 2074 3361 2144 consentimus,
3407 2077 3552 2147 quia
3579 2077 3640 2132 in
3673 2079 3844 2136 Salo-

2167 2172 2346 2212 mone
2376 2157 2629 2227 legimus
2687 2175 2700 2212 :
2760 2182 2786 2209 ‹‹
2823 2161 3147 2233 Dissipabit
3175 2161 3392 2233 impios
3420 2179 3524 2219 rex
3558 2167 3837 2239 sapiens,

2163 2249 2221 2300 et
2250 2247 2522 2302 curvabit
2551 2264 2730 2320 super
2759 2264 2862 2303 eos
2886 2249 3175 2305 fornicem
3207 2252 3409 2322 (Prov.
3443 2255 3559 2323 xx).
3589 2275 3618 2303 ››
3653 2257 3839 2321 Quod

2163 2334 2282 2390 alia
2307 2337 2614 2393 translatio
2665 2361 2692 2387 ‹‹
2732 2343 2927 2394 rotam
2960 2339 3249 2396 molarem
3293 2364 3321 2391 ››
3352 2341 3495 2397 dicit
3537 2362 3550 2411 ;
3603 2344 3666 2400 in
3703 2362 3837 2418 quo

2163 2423 2241 2479 ad
2289 2431 2573 2482 aeternam
2606 2427 2964 2484 memoriam
3000 2427 3215 2485 laudes
3250 2447 3320 2487 ac
3370 2431 3648 2489 victorias
3684 2452 3837 2492 suas

2159 2529 2331 2583 reges
2378 2514 2819 2572 describebant.

2235 2624 2262 2650 «
2303 2603 2394 2658 Ait
2416 2609 2617 2660 autem
2651 2605 2885 2662 Samuel
2907 2605 2988 2662 ad
3016 2606 3156 2663 Saul
3204 2624 3218 2662 :
3277 2609 3412 2666 Sine
3440 2626 3558 2682 me,
3588 2615 3647 2666 et
3677 2613 3839 2669 indi-

2160 2713 2188 2740 ‹‹
2231 2691 2382 2748 cabo
2409 2693 2511 2748 tibi
2538 2710 2673 2766 quas
2696 2693 2928 2749 locutus
2959 2695 3030 2750 sit
3062 2696 3350 2752 Dominus
3395 2699 3473 2753 ad
3505 2716 3602 2755 me
3623 2709 3835 2758 nocte.

2160 2801 2187 2829 «
2231 2781 2500 2854 Dixitque
2530 2783 2582 2838 ei
2635 2799 2647 2837 :
2702 2786 2986 2855 Loquere.
3030 2787 3096 2840 Et
3141 2785 3224 2841 ait
3250 2787 3490 2843 Samuel
3535 2806 3549 2844 :
3612 2793 3837 2848 Nonne

2160 2893 2186 2918 ‹‹
2229 2887 2366 2926 cum
2394 2872 2681 2943 parvulus
2711 2889 2872 2928 esses
2900 2873 2961 2928 in
2987 2874 3176 2929 oculis
3219 2876 3356 2942 tuis,
3389 2883 3573 2950 caput
3617 2879 3682 2934 in
3730 2883 3835 2936 tri-

2158 2981 2185 3006 ‹‹
2227 2958 2427 3014 bubus
2463 2961 2642 3016 Israel
2669 2962 2860 3018 factus
2887 2979 2950 3018 es
2979 2963 3006 3018 ‘?
3048 2985 3076 3012 ››
3112 2964 3264 3028 Quid
3313 2982 3421 3038 per
3460 2967 3833 3040 increpatio-

375 3058 690 3128 potuisset.
739 3061 866 3113 Non
896 3058 1056 3112 enim
1086 3055 1346 3128 injustus
1391 3071 1479 3111 est
1511 3060 1689 3120 Deus,
1723 3060 1787 3111 ut
1811 3055 2048 3111 oblivis-
2076 3080 2117 3133 ρ
2152 3063 2297 3103 nem
2319 3049 2495 3116 hanc,
2529 3051 2643 3105 nisi
2675 3051 2959 3123 superbia
2975 3051 3110 3107 elati
3142 3053 3619 3125 regisobjicitur?
3644 3060 3833 3123 Quod

376 3152 546 3204 catur
570 3147 875 3204 bonorum
905 3147 1249 3219 cujuspiam
1281 3162 1556 3218 operum.

1029 3291 1265 3345 CAPUT
1295 3291 1402 3345 XV.

450 3434 480 3467 α
524 3415 801 3486 Dixitque
830 3414 1074 3469 Samuel
1105 3415 1182 3469 ad
1215 3414 1357 3470 Saul
1390 3431 1402 3467 :
1458 3416 1537 3468 Me
1568 3414 1728 3467 misit
1757 3413 2042 3467 Dominus

379 3525 406 3552 ‹‹
447 3508 514 3558 ut
541 3517 833 3571 ungerem
858 3503 994 3556 tein
1028 3517 1230 3570 regem
1261 3517 1439 3573 super
1481 3501 1776 3572 populum
1809 3502 1938 3570 ejus
1968 3506 2042 3555 ls-

378 3614 406 3641 «
445 3591 589 3647 rael.
623 3594 786 3646 Nunc
810 3596 1010 3646 autem
1043 3591 1185 3645 audi
1216 3606 1425 3644 vocem
1461 3590 1691 3644 Domini
1726 3606 1738 3642 :
1795 3591 1928 3643 Haec
1957 3590 2042 3643 di-

375 3699 405 3734 ‹
447 3682 523 3736 cit
550 3680 840 3735 Dominus
873 3679 1243 3735 exercituum
1271 3695 1284 3732 :
1343 3679 1628 3733 Heceusui
1659 3694 2039 3749 quaecunque

375 3794 403 3822 «
443 3771 579 3826 fecit
599 3769 838 3826 Amalec
872 3769 1093 3837 lsraeli,
1120 3774 1252 3834 etc.,
1291 3789 1318 3816 ››
1353 3785 1667 3840 usquequo
1698 3769 1780 3822 ait
1813 3785 1824 3821 :
1855 3788 1883 3821 «
1914 3772 2038 3823 Non

373 3883 400 3911 α
442 3877 658 3934 parcas
680 3861 733 3916 ei
760 3866 816 3916 et
842 3876 962 3915 non
987 3859 1383 3930 concupiscas
1414 3875 1486 3912 ex
1509 3858 1687 3911 rebus
1720 3857 1909 3928 ipsius
1929 3857 2036 3912 ali-

373 3970 403 4004 ‹
441 3952 610 4022 quid,
652 3951 757 4006 sed
777 3949 1040 4005 interfice
1074 3965 1110 4004 a
1139 3948 1264 4003 viro
1306 3963 1496 4019 usque
1528 3946 1606 4001 ad
1628 3947 1962 4015 mulierem,
1982 3953 2037 4003 et

371 4059 402 4093 ‹
450 4039 772 4110 parvulum
803 4042 982 4110 atque
1009 4037 1328 4093 lactentem
1367 4035 1608 4106 bovem,
1644 4041 1698 4090 et
1730 4035 2034 4091 camelum

372 4151 401 4177 ‹‹
442 4133 500 4183 et
529 4127 787 4183 asinum.
823 4148 851 4176 ››
892 4131 1220 4182 Recensere
1251 4124 1466 4180 dicitur
1493 4126 1648 4180 Deus
1675 4125 1834 4181 mala
1859 4131 2034 4180 Ama-

368 4217 703 4282 lecitarum,
745 4215 897 4271 sicut
925 4231 1031 4287 per
1062 4218 1304 4286 Moysen
1343 4215 1485 4270 olim
1512 4217 1569 4269 in
1597 4215 1725 4284 lege
1754 4231 2032 4287 praenun-

369 4309 582 4363 tiatum
631 4305 842 4362 fuerat.
899 4305 1064 4361 Unde
1095 4306 1233 4361 ideo
1257 4307 1533 4376 jumenta
1581 4305 1821 4360 Amalec
1850 4305 2030 4360 Israel

2156 3138 2230 3193 ad
2269 3139 2698 3195 correctionem
2731 3157 2908 3196 suam
2938 3142 3153 3213 poterit
3178 3143 3434 3216 quisque
3455 3146 3561 3218 qui
3591 3148 3814 3219 praela~

2154 3232 2250 3283 tus
2283 3233 2370 3283 est
2400 3235 2761 3284 convertere.
2797 3229 3118 3286 Parvulum
3146 3247 3208 3286 se
3229 3233 3369 3288 Saul
3397 3235 3459 3289 in
3490 3235 3612 3290 suis
3647 3237 3830 3308 prius

2153 3317 2340 3373 oculis
2371 3317 2614 3385 viderat,
2660 3319 2767 3374 sed
2797 3318 2978 3375 fultus
3011 3321 3326 3394 temporali
3352 3325 3640 3396 potentia,
3684 3329 3828 3398 jam

2152 3423 2213 3461 se
2258 3408 2576 3479 parvulum
2633 3425 2756 3464 non
2807 3409 3068 3466 videbat.
3124 3415 3483 3469 Caeterorum
3541 3431 3829 3489 namque

2151 3499 2584 3570 comparationi
2617 3514 2681 3552 se
2726 3499 3066 3570 przeferens,
3106 3502 3251 3572 quia
3280 3501 3415 3573 plus
3445 3505 3678 3560 cunctis
3711 3523 3826 3578 po-

2150 3591 2316 3652 terat,
2362 3603 2654 3654 magnum
2699 3603 2759 3642 se
2786 3604 2908 3659 prae
2948 3589 3233 3644 omnibus
3266 3591 3618 3648 aestimabat.
3672 3597 3826 3652 Miro

2149 3684 2349 3732 autem
2381 3678 2586 3748 modo,
2614 3694 2752 3733 cum
2783 3678 2949 3749 apud
2981 3695 3041 3734 se
3063 3680 3372 3751 parvulus,
3406 3683 3572 3754 apud
3605 3685 3820 3742 Domi-

2148 3783 2293 3821 num
2332 3782 2588 3835 magnus
2640 3783 2652 3820 2
2705 3784 2843 3822 cum
2868 3783 3006 3823 vero
3037 3768 3204 3840 apud
3235 3785 3294 3824 se
3327 3786 3588 3840 magnus
3613 3789 3820 3846 appa—

2146 3857 2278 3922 ruit,
2313 3855 2478 3927 apud
2527 3859 2714 3910 Deum
2755 3857 3044 3928 parvulus
3083 3857 3210 3913 fuit.
3263 3859 3625 3933 Plerumque
3659 3881 3816 3933 ergo

2145 3944 2292 4000 dum
2332 3961 2405 4000 ex
2444 3944 2852 4016 subjectorum
2901 3944 3209 4003 afﬂuentia
3256 3949 3496 4004 animus
3536 3951 3819 4022 inﬂatur,

2143 4036 2204 4090 in
2238 4040 2450 4090 luxum
2499 4036 2792 4108 superbire
2823 4036 2955 4108 ipso
2998 4037 3272 4109 potentiae
3314 4037 3552 4108 fastigio
3583 4040 3821 4099 lenoci-

2142 4129 2322 4180 nante
2351 4125 2771 4197 corrumpitur.
2807 4126 2978 4191 Quod
3015 4127 3173 4183 Sauli
3205 4128 3526 4197 contigisse
3559 4129 3815 4200 dicitur,

2141 4215 2236 4270 cui
2283 4219 2339 4271 et
2385 4215 2598 4270 dicitur
2659 4232 2672 4269 :
2721 4218 2987 4270 «Nonne
3035 4232 3176 4271 cum
3221 4217 3511 4288 parvulus
3544 4234 3713 4276 esses
3747 4223 3818 4278 in

2141 4305 2328 4360 oculis
2377 4305 2509 4370 tuis,
2552 4311 2734 4377 caput
2761 4305 2821 4360 in
2857 4305 3131 4360 tribubus
3172 4306 3350 4362 Israel
3399 4307 3594 4364 factus
3624 4313 3740 4366 es?
3783 4333 3812 4361 ιι

366 4396 656 4452 Dominus
673 4394 942 4450 demoliri
962 4395 1152 4465 jubet,
1180 4400 1246 4450 ut
1270 4411 1379 4452 nec
1407 4396 1467 4449 in
1493 4395 1780 4465 jumentis
1806 4411 2029 4449 memo-
2061 4433 2102 4487 Β
2144 4395 2277 4450 Acsi
2307 4394 2602 4450 diceretur
2631 4411 2642 4448 :
2703 4398 2850 4449 (lum
2875 4400 2936 4450 tu
2963 4400 3015 4450 te
3045 4395 3367 4467 parvulum
3395 4398 3812 4470 conspiceres,

363 4486 452 4542 ria
480 4485 665 4541 ﬁeret.
691 4484 980 4540 Dominus
1004 4483 1163 4540 enim
1184 4480 1420 4539 dixerat
1449 4501 1509 4538 se
1536 4483 1874 4538 deleturum
1904 4500 2029 4539 me-

365 4576 620 4631 moriam
655 4573 898 4630 Amalec
923 4573 997 4629 de
1033 4573 1146 4628 sub
1179 4573 1330 4629 coelo
1372 4589 1385 4626 :
1426 4573 1648 4627 idcirco
1683 4573 2025 4644 praecipitur

366 4665 547 4736 Sauli,
576 4670 640 4721 ut
669 4682 803 4721 eam
821 4664 1060 4736 penitus
1081 4663 1157 4719 ab
1179 4663 1422 4719 homine
1447 4679 1636 4734 usque
1658 4663 1732 4717 ad
1749 4663 2023 4732 junienia

361 4757 600 4812 deleret.
634 4759 700 4811 Et
725 4756 868 4827 quia
898 4755 1028 4825 ejus
1054 4754 1347 4809 memoria
1393 4753 1630 4825 penitus
1675 4751 1872 4807 deleta
1898 4768 2020 4806 non

359 4847 487 4914 fuit,
520 4845 711 4901 Saulis
737 4851 1052 4918 peccatum
1084 4849 1138 4900 et
1162 4842 1565 4899 inobedientia
1598 4842 1656 4896 in
1681 4858 1866 4896 causa
1891 4857 2020 4896 exs-

359 4936 488 5000 titit,
521 4937 670 4991 sicut
702 4951 960 5008 sequens
981 4934 1232 4990 historia
1263 4933 1624 4989 ostendit.De
1651 4948 1774 5004 quo
1787 4932 2016 4987 Amale-

361 5025 476 5078 cita
505 5025 566 5078 in
618 5025 772 5079 libro
822 5023 1266 5080 Deuteronomii
1323 5022 1537 5078 dicitur
1595 5039 1606 5077 :
1669 5044 1696 5070 «
1729 5025 2018 5078 Memento

357 5112 522 5184 quod
554 5111 755 5166 fecerit
779 5111 884 5168 tibi
911 5113 1156 5168 Amalec
1182 5113 1244 5167 in
1273 5112 1370 5168 via
1400 5110 1649 5184 quando
1671 5110 2017 5179 egredieba-

357 5203 437 5256 ris
484 5217 555 5256 ex
597 5205 873 5272 Egypto,
923 5201 1234 5274 quomodo
1264 5201 1586 5256 occurrerit
1632 5206 1689 5254 et
1718 5205 2014 5255 extremos

357 5292 615 5361 agminis
647 5293 749 5358 tui,
783 5291 887 5364 qui
926 5290 1066 5346 lassi
1092 5290 1455 5358 residebant,
1507 5290 1784 5346 ceciderit
1813 5291 2009 5359 (Deut.

356 5383 514 5450 xxv).
549 5400 580 5433 ›
643 5383 853 5436 Lassos
899 5381 994 5436 hic
1036 5381 1265 5435 Hebraei
1293 5380 1644 5435 immundos
1677 5379 2014 5434 secundum

358 5467 571 5535 legem,
595 5474 761 5523 extra
790 5475 984 5524 castra
1014 5459 1326 5524 manentes
1356 5469 1708 5537 intelligunt.
1739 5471 1898 5532 Quos
1925 5484 2018 5522 ce-

359 5556 574 5609 cidisse
625 5557 960 5613 Amalecitaa
1017 5559 1321 5626 dicuntur,
1355 5559 1519 5630 quia,
1562 5561 1713 5613 sicut
1748 5558 1866 5630 ipsi
1895 5563 2012 5614 tra-

357 5645 529 5713 dunt,
561 5660 768 5700 eorum
795 5647 1310 5703 circumcisionem
1335 5652 1824 5720 amputaverunt,
1866 5655 1923 5702 et
1950 5647 2011 5703 in

360 5732 898 5790 subsannationem
926 5737 1026 5792 Dei
1050 5737 1113 5792 in
1141 5736 1361 5793 coelum
1390 5738 1791 5810 proiecerunt.

2141 4501 2251 4554 ego
2283 4491 2336 4540 te
2376 4501 2497 4557 prae
2529 4485 2754 4539 caeteris
2798 4501 3091 4554 magnum
3122 4484 3254 4542 feci.
3303 4487 3453 4551 Quia
3483 4504 3625 4544 vero
3658 4496 3720 4545 tu
3753 4500 3810 4548 te

2137 4590 2428 4644 magnum
2458 4573 2778 4646 conspicis,
2810 4590 2846 4629 a
2875 4589 2973 4629 me
3004 4575 3294 4646 parvulus
3317 4576 3659 4634 aestimaris.
3689 4581 3813 4636 Un-

2133 4665 2206 4719 de
2233 4681 2368 4719 cum
2393 4679 2428 4718 a
2461 4663 2734 4719 Samuele
2757 4664 3187 4735 increparetur,
3219 4682 3409 4737 quare
3444 4683 3656 4723 vocem
3690 4670 3809 4726 Do—

2132 4753 2276 4808 mini
2291 4769 2411 4808 non
2427 4752 2696 4820 audierit,
2713 4769 2780 4808 ex
2804 4753 3106 4824 ipsofastu
3133 4755 3431 4827 superbiae
3453 4759 3806 4828 respondit,

2129 4842 2334 4897 dicens
2365 4859 2376 4895 :
2403 4863 2431 4890 ‹‹
2461 4843 2587 4897 Imo
2620 4842 2824 4896 audivi
2849 4858 3061 4897 vocem
3107 4844 3362 4909 Domini,
3397 4849 3453 4899 et
3479 4845 3807 4904 ambulavi

2127 4933 2186 4988 in
2217 4932 2313 4987 via
2342 4947 2448 5002 per
2467 4948 2654 5003 quam
2671 4931 2831 4986 misit
2855 4948 2952 4986 me
2985 4933 3291 4989 Dominus.
3321 4956 3348 4983 »
3383 4934 3599 4990 Malum
3628 4937 3808 4993 enim

2128 5037 2312 5093 supra
2338 5020 2570 5076 malum
2606 5021 2844 5092 adjecit,
2877 5021 3021 5093 quia
3052 5022 3296 5094 culpam
3327 5039 3501 5078 suam
3537 5039 3664 5080 non
3702 5043 3810 5082 so-

2125 5111 2250 5166 lum
2283 5125 2610 5181 agnoscere
2638 5109 2926 5178 dignatus
2956 5115 3068 5176 est,
3101 5111 3207 5167 sed
3228 5112 3405 5168 etiam
3431 5113 3804 5184 superbien-

2125 5201 2204 5256 do
2236 5199 2555 5256 defendere
2587 5200 2833 5270 studuit,
2875 5216 2946 5256 ac
2986 5216 3091 5272 per
3117 5201 3233 5256 hoc
3275 5200 3665 5258 defendendo
3698 5222 3807 5261 ac-

2126 5290 2472 5346 cumulavit.
2503 5289 2766 5362 Denique
2796 5290 2856 5344 in
2886 5290 3001 5345 hoc
3026 5290 3192 5362 quod
3219 5289 3566 5361 subjungit:

2197 5400 2226 5432 ‹
2265 5379 2414 5434 Tulit
2437 5385 2638 5434 autem
2670 5377 2933 5450 populus
2967 5379 3042 5434 de
3075 5379 3282 5451 praeda
3311 5395 3454 5434 oves
3480 5385 3538 5434 et
3566 5379 3801 5455 boves,

2124 5491 2151 5517 «
2192 5469 2483 5540 primitias
2515 5484 2726 5522 eorum
2746 5483 2879 5539 quae
2905 5484 3062 5523 caesa
3089 5473 3248 5536 sunt,
3283 5473 3345 5522 ut
3369 5468 3646 5525 immolet
3682 5471 3805 5527 Do-

2123 5580 2150 5606 ‹‹
2194 5557 2358 5612 mino
2389 5560 2504 5612 Deo
2535 5572 2644 5611 suo
2671 5557 2730 5610 in
2763 5555 3039 5626 Galgalis.
3075 5580 3104 5606 »
3129 5557 3400 5612 Primitias
3431 5557 3527 5612 hic
3551 5575 3624 5615 ea
3648 5577 3800 5632 quae

2120 5649 2356 5720 potiora
2393 5652 2450 5702 et
2489 5647 2739 5702 meliora
2784 5652 2971 5713 erant,
3013 5647 3412 5716 intelligendas
3465 5654 3631 5704 sunt.
3691 5654 3804 5707 Se-

2122 5737 2348 5809 quitur.
