3944 6414
102 305 196 358 305

1087 303 1346 359 ENARB.
1390 305 1459 359 IN
1500 297 1747 357 LIBROS
1785 299 2044 363 REGUM.
2088 342 2156 353 —-
2196 314 2263 369 IN
2310 315 2442 370 LIB.
2487 315 2528 371 Ι.

3433 321 3536 376 306

164 449 190 475 κ
229 427 292 480 Et
323 423 407 480 ait
439 423 716 480 Samuel:
769 425 1054 499 Nunquid
1103 427 1232 484 vult
1260 426 1550 484 Dominus
1578 423 1744 481 holo-
1781 426 1826 478 A
1869 431 1926 483 et
1955 435 2331 492 sacerdotem
2363 436 2440 492 ad
2478 454 2539 493 se
2563 437 2927 506 venientem,
2979 439 3303 496 Dominum
3334 439 3540 498 videli'

101 540 126 566 α
162 520 370 572 eausta
399 519 459 578 et
489 514 787 580 victimas,
815 521 870 572 et
913 533 1036 572 non
1092 519 1292 590 potius
1325 525 1388 574 ut
1439 515 1756 573 obediatur

100 629 123 655 α
162 605 284 660 voci
316 604 556 661 Domini
584 605 612 660 ‘I
632 605 830 662 Melior
871 611 963 662 est
992 607 1151 664 enim
1197 607 1538 663 obedientia
1568 620 1756 678 quam

99 717 123 745 «
160 693 409 750 victimae
441 711 456 761 ;
484 697 540 750 et
563 693 903 750 auscultare
927 696 1124 768 magis
1149 711 1338 769 quam
1367 695 1601 752 auferre
1635 693 1758 749 adi-

97 807 123 834 α
160 799 294 856 pem
324 783 600 840 arietum.
632 784 931 849 Quoniam
983 785 1162 858 quasi
1187 790 1500 858 peccatum
1553 783 1754 839 hario-

95 895 120 924 α
157 871 314 930 landi
340 878 430 929 est
478 888 839 944 repugnare,
878 879 935 930 et
963 875 1138 948 quasi
1173 875 1370 931 scelus
1401 873 1755 930 idololatriae

96 987 120 1011 κ
159 962 309 1018 nolle
340 979 725 1036 acquescere.
779 985 806 1012 »
842 964 942 1020 Hic
975 964 1136 1020 enim
1192 982 1315 1022 non
1365 964 1530 1021 aliud
1559 963 1754 1020 dicere

94 1053 559 1126 possumus,nisi
588 1054 954 1109 sententiam
974 1055 1196 1110 summi
1217 1055 1548 1111 tractatoris
1579 1069 1752 1126 papa;

93 1143 360 1213 Gregorii,
393 1159 583 1216 quam
609 1143 671 1198 in
700 1143 869 1200 libris
899 1144 1208 1200 Moralium
1239 1145 1544 1202 moraliter
1571 1160 1752 1216 expo-

93 1249 255 1298 nens,
279 1234 430 1288 dum
462 1233 537 1288 de
565 1233 730 1289 bono
770 1233 1126 1290 obedientia:
1173 1239 1548 1302 tractaretur,
1598 1234 1750 1290 inse-

92 1322 216 1386 ruit,
243 1323 332 1378 Ait
357 1321 556 1378 enim:
606 1322 962 1379 Obedientia
1003 1323 1262 1380 victimis
1292 1325 1427 1397 jure
1453 1323 1752 1398 praeponi-

91 1416 196 1478 tur,
227 1411 371 1484 quia
393 1428 504 1486 per
543 1411 814 1469 victimas
853 1413 1052 1469 aliena
1101 1430 1264 1482 caro,
1317 1430 1425 1487 per
1468 1413 1751 1470 obedien-

93 1501 225 1556 tiam
254 1517 392 1557 vero
418 1501 698 1558 voluntas
726 1503 971 1576 propria
993 1508 1308 1559 mactatur.
1359 1507 1545 1560 Tanto
1568 1503 1749 1572 igitur

89 1591 334 1664 quisque
382 1592 555 1648 citius
609 1593 796 1648 Deum
847 1593 1066 1666 placat,
1122 1594 1374 1668 quando
1425 1599 1563 1651 ante
1617 1594 1747 1665 ejus

91 1681 304 1746 oculos,
337 1698 616 1755 repressa
644 1682 869 1739 arbitrii
899 1684 1203 1756 superbia,
1232 1685 1432 1754 gladio
1464 1683 1746 1758 praecepti

1867 517 2004 576 licet
2031 524 2351 597 Christum,
2385 527 2646 600 recipere
2674 528 3015 585 noluerunt.

1938 631 1965 659 «
2010 613 2192 671 Porro
2221 616 2621 690 triumphator
2649 617 2711 673 in
2738 617 2916 674 Israel
2946 634 3069 674 non
3094 625 3300 692 parcet
3329 625 3385 678 et
3409 638 3539 695 poe-

1866 719 1893 747 «
1935 698 2205 758 nitudine
2250 720 2372 759 non
2425 706 2724 762 ﬂectetur:
2759 721 2956 779 neque
3000 707 3163 763 enim
3189 709 3376 766 homo
3424 714 3532 779 est,

1865 809 1892 836 ‹‹
1939 793 2001 844 ut
2061 797 2202 861 agat
2259 794 2697 866 paenitentiam.
2756 819 2782 844 ››
2849 797 2914 850 In
2967 796 3214 853 Hebraeo
3279 798 3532 869 legitur:

1864 899 1892 924 «
1935 879 2118 935 Porro
2200 882 2599 955 triumplator
2665 884 2842 940 Israel
2913 870 3037 941 non
3102 887 3440 944 mentietur.
3500 909 3532 943 »

1861 966 2282 1040 Triumphator
2329 972 2435 1027 iste
2500 975 2653 1028 Deus
2711 979 2817 1035 est,
2881 974 2977 1029 cui
3036 976 3234 1030 omnis
3289 977 3534 1035 victoria

1860 1060 2016 1111 recte
2089 1060 2425 1115 ascribitur.
2483 1065 2606 1117 Non
2674 1062 3011 1129 mentietur,
3071 1065 3216 1136 quia
3273 1083 3345 1122 ea
3393 1084 3531 1139 quaa

1859 1145 2149 1216 promittit
2205 1149 2317 1204 sibi
2360 1149 2796 1206 famulantibus
2840 1151 3108 1221 largitur.
3162 1155 3531 1212 Pcenitudine

1859 1249 1982 1289 non
2024 1234 2299 1301 ﬂectitur,
2344 1239 2488 1310 quia
2541 1255 2664 1294 non
2723 1241 2971 1312 paenitet
3027 1258 3166 1298 eum
3224 1244 3298 1299 de
3351 1245 3528 1301 bonis

1857 1339 1993 1395 quae
2019 1324 2269 1394 largitus
2299 1333 2406 1397 est,
2438 1328 2582 1400 quia
2638 1330 2948 1385 mutabilis
2983 1347 3105 1386 non
3134 1336 3241 1398 est,
3289 1335 3393 1389 sed
3444 1352 3532 1390 se-

1857 1413 2126 1470 cundum
2163 1416 2461 1484 justitiam
2492 1422 2548 1474 et
2572 1419 2884 1475 veritatem
2904 1420 3186 1476 universa
3217 1422 3526 1492 dijudicat.

1929 1524 1957 1551 ‹‹
2005 1504 2276 1578 Dixitque
2337 1507 2505 1562 Saul:
2569 1508 2834 1576 Peccavi,
2899 1508 3005 1564 sed
3076 1526 3239 1565 nunc
3293 1511 3531 1569 honora

1857 1614 1886 1642 «
1929 1609 2024 1648 me
2082 1610 2288 1650 coram
2345 1596 2682 1652 senioribus
2740 1598 2951 1669 populi
3009 1598 3147 1665 mei,
3207 1604 3265 1655 et
3319 1617 3527 1657 coram

1856 1703 1884 1730 α
1930 1683 2128 1739 Israel.
2168 1707 2194 1734 »
2221 1685 2352 1740 Acsi
2379 1685 2664 1742 dixisset:
2723 1687 2965 1743 Honora
2995 1705 3091 1742 me
3125 1689 3277 1744 sicut
3320 1706 3526 1759 regem

92 1787 144 1824 se
182 1771 467 1828 immolat.
512 1774 642 1836 Quo
683 1773 1002 1844 contrario,
1049 1774 1388 1831 hariolandi
1427 1781 1743 1848 peccatum
1789 1786 1828 1839 Β
1857 1777 1918 1827 ut
1947 1787 2060 1841 ego
2091 1775 2434 1845 praecedam
2467 1775 2616 1830 sicut
2649 1793 2770 1841 rex,
2797 1783 2853 1832 et
2883 1782 2944 1832 tu
2973 1778 3267 1850 sequaris,
3291 1785 3354 1835 ut
3384 1779 3528 1836 ado-

93 1860 482 1918 inobedientia
507 1862 742 1926 dicitur.
777 1868 842 1918 ut
874 1864 1124 1936 quando
1155 1864 1228 1920 sit
1259 1865 1444 1920 virtus
1466 1864 1748 1921 obedien-

93 1951 171 2004 tiae
199 1951 750 2008 demonstretur.Ex
776 1953 1036 2010 adverso
1063 1970 1207 2025 ergo
1235 1955 1450 2012 melius
1481 1953 1744 2012 ostendi-

93 2046 174 2095 tur
197 2041 336 2114 quid
366 2043 441 2097 de
501 2044 632 2113 ejus
663 2042 841 2098 laude
894 2043 1207 2100 sentiatur.
1267 2046 1323 2103 Si
1378 2046 1539 2102 enim
1569 2045 1742 2118 quasi

93 2137 382 2200 peccatum
413 2132 782 2200 hariolandi,
815 2137 906 2189 est
933 2150 1294 2206 repugnare,
1323 2140 1378 2191 et
1418 2135 1592 2208 quasi
1620 2151 1743 2190 sce-

91 2218 171 2273 lus
195 2220 731 2289 idololatritrmolle
753 2222 1156 2295 acquiescere;
1187 2224 1314 2280 sola
1343 2230 1431 2280 est
1453 2224 1739 2280 obedien-

92 2310 162 2363 tia
187 2325 316 2382 qua:
348 2311 488 2367 ﬁdei
524 2311 806 2367 meritum
840 2313 1129 2385 possidet,
1171 2329 1297 2386 qua
1325 2314 1451 2370 sine
1479 2314 1739 2388 quisque

90 2397 324 2456 infidelis
357 2401 652 2457 videatur.
703 2402 845 2458 Hinc
875 2418 982 2475 per
1023 2404 1407 2460 Salomonem
1455 2404 1516 2460 in
1544 2410 1742 2460 osten-

91 2487 238 2544 sione
267 2491 623 2546 obedientiee
653 2491 902 2548 dicitur:
961 2515 990 2543 «
1022 2493 1118 2548 Vir
1147 2493 1436 2550 obediens
1475 2494 1740 2566 loquitur

88 2577 339 2635 victorias
372 2582 583 2646 (Prov.
616 2581 758 2652 χχι).
789 2604 816 2631 ››
850 2581 952 2638 Vir
981 2583 1207 2657 quippe
1238 2584 1529 2640 obediens
1550 2585 1736 2640 victo-

88 2666 190 2721 rias
239 2668 546 2742 loquitur:
609 2671 754 2743 quia
781 2671 930 2728 dum
982 2673 1209 2728 alizenaa
1266 2675 1397 2730 voci
1436 2674 1738 2730 humiliter

87 2757 397 2826 subdimur,
428 2761 834 2834 nosmetipsos
863 2762 925 2817 in
949 2764 1130 2818 corde
1161 2780 1545 2836 superamus.
1581 2764 1736 2831 Quid

86 2848 225 2903 enim
255 2850 499 2921 prodest
530 2851 844 2908 indiscrete
898 2855 1014 2909 Deo
1045 2853 1276 2928 aliquid
1316 2856 1528 2911 oflerre
1560 2855 1730 2923 velle,

89 2942 136 2990 et
163 2938 282 3008 ejus
297 2941 593 2997 contraire
621 2943 934 3014 prteceptis
951 2945 979 2998 ?
1004 2943 1154 3009 Quia
1174 2960 1567 3018 nequaquam
1597 2946 1733 3018 quis

89 3026 228 3082 valet
251 3028 321 3083 de
349 3029 570 3086 oblatis
594 3031 946 3087 muneribus
967 3033 1292 3090 Dominum
1325 3035 1438 3090 sibi
1471 3034 1728 3107 placare,

1857 1878 1982 1917 rem
2015 1863 2338 1919 Dominum
2372 1865 2557 1920 Deum
2603 1870 2794 1922 tuum.
2847 1869 3027 1922 Senes
3068 1873 3271 1923 autem
3315 1869 3525 1941 populi

1855 1951 1966 2020 sui,
1998 1968 2172 2006 suam
2203 1953 2421 2008 tribum
2449 1973 2461 2020 ;
2495 1960 2549 2010 et
2577 1971 2784 2010 coram
2827 1955 3023 2021 Israel,
3055 1963 3302 2012 caeteras
3334 1958 3525 2013 tribus

1857 2040 2054 2110 Israel,
2084 2041 2244 2097 dicit.
2279 2042 2392 2097 Sed
2447 2043 2507 2098 in
2539 2044 2651 2098 hoc
2681 2044 2848 2116 quod
2902 2045 3018 2100 ait:
3080 2068 3107 2094 ‹‹
3151 2045 3394 2101 Honora
3427 2063 3524 2102 me

1853 2147 2059 2186 coram
2119 2131 2456 2186 senioribus
2509 2157 2535 2181 «
2596 2133 2804 2205 populi
2846 2133 2982 2200 mei,
3018 2157 3045 2182 ››
3096 2135 3522 2192 verecundiam

1853 2237 2071 2292 passus
2105 2237 2174 2275 ac
2209 2221 2492 2294 superbia
2535 2223 2812 2277 detentus
2857 2223 3092 2280 locutus
3124 2229 3229 2291 est,
3272 2223 3418 2297 quia
3451 2225 3521 2280 ti-

1852 2309 2057 2365 mebat
2105 2310 2363 2365 honores
2419 2312 2711 2380 amittere,
2768 2317 2825 2367 et
2888 2313 3025 2368 ideo
3074 2327 3199 2368 non
3265 2313 3524 2370 obtinuit

1849 2398 2017 2471 quod
2044 2399 2230 2471 petiit,
2259 2399 2464 2456 dicens
2493 2418 2504 2455 :
2559 2424 2586 2450 «
2619 2402 2890 2468 Peccavi,
2941 2425 2968 2451 ››
3001 2407 3056 2458 et
3079 2402 3332 2476 reliqua.
3387 2403 3520 2468 Qui-

1849 2487 2015 2559 squis
2079 2489 2241 2544 enim
2310 2489 2425 2545 sub
2471 2491 2668 2563 specie
2735 2490 3130 2547 confessionis
3203 2492 3512 2549 humanos

1847 2577 2049 2634 adhuc
2071 2577 2332 2633 honores
2365 2579 2633 2636 amittere
2666 2579 2852 2646 timet,
2896 2581 3003 2636 iste
3052 2580 3514 2651 indulgentiam,

1844 2683 2032 2740 quam
2061 2667 2199 2722 ﬁcta
2229 2668 2564 2724 humilitate
2596 2669 2879 2741 postulat,
2901 2685 2936 2725 a
2971 2673 3088 2725 Deo
3121 2671 3370 2742 adipisci
3393 2687 3516 2726 non

1844 2755 2023 2812 valet.
2060 2760 2259 2828 Neque
2289 2757 2449 2812 enim
2479 2763 2675 2828 potest
2706 2759 2765 2813 in
2817 2759 3193 2816 confessione
3224 2761 3517 2833 poeniten-

1844 2844 1937 2899 tite
1970 2847 2214 2918 assequi
2239 2848 2500 2912 veniam,
2530 2847 2631 2903 ubi
2661 2847 2832 2920 praeit
2875 2848 3052 2904 elatio
3093 2850 3328 2904 mentis.
3362 2853 3513 2904 Nam

1841 2934 1984 3006 quid
2011 2935 2177 2991 aliud
2208 2942 2315 3002 est,
2345 2937 2419 2991 de
2451 2943 2620 2993 reatu
2643 2937 2924 2994 facinoris
2950 2938 3012 2994 in
3043 2943 3369 3011 conspectu
3401 2940 3507 2995 bo-

1840 3024 2076 3080 minum
2105 3027 2461 3097 reprehendi
2491 3027 2785 3098 refugere,
2820 3027 2932 3083 nisi
2965 3028 3254 3100 superbia
3288 3029 3507 3096 cordis,

87 3115 175 3186 qui
207 3118 442 3190 negligi:
472 3119 896 3194 obtemperare
920 3121 1128 3192 jussis,
1176 3124 1327 3185 Quia
1355 3125 1514 3180 enim
1546 3125 1730 3181 bono-
1763 3149 1803 3203 C
1843 3131 1946 3184 per
1965 3132 2153 3187 quam
2183 3122 2479 3188 peccator,
2525 3117 2673 3172 dum
2701 3116 3018 3189 displicere
3042 3117 3394 3173 hominibus
3422 3134 3509 3173 re-

88 3221 203 3261 rum
232 3214 574 3265 nostrorum
604 3225 725 3266 non
758 3211 1004 3282 indiget,
1050 3218 1260 3270 nostra
1285 3213 1526 3270 datione
1557 3215 1723 3270 mini-

88 3309 168 3350 me
188 3299 468 3368 pascitur:
501 3306 559 3355 et
588 3300 668 3355 ob
689 3301 804 3356 hoc
824 3301 1038 3358 melior
1066 3309 1154 3359 est
1173 3303 1514 3360 obedientia
1539 3321 1727 3378 quam

91 3384 328 3444 nctimaa.
365 3391 440 3444 De
470 3405 602 3463 qua
623 3389 860 3463 plenius
892 3390 954 3446 in
993 3391 1160 3448 libris
1189 3393 1500 3450 Moralium
1530 3394 1725 3465 legere

88 3474 203 3544 quis
229 3479 468 3548 poterit:

147 3617 170 3641 «
209 3597 466 3672 Dixitque
489 3599 633 3654 Saul
677 3600 754 3656 ad
779 3601 1054 3659 Samuel:
1090 3603 1356 3674 Peccavi,
1404 3604 1548 3676 quia
1579 3619 1727 3676 prte-

94 3702 114 3730 ι
155 3686 426 3742 varicatus
476 3705 617 3743 sum
670 3707 1012 3748 sermonem
1060 3693 1318 3762 Domini,
1358 3715 1385 3742 ››
1415 3699 1471 3748 et
1496 3692 1725 3764 reliqua

89 3788 374 3846 usquequo
400 3777 506 3847 ait,
543 3800 570 3824 ‹‹
601 3783 658 3833 et
697 3781 947 3851 projecit
976 3786 1029 3836 te
1070 3782 1359 3836 Dominus
1401 3798 1476 3837 ne
1509 3783 1587 3836 sis
1621 3798 1722 3837 rex

89 3881 110 3904 «
150 3877 314 3935 super
358 3866 563 3922 Israel.
625 3890 652 3916 ››
703 3869 956 3942 Corripit
1008 3871 1304 3942 propheta
1356 3887 1559 3941 regem
1613 3887 1722 3943 pro

87 3947 479 4023 inobedientia,
541 3955 686 4027 quia
737 3958 1095 4014 mandatum
1156 3959 1392 4032 explere
1445 3976 1566 4016 non
1621 3977 1721 4016 cu-

87 4040 231 4111 ravit,
277 4045 670 4118 prmdixitque
720 4048 770 4102 ei
814 4064 1072 4117 regnum
1116 4049 1530 4119 dimissurum,
1575 4050 1723 4123 quia

89 4131 461 4192 rectitudinem
515 4137 949 4194 mandatorum
1007 4139 1106 4194 Dei
1161 4141 1330 4212 sequi
1390 4141 1598 4196 noluit.
1657 4144 1721 4197 Et

89 4223 268 4276 merito
317 4223 408 4282 ille
463 4226 541 4281 de
596 4228 906 4298 potestatis
964 4228 1227 4284 culmine
1274 4229 1574 4300 abjicitur,
1615 4231 1720 4304 qui

87 4307 173 4362 rite
221 4313 475 4381 regimen
537 4321 738 4372 tenere
799 4318 1009 4373 nescit.
1065 4322 1192 4390 Ipse
1245 4319 1406 4374 enim
1452 4320 1720 4388 regimen

88 4396 174 4451 rite
200 4405 362 4473 tenet,
417 4406 522 4477 qui
585 4422 646 4461 se
678 4407 969 4478 superiori
1025 4424 1132 4480 per
1189 4408 1587 4466 humilitatem
1639 4409 1718 4466 ad

87 4485 453 4550 obediendum
496 4494 760 4566 subjicit,
816 4503 873 4552 et
924 4497 1184 4553 inferiori
1234 4515 1342 4570 per
1391 4499 1714 4555 auctorita-

88 4577 186 4630 tem
235 4579 306 4635 ad
359 4582 705 4640 docendum
758 4587 1090 4658 anteponit.
1143 4587 1199 4642 Si
1231 4588 1393 4643 enim
1441 4589 1582 4644 Saul
1614 4589 1716 4645 Dei

88 4667 353 4725 mandatis
380 4672 673 4736 obediret.
702 4675 810 4731 rite
836 4675 1064 4749 populo
1092 4683 1390 4748 praeesset.

147 4820 168 4845 «
208 4803 264 4857 Et
281 4819 602 4863 conversus
632 4814 720 4864 est
753 4809 994 4865 Samuel
1026 4815 1090 4866 ut
1117 4809 1348 4879 abiret;
1389 4811 1485 4868 ille
1503 4818 1718 4870 'autem

92 4907 112 4930 α
147 4893 516 4960 apprehendit
566 4898 978 4980 summitatem
1021 4899 1188 4972 pallii
1245 4901 1396 4972 ejus,
1468 4919 1602 4974 quae
1663 4907 1720 4958 et

93 4996 112 5017 ιι
150 4981 311 5038 scissa
339 4992 446 5052 est,
478 4992 535 5043 et
568 4987 650 5043 ait
695 4988 773 5043 ad
819 5005 959 5045 eum
1008 4990 1282 5046 Samuel:
1313 4991 1492 5047 Scidit
1522 4992 1716 5047 Domi-

94 5086 114 5107 ιι
149 5082 247 5124 nus
273 5089 515 5143 regnum
549 5078 731 5134 Israel
761 5095 796 5134 a
848 5084 904 5134 te
934 5080 1137 5145 hodie,
1193 5085 1250 5136 et
1297 5081 1541 5136 tradidit
1569 5080 1717 5136 illud

95 5171 118 5202 α
151 5162 396 5226 proximo
447 5171 569 5232 tuo,
629 5167 858 5223 meliori
919 5173 991 5224 te.
1055 5191 1082 5218 »
1137 5173 1284 5225 Nota
1337 5171 1712 5242 mysterium,

94 5246 227 5311 quod
251 5251 389 5308 sicut
417 5255 475 5310 in
506 5255 790 5328 passione
825 5258 1078 5320 Domini,
1106 5258 1373 5332 pontifex
1397 5260 1717 5314 vestimen-

97 5335 196 5387 tum
225 5352 386 5396 suum
415 5345 588 5400 scidit
645 5345 883 5415 (Matth.
917 5350 1097 5419 XXVI),
1156 5349 1237 5404 ita
1280 5365 1384 5403 rex
1424 5347 1564 5404 Saul
1592 5364 1718 5403 ves-

97 5421 190 5476 tem
241 5431 530 5502 prophetae
607 5449 769 5490 nunc
824 5436 1095 5492 scindere
1173 5437 1550 5492 describitur.
1613 5440 1718 5493 Per

100 5513 369 5588 utramque
411 5524 571 5578 enim
617 5529 998 5597 potestatem,
1050 5531 1106 5582 et
1145 5527 1409 5597 regalem
1443 5527 1720 5584 videlicet

99 5603 142 5650 et
165 5609 591 5683 sacerdotalem,
627 5614 835 5672 scissio
881 5617 1374 5673 vestimentorum
1425 5616 1581 5673 facta
1608 5623 1714 5685 est,

101 5691 149 5738 υῐ
172 5690 582 5759 demonstretur
613 5704 1000 5761 stabilitatem
1033 5707 1200 5775 regni
1231 5711 1288 5762 et
1315 5706 1631 5762 sacerdotii
1657 5708 1717 5763 in

100 5782 287 5848 POPUIO
303 5790 599 5850 Judaerum
618 5793 749 5850 ﬁeri
775 5810 897 5850 non
921 5811 1121 5867 posse,
1149 5796 1254 5868 qui
1275 5812 1485 5853 verum
1512 5812 1717 5867 regem

1840 3203 2008 3273 fugit,
2044 3207 2282 3261 veniam
2310 3223 2497 3278 quam
2530 3223 2565 3262 a
2599 3209 2716 3262 Deo
2749 3207 3018 3279 accipere
3071 3211 3302 3279 poterat
3342 3224 3376 3262 a
3410 3223 3508 3262 se-

1838 3296 2094 3368 metipso
2125 3296 2429 3352 excludit?
2461 3299 2617 3352 Ficta
2648 3297 2806 3352 enim
2839 3296 3148 3352 humilitas
3197 3298 3439 3352 veniam
3469 3314 3508 3354 a

1833 3384 1954 3439 Deo
1981 3385 2270 3458 consequi
2297 3402 2419 3440 non
2454 3387 2631 3441 valet.
2668 3385 2782 3442 Sed
2808 3385 3149 3442 notandum
3189 3387 3356 3458 quod
3389 3387 3506 3443 alia

1834 3473 2015 3529 editio
2056 3474 2276 3530 habet:
2340 3497 2366 3523 ‹‹
2423 3479 2548 3530 Non
2592 3480 2853 3531 revertar
2903 3480 3120 3545 tecum,
3168 3475 3362 3547 inquit
3407 3477 3506 3532 Sa-

1834 3563 2016 3633 muel,
2050 3565 2194 3636 quia
2225 3565 2498 3637 sprevisti
2541 3565 2791 3620 verbum
2823 3565 3081 3631 Domini,
3120 3569 3175 3620 et
3198 3565 3425 3636 spernit
3449 3571 3502 3621 te

1835 3652 2124 3707 Dominus
2149 3668 2222 3707 ne
2253 3653 2331 3707 sis
2385 3669 2486 3707 rex
2517 3669 2699 3726 super
2724 3653 2918 3710 Israel.
2974 3657 3041 3709 Et
3087 3654 3373 3708 convertit
3404 3656 3505 3709 Sa-

1831 3742 1993 3798 muel
2023 3742 2242 3798 faciem
2276 3759 2451 3798 suam
2500 3748 2559 3799 ut
2591 3744 2800 3800 abiret.
2839 3747 2904 3799 Et
2936 3744 3124 3798 tenuit
3149 3744 3288 3798 Saul
3315 3760 3504 3815 penu~

1829 3831 1952 3886 lam
1999 3831 2302 3904 diploidis,
2344 3838 2400 3888 et
2450 3833 2706 3906 disrupit
2738 3849 2897 3888 eam.
2930 3835 2997 3888 Et
3042 3831 3191 3887 dixit
3237 3831 3314 3887 ad
3362 3847 3503 3889 eum

1833 3920 2100 3978 Samuel:
2134 3921 2395 3994 Disrupit
2418 3921 2707 3977 Dominus
2731 3938 2985 3992 regnum
3011 3920 3192 3976 Israel
3214 3922 3287 3976 de
3311 3937 3501 3976 manu

1830 4013 1932 4066 tua
1962 4009 2163 4076 hodie,
2197 4013 2254 4064 et
2284 4009 2456 4065 dabit
2486 4009 2764 4082 proximo
2793 4015 2894 4064 tuo
2925 4009 3089 4066 bono
3125 4025 3307 4082 super
3331 4013 3411 4075 te;
3443 4012 3500 4064 et

1828 4098 2125 4153 dividetur
2159 4098 2332 4154 Israel
2362 4101 2422 4153 in
2453 4098 2660 4161 duo,et
2683 4114 2804 4154 non
2828 4103 3126 4154 avertetur
3148 4115 3345 4171 neque
3372 4115 3496 4172 p03-

1829 4187 2036 4243 nitebit
2065 4204 2225 4253 eum,
2259 4188 2551 4259 quoniam
2592 4204 2715 4244 non
2746 4193 2836 4244 est
2864 4187 3017 4244 sicut
3064 4189 3250 4244 homo
3283 4193 3346 4243 ut
3376 4205 3499 4260 poe-

1829 4277 2013 4331 niteat
2042 4291 2204 4330 eum.
2233 4276 2364 4347 Ipse
2398 4275 2663 4331 minatur
2689 4281 2746 4332 et
2779 4292 2901 4332 non
2932 4281 3268 4350 permanet.
3321 4299 3348 4325 ››
3385 4281 3495 4332 Iste

1830 4365 1925 4420 cui
1955 4363 2208 4420 dicitur:
2245 4387 2270 4411 ‹‹
2303 4364 2530 4436 spernit
2559 4369 2613 4420 te
2647 4366 2937 4422 Dominus
2967 4383 3041 4423 ne
3065 4367 3144 4422 sis
3187 4383 3289 4422 rex
3315 4382 3498 4439 super

1832 4453 2032 4521 Israel,
2068 4475 2092 4504 κ
2122 4453 2528 4527 quadraginta
2553 4455 2826 4524 regnavit
2868 4456 3042 4511 annis
3074 4472 3254 4528 super
3295 4456 3494 4524 Israel,

1833 4548 1998 4599 tanto
2026 4542 2246 4599 scilicet
2272 4543 2558 4617 temporis
2599 4545 2794 4617 spatio
2825 4545 3076 4617 quando
3127 4549 3184 4600 et
3211 4545 3338 4617 ipse
3386 4546 3497 4601 Da-

1830 4632 1952 4702 vid,
1996 4636 2051 4688 et
2096 4632 2326 4689 audivit
2391 4633 2506 4688 hoc
2543 4635 2740 4706 primo
2812 4638 3080 4705 tempore
3150 4633 3318 4702 regni
3377 4631 3492 4687 sui.

1827 4722 2240 4793 Intelligamus
2283 4721 2418 4778 ideo
2469 4721 2720 4789 dictum,
2771 4723 2909 4795 quia
2963 4721 3163 4777 nullus
3234 4721 3308 4775 de
3364 4721 3495 4790 ejus

1827 4813 2007 4884 stirpe
2051 4811 2646 4883 fueratregnaturus,
2697 4816 2754 4868 et
2803 4810 3170 4884 recipiamus
3229 4809 3308 4865 ad
3359 4809 3494 4865 stir-

1824 4918 1966 4974 pem
1996 4901 2206 4971 David,
2258 4901 2417 4956 unde
2457 4905 2700 4956 exortus
2739 4906 2826 4957 est
2865 4899 3201 4956 secundum
3249 4915 3494 4956 carnem

1841 4991 2148 5055 Dominus,
2171 5014 2198 5040 «
2232 4990 2530 5046 mediator
2557 4991 2656 5046 Dei
2677 4995 2734 5046 et
2755 4990 3096 5060 hominum,
3124 4989 3309 5044 homo
3334 4989 3495 5045 Chri-

1827 5086 1951 5133 stus
1975 5081 2144 5135 Jesus
2178 5081 2356 5150 (Tim.
2391 5082 2458 5151 i):
2481 5102 2507 5129 ‹‹
2542 5084 2722 5152 prout
2750 5079 2966 5134 beatus
2998 5079 3364 5149 AugustinUs
3392 5079 3492 5150 ait,

1826 5174 1882 5222 et
1905 5169 1964 5223 in
1999 5169 2212 5224 Graecis
2246 5167 2692 5240 exemplaribus
2719 5168 2968 5236 legitur:
3005 5191 3034 5216 «
3095 5169 3356 5239 Disrupit
3388 5171 3496 5223 Do-

1828 5258 2028 5314 uiinus
2057 5274 2312 5327 regnum
2365 5259 2547 5314 Israel
2578 5259 2652 5314 de
2680 5275 2867 5314 manu
2915 5264 3036 5322 tua,
3088 5281 3115 5307 »
3144 5264 3209 5313 ut
3257 5259 3368 5312 hoc
3408 5257 3496 5310 in-

1829 5349 2126 5419 telligatur
2157 5373 2185 5399 «
2218 5349 2292 5405 de
2321 5365 2510 5406 manu
2541 5355 2642 5406 tua
2673 5374 2700 5400 «
2735 5349 2901 5422 quod
2949 5356 3037 5405 est
3067 5349 3145 5405 ab
3174 5348 3372 5402 Israel.
3409 5351 3498 5420 Ip-

1826 5440 1948 5494 sius
1975 5456 2241 5512 namque
2297 5439 2506 5512 populi
2557 5441 2803 5510 gerebat
2856 5455 3178 5513 personam
3241 5439 3495 5507 figurate

1824 5530 2010 5586 homo
2037 5530 2165 5598 iste,
2197 5530 2300 5603 qui
2328 5529 2590 5603 populus
2621 5546 2876 5598 regnum
2909 5529 3105 5585 fuerat
3133 5531 3494 5593 amissurus,

1828 5619 2060 5675 Christo
2097 5620 2350 5675 Domino
2387 5624 2592 5674 nostro
2627 5618 2964 5690 spiritaliter
3011 5625 3357 5689 regnaturo.
3414 5619 3496 5672 De

1829 5724 1951 5780 quo
1979 5724 2119 5764 cum
2146 5707 2381 5774 dicitur,
2411 5729 2437 5756 ››
2470 5712 2528 5764 et
2551 5706 2794 5762 dabitur
2825 5707 2973 5763 illud
3002 5707 3281 5779 proximo
3315 5711 3439 5770 tuo,
3465 5723 3497 5756 ι

1832 5797 1911 5854 ad
1973 5797 2170 5856 carnis
2230 5798 2621 5868 agnationem
2682 5796 2742 5853 id
2827 5798 3100 5854 refertur.
3172 5799 3252 5852 Ex
3320 5793 3500 5850 Israel
