3944 6426
439 328 546 387 307
1553 328 1911 386 ANGELOMI
1965 324 2419 383 LUXOVIENSlS
2455 326 2767 383 MONACHI
3768 328 3852 381 308

440 452 707 510 Christus
737 451 1072 509 secundum
1120 468 1384 526 carnem,
1441 453 1600 510 unde
1632 458 1688 509 et
1728 452 1890 509 Saul.
1933 450 2104 517 Quod
2134 450 2182 506 Α
2215 454 2385 507 tensa
2416 453 2527 521 est,
2559 450 2664 523 qui
2692 451 2839 505 dum
2875 450 3048 505 sciret
3077 450 3215 506 Saul
3246 465 3518 523 peccase,
3561 465 3637 507 ex
3668 450 3859 505 affectu

438 559 583 601 vero
615 542 889 599 additum
911 545 1017 608 est,
1048 565 1074 592 «
1100 542 1262 597 bono
1290 559 1470 616 super
1487 548 1560 610 te,
1585 565 1611 593 ››
1634 546 1829 616 potest
1857 540 2101 614 quidem
2212 541 2593 609 benignitatis
2620 540 2865 607 lugebat
2915 556 3075 595 eum.
3132 541 3222 596 Sic
3253 541 3433 595 etiam
3470 540 3697 596 Paulus
3724 540 3862 607 luge-

440 631 691 707 inteliigi
726 655 754 682 «
783 631 1016 689 meliori
1045 637 1139 701 te;
1177 656 1203 680 ››
1239 647 1308 688 ac
1340 634 1387 688 si
1418 633 1686 689 dicatur:
1729 636 1793 688 ut
1839 631 1983 704 quia
2009 630 2102 686 ille
2211 630 2316 686 bat
2342 630 2494 697 illos,
2526 631 2629 703 qui
2660 635 2799 702 post
2838 629 3294 684 fornicationem
3328 635 3383 684 et
3433 629 3863 684 immunditiam

440 721 640 780 bonus
669 726 776 790 est,
800 720 937 777 ideo
968 720 1041 777 sit
1070 738 1249 795 super
1282 725 1358 779 te.
1389 724 1563 779 Juxta
1595 722 1743 778 illud
1780 720 1942 777 aliud
1967 734 2103 793 pro-
2211 736 2334 777 non
2368 725 2617 791 egerunt
2642 720 3056 811 paenitentiam
3088 720 3179 788 {II
3202 720 3341 775 Cor:
3363 722 3449 783 ιι).

440 812 745 905 pheticum
762 828 777 878 ;
795 833 835 905 _«
859 811 1057 905 Dpnec
1077 826 1305 905 ponam
1323 811 1819 905 omneslnlmicos
1837 814 1973 905 tuos
1990 808 2103 905 sub
2784 808 2793 811 “
2836 849 3065 905 CAPUT
3104 849 3249 904 XVI.

441 901 700 979 pedibus
726 900 843 958 tuis
873 901 1060 973 (Psal.
1114 901 1247 973 01x).
1284 924 1311 950 »
1355 904 1416 956 in
1447 901 1669 974 quibus
1710 905 1797 956 est
1825 898 2101 966 etlsrael,
2354 976 2417 985 Ν
2468 976 2498 985 ,Δ
2668 976 2705 985 ﬁ
2824 974 2834 984 _

442 974 539 1049 cui
565 1007 675 1048 suo
705 989 1069 1064 persecutori
1086 1007 1340 1059 regnum
1370 990 1612 1046 abstulit
1632 990 1911 1046 Christus.
1939 986 2103 1064 Unde
2286 999 2315 1026 ί(
2354 976 2626 1047 θίπίῖφιθ
2668 974 2957 1029 Dominus
2998 974 3076 1030 ad
3121 975 3401 1030 samueli
3456 975 3649 1046 Imple
3698 991 3867 1030 com“

442 1086 502 1141 et
527 1058 764 1154 dicitur,
794 1104 821 1132 ‹‹
853 1084 911 1137 et
936 1058 1238 1137 dividetur
1277 1080 1455 1137 Israel
1481 1081 1539 1135 in
1572 1080 1714 1135 duo.
1770 1102 1797 1129 ››
1833 1081 1895 1134 in
1930 1058 2107 1133 isreel
2214 1087 2243 1115 «
2285 1070 2454 1121 tuum
2476 1065 2629 1134 oleo,
2661 1064 2874 1154 etrvgeni
2903 1069 2969 1154 ut
2997 1065 3302 1154 mittam,“
3332 1064 3409 1154 ad
3435 1064 3547 1121 Isai
3579 1064 3868 1154 Bai-Melle-

442 1170 665 1228 scilicet
705 1152 1020 1225 inimicum
1068 1168 1322 1236 Christo,
1379 1173 1435 1225 et
1480 1168 1660 1224 lsrael
1703 1168 2105 1223 adhaerentem
2216 1172 2247 1207 α
2285 1154 2526 1221 mitem;
2560 1152 2796 1225 PPOVidi
2825 1152 2985 1208 enim
3035 1153 3095 1208 in
3142 1152 3277 1208 ﬁliis
3307 1153 3437 1224 eius
3466 1169 3677 1223 regem
3717 1153 3864 1211 mihi-

444 1259 693 1316 Christo.
728 1262 791 1314 In
814 1257 993 1314 lsrael
1021 1258 1101 1315 ad
1130 1258 1429 1324 ancillam,
1454 1262 1511 1314 et
1546 1256 1717 1313 Israel
1748 1256 1825 1313 ad
1854 1255 2001 1312 liber

2313 1243 2441 1299 r'ecit
2463 1241 2700 1297 Samuel
2721 1246 2902 1315 prout
2933 1241 3220 1297 Dominus
3256 1242 3598 1314 imperavit,
3645 1248 3701 1300 et
3723 1242 3870 1298 unxit

443 1348 842 1425 pertinentem
875 1348 930 1420 (Ῑ
950 1348 1090 1403 Cor.
1116 1346 1235 1419 xv).
1272 1350 1417 1402 Nam
1450 1347 1564 1403 ista
1593 1346 1715 1402 duo
1743 1360 1963 1415 genera
1991 1343 2107 1417 pri-
2217 1355 2244 1383 «
2285 1332 2473 1425 David
2498 1332 2853 1425 oves‘patris
2887 1332 3064 1425 suiin
3095 1331 3296 1388 medio
3325 1332 3578 1425 fratrum
3611 1348 3867 1425 suorum,

446 1420 621 1494 mum
651 1434 832 1491 simul
862 1439 1050 1505 erant,
1073 1436 1267 1493 donec
1294 1435 1505 1491 sterilis
1531 1451 1639 1508 per
1667 1435 1919 1505 gratiam
1954 1434 2003 1488 C1

2314 1422 2392 1494 [ui
2422 1425 2549 1478 erat
2576 1420 2743 1475 rufus
2773 1426 2829 1476 et
2851 1421 3098 1493 pulcher
3128 1425 3395 1492 aspectu,
3420 1421 3765 1494 decoraque
3799 1421 3871 1477 ia-

449 1524 524 1582 sti
552 1524 831 1594 fecunda,
871 1525 1106 1599 ejiceret
1134 1523 1414 1583 ancillam
1453 1530 1511 1580 et
1537 1523 1727 1579 ﬁlium
1755 1524 1885 1595 ejus
1935 1523 2006 1590 (G

2316 1510 2396 1566 :ie.
2431 1531 2460 1559 »
2496 1510 2607 1566 Sed
2635 1509 2950 1565 videamus
2998 1510 3282 1566 eumdem
3324 1510 3533 1576 David,
3571 1511 3873 1583 quomodo

448 1614 595 1691 XXI).
644 1617 889 1687 Propter
940 1617 1256 1684 peccatum
1303 1613 1553 1687 quidem
1596 1613 1950 1677 Salomonis,
2016 1626 2106 1667 re-
2215 1600 2513 1657 Christum
2544 1600 2888 1693 Propheticﬁe
2914 1599 3355 1693 Signiﬁcmfei‘it;
3392 1598 3576 1693 Daf’lfi
3609 1598 3769 1693 991m
3799 1598 3877 1693 i9:

452 1686 674 1776 gnante
703 1686 827 1759 ﬁlio
884 1701 1014 1774 ejus
1044 1686 1337 1772 Roboam,
1389 1702 1613 1757 scimus
1650 1702 1832 1757 Israel
1877 1701 1937 1757 in
1985 1700 2107 1756 duo
2217 1693 2572 1787 ξθΐξξνθῐεξῒιιῐ*
2597 1690 3011 1787 mgna/0.77.128.
3032 1689 3160 1787 sive
3181 1689 3617 1787 desidcr'cailiS-
3654 1686 3879 1787 Εῒξῐωίξ

449 1788 639 1849 fuisse
664 1790 950 1859 divisum,
981 1792 1038 1847 et
1076 1791 1158 1847 ita
1185 1807 1605 1865 perseverasse
1632 1791 1824 1847 donec
1866 1806 1901 1847 a
1945 1790 2109 1847 Chal-
2136 1805 2178 1859 Β
2216 1778 2854 1875 [(ᾏΡῒίυξ-Ῑίῖοῐιξδβιλο-(ξῇ
2878 1779 3033 1875 (Γίζξξι
3051 1778 3225 1875 [υξίδν
3253 1778 3526 1875 finiri?“
3554 1777 3881 1875 ωωξξλυῑξλῗ

453 1877 580 1936 deis
610 1878 1022 1955 captiva-etut
1070 1878 1180 1935 Sed
1207 1879 1324 1935 hoc
1353 1879 1499 1952 quid
1530 1879 1607 1935 ad
1640 1878 1878 1936 Saulem
1898 1878 1925 1934 σε
1961 1881 2107 1934 Cum
2219 1870 2285 1923 Et
2304 1867 2451 1940 quid
2474 1866 2931 1923 desiderabilius
2953 1866 3091 1923 illo?
3113 1866 3185 1922 de
3207 1883 3331 1939 quo
3352 1866 3596 1924 dicitur:
3623 1889 3651 1917 ‹‹
3678 1865 3882 1921 Veniet

454 1965 506 2023 si
534 1967 650 2024 tale
681 1967 909 2040 aliquid
934 1968 1430 2026 comminandum
1452 1967 1756 2039 esset,ipsi
1785 1966 1966 2023 David
1988 1964 2011 2021 f

2322 1957 2596 2013 :ideratus
2626 1957 2856 2012 cunctis
2886 1956 3163 2027 gentibus
3194 1958 3372 2028 (Agg.
3393 1961 3476 2021 ιι).
3499 1956 3757 2026 Ungitur
3778 1956 3879 2011 iste

449 2055 529 2113 rit
555 2056 754 2133 potius
788 2056 1307 2126 comminandum,
1336 2057 1430 2113 cui
1463 2061 1589 2113 erat
1616 2056 1773 2112 ﬁlius
1802 2056 2104 2112 Salomon.
2218 2046 2406 2103 Πεγίά
2431 2046 2493 2102 in
2532 2062 2737 2115 regem
2758 2045 3046 2109 futurum.
3098 2046 3464 2103 denuntians
3516 2063 3625 2118 Pe?
3656 2046 3881 2102 υηοίίο·

448 2145 761 2209 postremo
808 2145 962 2203 inter
990 2162 1051 2202 se
1099 2147 1345 2203 Hebrum
1374 2146 1565 2203 divisa
1593 2162 1715 2203 ηοη
1746 2151 1851 2213 εει,
1894 2144 1999 2201 sej
2024 2145 2108 2200 in-
2214 2151 2355 2191 nem
2402 2134 2568 2191 illam
2613 2135 2930 2192 Christum.
2978 2135 3244 2192 Christus
3274 2136 3435 2193 enim
3467 2151 3502 2192 a
3551 2134 3883 2193 Chrismate

449 2234 791 2297 differenth
828 2237 889 2292 in
932 2236 1203 2308 ejusdem
1251 2237 1466 2293 erroris
1515 2236 1794 2293 societate
1836 2235 2108 2307 dispersa
2216 2224 2929 2298 appellatur.Reprobatis
2959 2230 3187 2297 septem
3217 2225 3351 2283 ﬁliis
3385 2226 3496 2281 lsai
3524 2224 3882 2295 majoribus,

447 2341 557 2405 per
581 2330 789 2383 terras.
820 2326 1038 2385 Divisio
1080 2343 1220 2383 vero
1250 2325 1371 2395 illa,
1417 2343 1603 2399 quam
1634 2328 1789 2382 Deus
1832 2325 1947 2381 sub
1974 2342 2108 2398 per-
2216 2314 2504 2413 {nillil-11118
2533 2318 2703 2413 εείᾶὶιξ
2735 2313 2955 2413 ﬂectus.
2976 2318 3065 2370 est
3087 2314 3165 2371 ad
3186 2328 3439 2413 P989111?
3466 2332 3479 2381 ἱ
3506 2315 3883 2413 (ΙυίδοξΡΓεῑίξ

448 2402 600 2472 sona
627 2414 840 2483 Saulis,
860 2414 1016 2472 illius
1035 2416 1205 2487 regni
1232 2420 1287 2472 et
1306 2415 1514 2491 populi
1534 2416 1793 2487 ﬁguram
1828 2416 2105 2486 gerentis,
2216 2404 2470 2499 δυξίξιίίξς)
2494 2402 2853 2471 εᾶοθνάοίίον
2906 2407 2963 2499 (ft
2993 2418 3182 2499 ret-{00
3229 2403 3444 2475 Ρνίονίε
3497 2402 3887 2499 Popillium?

447 2504 644 2563 eidem
664 2520 853 2577 regno
903 2504 1253 2581 populoque
1299 2490 1559 2561 minatus
1602 2511 1709 2577 est,
1740 2528 1769 2554 ‹‹
1812 2505 2003 2575 Quoni

2328 2490 2665 2547 ibatismum
2714 2490 3049 2545 secundum
3087 2490 3282 2558 legem
3327 2490 3671 2559 servabant,
3720 2491 3885 2548 Chri-

446 2609 572 2652 non
603 2598 691 2651 est
720 2595 873 2651 sicut
900 2595 1085 2652 homo
1107 2579 1171 2651 ut
1195 2596 1480 2670 poeniteat
1508 2596 1818 2668 eum.lpse
1851 2596 2111 2652 minatur
2220 2585 2349 2678 ξίυὲ
2379 2579 2665 2678 υοωίηιξε
2690 2579 3400 2678 “Ofteri‘caput‘mmql‘is
3432 2579 3664 2652 ΡοΡυῙί,
3695 2596 3889 2678 58961”-

447 2686 506 2740 et
545 2699 667 2740 non
689 2688 1020 2758 permanet.
1079 2707 1107 2735 ››
1141 2668 1213 2740 id
1234 2689 1322 2741 est
1374 2684 1560 2742 homo
1594 2685 1856 2741 minatur
1886 2691 1941 2741 et
1985 2702 2004 2741 ι

2328 2669 2385 2724 io
2434 2672 2726 2741 perpetuo
2774 2668 3012 2724 functus
3060 2672 3183 2725 est:
3221 2673 3279 2726 et
3304 2668 3367 2724 in
3404 2684 3612 2737 regem
3639 2674 3885 2739 unctus,

444 2756 778 2852 permanet.
812 2776 941 2830 Non
970 2778 1063 2830 est
1089 2778 1289 2831 autem
1325 2777 1497 2844 Deus,
1545 2789 1727 2851 quem
1765 2776 2011 2849 poenitet
2040 2775 2109 2830 si-
2219 2759 2672 2852 cuiusfesuuru
2698 2773 2821 2813 non
2853 2756 3034 2814 habet
3055 2757 3347 2852 fluenset
3371 2759 3477 2852 sui
3500 2774 3715 2852 omnes
3747 2775 3889 2829 sen-

444 2847 547 2925 ὀιη
596 2863 927 2925 hominem.
986 2863 1096 2920 Ubi
1151 2865 1311 2921 enim
1362 2847 1586 2934 legum;
1628 2847 1794 2937 quod
1823 2865 2109 2938 poeniteat
2218 2851 2325 2938 tes,
2350 2847 2537 2938 tribus
2560 2852 2614 2903 et
2636 2847 2877 2916 lingute,
2914 2847 3189 2902 servient.
3219 2847 3398 2938 Quod
3422 2854 3626 2905 autem
3664 2848 3728 2906 in
3762 2866 3890 2906 me-

446 2966 612 3025 eum,
636 2953 886 3011 mutatio
917 2970 1116 3011 rerum
1168 2953 1529 3024 intelligitur,
1562 2936 1921 3010 immutabili
1955 2970 2105 3028 prae-
2218 2936 2319 2993 ἀίο
2358 2936 2608 3028 iram"?
2653 2952 2901 3028 διιοιίυω
2946 2941 3162 3028 “nam
3211 2953 3343 3028 955°
3367 2937 3604 3003 diem",
3632 2938 3755 2995 hoc
3806 2946 3892 2995 θεῖ

446 3041 694 3100 scientia
725 3047 1007 3101 manente
1053 3043 1276 3100 divina.
1344 3044 1448 3103 Ubi
1472 3059 1613 3113 ergo
1656 3060 1781 3100 non
1821 3025 2106 3117 paen—itere
2213 3025 2730 3125 ξὶυοάιΡΐοΡῙξθῑεὶ-
2763 3025 2872 3125 dif”
2896 3026 3150 3081 Domino
3192 3026 3309 3083 ἂίίε
3353 3049 3405 3125 f‘"
3429 3028 3610 3125 unxit.
3649 3032 3707 3125 ίεξ
3730 3031 3891 3125 Pe“?

442 3129 681 3204 dicitur,
710 3148 833 3188 non
863 3136 1095 3189 mutare
1134 3132 1493 3201 intelligitur.
1548 3134 1791 3189 Prorsus
1820 3113 1999 3189 insolt.

2332 3131 2369 3170 is
2398 3118 2535 3170 tuus
2559 3113 2690 3170 oleo
2715 3113 2929 3169 laetitiae
2956 3129 3079 3187 pra
3129 3114 3509 3171 consortibus
3532 3115 3649 3171 tuis
3692 3116 3889 3188 (Psal.

440 3217 562 3275 lem
591 3202 865 3277 videmus
898 3237 1007 3297 per
1057 3221 1184 3277 haec
1238 3220 1425 3277 verba
1468 3222 1765 3299 prolatam
1821 3222 1997 3277 divini

2335 3203 2389 3274 ν).
2412 3225 2440 3252 »
2473 3202 2662 3259 David
2692 3202 2770 3260 ab
2794 3202 2993 3259 ofﬁcio
3022 3203 3303 3275 pastorali
3335 3220 3649 3276 pecorum,
3678 3205 3765 3262 ab
3787 3208 3892 3263 ho-

439 3306 624 3365 fuisse
654 3293 1009 3367 sententiam
1031 3309 1105 3364 de
1136 3309 1247 3366 ista
1298 3293 1589 3365 divisione
1636 3310 1841 3382 populi
1887 3313 1996 3365 lsra

2335 3310 2447 3351 .um
2476 3308 2733 3362 regnum
2764 3293 3153 3349 transfertur:
3204 3299 3407 3350 noster
3437 3299 3642 3351 autem
3698 3298 3892 3353 David

440 3398 500 3450 et
527 3395 775 3451 omnino
818 3400 1108 3471 perpetua
1153 3410 1531 3470 quaecunque
1588 3398 1968 3470 transierunt,

2334 3386 2553 3451 :Jesus,
2587 3382 2665 3439 ab
2694 3382 2910 3439 ovibus
2940 3382 3183 3439 .lurlaice
3207 3383 3400 3455 plebis
3423 3384 3765 3449 ablatus,in
3802 3404 3891 3443 re-

441 3482 782 3545 transibunt
819 3483 898 3539 ad
938 3485 1255 3551 Christum,
1297 3501 1616 3558 nunquam
1648 3491 1821 3542 erunt
1859 3504 1997 3543 cum
2028 3492 2102 3542 15-
2213 3488 2399 3539 gnum
2431 3472 2698 3544 gentium
2722 3472 3046 3527 translatus
3065 3477 3182 3539 est;
3204 3472 3266 3527 in
3292 3473 3499 3529 Judzea
3517 3474 3683 3531 enim
3712 3475 3895 3547 plebe

440 3569 739 3640 raeliticis,
771 3571 877 3651 qui
897 3572 1027 3643 ejus
1058 3573 1285 3629 inimici
1310 3588 1500 3646 usque
1530 3576 1589 3631 in
1621 3573 1802 3630 ﬁnem
1830 3576 1958 3630 vitae
1990 3576 2100 3631 hu-
2210 3576 2332 3658 ξοη
2364 3565 2452 3617 θεῖ
2478 3560 2661 3616 ωοάο
2691 3561 2975 3658 Chf‘istusi
2999 3560 3347 3619 ablatus'est
3369 3562 3529 3634 inde:
3553 3579 3719 3622 nunc
3754 3581 3901 3636 890-

436 3659 537 3735 jus
570 3676 698 3717 esse
726 3661 1067 3739 persistent.
1095 3661 1207 3717 Sed
1233 3662 1296 3718 in
1327 3661 1641 3733 divisione,
1669 3680 1805 3737 quae
1828 3665 1922 3720 hic
1955 3676 2103 3737 prae-
2210 3652 2358 3711 tium
2390 3665 2598 3720 greges
2633 3652 2842 3721 P330“-

435 3749 714 3809 nuntiata
732 3754 843 3827 est,
872 3756 1164 3824 perpetuo
1194 3752 1657 3824 permanebunt.
2283 3779 2309 3808 «
2355 3758 2736 3828 Surgensque
2760 3756 3024 3827 Samuel,
3043 3756 3191 3814 abiit
3218 3756 3280 3813 in
3308 3757 3898 3833 Ramatha.Spiritus

510 3856 539 3886 ‹‹
580 3834 852 3909 Dixitque
877 3834 1117 3892 Samuel
1141 3854 1153 3892 :
1178 3836 1469 3892 Adducite
1501 3836 1576 3892 ad
1596 3853 1690 3892 me
1712 3841 1881 3908 Agag
1900 3854 2100 3907 regem
2210 3863 2245 3905 ς
2280 3851 2479 3903 autem
2506 3846 2744 3904 Domini
2765 3847 3005 3903 recessit
3022 3863 3059 3903 a
3093 3846 3353 3910 Saule,et
3377 3847 3733 3917 exagitabat
3752 3866 3899 3909 eum

435 3946 469 3977 α
508 3925 769 3983 Amalec.
818 3928 885 3982 Et
908 3925 1147 3983 oblatus
1199 3931 1287 3982 est
1312 3926 1385 3981 ei.
1446 3928 1513 3981 Et
1539 3927 1597 3982 in
1630 3926 1816 3983 frusta
1845 3929 2101 3985 concidit
2210 3953 2242 3989 ε
2281 3934 2520 4006 spiritus
2568 3952 2833 4007 nequam
2866 3951 2902 3992 a
2950 3936 3225 3993 Domino.
3260 3959 3288 3987 »
3334 3937 3632 4002 Quaeritur
3664 3937 3745 3995 de
3780 3939 3901 3994 hoc

436 4034 469 4064 ‹‹
512 4014 752 4070 Samuel
811 4019 981 4087 Agag
1038 4031 1245 4071 coram
1309 4015 1564 4071 Domino
1617 4015 1679 4071 in
1735 4015 2011 4086 Galgalis.
2069 4037 2098 4070 »
2209 4023 2421 4096 spiritu
2448 4024 2833 4095 nequam:Si
2866 4024 3118 4094 Domini,
3154 4041 3260 4082 cur
3294 4025 3540 4083 malus?
3591 4026 3641 4080 si
3689 4027 3902 4085 malus

437 4102 693 4173 Quando
722 4102 935 4172 legitur
972 4103 1217 4181 quidem
1244 4104 1304 4159 in
1334 4105 1671 4179 Scripturis,
1696 4107 1861 4179 quod
1912 4109 2100 4163 sancti
2210 4129 2317 4170 cur
2343 4112 2619 4169 Domini?
2652 4112 2761 4169 Sed
2797 4113 3040 4171 duobus
3068 4113 3268 4169 verbis
3316 4114 3777 4188 comprehensa
3812 4123 3903 4171 est

434 4190 580 4254 nulli
604 4191 867 4248 hostium
897 4198 1173 4266 parcunt,
1204 4192 1467 4250 emci‘unt
1508 4199 1572 4250 ut
1599 4196 1935 4252 humanum
1967 4212 2099 4253 san-
2208 4202 2337 4262 haec
2360 4201 2745 4259 sententia.Et
2765 4201 2823 4257 in
2854 4201 3104 4258 Domino
3126 4207 3393 4275 potestas
3400 4206 3659 4274 justa,et
3680 4204 3747 4260 in
3774 4206 3907 4260 dia-

436 4280 681 4355 guinem
702 4280 962 4337 sitientes
989 4281 1285 4351 dicuntur,
1318 4284 1461 4356 quia
1491 4290 1549 4340 et
1572 4285 1715 4356 justi
1749 4286 1829 4342 ita
1858 4302 2096 4359 percus—
2209 4289 2351 4349 bolo
2371 4290 3052 4361 poteﬂasinjustaﬁam
3083 4290 3245 4347 idem
3267 4291 3528 4363 spiritus,
3550 4292 3908 4367 malus,per

435 4372 640 4431 serunt
664 4369 887 4442 hostes,
917 4376 985 4428 ut
1010 4387 1133 4429 non
1156 4374 1585 4448 relinqueretur
1610 4375 1689 4431 ab
1720 4376 1812 4430 his
1845 4376 1948 4448 qui
1978 4377 2094 4432 sal-
2209 4378 2649 4451 nequissimam
2666 4378 3130 4450 voluntatem,et
3152 4379 3313 4441 idem
3337 4380 3600 4454 spiritus,
3620 4384 3905 4452 Domini,

433 4476 546 4518 vus
574 4458 761 4518 ﬁeret.
793 4462 859 4516 Et
883 4476 1006 4517 non
1028 4462 1362 4532 intelligunt
1392 4463 1504 4519 sub
1531 4464 1623 4519 his
1654 4465 1852 4521 verbis
1883 4464 2099 4522 adum-.
2128 4520 2167 4543 η
2208 4484 2317 4542 per
2346 4473 2656 4539 acceptam
2681 4467 3086 4539 justissiinam
3132 4472 3509 4543 potestatem.
3541 4470 3691 4527 Inde
3748 4488 3908 4542 ergo

431 4547 597 4611 brari
624 4550 933 4627 mysteria,
966 4555 1024 4606 et
1044 4551 1158 4608 hoc
1189 4520 1383 4622 magis
1422 4552 1598 4609 nobis
1629 4554 1897 4616 indicari,
1929 4520 2094 4629 quod
2126 4520 2168 4573 Β
2207 4520 2447 4629 spiritus
2468 4520 2703 4617 Domini
2738 4558 3076 4630 appellatus
3095 4520 3182 4615 est
3204 4558 3776 4636 diabolus,prcpter
3796 4520 3913 4620 Si“

430 4637 861 4713 impugnantes
908 4637 1199 4697 adversus
1244 4642 1404 4709 vitia,
1452 4643 1683 4698 nullum
1735 4645 1969 4717 penitus
2012 4664 2097 4704 re-
2204 4645 2536 4716 nisterium,
2569 4647 2715 4718 quia
2738 4647 3021 4704 omnibus
3070 4647 3251 4705 etiam
3296 4648 3677 4719 spiritalibus
3710 4654 3911 4708 malis

428 4727 700 4802 linquere
730 4729 1084 4802 debeamus,
1136 4732 1241 4788 sed
1268 4733 1474 4788 omnia
1524 4733 1880 4801 interimere,
1925 4751 1999 4790 ne
2048 4736 2097 4791 si
2204 4734 2357 4790 bene
2389 4735 2471 4789 uti
2498 4735 2730 4807 dicitur,
2746 4735 2840 4791 vel
2870 4736 2947 4791 ad
2965 4736 3420 4792 damnationem
3440 4739 3912 4809 quorumdam,

427 4817 896 4893 pepercerimus,
947 4825 1253 4893 reputetur
1300 4821 1476 4877 nobis
1523 4821 1585 4877 in
1631 4822 1893 4896 culpam,
1946 4825 2098 4880 sicut
2203 4823 2297 4879 vel
2326 4824 2832 4893 emendationem,
2858 4824 2950 4880 vel
2974 4825 3051 4881 ad
3081 4825 3523 4898 probationem.
3554 4830 3616 4881 Et
3638 4827 3795 4885 licet
3821 4833 3912 4886 af-

429 4907 713 4980 scriptum
748 4912 837 4964 est
863 4908 938 4964 de
962 4910 1122 4979 Saul,
1155 4910 1258 4985 qui
1291 4911 1495 4966 vivum
1527 4916 1867 4967 servaverat
1894 4928 2095 4984 regem
2204 4911 2527 4967 ﬂictionem
2553 4929 2791 4986 semper
2809 4917 3071 4986 appetat,
3096 4919 3298 4970 tamen
3329 4915 3376 4970 si
3407 4915 3486 4970 ab
3509 4918 3777 4973 auctore
3804 4938 3918 4975 no-

429 4996 690 5057 Amalec.
726 4999 1045 5067 Quomodo
1076 5001 1237 5057 enim
1272 5001 1531 5077 quisque
1578 5002 1777 5076 justus
1808 5003 2091 5071 manebit,
2204 5005 2325 5057 stro
2355 5006 2713 5074 potestatem
2744 5018 2867 5058 non
2895 5004 3127 5076 accipit,
3158 5004 3320 5059 idem
3366 5005 3677 5074 malignus
3713 5011 3916 5080 spiri-

433 5082 484 5141 si
508 5083 707 5139 adhuc
738 5085 967 5159 aliquid
1022 5089 1251 5163 peccati
1292 5089 1353 5149 in
1404 5091 1727 5165 semetipso
1778 5093 2095 5148 servaverit
2202 5092 2299 5145 tus
2318 5089 2395 5146 ad
2419 5092 2759 5147 tentationis
2789 5091 3105 5147 articulum
3128 5092 3471 5149 nullatenus
3490 5096 3911 5153 convalescit.

429 5171 582 5229 sicut
612 5173 797 5231 Saul?
826 5180 897 5231 At
921 5193 1063 5233 vero
1095 5178 1305 5248 sancti,
1364 5178 1425 5234 in
1464 5180 1658 5249 ﬁgura
1702 5181 1992 5236 Samuelis
2014 5181 2096 5237 ita
2203 5179 2369 5235 Unde
2402 5185 2459 5236 et
2486 5180 2683 5236 omnis
2708 5181 2987 5237 voluntas
3032 5181 3257 5238 diaboli
3304 5184 3525 5253 injusta
3557 5189 3692 5251 est;
3730 5194 3798 5242 et
3828 5194 3921 5243 ta-

427 5261 683 5319 sseviunt
713 5279 894 5337 super
923 5265 1127 5322 hostes
1160 5284 1319 5335 suos,
1351 5268 1410 5323 id
1461 5275 1545 5323 est
1579 5285 1758 5342 super
1782 5270 1924 5324 vitia
1954 5286 2090 5343 pec-
2200 5285 2360 5336 men,
2397 5270 2772 5341 permittente
2800 5271 2939 5338 Deo,
2971 5271 3169 5326 omnis
3201 5274 3466 5345 potestas
3488 5274 3682 5343 justa.
3732 5277 3917 5333 Bene

426 5357 717 5420 catorum,
750 5358 817 5410 ut
842 5370 967 5411 non
1003 5356 1350 5430 permittant
1380 5357 1633 5431 relinqui
1678 5358 1921 5431 aliquod
1954 5375 2091 5431 pec-
2201 5374 2344 5423 ergo
2366 5359 2850 5433 dieitur,spiritus
2874 5361 3109 5416 Domini
3128 5362 3323 5418 malus
3341 5362 3697 5433 exagitabat
3721 5382 3919 5431 eum,

429 5440 631 5525 catum
669 5438 1056 5525 impunitum.
2202 5448 2456 5517 Domini,
2512 5450 2788 5506 videlicet
2829 5467 2937 5522 per
2980 5451 3281 5507 licentiam
3328 5453 3645 5524 potestatis
3682 5456 3921 5525 iustae.

499 5540 533 5615 ἕ
570 5520 999 5615 Verumtamen
1022 5523 1276 5615 lugebat
1314 5526 1550 5582 Samuel
1583 5529 1740 5585 Sall}.
1794 5528 2089 5594 Quoniam
2199 5538 2394 5592 malus
2426 5545 2649 5607 autem,
2684 5557 2791 5612 per
2830 5520 3205 5597 desiderium
3248 5520 3573 5598 voluntatis
3610 5520 3921 5615 injustas-

430 5629 459 5657 «
498 5607 822 5706 Dominum
869 5614 1216 5684 paenitebat,
1252 5616 1419 5687 quod
1456 5618 1858 5673 constituisset
1886 5634 2086 5686 regem
2199 5626 2265 5680 Et
2292 5628 2572 5697 quamvis
2620 5628 2964 5697 malignitas
3012 5646 3045 5684 a
3078 5631 3332 5685 Domino
3384 5646 3504 5685 non
3554 5632 3651 5699 sit,
3678 5607 3925 5706 τρωθ-

429 5717 460 5746 ‹‹
498 5696 636 5755 Saul
668 5713 847 5790 super
869 5702 1063 5758 lsrael.
1086 5725 1113 5752 »
1143 5704 1245 5760 Hic
1274 5705 1434 5760 enim
1462 5705 1800 5776 benignitas
1827 5709 2087 5779 perfecta
2200 5696 2331 5768 stas
2377 5714 2493 5790 nisi
2544 5732 2579 5771 a
2608 5718 2728 5772 Deo
2756 5696 2876 5773 non
2928 5722 3034 5774 est.
3092 5719 3181 5774 Sic
3208 5723 3265 5774 et
3315 5718 3458 5774 alibi
3500 5696 3747 5777 dictum:
3814 5734 3930 5782 est

426 5789 771 5845 sanctorum
800 5788 861 5846 in
892 5791 1165 5848 Samuele
1195 5794 1489 5865 prepheta
1529 5811 1673 5866 erga
1700 5797 1841 5853 Sani
1863 5814 2083 5871 praeos-
2202 5802 2383 5859 etiam
2422 5788 2497 5860 de
2522 5822 2739 5879 sopore
2787 5808 3019 5865 Domini
3046 5806 3151 5881 qui
3198 5813 3604 5882 occupaverat
3655 5811 3930 5871 milites
