3944 6404
125 257 218 316 309
1110 238 1366 309 ENARR.
1406 250 1477 309 1N
1518 236 1762 308 uanos
1799 226 2058 313 iiscum.
2102 289 2171 299 —
2210 259 2277 315 IN
2319 234 2448 314 ita.
2495 259 2533 312 ι.

3438 240 3544 309 3w

120 381 376 455 ejusdem
403 377 567 441 Saul,
598 382 741 433 cum
771 374 958 434 David
982 370 1223 435 hastam
1252 382 1309 434 et
1336 378 1638 451 scyphum
1669 375 1770 434 ab-
1797 381 1845 434 Α
1882 386 2144 453 peratur,
2175 370 2317 456 qtiia
2338 398 2476 439 cum
2505 397 2716 437 sensus
2742 376 3074 453 potentium
3091 393 3199 456 per
3226 370 3548 432 elationem

125 474 363 531 stulisset
385 478 421 527 a
451 469 645 543 capite
677 468 1052 525 dormientis.
1088 473 1215 525 Non
1245 469 1389 542 quia
1421 486 1602 542 sopor
1628 472 1771 525 tunc

122 564 176 621 in
204 548 451 619 Domino
484 564 630 630 erat,
658 562 723 616 ut
746 559 873 633 ipse
904 559 1212 627 dormiret,
1248 546 1351 614 sed
1383 559 1527 631 quia
1551 554 1644 613 ille
1680 574 1775 614 sou-

122 668 221 728 por
248 653 307 719 (Ι
331 653 475 722 Reg.
500 650 687 721 XXVI).
713 648 820 722 qui
851 652 995 705 tunc
1046 648 1323 705 homines
1354 649 1771 721 apprehende-

121 738 220 810 rat,
246 746 391 798 nutu
422 741 523 796 Dei
548 742 674 795 erat
699 739 956 810 infusus,
975 754 1051 795 ne
1075 739 1263 795 David
1290 755 1326 795 a
1353 738 1539 793 servis
1561 738 1689 809 ejus
1710 736 1772 793 in

120 838 185 890 'eo
212 833 339 889 loco
366 831 691 905 praesentia
721 829 1054 886 sentiretur.
1088 830 1308 886 Dicitur
1337 845 1480 899 ergo
1533 828 1774 903 spiritus

120 922 303 980 maliis
334 916 591 989 Domini,
614 921 732 976 hoc
758 925 846 976 est
874 919 1145 976 minister
1170 919 1289 987 Dei,
1320 918 1400 976 ad
1429 918 1775 975 faciendum

120 1008 174 1069 iii
205 1004 337 1069 S’aul
364 1011 532 1084 quod
564 1004 704 1066 eniti
736 1008 860 1083 pati
888 1008 1107 1065 debere
1139 1008 1775 1077 Omnipotentissimus

116 1092 433 1175 judicabat.
467 1096 769 1168 Quoniam
822 1100 1064 1173 spiritus
1123 1098 1238 1168 ille,
1274 1104 1338 1156 ut
1390 1098 1621 1156 dictum
1662 1103 1771 1167 est,

120 1180 409 1249 voluntate
441 1200 567 1265 qua
598 1188 796 1246 malus
826 1195 973 1261 erat,
1001 1205 1126 1246 non
1175 1195 1300 1246 erat
1329 1189 1427 1245 Dei
1458 1208 1470 1258 ;
1504 1193 1776 1246 creatura

119 1284 248 1339 vero
303 1298 427 1354 qua
487 1281 767 1337 conditus
817 1284 963 1345 erat,
992 1284 1048 1336 ct
1099 1283 1394 1353 potestate
1435 1297 1620 1354 quam
1650 1295 1775 1336 non

121 1390 300 1453 suam,
336 1373 439 1428 sed
501 1371 737 1428 Domini
796 1371 1071 1428 omnium
1120 1372 1399 1445 aequitate
1440 1368 1772 1444 acceperat,

121 1460 339 1518 Domini
368 1466 517 1517 erat.
554 1463 672 1517 Hoc
701 1461 1037 1517 secundum
1067 1461 1381 1517 historiam
1403 1461 1632 1517 dictum
1664 1464 1771 1515 est.

120 1552 491 1625 Tropologice
536 1568 680 1608 vero
706 1566 814 1626 per
846 1551 1004 1618 Saul,
1029 1551 1292 1625 populus
1340 1550 1774 1625 prreﬁguraba-

116 1646 205 1698 tur
258 1636 609 1697 Judaeorum
640 1641 743 1715 qui
774 1641 834 1697 in
880 1641 1143 1697 adventu
1178 1641 1520 1714 Salvatoris,
1552 1641 1631 1696 ob
1660 1641 1769 1697 im-

1882 471 1943 526 in
2002 472 2265 529 furorem
2321 472 2584 539 vertitur,
2628 469 2884 549 dignum
2937 465 3118 549 estut
3155 465 3234 523 ad
3292 465 3548 521 salutem

1882 562 2119 631 mentis,
2152 562 2326 635 quasi
2350 559 2667 617 dulcedine
2691 548 2956 626 citharae,
2986 548 3305 613 locutionis
3325 558 3547 612 nostra)

1883 652 2307 727 tranquillitate
2340 648 2672 709 revocetur.

2503 797 2728 852 CAPUT
2764 796 2923 849 XVII.

1958 946 1985 973 «
2028 910 2473 995 Congregantes
2522 937 2667 977 vero
2714 908 3001 976 Philistim
3050 910 3301 990 agmina
3347 931 3459 973 sua
3483 912 3548 970 in

1885 1006 1912 1063 ἒ‹
1955 1008 2230 1085 praelium
2287 1004 2700 1067 convenerunt
2745 1003 2808 1064 iii
2837 1008 3118 1079 So‘choth,
3150 1029 3177 1058 »
3210 1010 3267 1063 et
3293 1004 3544 1078 reliqua.

1887 1100 2149 1160 Sochoth
2176 1104 2265 1158 est
2287 1100 2581 1175 oppiduni
2607 1099 2670 1154 in
2697 1089 2857 1154 trib'ii
2876 1088 3050 1167 Juda,
3074 1101 3136 1154 ut
3168 1092 3230 1152 iii
3250 1086 3419 1152 libris
3438 1096 3547 1151 Lo-

1885 1208 2097 1249 corum
2128 1174 2360 1261 legitur.
2385 1174 2533 1246 Suut
2553 1192 2755 1245 autem
2785 1204 2981 1260 usque
3002 1174 3181 1243 hodie
3219 1184 3398 1243 viculi
3423 1183 3546 1240 duo

1883 1282 2272 1357 pergentibus
2300 1281 2511 1337 Aﬂliam
2542 1280 2615 1334 de
2649 1277 3197 1357 Eleutheropoliiu
3218 1278 3382 1333 nono
3414 1275 3548 1332 mil-

1883 1373 2052 1430 liario
2083 1370 2191 1428 viae
2221 1371 2509 1445 publicae:
2542 1385 2699 1425 unus
2718 1367 2776 1423 in
2796 1368 3022 1439 monte,
3047 1346 3104 1423 et
3125 1348 3271 1423 alter
3299 1366 3361 1423 in
3390 1383 3552 1422 cam-

1884 1462 1965 1538 pd
1997 1460 2163 1527 situs,
2197 1456 2302 1535 qui
2349 1456 2609 1515 Sochoth
2642 1452 3093 1530 nuncupantur.
3127 1454 3554 1529 Interpretatur

1884 1571 2027 1612 vero
2053 1570 2258 1610 ramus
2280 1548 2371 1608 vel
2398 1552 2707 1607 humilitas
2731 1554 2937 1620 Azeca,
2951 1548 3161 1603 civitas
3186 1547 3552 1605 Chananaao-

1838 1637 1844 1642 ’
1884 1661 2021 1700 rum
2052 1644 2115 1699 in
2144 1646 2312 1717 parte
2370 1640 2554 1697 tribus
2584 1639 2775 1709 Judae,
2804 1638 2883 1694 ad
2912 1655 3101 1710 quam
3132 1653 3325 1710 usque
3355 1652 3553 1709 perse-

117 1732 379 1806 pietatem
415 1748 593 1788 suam
625 1747 661 1788 a
691 1734 809 1787 Deo
840 1731 1156 1788 derelictus
1188 1735 1294 1788 est.
1328 1730 1611 1804 Spiritum
1638 1747 1775 1787 san-
1805 1746 1846 1800 Β
1885 1739 2058 1791 cutus
2087 1737 2175 1789 est
2202 1735 2368 1789 Jesus
2400 1730 2669 1806 quinque
2693 1745 2887 1801 reges.
2924 1726 3039 1785 Sed
3067 1729 3125 1784 et
3161 1726 3341 1783 hodie
3368 1742 3552 1783 voca-

119 1826 266 1877 ctum
295 1834 479 1894 quem
507 1820 651 1877 olim
684 1824 1019 1894 acceperat,
1052 1819 1292 1888 amisit;
1322 1824 1501 1893 atque
1534 1820 1611 1876 ab
1658 1821 1777 1894 spi-

117 1912 224 1967 ritu
267 1924 555 1984 nequam,
590 1910 704 1966 boc
762 1916 872 1982 est,
903 1908 1124 1967 diaboli
1185 1910 1521 1975 mendacio,
1580 1927 1774 1984 usque

120 2016 265 2057 nunc
295 2000 579 2072 agitatur.

186 2112 211 2139 ‹‹
248 2089 426 2160 Igitur
455 2088 951 2164 quandocumque
982 2089 1231 2164 Spiritus
1265 2089 1501 2146 Domini
1527 2088 1774 2163 arripie-

119 2202 143 2228 «
179 2178 275 2236 bat
300 2178 461 2249 Saul,
497 2177 746 2236 tollebat
778 2176 966 2235 David
996 2180 1289 2236 citharam
1318 2184 1375 2236 et
1402 2178 1776 2251 percutiebat

120 2292 144 2318 «ι
174 2266 352 2325 manu
377 2286 512 2339 sua,
541 2262 598 2325 et
624 2266 1071 2325 refocillabatur
1105 2269 1265 2339 Saul,
1298 2273 1354 2325 et
1384 2268 1573 2324 levius
1595 2268 1778 2325 habe-

126 2377 151 2411 ‹
186 2359 301 2415 bat.
350 2358 729 2416 Reccedebat
758 2358 919 2414 enim
969 2359 1048 2414 ab
1101 2375 1171 2414 eo
1219 2356 1460 2431 spiritus
1491 2356 1708 2414 malus.
1742 2377 1769 2408 η

120 2448 322 2503 Pendet
348 2449 514 2505 enim
544 2464 617 2503 ex
665 2447 1097 2521 superioribus.
1136 2448 1233 2503 llic
1261 2447 1441 2504 etiam
1472 2450 1651 2520 prout
1682 2463 1776 2502 su-

116 2553 234 2610 pra,
258 2540 470 2612 typum
502 2536 695 2593 tenuit
718 2536 1057 2594 Salvatoris.
1074 2534 1261 2593 David
1287 2537 1347 2592 in
1369 2536 1614 2592 canticis
1642 2553 1771 2592 mu-

119 2626 241 2682 sicis
270 2624 541 2684 eruditus
574 2630 722 2696 erat,
772 2630 829 2681 et
860 2622 1148 2681 Dominus
1195 2629 1363 2681 .lesus
1390 2623 1678 2681 Christus
1706 2625 1769 2682 in

119 2715 371 2772 Ecclesiae
404 2716 636 2772 unitate
668 2710 847 2771 variis
879 2714 1270 2771 concentibus
1299 2716 1358 2771 in
1399 2714 1769 2788 expositione

120 2810 448 2862 sanctorum
484 2794 929 2879 Scripturarum
959 2805 1226 2878 quotidie
1255 2809 1516 2873 resonat,
1550 2808 1605 2859 et
1634 2820 1768 2860 sua-

118 2895 275 2951 vitate
303 2895 561 2968 mystica
595 2895 969 2951 modulatur:
997 2894 1182 2949 David
1204 2892 1265 2950 in
1291 2894 1519 2951 cithara
1544 2910 1771 2950 canens

117 2985 437 3057 malignum
465 2985 743 3057 spiritum
776 2978 1049 3055 fugabat,
1084 2988 1141 3040 et
1166 2984 1428 3040 Christus
1457 3001 1565 3058 per
1595 2978 1776 3039 virtu-

121 3080 223 3130 tem
254 3075 444 3163 crucis
481 3088 607 3129 suae
631 3075 939 3130 daemones
966 3073 1263 3147 oppressit
1281 3077 1461 3147 atque
1492 3073 1566 3129 de
1595 3073 1774 3129 corde
1806 3109 1847 3163 Ο

120 3154 469 3221 cretleritiii'm
502 3156 753 3233 fugavit.
774 3166 904 3219 Non
926 3164 1085 3219 enim
1103 3162 1164 3219 in
1186 3156 1413 3219 cithara
1429 3163 1587 3219 illius
1613 3167 1777 3218 tanta

119 3250 287 3309 virttis
319 3260 463 3322 erat,
502 3240 611 3310 sed
641 3250 1000 3326 mysterium
1046 3253 1238 3309 crucis
1296 3253 1528 3320 Christi,
1557 3269 1665 3326 per
1706 3252 1775 3307 li-

121 3338 291 3413 gnum
328 3344 681 3400 extensione
727 3359 1073 3410 nervorum,
1104 3341 1359 3415 mystice
1412 3341 1771 3413 gerebatur:

120 3430 170 3486 in
198 3428 313 3506 qua
345 3422 531 3490 etiam
558 3424 764 3507 passio
799 3432 1014 3488 Christi
1046 3432 1427 3488 cantabatur.
1462 3430 1652 3487 David
1683 3447 1776 3486 oc-

120 3524 275 3578 tavus
301 3528 355 3580 et
386 3522 681 3579 minimus
710 3521 892 3578 frater
920 3522 981 3578 in
1040 3538 1227 3592 regno
1282 3520 1534 3594 eligitur,
1568 3518 1625 3576 et
1669 3521 1778 3576 Do-

123 3612 302 3668 minus
324 3617 496 3670 Jesus
529 3598 795 3668 Christus
846 3612 1236 3685 semetipsum
1287 3610 1628 3680 exinanivit,
1662 3609 1776 3665 for-

122 3714 386 3776 mamque
419 3701 577 3758 Servi
601 3700 924 3774 accipiens,
952 3717 1060 3774 per
1091 3701 1343 3771 gloriam
1402 3690 1779 3755 resurrectio-

122 3792 203 3845 nis
233 3810 371 3861 suae,
406 3798 462 3850 et
486 3790 915 3863 EVa‘ngelicam
936 3786 1428 3865 praedicationem
1455 3790 1591 3861 (hoc
1614 3789 1775 3845 enim

122 3874 459 3953 sacramenti
526 3882 722 3939 octavi
776 3881 1011 3939 numeri
1040 3882 1268 3938 obtinet
1315 3888 1651 3951 arcanum),
1683 3897 1775 3937 re-

124 3962 288 4039 gnum
319 3970 377 4029 in
412 3956 700 4044 gentibus
717 3970 973 4045 adeptus
996 3972 1103 4028 est.
1135 3971 1321 4027 David
1344 3968 1596 4045 pulchra
1626 3970 1776 4027 facie

121 4077 237 4117 esse
265 4056 649 4135 describitur,
682 4061 825 4135 quia
856 4066 912 4117 et
942 4061 1233 4117 Dominus
1283 4062 1451 4117 Jesus
1512 4060 1776 4118 Christus

123 4152 411 4224 speciosus
438 4151 643 4209 forma
672 4153 760 4207 est
780 4168 904 4225 prae
935 4150 1069 4206 ﬁliis
1094 4151 1435 4206 hominum.
1470 4150 1658 4205 David
1682 4166 1779 4205 ru-

124 4224 205 4295 ius
230 4257 353 4298 esse
384 4240 690 4312 narratur,
723 4224 883 4296 etde
913 4239 1219 4295 Salvatore
1248 4243 1453 4295 nostro
1481 4239 1777 4312 Propheta

125 4316 302 4386 canit:
337 4358 361 4384 ι
395 4310 543 4399 duis
587 4332 676 4386 est
724 4330 831 4386 iste
878 4330 983 4403 qui
1037 4329 1200 4385 venit
1255 4328 1330 4385 de
1385 4310 1771 4400 Edom—(Isa.

128 4421 259 4493 txm)
281 4420 356 4476 7)
377 4408 434 4478 et
461 4420 720 4491 reliqua,
744 4414 910 4493 quod
941 4406 1362 4491 interpretatur
1390 4412 1629 4488 rubens,
1651 4417 1774 4474 sive

125 4512 489 4582 sanguineus.
522 4514 819 4567 Caeterum
850 4507 1151 4565 moraliter
1182 4524 1293 4564 nos
1323 4496 1577 4579 instruit,
1607 4506 1777 4581 quod

127 4615 249 4655 cum
279 4601 519 4657 Saulem
553 4599 798 4674 spiritus
828 4598 1183 4655 immundus
1213 4598 1539 4669 invaderet,
1568 4613 1780 4671 appre-

126 4687 298 4746 hensa
328 4690 517 4747 David
550 4690 781 4746 cithara
807 4689 958 4760 ejus,
990 4687 1305 4743 vesaniam
1360 4687 1628 4744 scdabat.
1663 4684 1783 4743 Ple-

127 4793 361 4854 rumque
395 4779 726 4854 superbus,
745 4778 933 4842 dives,
949 4777 1378 4834 exhortationis
1401 4772 1781 4835 blandimen-

128 4870 177 4922 to
202 4869 537 4942 placandus
560 4864 672 4949 est,
691 4869 835 4942 quia
858 4872 915 4923 et
937 4868 1294 4941 plerumque
1326 4866 1479 4923 dura
1505 4868 1779 4937 vulnera,

128 4973 220 5029 per
245 4958 399 5016 lenia
430 4959 705 5016 fomenta
730 4958 1108 5021 mollescunt,
1142 4960 1198 5012 et
1224 4956 1389 5013 furor
1417 4958 1774 5015 inSanorum

130 5062 268 5120 saepe
321 5046 399 5105 ad
461 5047 747 5118 salutem,
780 5047 982 5103 medio
1031 5045 1402 5118 blandiente,
1454 5047 1778 5103 reducitur.

130 5134 377 5211 Cumque
397 5138 476 5195 al-
507 5137 595 5193 eis
615 5137 676 5192 in
708 5134 1093 5193 dulcedinem
1124 5127 1783 5203 condescenditur,lan-

130 5239 262 5293 guor
288 5210 540 5283 insania:
572 5210 900 5297 mitigatur.
946 5229 1147 5299 Neque
1202 5223 1361 5280 enim
1414 5224 1786 5294 negligenter

133 5306 466 5373 intriendum
497 5320 607 5383 est,
642 5316 809 5390 quod
843 5332 982 5371 cum
1027 5314 1267 5372 Saulem
1300 5313 1541 5387 spiritus
1572 5313 1785 5369 adver-

134 5419 219 5457 sus
245 5404 574 5473 invaderet,
603 5406 987 5479 apprehensa
1018 5402 1209 5461 David
1236 5402 1487 5477 cithara,
1521 5403 1650 5473 ejus
1682 5419 1784 5459 ve-

136 5484 342 5551 saniam
371 5484 649 5552 sedabat.
678 5495 829 5562 Quid
863 5495 1023 5551 enim
1054 5510 1162 5568 per
1192 5492 1431 5550 Saulem
1463 5484 1575 5547 nisi
1607 5492 1785 5548 elatio

136 5587 440 5652 potentium
463 5587 491 5642 ‘2
523 5588 588 5640 Et
617 5585 761 5658 quid
796 5601 902 5659 per
936 5582 1117 5639 David
1148 5582 1432 5650 innuitur,
1458 5581 1787 5637 nisihumi-

138 5668 194 5723 lis
220 5675 329 5730 vita
354 5680 711 5731 sanctorum
737 5677 764 5730 ?
795 5679 943 5731 Cum
999 5690 1141 5743 ergo
1191 5671 1329 5727 Saul
1362 5671 1439 5726 ab
1468 5670 1785 5727 immundo

143 5761 324 5831 spiritu
352 5764 664 5840 arripitur,
693 5762 885 5821 David
914 5768 1185 5831 canente,
1210 5763 1340 5834 ejus
1368 5756 1617 5820 vesania
1642 5766 1789 5818 tem-

1885 1829 1981 1881 tur
2007 1824 2149 1880 villa
2174 1828 2383 1887 Azeca,
2415 1821 2568 1877 inter
2597 1817 3103 1892 Eleutheropolim
3150 1821 3206 1874 et
3234 1814 3467 1887 zEliam,
3495 1820 3553 1873 et

1882 1915 2306 1987 interpretatur
2329 1911 2651 1984 fortitudo,
2688 1909 2811 1965 sive
2854 1909 3156 1979 decipula.
3206 1911 3402 1964 Domu
3426 1904 3552 1961 sive

1886 2003 2123 2060 Domim
2151 2002 2213 2058 in
2243 2001 2403 2057 tribu
2449 1999 2603 2057 Juda
2635 1998 2801 2055 vicus
2835 1997 3082 2070 grandis
3138 2000 3245 2063 est,
3274 1996 3338 2052 in
3366 1992 3551 2052 Daro-

1884 2109 2072 2160 mam,
2088 2093 2203 2147 hoc
2225 2095 2313 2147 est
2333 2090 2413 2146 ad
2439 2088 2761 2145 australem
2784 2088 3031 2161 plagam
3047 2086 3109 2143 in
3139 2083 3365 2164 ﬁnibus
3387 2083 3551 2141 Eleu-

1885 2181 2284 2255 theropoleos,
2337 2180 2546 2235 decem
2596 2182 2652 2235 et
2709 2181 2937 2251 septem
2971 2176 3146 2233 abea
3198 2174 3551 2231 milliaribus

1885 2273 2136 2341 distans,
2160 2276 2217 2326 et
2245 2270 2732 2342 interpretatatur
2757 2268 3060 2323 silentium
3086 2266 3208 2322 sive
3235 2265 3551 2337 gaudium.

1958 2381 1988 2415 ‹
2027 2362 2212 2417 Porro
2242 2358 2382 2417 Saul
2425 2363 2482 2414 et
2532 2356 2639 2413 viri
2692 2356 2875 2425 Israel
2923 2355 3271 2428 congregati
3317 2357 3458 2410 sunt
3485 2353 3550 2411 in

1887 2474 1914 2503 «
1955 2450 2105 2508 valle
2136 2448 2496 2505 Terebinthi.
2531 2468 2558 2497 ι)
2589 2441 2982 2503 Terebinthus
3036 2448 3094 2502 et
3147 2446 3208 2501 in
3255 2443 3550 2512 Sichimis,

1886 2542 1999 2597 sub
2030 2556 2153 2613 qua
2206 2539 2525 2595 abscondit
2554 2536 2741 2593 Jacob
2794 2535 2956 2592 idola
2996 2536 3170 2607 juxta
3219 2533 3549 2608 Neapolim.

1885 2630 2028 2686 Hinc
2060 2628 2234 2685 refert
2262 2627 2557 2700 Josephus
2609 2624 2778 2700 quod
2810 2624 3108 2681 Palaestini
3152 2622 3554 2681 castrametati

1886 2724 2025 2776 sunt
2052 2719 2203 2775 inter
2231 2718 2491 2773 Sochoth
2519 2720 2576 2773 et
2605 2721 2810 2772 Azeca.
2867 2716 3087 2772 Contra
3136 2731 3293 2788 quos
3351 2714 3554 2769 denuo

1887 2810 2028 2867 Saul
2056 2808 2335 2882 perduxit
2364 2806 2711 2878 exercitum,
2739 2810 2798 2862 et
2826 2822 3006 2879 super
3025 2804 3335 2879 quendam
3376 2818 3553 2859 mon-

1888 2904 2003 2955 tem
2020 2902 2219 2953 castra
2242 2912 2497 2969 ponens,
2512 2895 2706 2965 coegit
2722 2895 3067 2952 Palaestinos
3086 2895 3290 2968 priora
3302 2893 3553 2967 quidem

1886 2992 2081 3044 castra
2131 2978 2486 3059 relinquere,
2519 2989 2576 3041 et
2620 3001 2692 3040 ex
2750 2984 3007 3041 adverso
3065 2984 3314 3054 montis,
3367 2998 3553 3055 quem

1888 3076 2029 3134 Saul
2083 3075 2584 3149 apprehenderat,
2634 3074 2939 3129 advenire.
2990 3074 3315 3145 Divisitque
3341 3088 3554 3128 eorum

1886 3162 2177 3223 exercitus
2207 3156 2443 3219 medius
2476 3164 2673 3230 mons,
2705 3163 2810 3235 qui
2840 3158 2965 3219 erat
2992 3156 3224 3236 positus
3250 3161 3404 3216 inter
3425 3175 3551 3216 eos.

1960 3277 1986 3305 ‹‹
2030 3258 2097 3310 Et
2148 3270 2425 3324 egressus
2473 3256 2561 3307 est
2588 3252 2678 3308 vir
2710 3250 2949 3325 spurius
3002 3251 3077 3307 de
3108 3249 3318 3307 castris
3348 3247 3554 3305 Philis-

1889 3368 1917 3397 ‹‹
1958 3342 2265 3400 thinorum
2318 3340 2563 3397 nomine
2622 3334 2875 3412 Goliath,
2921 3364 2948 3390 »
2980 3345 3035 3398 et
3082 3340 3333 3413 reliqua.
3373 3338 3554 3410 Igitur

1886 3422 2409 3509 quemadmodum
2439 3432 2499 3486 in
2530 3430 2777 3487 exordio
2807 3422 3054 3509 polliciti
3086 3446 3323 3500 sumus,
3342 3428 3553 3501 paula-

1886 3506 1992 3580 tim
2025 3514 2337 3577 historiam
2371 3516 2613 3591 tangere
2635 3520 2914 3595 cupimus
2937 3506 3001 3576 ut
3021 3518 3410 3593 postmodum
3436 3517 3556 3575 cul-

1887 3626 2026 3668 men
2079 3610 2356 3685 spiritalis
2416 3609 2816 3679 intelligentiaa
2868 3608 3270 3683 deponamus.
3304 3600 3554 3681 Spurius

1886 3698 2121 3772 dicitur,
2145 3700 2289 3773 quia
2317 3716 2389 3755 ex
2412 3703 2577 3772 patre
2611 3696 2873 3770 gigante,
2904 3702 3095 3754 matre
3122 3713 3262 3753 vero
3289 3696 3551 3763 Gethtea,

1884 3794 2064 3847 natus
2097 3792 2241 3845 erat.
2278 3788 2465 3844 David
2515 3791 2717 3844 autem
2750 3790 2879 3844 erat
2927 3786 3087 3843 ﬁlius
3116 3784 3225 3841 viri
3256 3783 3555 3857 Ephrataai

1885 3879 1960 3937 de
1988 3879 2328 3936 Bethlehem
2356 3876 2533 3946 Juda,
2568 3876 2663 3933 eiii
2692 3874 2920 3933 nomen
2952 3880 3078 3932 erat
3125 3870 3257 3939 lsai,
3289 3873 3396 3947 qui
3441 3873 3553 3930 ha-

1882 3969 2066 4026 bebat
2095 3973 2229 4025 octo
2256 3964 2430 4024 ﬁlios.
2457 3968 2751 4034 Quaeritur
2771 3984 2877 4023 cur
2904 3965 3001 4023 hic
3022 3954 3156 4022 octo
3185 3963 3340 4020 ﬁlios
3363 3962 3552 4020 habe-

1883 4076 1947 4116 re
1974 4046 2226 4129 dicatur,
2275 4074 2412 4113 cum
2462 4058 2523 4113 in
2580 4050 3096 4137 Paralipomenon,
3133 4070 3258 4110 non
3285 4052 3549 4127 amplius

1884 4165 2073 4222 quam
2103 4142 2328 4221 septeni
2353 4146 2675 4217 leguntur?
2708 4142 2881 4213 Quod
2901 4144 2983 4202 ita
3012 4144 3291 4202 solvitur:
3319 4143 3552 4200 Nathan

1884 4231 2085 4311 itaque
2111 4237 2495 4309 prophetam,
2526 4236 2718 4292 ﬁlium
2754 4236 2971 4294 Samaa
2994 4228 3100 4291 ﬁlii
3131 4233 3244 4313 sui,
3274 4250 3460 4308 quem
3488 4232 3553 4289 in

1884 4318 2019 4383 loco
2048 4326 2152 4383 ﬁlii
2181 4314 2543 4382 educaverat
2572 4330 2626 4382 et
2651 4322 2960 4395 nutrierat,
2985 4319 3137 4383 inter
3160 4323 3315 4381 ﬁlios
3344 4338 3555 4380 nume-

1886 4418 1995 4473 rat.
2032 4418 2179 4472 Nam
2212 4418 2267 4472 et
2319 4431 2525 4472 coram
2559 4414 2834 4473 Sdmuele
2866 4408 3098 4489 septem
3147 4415 3277 4487 ejus
3327 4412 3432 4469 ﬁlii
3468 4412 3553 4468 le-

1890 4508 2112 4578 guntur
2141 4505 2406 4575 adducti,
2435 4509 2492 4562 et
2520 4510 2771 4581 octavus
2796 4521 2933 4563 esse
2964 4505 3023 4562 in
3054 4578 3057 4581 _
3080 4503 3322 4581 pascuis
3354 4498 3368 4560 ἑ
3401 4502 3555 4558 inter

1888 4574 2042 4671 quos
2070 4597 2303 4653 Nathan
2334 4574 2663 4651 adductum
2688 4574 2868 4650 inisse
2896 4574 3285 4657 manifestum
3310 4595 3418 4657 est,
3447 4590 3555 4662 qui

1889 4671 1944 4742 ‘e't
1990 4672 2288 4757 Jonathan
2342 4689 2609 4758 vocatur.
2642 4686 2721 4739 De
2779 4701 2903 4758 quo
2955 4682 3015 4738 in
3067 4685 3337 4738 extrema
3385 4682 3556 4750 parte

1891 4754 2184 4833 Samuelis
2214 4754 2431 4829 dicitur
2463 4792 2475 4828 :
2510 4754 2818 4829 Percussit
2835 4776 3037 4849 autem
3081 4786 3220 4827 eum
3250 4768 3555 4825 Jonathan

1889 4850 2048 4921 iilius
2101 4867 2339 4929 Samaa,
2391 4858 2587 4918 fratris
2633 4861 2839 4918 David.
2891 4846 2958 4917 Et
2998 4856 3337 4916 notandum
3386 4856 3557 4930 quod

1890 4942 2238 5026 tibie'iinque
2296 4951 2593 5025 propheta
2644 4948 2914 5018 vocatur,
2964 4942 3200 5006 Nathan
3254 4946 3554 5019 scribitur,

1890 5036 2015 5099 non
2042 5042 2366 5098 Jonatban.
3078 5106 3087 5112 ⁴

1964 5138 1993 5181 ὁ(
2038 5124 2308 5204 Dixitque
2326 5128 2404 5186 ad
2426 5127 2616 5185 David
2639 5120 2809 5203 pater
2840 5144 3020 5185 suus:
3045 5120 3213 5186 Vade
3243 5127 3322 5209 ad
3341 5127 3556 5186 fratres

1898 5220 1921 5273 ἀ
1958 5212 2116 5290 tuo‘s,
2146 5218 2413 5275 visitabis
2437 5218 2481 5273 si
2510 5222 2666 5274 recte
2689 5212 2894 5288 agant,
2919 5222 2977 5275 et
2999 5215 3139 5276 cum
3159 5218 3381 5292 quibus
3402 5216 3560 5275 ordi-

1895 5318 1923 5363 te
1965 5310 2089 5366 nati
2120 5312 2277 5374 sunt,
2306 5307 2489 5363 disce.
2527 5330 2554 5358 »
2585 5310 2650 5364 In
2682 5307 2933 5365 Hebraeo
2963 5308 3045 5365 ita
3093 5308 3350 5365 habetur
3381 5323 3395 5362 :
3430 5328 3458 5359 «
3492 5309 3588 5365 Et—

1898 5424 1925 5451 ‹‹
1966 5394 2174 5455 fratres
2209 5403 2341 5454 tuos
2384 5396 2653 5453 visitabis
2701 5397 2747 5453 si
2785 5384 2941 5454 recte
2970 5401 3174 5466 agant.
3206 5400 3262 5453 et
3298 5396 3561 5470 pignora

1897 5515 1921 5542 ι‹
1966 5504 2175 5545 eorum
2208 5485 2500 5543 tollentes.
2538 5510 2565 5536 »
2592 5489 2862 5558 Pignora
2892 5488 2953 5543 in
2995 5484 3110 5543 hoc
3138 5486 3294 5544 loco.
3326 5487 3561 5544 Hebraei

1900 5581 2166 5637 libellum
2197 5577 2435 5645 repudii
2460 5575 2813 5642 intelligunt.
2839 5558 3181 5633 Secundum
3209 5594 3391 5633 usum
3424 5594 3564 5647 gen-

1896 5672 1968 5726 tis
2014 5667 2171 5723 ilitus
2220 5662 2505 5736 fecerunt,
2538 5669 2603 5721 ut
2641 5665 2890 5739 quando
2917 5665 3114 5723 ibatur
3140 5667 3218 5723 ab
3250 5668 3421 5724 eisin
3454 5685 3563 5742 pu-

1900 5774 2085 5834 gnam
2130 5754 2366 5815 libellos
2392 5754 2630 5829 repudii
2679 5752 2971 5814 uxoribus
2996 5755 3119 5814 suis
3147 5756 3382 5829 darent,
3414 5763 3481 5815 ut
3510 5750 3566 5815 si
