3944 6422
399 226 497 279 3H

1479 222 1859 285 .ANGELOMI
1901 223 2356 282 LUXOVIENSIS
2397 226 2714 284 ΜΟΝΑΟΗΙ

3736 231 3825 283 312

399 346 746 416 contigisset
771 346 962 403 virum
995 347 1054 402 in
1082 349 1287 420 praelio
1313 352 1444 424 capi
1478 357 1533 408 et
1558 353 1616 408 in
1648 347 2057 423 captivitatem
2087 351 2138 404 A
2171 365 2306 421 quae
2331 367 2504 407 arma
2533 351 2872 424 impietatis,
2898 350 3188 409 Dominus
3214 355 3383 408 Jesus
3413 351 3690 406 Christus
3707 351 3830 420 igne

399 439 560 501 duci,
610 439 826 494 mulier
867 440 1013 509 ejus,
1049 445 1400 512 exspectatis
1432 445 1622 500 tribus
1668 443 1862 504 annis,
1894 442 1939 497 si
1971 441 2060 495 vir

405 528 538 598 ejus
585 543 706 582 non
753 528 1036 592 rediisset,
1080 529 1266 585 alium
1297 531 1566 588 duxisset
1615 534 1829 588 virum.
1874 531 2062 599 Eligat

405 616 672 688 prudens
704 616 886 670 lector
907 616 1055 688 quid
1086 618 1194 672 sibi
1227 618 1535 690 placuerit,
1573 638 1684 677 nos
1715 620 2058 694 simplicita-

407 710 525 760 tem
551 705 812 760 historize
844 711 1061 760 nostrae
1092 711 1288 762 tenere
1321 709 1719 766 decrevimus.

480 816 508 844 «
551 793 818 865 Dixitque
847 795 896 849 ei
927 793 1106 850 frater
1131 813 1275 851 suus
1303 817 1313 852 :
1342 800 1533 863 Quare
1558 800 1766 855 venisti
1801 804 1858 856 et
1875 815 2064 872 quare

411 903 440 936 ‹
479 882 838 954 dereliquisti
868 883 1160 955 pauculas
1191 901 1334 940 oves
1383 887 1515 942 illas
1545 889 1605 945 in
1649 889 1921 955 deserto;
1953 904 2065 957 ego

409 994 436 1020 ‹‹
478 971 615 1026 novi
659 971 1004 1043 superbiam
1055 979 1242 1042 tuam,
1281 998 1307 1024 »
1353 981 1408 1030 et
1459 977 1709 1048 reliqua.
1767 981 1950 1033 Nosse
2005 993 2066 1032 se

407 1059 549 1114 dicit
596 1059 754 1113 illius
805 1061 1158 1132 superbiam
1207 1080 1262 1117 ex;
1305 1065 1635 1136 nequitiam
1687 1066 1904 1133 cordis,
1934 1066 2066 1138 qui-

408 1147 661 1219 putabat
705 1163 844 1203 eum
886 1154 1119 1204 tumore
1151 1151 1348 1206 cordis
1396 1153 1635 1220 elevari,
1671 1171 1740 1210 eo
1771 1154 1938 1226 quod
1971 1158 2071 1210 Sa-

409 1235 571 1291 muel
596 1235 766 1290 illum
792 1237 1059 1292 unxisset
1089 1238 1148 1292 in
1180 1255 1401 1307 regem.

483 1347 512 1372 ‹‹
556 1331 880 1380 Assumens
929 1332 1131 1381 autem
1183 1329 1360 1384 David
1411 1335 1591 1402 caput
1620 1330 1936 1386 Philistheei
1991 1335 2074 1386 at-

415 1433 445 1466 (
487 1413 618 1468 tulit
670 1412 816 1467 illud
846 1414 904 1468 in
957 1415 1302 1471 Jerusalem.
1333 1423 1514 1473 Arma
1569 1436 1710 1475 vero
1765 1420 1961 1492 posuit
2013 1421 2074 1475 in

415 1520 446 1554 ‹
488 1500 894 1557 tabernaculo.
931 1525 958 1550 ››
986 1504 1157 1568 Quod
1188 1505 1328 1560 dicit
1359 1507 1627 1562 attulisse
1681 1509 1863 1565 David
1895 1514 2077 1581 caput

421 1589 736 1644 Philisthmi
767 1589 826 1644 in
855 1591 1205 1659 Jerusalem,
1235 1596 1580 1667 anticipatio
1631 1603 1737 1666 est,
1767 1598 1933 1670 quod
1965 1615 2076 1670 po-

2174 439 2420 510 Spiritus
2475 441 2566 496 sui
2616 439 2824 506 sancti,
2881 440 3031 496 sicut
3083 441 3608 512 Psalmographus
3667 441 3830 508 canit,

2175 550 2201 575 «
2236 528 2567 584 combussit
2614 533 2671 584 et
2719 528 2800 584 ad
2855 528 3106 584 nihilum
3147 546 3335 601 usque
3389 529 3628 597 redegit
3659 529 3832 598 (Psal.

2171 620 2306 687 ενι).
2344 635 2373 668 ›
2403 649 2471 657 -
2504 640 2529 665 ‹‹
2569 617 2933 673 l’rocedebat
2975 635 3119 674 vero
3172 618 3551 674 Philisthaeus
3585 633 3761 673 mane
3789 622 3834 673 et

2171 720 2421 776 vespere
2441 721 2546 778 per
2562 706 2994 778 quadringinta
3009 707 3198 778 dies,»
3222 711 3279 763 et
3297 707 3552 779 reliqua.
3588 706 3836 771 Quadra-

2175 793 2338 863 ginta
2363 793 2490 850 dies
2520 795 2742 866 quibus
2775 795 3007 851 Goliath
3029 797 3322 852 adversus
3345 795 3653 868 populum
3677 795 3837 850 Israel

2177 883 2405 938 steti-se
2429 888 2723 952 narratur,
2741 899 2921 940 omne
2941 889 3177 956 tempus
3203 885 3330 940 vitae
3358 883 3839 956 prmsentisjpro—

2176 975 2308 1042 pter
2355 971 2583 1027 denarii
2620 972 2855 1028 numeri
2908 973 3356 1045 perfectionem,
3395 977 3587 1045 atque
3642 971 3839 1027 mundi

2177 1064 2438 1131 quatuor
2466 1065 2666 1133 partes
2713 1060 2832 1116 sive
2882 1066 3144 1134 quatuor
3168 1062 3488 1131 elementa,
3518 1067 3582 1116 et
3633 1060 3839 1134 quibus

2179 1147 2725 1214 visibilisfcreatura
2741 1150 3263 1220 constat,ﬁguram
3283 1151 3586 1206 habuisse
3609 1165 3733 1205 non
3748 1149 3841 1204 du-

2179 1236 2349 1292 bium
2378 1243 2484 1292 est.
2517 1238 2703 1294 David
2733 1255 2768 1293 a
2795 1244 2963 1310 patre
2996 1255 3106 1294 suo
3135 1240 3212 1294 ad
3241 1239 3495 1294 visitand
3508 1255 3612 1294 um
3647 1238 3839 1295 fratres

2182 1324 2404 1380 missus
2435 1327 2851 1382 estzsimiliter
2895 1333 2951 1383 et
2983 1328 3246 1383 Christus
3294 1327 3594 1384 Dominus
3646 1343 3684 1382 α
3737 1329 3840 1382 Deo

2183 1415 2354 1470 Patre
2376 1415 2455 1470 ad
2476 1431 2615 1470 oves
2635 1433 2772 1488 qua:
2798 1417 3095 1488 perierant
3110 1415 3330 1472 domus
3355 1415 3565 1487 Israel,
3593 1432 3657 1472 se
3685 1415 3841 1472 desti-

2183 1508 2394 1559 natum
2415 1503 2556 1560 dicit
2572 1505 2813 1574 (Matth.
2840 1507 2949 1576 xv).
2974 1505 3157 1561 David
3175 1505 3314 1578 ephi
3331 1505 3621 1578 polentia,
3641 1505 3752 1561 hoc
3767 1511 3842 1560 est

2187 1592 2363 1647 trium
2404 1594 2744 1648 mediorum
2775 1610 3123 1649 mensuram
3151 1594 3435 1650 fratribus
3467 1594 3604 1649 suis
3629 1593 3838 1661 detulit,

419 1681 546 1732 stea
573 1677 724 1734 fecit.
756 1683 938 1735 Arma
982 1697 1124 1736 vero
1164 1683 1313 1753 ejus,
1346 1684 1406 1738 id
1456 1692 1543 1740 est
1580 1686 1918 1756 Philisthtei,
1954 1703 2075 1742 non
2112 1705 2153 1757 Β
2187 1686 2242 1736 et
2273 1682 2535 1738 Christus
2565 1699 2670 1754 per
2704 1699 2926 1738 novam
2971 1682 3305 1738 doctrinam
3348 1699 3545 1756 quam
3580 1683 3839 1738 Ecclesia

420 1772 509 1822 est
538 1766 988 1835 intelligendum
1019 1771 1185 1842 quod
1207 1771 1266 1826 in
1291 1789 1401 1828 suo
1433 1776 1697 1845 posuerit
1729 1776 2078 1831 tabernacu-

418 1854 499 1922 lo,
534 1854 640 1910 sed
667 1856 726 1911 in
755 1856 1139 1914 tabernaculo
1164 1861 1416 1927 Domini,
1437 1863 1510 1917 de
1535 1880 1656 1935 quo
1689 1864 2076 1920 tabernaculo

419 1948 630 2016 postea
678 1944 755 1999 ab
804 1945 1146 2003 Abimelech
1176 1951 1481 2006 sacerdote
1532 1953 1779 2026 accepit,
1821 1955 2077 2028 ideoque

419 2033 723 2104 superfluo
755 2035 1028 2092 additum
1059 2043 1165 2108 est,
1194 2054 1320 2095 suo.

489 2140 522 2175 ‹
562 2121 832 2194 Dixitque
877 2124 1076 2181 Abner
1108 2144 1121 2182 :
1156 2129 1302 2183 Vivit
1333 2129 1535 2184 anima
1562 2136 1680 2194 tua,
1735 2150 1856 2192 rex.
1891 2134 1938 2188 si
1968 2151 2076 2188 no-

419 2231 447 2258 ‹‹
488 2209 617 2264 vi.»
643 2211 984 2268 Secundum
1003 2214 1147 2270 illud
1170 2216 1484 2273 locutionis
1504 2235 1692 2288 genus
1715 2223 1828 2276 hoc
1850 2223 2077 2278 dictum

417 2299 696 2369 estquod
741 2298 884 2355 alibi
932 2299 1208 2371 legimus,
1247 2306 1548 2362 Benedixit
1597 2309 1826 2364 Nabath
1875 2312 1992 2365 Deo
2025 2315 2081 2367 et

418 2388 581 2457 regi;
615 2389 736 2444 acsi
785 2389 1007 2446 diceret
1037 2408 1053 2450 :
1107 2397 1233 2450 Non
1265 2395 1423 2452 vivat
1459 2399 1662 2453 anima
1713 2405 1832 2465 tua,
1879 2416 2000 2464 rex,
2033 2402 2078 2455 si

418 2477 580 2534 novi.
613 2478 790 2534 Aliter
817 2497 829 2534 :
861 2480 1108 2538 Videam
1158 2489 1413 2539 mortem
1445 2491 1612 2542 tuam
1663 2489 1710 2542 si
1743 2488 1902 2544 novi.
1966 2492 2080 2546 Seu

418 2567 620 2631 etiam,
646 2573 711 2623 ut
735 2568 987 2640 quidam
1037 2571 1265 2632 volunt.
1317 2575 1370 2628 si
1417 2576 1679 2646 positum
1711 2582 1798 2632 est
1824 2594 1933 2650 pro
1961 2596 2079 2636 non

419 2656 729 2726 adverbio,
766 2662 827 2714 ut
866 2664 953 2714 est
1000 2659 1144 2714 illud
1200 2662 1519 2718 Psalmistm
1554 2682 1565 2720 :
1603 2689 1629 2714 ‹‹
1667 2666 1721 2722 Si
1753 2666 2082 2725 introibunt

420 2767 450 2794 «
491 2745 549 2800 in
580 2747 850 2817 requiem
903 2763 1125 2805 meam.
1170 2773 1198 2799 »
1234 2751 1295 2805 Id
1344 2758 1584 2808 estnon
1633 2754 1980 2812 introibunt.
2015 2760 2086 2814 Si

419 2836 561 2890 novi
587 2835 728 2891 dicit
753 2836 878 2891 acsi
902 2836 1141 2902 diceret,
1161 2856 1280 2895 non
1311 2846 1466 2896 novi.
1504 2843 1688 2898 Utitur
1709 2845 1866 2900 enim
1897 2848 2080 2902 modo

413 2925 658 2996 jurandi
691 2941 798 2997 per
827 2927 1014 2982 vitam
1060 2930 1234 2999 regis,
1264 2937 1319 2986 et
1363 2931 1626 2988 affirmat
1655 2950 1714 2988 se
1745 2951 1867 2990 non
1899 2951 2079 2992 nosse

419 3013 581 3068 unde
621 3013 693 3068 sit
724 3015 929 3070 David.
968 3019 1086 3072 Hoc
1116 3019 1294 3073 etiam
1328 3020 1511 3076 modo
1533 3038 1681 3078 usus
1712 3027 1800 3078 est
1836 3025 2077 3098 Ioseph,
2108 3058 2150 3112 ο

416 3103 665 3174 quando
695 3105 776 3158 ait
828 3103 1108 3160 fratribus
1139 3107 1282 3163 suis.
1315 3132 1339 3156 ‹‹
1373 3109 1482 3164 Per
1531 3111 1781 3168 salutem
1820 3115 2078 3170 Pharao-

414 3191 527 3260 nis,
562 3207 685 3248 non
736 3195 1153 3264 regrediemini
1202 3197 1360 3260 hinc,
1395 3197 1586 3255 donec
1644 3203 1845 3258 veniat
1899 3203 2081 3260 frater

412 3284 612 3336 vester
649 3283 955 3340 minimus.
993 3306 1019 3332 η
1054 3287 1198 3342 Ecce
1246 3287 1576 3359 historiam,
1621 3291 1772 3346 sicut
1817 3309 2078 3365 spopon-

415 3369 641 3435 dimus,
672 3373 1020 3428 summatim
1048 3375 1370 3446 tetigimus,
1401 3395 1561 3434 nunc
1592 3380 1815 3449 figuras
1843 3383 2078 3455 spirita-

416 3455 565 3512 lium
592 3473 795 3513 rerum
841 3459 1306 3533 subjungamus.
1337 3466 1427 3520 Ait
1475 3468 1634 3522 enim
1669 3486 1842 3525 sacra
1865 3471 2082 3528 descri-

415 3545 580 3618 ptio:
606 3565 636 3599 ‹
659 3547 1103 3619 Congregantes
1129 3569 1272 3609 vero
1303 3554 1596 3611 Philistim
1623 3559 1889 3629 agmina,
1910 3577 2078 3631 sua,»

417 3637 474 3690 et
519 3634 768 3708 reliqua.
819 3639 971 3700 Quid
1025 3655 1135 3712 per
1163 3643 1533 3699 Philisthneos
1565 3646 1676 3700 nisi
1704 3647 2080 3706 adversarias

415 3728 737 3796 potestates
758 3726 786 3782 ?
816 3729 882 3782 Et
910 3727 1056 3800 quid
1087 3746 1196 3802 per
1225 3731 1455 3787 Goliath
1487 3734 1816 3803 Gethaeum,
1846 3737 1958 3792 nisi
1988 3755 2080 3794 ca-

414 3818 524 3886 put
551 3816 827 3871 omnium
857 3818 1159 3874 malorum
1193 3820 1472 3877 diabolus
1503 3824 1924 3894 prmtiguratus
1949 3830 2079 3884 est?

415 3902 518 3974 qui
567 3904 855 3960 adversus
902 3907 1198 3980 populum
1234 3909 1352 3977 Dei,
1382 3927 1522 3966 cum
1577 3913 1926 3970 satellitibus
1958 3917 2079 3972 suis

416 3991 496 4046 ab
534 3993 760 4061 origine
816 3996 1027 4052 mundi
1076 3997 1402 4063 dimicavit,
1438 4001 1542 4056 sed
1590 4008 1726 4057 ante
1754 4003 2078 4063 adventum

413 4079 539 4134 veri
569 4082 772 4149 David,
797 4083 917 4140 hoc
938 4089 1027 4140 est
1044 4086 1298 4142 humani
1325 4091 1556 4156 generis
1586 4091 2016 4166 Redemptoris,
2041 4113 2077 4153 a

412 4167 579 4223 nullo
611 4171 878 4241 superari
906 4177 1158 4243 poterat.
1193 4176 1335 4231 Geth
1385 4193 1522 4234 vero
1552 4180 1760 4238 civitas
1806 4188 1894 4239 est
1920 4185 2074 4255 ejus-

416 4254 562 4346 dem
583 4257 834 4326 Goliath,
865 4275 999 4331 quae
1041 4261 1461 4335 interpretatur
1513 4275 1806 4342 torcular,
1843 4276 1899 4328 et
1925 4254 2074 4346 pra;-

416 4344 598 4400 sentis
635 4346 850 4403 mundi
895 4365 1003 4404 seu
1048 4350 1259 4408 inferni
1293 4358 1702 4427 praetendebat
1743 4344 2074 4418 similitudi-

413 4449 577 4506 nem,
608 4436 669 4492 in
696 4453 818 4509 quo
865 4440 1097 4496 mundo
1127 4446 1305 4515 atque
1359 4446 1588 4504 inferno
1633 4449 1913 4506 diabolus
1958 4452 2071 4508 hu-

412 4540 664 4581 manum
693 4542 884 4597 genus
912 4531 1171 4602 peccatis
1198 4532 1555 4604 obnoxium,
1582 4537 1744 4594 velut
1770 4539 1826 4594 in
1879 4545 2072 4596 torcu-

408 4612 517 4670 lari
565 4616 980 4674 conculcabat.
1015 4621 1372 4693 Enormitas,
1406 4627 1527 4680 sive
1581 4626 1830 4683 altitudo
1880 4629 2071 4701 ipsius

411 4703 665 4774 Goliath,
699 4703 929 4762 diaboli
978 4707 1341 4778 designabat
1388 4714 1753 4786 superbiam.
1795 4719 2073 4790 Septena-

406 4791 530 4848 rius
584 4809 851 4866 namque
904 4812 1194 4853 numerus
1243 4817 1517 4873 supernae
1569 4805 1784 4876 quietis
1843 4806 2073 4864 obtinet

405 4889 878 4956 sacramentum,
911 4902 980 4941 ex
1013 4903 1136 4960 qua
1167 4889 1324 4945 idem
1355 4892 1634 4949 diabolus
1664 4895 1744 4950 ob
1773 4897 2070 4968 superbiae

405 4987 528 5026 suae
555 4974 836 5031 meritum
866 4977 1170 5045 exclusus,
1204 4980 1263 5035 in
1291 4981 1452 5038 hunc
1484 4985 1803 5052 mundum,
1831 4987 1934 5058 qui
1967 5004 2070 5043 sex

403 5058 618 5114 diebus
647 5061 863 5149 factus
915 5081 1045 5121 esse
1092 5076 1393 5139 narratur,
1430 5072 1640 5144 lapsus
1671 5079 1778 5130 est.
1838 5078 1901 5130 Et
1926 5076 2070 5149 quia

401 5162 586 5219 super
626 5147 1141 5224 derelinquentcm
1185 5165 1522 5216 creaturam
1555 5167 1800 5235 propter
1839 5147 2071 5236 peccati

398 5236 702 5308 meritum,
751 5239 813 5295 in
859 5241 973 5297 hoc
1033 5247 1264 5302 mundo
1323 5250 1729 5323 principatum
1787 5252 2066 5322 obtinuit,

395 5327 664 5398 palmam
695 5347 877 5404 super
905 5332 1098 5406 ipsius
1121 5339 1333 5394 mundi
1357 5347 1695 5399 creaturam
1720 5343 2068 5417 superbien-

397 5412 478 5505 do
529 5419 747 5476 extulit.
805 5425 988 5479 Arma
1029 5440 1173 5481 vero
1225 5429 1477 5495 Goliath,
1518 5437 1575 5486 et
1618 5412 2066 5505 operimentum

397 5499 528 5593 ejus
574 5506 772 5575 totius,
818 5508 1043 5567 diaboli
1082 5512 1454 5586 impietatem
1501 5499 1681 5592 atque
1727 5522 2068 5593 nequitiam

395 5585 910 5681 demonstrabant,
968 5615 1076 5670 per
1136 5585 1274 5673 quae
1328 5585 1668 5665 humannm
1727 5585 1916 5681 genus
1967 5610 2070 5666 de-

392 5673 680 5734 bcllando
708 5684 874 5751 gravi
910 5688 1176 5762 pondere
1213 5701 1602 5769 peccatorum
1640 5673 2017 5771 depresserat
2049 5715 2062 5755 :

2187 1787 2312 1824 sure
2346 1771 2602 1837 tradidit,
2638 1772 2988 1844 mysterium
3030 1777 3253 1828 sanctae
3299 1771 3604 1828 Trinitatis
3631 1772 3841 1828 cunctis

2187 1860 2566 1916 credentibus
2590 1861 3060 1916 commendavit.
3089 1861 3276 1916 David
3303 1860 3518 1916 decem
3552 1861 3840 1917 formellas

2187 1950 2341 2003 casei
2376 1949 2614 2005 tribuno
2662 1950 2888 2016 detulit,
2915 1955 2972 2006 et
3029 1951 3316 2006 Dominus
3357 1952 3536 2006 Jesus
3590 1951 3840 2006 Christus

2187 2037 2544 2106 decalogum
2567 2038 2712 2107 legis
2733 2038 2959 2111 populo
2974 2040 3000 2094 ,ι
3009 2039 3321 2094 udaeorum
3337 2039 3608 2096 tradidit.
3625 2038 3838 2095 Goliath

2189 2127 2460 2182 Gethaaus
2490 2143 2812 2199 personam
2843 2127 3068 2183 diaboli
3091 2128 3384 2197 gestabat,
3411 2129 3522 2200 qui
3550 2129 3629 2183 de
3661 2127 3837 2184 altitu-

2189 2215 2324 2270 dine
2361 2216 2655 2288 superbize
2700 2233 2822 2271 suae
2856 2234 2916 2271 se
2955 2217 3212 2288 jactans,
3247 2233 3353 2288 per
3397 2233 3587 2273 omne
3618 2223 3837 2288 tempus

2190 2304 2351 2376 quod
2377 2310 2514 2360 ante
2543 2305 2869 2360 adventum
2897 2305 3219 2362 Salvatoris
3251 2305 3585 2361 decursum
3615 2311 3719 2372 est,
3751 2302 3819 2359 ad

2194 2411 2397 2449 vcrsus
2417 2394 2706 2467 populum
2730 2396 2829 2450 Dei
2847 2395 3166 2462 dimicans,
3191 2395 3249 2450 in
3268 2395 3390 2451 imo
3410 2395 3602 2467 hujus
3624 2394 3834 2461 mundi,

2191 2485 2351 2538 velut
2371 2483 2430 2538 in
2450 2483 2624 2548 valle,
2649 2500 2684 2540 a
2707 2484 2870 2540 nullo
2887 2490 3120 2558 poterat
3138 2484 3432 2556 superari.
3460 2484 3654 2552 Eliab,
3679 2484 3837 2540 frater

2193 2572 2376 2627 David
2403 2572 2618 2642 major,
2649 2572 2753 2644 qui
2802 2572 3221 2644 interpretatur
3260 2573 3416 2628 Deus
3465 2588 3633 2630 meus
3657 2578 3832 2642 pater,

2193 2663 2404 2732 typum
2436 2665 2698 2729 gestasse
2745 2661 3090 2716 Iudaeorum
3138 2677 3262 2717 non
3318 2661 3581 2716 dubium
3614 2666 3717 2726 est,
3747 2658 3834 2730 qui

2191 2747 2492 2804 licetfalsa
2516 2748 2820 2820 opinione,
2841 2765 2902 2803 se
2934 2749 3157 2804 Domini
3181 2754 3414 2822 patrem
3439 2751 3668 2806 habere
3684 2762 3832 2804 men-

2193 2837 2437 2906 tiuntur,
2469 2853 2576 2909 per
2605 2838 2720 2892 hoc
2749 2854 2887 2893 vero
2917 2839 3083 2910 quod
3109 2839 3431 2894 Dominum
3463 2841 3673 2894 Jesum
3696 2836 3833 2894 Chri-

2192 2931 2350 2981 stum
2376 2926 2564 2980 ﬁlium
2593 2927 2723 2996 ejus
2744 2927 3007 2983 aemulati
3033 2933 3190 2994 sunt,
3225 2927 3302 2983 ab
3327 2928 3679 2984 haereditate
3708 2927 3834 2982 ﬁlio-

2191 3031 2323 3070 rum
2359 3015 2457 3070 Dei
2484 3015 3020 3087 degeneraverunt,
3043 3021 3101 3072 et
3126 3016 3554 3088 primogenita,
3579 3033 3712 3090 qua:
3733 3014 3830 3070 illis

2184 3105 2318 3174 jure
2367 3103 2764 3174 debebantur,
2789 3105 2866 3160 ob
2908 3105 3099 3178 culpae
3125 3106 3404 3160 meritum
3437 3106 3828 3178 perdiderunt.

2193 3192 2377 3248 David
2394 3193 2629 3248 leonem
2654 3193 2873 3266 pariter
2889 3200 2945 3249 et
2969 3211 3178 3250 ursum
3204 3195 3459 3262 necavit,
3485 3201 3545 3250 et
3564 3194 3830 3250 Dominus

2189 3284 2356 3337 Jesus
2406 3282 2668 3339 Christus
2699 3281 3006 3338 diabolum
3052 3283 3402 3339 hominibus
3429 3282 3684 3339 latenter
3710 3279 3830 3336 insi-

2190 3370 2478 3438 diantem,
2511 3376 2568 3426 et
2595 3376 2731 3427 ante
2764 3372 3060 3427 Christum
3109 3372 3170 3427 in
3217 3377 3532 3445 posterum
3577 3369 3829 3427 manifes-

2191 3460 2413 3516 tissime
2445 3460 2804 3531 saavientem,
2836 3460 2895 3514 in
2918 3460 3145 3531 judicio
3176 3461 3501 3532 puniturus
3530 3465 3637 3516 est.
3665 3453 3827 3514 David

2190 3565 2362 3606 arma
2393 3549 2582 3604 Saulis
2611 3549 2910 3621 deposuit,
2942 3549 3084 3622 quia
3113 3555 3169 3604 et
3199 3549 3464 3604 Christus
3515 3545 3828 3622 corporalia

2191 3642 2566 3694 sacramenta
2593 3637 2762 3707 legis,
2808 3644 2988 3710 atque
3038 3638 3304 3694 carnalia
3340 3637 3524 3701 bella,
3567 3653 3700 3711 qua:
3723 3648 3826 3689 non

2191 3733 2329 3782 sunt
2380 3727 2663 3799 imposita
2716 3728 3010 3797 gentibus,
3062 3727 3296 3800 repulit.
3337 3730 3536 3784 Onera
3585 3736 3824 3795 namque

2190 3815 2335 3884 legis
2381 3815 2658 3886 legimus,
2717 3817 2821 3871 sed
2879 3816 3194 3872 carnaliter
3254 3832 3377 3872 non
3431 3817 3822 3872 observamus.

2193 3905 2464 3976 Quinque
2493 3905 2946 3977 limpidissimos
2995 3904 3227 3976 lapides
3256 3905 3331 3960 de
3365 3910 3625 3961 torrente
3652 3901 3821 3970 elegit,

2189 3993 2332 4048 etin
2364 4009 2572 4065 peram
2600 3993 2966 4066 pastoralem
3009 3993 3188 4058 misit,
3222 3999 3280 4050 et
3336 3993 3608 4050 Christus
3655 3986 3825 4047 Domi-

2187 4098 2301 4137 nus
2325 4083 2593 4156 quinque
2623 4082 2808 4138 libros
2837 4083 3107 4139 Mosaicae
3137 4083 3286 4153 legis
3317 4083 3391 4138 de
3420 4083 3610 4138 ﬂuvio
3649 4075 3822 4135 saeculi

2185 4172 2366 4242 hujus
2393 4171 2738 4244 assumpsit.
2783 4171 3020 4228 Labitur
3049 4172 3209 4227 enim
3261 4171 3516 4228 mortale
3559 4167 3820 4226 saeculum

2185 4265 2241 4316 et
2289 4259 2633 4332 praeterﬂuit
2679 4261 2972 4332 quidquid
3027 4261 3188 4316 venit
3243 4261 3304 4316 in
3354 4261 3675 4316 mundum.
3707 4257 3819 4311 Erat

2186 4351 2347 4406 enim
2400 4350 2460 4406 in
2491 4349 2738 4405 ﬂumine
2768 4354 3060 4422 tanquam
3107 4349 3170 4405 in
3198 4349 3426 4422 populo
3472 4349 3595 4404 illo.
3632 4367 3660 4399 ‹
3688 4348 3742 4400 Et
3768 4342 3818 4396 in

2187 4456 2394 4511 peram
2420 4438 2783 4512 pastoralem
2813 4438 2989 4494 misit.
3023 4461 3050 4488 η
3082 4441 3230 4494 Nam
3261 4438 3389 4510 ipse
3443 4443 3534 4493 est
3573 4439 3717 4491 Deus
3741 4446 3817 4485 ve-

2183 4546 2284 4584 rus
2333 4534 2538 4602 pastor
2567 4529 2929 4584 animarum.
2962 4530 3073 4582 Vas
3099 4543 3344 4600 quoque
3387 4525 3685 4599 pastorale
3710 4534 3816 4614 quo

2181 4618 2295 4685 lac,
2331 4623 2395 4672 ut
2414 4617 2686 4673 nonnulli
2715 4616 3227 4686 dicunt,mulgere
3258 4619 3670 4682 consueverat,
3692 4612 3816 4665 divi-

2184 4723 2327 4763 nam
2399 4706 2694 4776 significat
2763 4706 3018 4775 gratiam
3085 4723 3220 4777 quae
3272 4705 3387 4774 legi
3435 4701 3812 4775 conjungitur,

2181 4813 2318 4869 quae
2363 4793 2706 4864 intelligitur
2747 4793 2808 4849 in
2851 4794 3120 4866 quinque
3163 4791 3488 4864 lapidibus,
3546 4795 3666 4846 sine
3711 4798 3816 4857 qua

2182 4900 2305 4940 non
2329 4882 2627 4956 impletur.
2654 4881 2840 4938 David
2870 4883 3040 4936 rufus
3073 4888 3130 4936 et
3149 4881 3400 4954 pulcher
3430 4880 3608 4936 fuisse
3638 4887 3815 4932 narra-

2182 4981 2295 5042 tur,
2327 4972 2472 5045 quia
2497 4971 2571 5026 de
2603 4971 2856 5027 Domino
2886 4973 3026 5025 Jesu
3058 4970 3288 5026 Christo
3316 4971 3377 5024 in
3408 4967 3662 5024 Canticis
3691 4975 3813 5018 can-

2181 5065 2435 5121 ticorum
2469 5062 2729 5119 Ecclesia
2757 5061 2900 5116 dicit
2933 5079 2944 5115 :
2981 5083 3008 5110 «
3040 5061 3293 5116 Dilectus
3324 5077 3497 5115 meus
3549 5051 3815 5114 candidus

2181 5159 2237 5208 et
2263 5151 2658 5217 rubicundus,
2683 5149 2903 5205 electus
2943 5165 3015 5205 ex
3048 5147 3312 5204 millibus
3359 5149 3556 5217 (Cant.
3588 5149 3663 5203 vi.
3696 5163 3721 5190 »
3745 5138 3812 5189 De

2180 5243 2354 5313 cujus
2402 5239 2846 5314 pulchritudine
2898 5238 3173 5310 superius
3223 5236 3685 5310 praelibavimus.
3715 5231 3811 5283 Go-

2177 5332 2326 5388 liath
2358 5329 2545 5386 David
2595 5327 2674 5385 ad
2719 5342 2993 5400 pugnam
3044 5329 3419 5399 provocavit,
3471 5321 3724 5379 similiter
3765 5316 3811 5368 et

2179 5421 2357 5477 elatio
2401 5417 2628 5475 diaboli
2677 5416 2884 5471 Christi
2932 5415 3327 5471 humilitatem
3372 5407 3808 5486 parvipendenS.

2178 5509 2257 5566 ab
2303 5509 2434 5580 ipso
2478 5509 2812 5579 prostratus
2860 5510 2965 5560 est.
3007 5504 3259 5560 Baculus
3317 5502 3503 5559 David
3530 5517 3566 5557 a
3593 5490 3810 5589 diabolo

2182 5601 2520 5670 despectus,
2553 5594 2907 5667 mysterium
2962 5595 3214 5664 gestavit
3263 5592 3582 5648 Dominicis
3619 5596 3804 5676 crucis.

2177 5687 2366 5746 David
2418 5701 2493 5742 ex
2543 5685 2814 5758 quinque
2869 5682 3174 5757 lapidibus
3231 5697 3424 5739 unum
3459 5679 3632 5751 jecit,
3685 5683 3809 5744 quia
