3940 6404
133 247 236 306 313

1136 244 1396 306 ENARR.
1437 248 1510 306 IN
1547 242 1804 304 LIBROS
1841 241 2103 301 REGUM.
2134 273 2205 286 -
2244 245 2319 302 IN
2358 246 2489 303 LIB.
2530 249 2572 304 Ι.

3462 247 3571 305 3M

134 377 191 428 et
213 369 481 428 Christus
506 370 612 444 qui
631 385 704 427 ex
732 369 864 442 lege
920 369 1331 437 nuntiabatur,
1364 369 1652 442 singulari
1681 383 1790 441 po-
1825 371 1873 423 Α
1904 367 2052 439 quid
2081 367 2306 425 habere
2333 373 2609 443 poterant
2633 369 2694 426 in
2724 369 2840 425 hoc
2866 367 3120 437 mundo,
3159 368 3366 424 omnia
3392 368 3452 424 in
3482 368 3572 424 lu-

18 535 22 548 .
135 461 338 527 tentia,
366 476 474 533 per
501 460 790 516 unitatem
817 459 958 516 ﬁdei
989 464 1046 516 et
1074 460 1330 530 gratiam
1359 457 1796 528 suam,diaboli

139 551 488 625 superbiam
521 549 845 623 prostravit
875 567 888 605 :
924 549 1118 606 funda
1137 567 1272 606 vero
1303 551 1627 606 Ecclesiam
1649 564 1799 621 prse-

135 640 436 710 tiguravit,
465 655 602 713 quae
631 655 740 713 per
767 638 1082 695 volumina
1119 643 1486 712 temporum,
1520 638 1684 695 velut
1735 637 1797 692 in

138 729 385 786 circuitu
417 729 692 785 volvitur.
737 729 927 784 David
959 728 1191 785 Goliath
1243 727 1305 784 in
1333 728 1523 784 fronte
1558 743 1800 800 percus-

137 835 272 875 sum
293 819 639 892 prostravit,
671 818 940 875 similiter
967 823 1025 875 et
1078 818 1365 885 Christus,
1401 817 1639 874 devicto
1668 817 1799 872 dia-

140 908 298 975 bolo,
327 908 431 982 qui
451 908 506 964 ei
535 908 836 964 haeserant
861 923 921 962 se
942 907 1222 979 inﬁgens,
1250 907 1329 964 ab
1353 909 1484 980 ejus
1518 907 1799 963 societate

140 1013 475 1064 secernens,
508 997 648 1052 ﬁdei
681 1013 804 1052 suae
835 996 1138 1053 subdidit:
1168 998 1282 1053 hoc
1312 998 1474 1053 enim
1495 995 1804 1053 indicabat

140 1086 304 1160 quod
336 1086 499 1143 idem
529 1085 764 1144 Goliath
792 1102 1116 1160 percussus
1143 1086 1208 1142 in
1257 1086 1474 1143 faciem
1527 1086 1662 1142 ruit.
1690 1087 1802 1140 Da-

1907 473 2076 512 crum
2105 459 2319 515 Christi
2347 459 2617 516 conferre
2649 458 3028 528 satagebant.

1980 571 2007 598 «
2050 551 2229 605 Porro
2259 565 2394 605 cum
2418 554 2830 614 reverteretur,
2867 563 3153 621 percusso
3208 547 3568 616 Philisthaao,

1909 659 1937 687 «
1984 638 2190 706 David,
2219 655 2474 709 egressae
2507 645 2645 696 sunt
2685 639 2963 696 mulieres
3013 638 3089 694 de
3122 639 3423 694 universis
3475 655 3574 695 ur-

1909 748 1936 775 ‹‹
1979 727 2158 783 bibus
2205 728 2386 784 Israel
2435 735 2767 798 cantantes,
2823 728 3160 800 chorosque
3192 727 3482 784 ducentes
3509 727 3572 784 in

1909 842 1936 866 ‹‹
1980 835 2300 876 occursum
2329 820 2486 890 regis
2533 821 2673 878 Saul
2721 821 2783 874 in
2817 820 3122 892 tympanis
3175 818 3389 874 ltetitim
3415 825 3472 875 et
3508 820 3572 875 in

1909 928 1940 962 ‹
1982 908 2191 980 sistris,
2221 913 2277 966 et
2305 909 2719 982 praecinebant
2748 909 3028 965 mulieres
3059 908 3336 964 ludentes
3390 913 3572 981 atque

1911 1021 1938 1048 «
1980 998 2247 1054 dicentes
2303 1017 2316 1055 :
2365 999 2657 1055 Percussit
2711 998 2852 1056 Saul
2903 997 3084 1064 mille,
3150 1003 3206 1054 et
3257 999 3440 1054 David
3471 998 3573 1054 de-

1911 1110 1940 1137 ‹‹
1981 1104 2110 1144 cem
2151 1088 2356 1145 millia.
2421 1090 2612 1145 Iratus
2671 1094 2758 1144 est
2817 1093 3019 1144 autem
3078 1087 3220 1144 Saul
3277 1087 3478 1157 nimis,
3517 1092 3575 1144 et

141 1173 263 1239 vid,
294 1173 528 1231 Goliath
553 1187 864 1248 percusso,
898 1173 1170 1245 gladium
1197 1175 1328 1245 ejus
1354 1174 1502 1241 tulit,
1527 1174 1642 1230 hoc
1669 1172 1804 1228 fecit
1911 1199 1940 1227 «
1981 1177 2287 1250 displicuit
2317 1178 2379 1235 in
2436 1178 2626 1234 oculis
2672 1178 2803 1249 ejus
2862 1177 2970 1232 iste
3003 1193 3222 1242 sermo,
3260 1177 3527 1249 dixitque
3557 1193 3570 1232 :

142 1265 342 1318 noster
399 1262 612 1332 David,
669 1262 773 1332 qui
825 1263 1082 1334 ejectum
1138 1262 1454 1318 diabolum
1521 1262 1597 1318 de
1655 1260 1800 1328 suis,
1911 1287 1944 1321 ‹
1984 1267 2287 1324 Βθάκιηωι
2317 1269 2506 1324 David
2535 1269 2743 1324 decem
2776 1267 2985 1333 millia,
3011 1273 3068 1322 et
3107 1266 3252 1322 mihi
3285 1267 3444 1322 mille
3475 1267 3574 1323 de-

139 1350 390 1424 quando
414 1351 669 1408 credunt
693 1351 1176 1421 magnitudinem
1205 1353 1357 1424 ejus,
1416 1367 1572 1425 quos
1612 1349 1708 1406 ille
1739 1349 1802 1405 in
1909 1377 1941 1411 ‹
1982 1356 2220 1413 derunt.
2255 1357 2408 1423 Quid
2435 1357 2487 1414 ei
2533 1361 2808 1430 superest
2845 1356 2959 1411 nisi
3019 1354 3216 1411 solum
3255 1371 3513 1425 regnum
3543 1356 3572 1411 ?

138 1445 428 1514 potestate
454 1441 743 1509 habebat,
775 1446 832 1498 et
859 1441 935 1498 de
964 1441 1190 1515 quibus
1223 1445 1404 1499 tetras
1428 1442 1664 1498 animas
1686 1444 1806 1495 tru-
1912 1468 1940 1496 ‹‹
1985 1450 2110 1502 Non
2154 1446 2328 1502 rectis
2384 1463 2528 1517 ergo
2574 1445 2764 1502 oculis
2798 1443 2940 1501 Saul
2987 1443 3323 1516 aspiciebat
3385 1444 3574 1500 David

138 1531 402 1601 cidabat,
429 1536 783 1588 convertunt
800 1531 1042 1602 linguas
1075 1547 1218 1587 suas
1243 1530 1801 1600 contradiabolum,
1913 1558 1940 1585 ‹‹
1977 1551 2051 1592 ex
2104 1535 2200 1591 die
2247 1535 2348 1592 illa
2395 1541 2452 1592 et
2482 1536 2790 1607 deinceps,
2828 1556 2856 1584 »
2910 1533 3002 1590 sic
3040 1533 3202 1588 enim
3233 1532 3526 1605 accipitur
3557 1551 3570 1588 :

138 1625 193 1677 et
219 1622 304 1677 sic
332 1620 567 1677 Goliath
591 1620 667 1676 de
699 1620 905 1691 gladio
933 1636 1044 1677 suo
1076 1620 1578 1694 caputinciditur.
1614 1617 1801 1676 David
1915 1624 2056 1682 Saul
2085 1625 2379 1681 adversus
2409 1625 2595 1682 David
2641 1623 2870 1680 invidia
2927 1622 3170 1690 exarsit,
3219 1621 3490 1678 similiter
3520 1626 3577 1677 et

24 1739 26 1746 ·
139 1708 412 1803 gladium
439 1709 672 1766 Goliath
702 1710 764 1766 in
791 1709 1140 1803 _Jerusalem
1185 1709 1721 1803 detulit,qsimiliter
1750 1711 1808 1803 et
1839 1751 1875 1803 Β
1913 1715 2177 1788 populus
2201 1715 2547 1772 Judaeorum
2579 1715 2875 1771 adversus
2905 1713 3205 1770 Christum
3247 1714 3574 1803 Dominum

138 1799 404 1856 Christus
437 1815 540 1856 eos
570 1815 724 1872 quos
770 1799 846 1855 de
891 1802 1186 1872 potestate
1217 1798 1443 1856 diaboli
1474 1798 1692 1871 rapuit,
1727 1797 1806 1853 ad
1839 1797 1871 1803 ”
1912 1805 2328 1862 ωωυιαιὶοηθε
2358 1821 2469 1862 suo
2498 1805 2662 1861 malo
2693 1803 2918 1876 pariter
2946 1801 3274 1875 conspirati
3319 1809 3477 1858 sunt.
3510 1804 3578 1858 Et

139 1887 553 1946 defensionem
587 1889 793 1945 altaris
818 1887 960 1944 ﬁdei
988 1888 1052 1944 in
1085 1888 1412 1944 Ecclesiam
1446 1904 1622 1943 suam
1649 1891 1807 1942 tran-

141 1976 321 2033 stulit.
357 1977 502 2034 Saul
553 1976 629 2034 de
685 1976 876 2033 David
906 1976 1111 2033 Abner
1165 1977 1324 2034 velut
1353 1993 1464 2050 pro
1499 1975 1806 2045 incognito

141 2066 408 2140 requirit,
439 2067 514 2122 de
540 2083 667 2140 qua
687 2067 870 2138 stirpe
900 2067 1299 2136 descenderit,
1325 2067 1420 2123 vel
1449 2067 1622 2137 cujus
1652 2067 1808 2120 esset

140 2155 315 2225 ﬁlius,
358 2173 503 2212 cum
526 2157 660 2228 jam
687 2155 925 2212 dudum
963 2155 1092 2229 ipse
1141 2156 1328 2213 David
1357 2157 1410 2212 ei
1471 2155 1805 2211 ministras-

144 2251 244 2313 set,
274 2251 460 2319 atque
486 2246 546 2302 in
574 2250 903 2318 conspectu
943 2247 1074 2317 ejus
1112 2247 1192 2303 ad
1250 2245 1664 2319 repellendum
1700 2259 1806 2299 ne-

141 2351 326 2408 quam
352 2336 633 2408 spiritum
670 2336 996 2392 assisteret.
1020 2336 1113 2392 Sic
1135 2336 1421 2392 nimirum
1446 2335 1682 2391 caecitas
1705 2336 1806 2389 Ju-

142 2424 435 2493 dteorum,
472 2425 797 2481 Dominum
827 2425 1035 2481 Jesum
1063 2425 1362 2483 Christum
1394 2441 1501 2498 per
1525 2425 1722 2497 legem
1750 2427 1810 2480 et

141 2515 467 2587 prophetas
499 2519 824 2570 venturum
870 2530 999 2570 esse
1043 2517 1376 2570 noverunt:
1405 2519 1462 2570 et
1513 2529 1698 2586 quem
1747 2513 1809 2568 in

142 2605 462 2676 praesentia
491 2603 792 2678 corporali
837 2621 947 2677 per
995 2604 1580 2661 administrationem
1619 2603 1807 2658 virtu-

143 2698 286 2755 tum.
334 2693 554 2750 Filium
601 2693 700 2750 Dei
758 2709 887 2749 esse
931 2694 1272 2766 approbare
1321 2698 1620 2767 poterant,
1682 2697 1810 2749 tan-

141 2799 323 2855 quam
347 2785 701 2852 ignorantes
725 2783 933 2840 dicunt
953 2784 1006 2839 ei
1036 2801 1098 2839 :«
1122 2787 1206 2839 Tu
1230 2784 1337 2856 qui
1358 2800 1422 2840 es
1442 2787 1470 2838 ?
1501 2787 1558 2838 et
1587 2782 1690 2838 ubi
1721 2786 1810 2837 est

142 2879 308 2944 pater
333 2877 476 2929 tuus
503 2875 706 2940 (Joan,
739 2874 863 2944 vui)
889 2872 920 2929 ?
951 2893 979 2922 »
1012 2872 1304 2929 Moraliter
1330 2889 1473 2928 vero
1507 2871 1693 2928 David
1716 2875 1808 2944 ty-

142 2977 286 3035 pum
318 2963 511 3019 tenuit
535 2962 795 3018 Domini.
821 2962 967 3035 quia
997 2962 1270 3018 videlicet
1290 2978 1476 3018 manu
1511 2962 1695 3031 fortis
1723 2962 1809 3017 in-

144 3056 517 3125 terpretatur.
552 3052 786 3108 Goliath
837 3052 1087 3124 quidem
1136 3052 1553 3107 haereticorum
1605 3066 1810 3123 super-

145 3229 277 3286 ﬁdei
307 3231 578 3304 superati
604 3235 762 3287 sunt.
800 3230 988 3286 David
1017 3245 1161 3286 vero
1184 3247 1325 3286 cum
1358 3245 1505 3302 pera
1533 3233 1809 3302 pastora-

145 3319 182 3375 li
209 3321 365 3375 venit
416 3319 502 3375 ad
529 3319 827 3392 praalium,
878 3320 984 3376 sed
1012 3319 1299 3375 eumdem
1351 3318 1586 3375 Goliath
1620 3317 1808 3374 David

148 3433 440 3490 superans
469 3432 581 3472 suo
612 3415 815 3487 gladio
843 3415 1061 3474 occidit
1093 3433 1106 3472 :
1139 3415 1309 3489 quod
1340 3415 1532 3471 sancti
1561 3429 1808 3487 quoque

146 3511 348 3577 agunt,
379 3507 490 3580 qui
518 3505 817 3579 praemissi
847 3505 1035 3562 David
1061 3506 1359 3572 membra,
1392 3521 1465 3561 ex
1508 3505 1640 3576 ejus
1678 3502 1812 3560 ﬁeri

145 3595 491 3666 dignatione
519 3600 890 3662 meruerunt,
910 3611 1057 3652 nam
1079 3611 1220 3652 cum
1244 3595 1659 3668 superbientes
1681 3594 1800 3649 ha;-

146 3686 350 3742 reticos
375 3692 434 3742 et
466 3701 648 3742 sacras
697 3685 1014 3758 Scriptum
1068 3685 1392 3740 sententias
1448 3683 1807 3747 deferentes,

147 3775 366 3832 eisdem
395 3775 604 3831 verbis
632 3779 816 3848 atque
839 3774 1150 3831 sententiis
1171 3790 1328 3848 quas
1345 3772 1812 3847 proferunt,vin-

147 3869 300 3936 cunt,
332 3865 512 3939 quasi
540 3865 765 3922 elatum
786 3865 1021 3921 Goliath
1042 3863 1244 3935 gladio
1283 3881 1394 3920 suo
1423 3863 1804 3920 detruncant.

753 4007 985 4065 CAPUT
1015 4007 1206 4064 XVIII.

215 4159 242 4183 «
283 4137 352 4192 Et
381 4135 614 4192 factum
643 4140 732 4190 est
756 4151 897 4190 cum
929 4133 1290 4206 complesset
1340 4135 1504 4207 loqui
1536 4133 1616 4189 ad
1645 4133 1806 4199 Saul,

151 4247 177 4274 κ
215 4229 419 4281 anima
448 4223 723 4280 Jonathte
775 4223 1055 4293 colligata
1097 4228 1186 4279 est
1214 4223 1434 4280 animus
1498 4222 1701 4288 David,
1754 4226 1812 4278 et

152 4336 179 4363 «
215 4313 418 4370 dilexit
446 4329 592 4371 eum
618 4305 911 4370 Jonathas
949 4312 1126 4386 quasi
1152 4313 1420 4370 animam
1452 4328 1648 4380 suam,
1697 4333 1724 4360 n
1755 4315 1812 4366 et

150 4401 396 4476 reliqua.
427 4402 725 4459 Jonathas
755 4401 914 4458 ﬁlius
946 4401 1109 4471 Saul,
1158 4403 1332 4472 cujus
1378 4400 1583 4458 anima
1622 4399 1811 4456 David

147 3100 517 3125 "'r"'""'“'
557 3100 786 3108 “””“””“⁴“
840 3100 1087 3124 Ἰ“”’“⁷-
1136 3100 1436 3107 ”“”““”⁷“’
1454 3100 1553 3107 ““’-
1606 3100 1777 3123 ”’”ι”““
2065 3100 2130 3106 —'
2162 3100 2295 3120 'O"

144 3141 303 3198 biam
334 3141 608 3212 signans,
656 3141 761 3214 qui
792 3157 932 3196 cum
982 3140 1186 3210 gladio
1239 3141 1468 3197 ratione
1501 3139 1810 3196 dominica
1837 3100 1886 3159 ο
1919 3159 1950 3192 ‹
1988 3139 2217 3212 populi.
2268 3162 2297 3188 ››

1913 1895 2063 1949 dum
2093 1893 2424 1951 audiebant
2466 1894 2763 1951 Christum
2805 1891 3122 1966 praedicari
3172 1891 3232 1946 in
3281 1890 3572 1958 Ecclesiis,

1915 1999 2098 2056 quem
2128 1982 2243 2055 ipsi
2290 1982 2423 2039 neci
2470 1983 2847 2039 tradiderunt
2885 1998 2899 2036 :
2933 1985 2990 2037 et
3045 1979 3120 2035 de
3168 1979 3420 2036 victoria
3445 1980 3576 2050 ejus

1915 2072 2021 2143 qui
2046 2072 2280 2128 hostem
2323 2071 2641 2144 antiquum
2683 2069 3092 2144 triumphavit,
3145 2068 3455 2124 credentes
3513 2067 3576 2125 in

1912 2160 2200 2216 laudibus
2226 2160 2416 2234 ipsius
2438 2159 2844 2230 congratulari
2876 2177 2888 2215 :
2911 2157 3173 2228 graviter
3192 2157 3335 2213 inde
3359 2156 3577 2213 offensi

1917 2254 2078 2306 sunt.

1990 2361 2018 2388 «
2060 2341 2198 2395 Post
2227 2338 2388 2394 diem
2422 2342 2623 2394 autem
2656 2337 2909 2394 alteram
2950 2336 3176 2392 invasit
3206 2333 3451 2407 spiritus
3477 2334 3579 2391 Dei

1919 2448 1946 2477 «
1989 2426 2188 2482 malus
2213 2426 2373 2496 Saul,
2392 2429 2450 2483 et
2468 2423 2870 2499 prophetabat
2884 2423 2945 2480 in
2967 2423 3166 2479 medio
3187 2422 3408 2478 domus
3429 2437 3576 2481 sum.

1918 2538 1944 2564 ‹‹
1989 2515 2176 2572 David
2197 2521 2399 2572 autem
2435 2515 2734 2588 psallebat
2765 2528 2955 2569 manu
2985 2528 3097 2568 sua
3126 2512 3278 2568 sicut
3305 2526 3412 2583 per
3456 2511 3578 2567 sin-

1918 2627 1946 2655 ‹‹
1989 2605 2162 2675 gulos
2181 2605 2331 2676 dies,
2355 2610 2412 2661 et
2430 2602 2863 2677 reliqua.Quod
2890 2607 3094 2658 autem
3117 2601 3280 2668 dicit,
3301 2623 3329 2650 «
3362 2600 3581 2657 invasit

1919 2717 1946 2746 ‹‹
1991 2695 2234 2768 spiritus
2259 2693 2356 2750 Dei
2377 2694 2574 2750 malus
2595 2693 2736 2748 Saul
2753 2716 2782 2743 »
2805 2707 2973 2748 more
2988 2689 3431 2763 arreptitiorum
3445 2705 3582 2761 age-

1916 2784 2043 2850 bat,
2076 2804 2106 2838 ‹
2131 2787 2197 2840 Et
2225 2783 2651 2857 prophetabat.
2686 2805 2714 2833 ››
2751 2781 3114 2854 Prophetare
3147 2779 3309 2835 enim
3356 2778 3420 2834 in
3463 2780 3582 2835 hoc

1915 2873 2051 2930 loco
2079 2889 2202 2929 non
2233 2878 2321 2929 est
2344 2873 2508 2929 aliud
2539 2871 3015 2943 intelligendum,
3048 2869 3162 2925 nisi
3193 2868 3393 2925 aliena
3420 2873 3582 2925 retu-

1917 2963 2075 3019 lisse.
2111 2963 2283 3028 Quod
2312 2977 2456 3018 vero
2478 2964 2747 3034 sequitur
2777 2961 2853 3016 de
2880 2958 3093 3014 David.

1991 3073 2019 3100 ‹‹
2065 3054 2130 3106 Et
2159 3050 2579 3120 egrediebatur
2604 3054 2660 3105 et
2687 3047 3140 3119 ingrediebatur
3160 3045 3222 3101 in
3252 3050 3582 3118 conspectu

2359 3139 2452 3195 Sic
2481 3138 2904 3210 accipiendum
2959 3139 3050 3190 est
3082 3151 3096 3189 :
3132 3133 3391 3200 Quando
3417 3149 3582 3202 egre-

1917 3229 2240 3284 diebantur
2269 3228 2328 3283 in
2379 3242 2673 3300 pugnam,
2708 3227 2839 3299 ipse
2892 3224 3148 3298 primus,
3199 3238 3368 3278 more
3392 3221 3578 3292 regio,

1917 3317 2338 3387 egrediebatur
2389 3315 2452 3372 in
2495 3320 2823 3387 conspectu
2881 3328 3116 3382 eorum,
3176 3317 3233 3368 et
3282 3311 3584 3382 regredie-

1917 3406 2116 3463 batur.

1991 3518 2019 3546 «
2064 3495 2271 3552 Dilexit
2301 3501 2503 3552 autem
2569 3493 2777 3552 Michol
2807 3492 2935 3549 ﬁlia
2977 3489 3119 3548 Saul
3151 3489 3338 3546 altera
3370 3487 3580 3546 David.

1919 3608 1947 3636 «
1990 3589 2058 3642 Et
2087 3586 2431 3642 nuntiatum
2474 3589 2564 3641 est
2613 3583 2774 3651 Saul,
2825 3586 2881 3639 et
2929 3579 3156 3655 placuit
3185 3578 3260 3635 ei.
3307 3577 3582 3650 Dixitque

1919 3698 1948 3726 ‹‹
1993 3675 2133 3731 Saul
2166 3693 2178 3731 :
2212 3674 2380 3732 Dabo
2403 3689 2542 3730 eam
2567 3672 2670 3740 illi,
2697 3678 2760 3728 ut
2800 3671 2906 3728 ﬁat
2935 3671 2986 3726 ei
3013 3670 3076 3725 in
3134 3666 3493 3724 scandalum
3526 3670 3583 3723 et

1919 3786 1948 3813 α
1991 3765 2064 3820 sit
2094 3779 2272 3836 super
2321 3779 2462 3819 eum
2507 3777 2728 3818 manus
2784 3758 3300 3823 Philisthinorum,
3330 3777 3360 3804 n
3405 3761 3462 3810 et
3487 3770 3582 3810 re-

1917 3852 2104 3925 liqua.
2157 3851 2421 3924 Denique
2475 3851 2570 3906 his
2609 3848 2851 3905 duobus
2882 3845 3165 3918 periculis
3195 3843 3336 3900 Saul
3391 3841 3582 3898 David

1919 3941 2174 4015 putabat
2199 3940 2457 3997 interimi
2511 3955 2710 4012 posse,
2772 3936 2994 3992 scilicet
3028 3938 3133 3990 aut
3156 3931 3389 3988 insidiis
3442 3929 3579 3985 ﬁliae

1919 4048 2067 4098 suae,
2102 4048 2138 4086 a
2161 4047 2287 4104 qua
2325 4044 2388 4084 se
2434 4029 2676 4085 videbat
2705 4026 2964 4083 multum
3019 4022 3230 4089 amari,
3259 4025 3364 4077 aut
3392 4035 3580 4076 causa

1918 4121 2354 4193 preeputiorum
2413 4119 2920 4184 Philisthinorum,
2961 4119 3206 4188 propter
3253 4127 3391 4184 quae
3450 4109 3580 4166 adi-

1918 4209 2210 4282 piscenda
2241 4208 2607 4265 Philisthaeos
2636 4206 2795 4263 bello
2817 4209 2946 4262 erat
2962 4217 3388 4275 aggressurus.
3417 4199 3580 4256 Unde

1918 4304 1976 4356 et
2008 4299 2090 4356 ait
2130 4315 2143 4354 :

1993 4411 2021 4438 ‹‹
2065 4389 2129 4444 In
2169 4387 2410 4444 duabus
2465 4386 2648 4442 rebus
2679 4401 2862 4457 gener
2912 4398 3086 4440 meus
3135 4379 3243 4437 erit
3282 4379 3482 4436 hodie.
3517 4380 3583 4434 Et

152 4461 423 4560 colligata
481 4496 590 4557 est,
642 4491 774 4547 illos
813 4496 1055 4547 sanctos
1096 4461 1497 4560 Isigniﬁcasse
1553 4489 1808 4555 videtur,
1843 4461 1890 4516 Β
1921 4502 1949 4530 ι(
1991 4477 2306 4534 mandavit
2359 4475 2501 4534 Saul
2531 4476 2716 4532 servis
2749 4475 2875 4530 suis
2911 4491 2924 4529 :
2973 4470 3329 4560 Loquimini
3358 4468 3436 4524 ad
3473 4470 3584 4523 Da-

151 4583 246 4652 qui
297 4582 556 4638 Domino
615 4583 758 4637 Jesu
817 4581 1050 4637 Christo
1103 4597 1176 4637 ex
1202 4580 1430 4653 populo
1462 4579 1810 4636 Judzeorum

151 4687 252 4742 per
271 4672 458 4728 ﬁdem
490 4671 899 4736 adhaaserunt,
923 4670 1030 4744 qui
1059 4675 1309 4743 accepta
1338 4669 1590 4742 Spiritus
1618 4669 1810 4725 sancti

155 4762 356 4828 gratia,
415 4777 529 4834 pro
585 4759 799 4815 Christi
857 4775 1066 4816 amore
1105 4759 1322 4815 relictis
1367 4758 1673 4825 omnibus,
1718 4758 1810 4830 ip-

154 4865 281 4905 sum
322 4853 508 4906 secuti
560 4854 720 4916 sunt,
785 4849 937 4904 sicut
1012 4848 1254 4905 fuerunt
1311 4848 1568 4921 apostoli
1624 4853 1682 4904 et
1730 4847 1811 4902 illi

153 4939 249 5011 qui
296 4939 354 4994 in
380 4937 629 4994 Actibus
663 4936 1079 5010 apostolorum
1125 4937 1466 4993 vendebant
1495 4936 1722 5004 omnia,
1757 4940 1813 4992 et

155 5027 336 5099 pretia
360 5026 697 5084 efferebant
726 5025 803 5083 ad
835 5025 1022 5099 pedes
1065 5025 1480 5100 apostolorum
1529 5027 1688 5096 (Act.
1725 5031 1805 5091 ιι).

155 5117 322 5181 Quod
369 5121 577 5174 autem
651 5115 810 5172 idem
863 5115 1160 5172 Jonathas
1233 5115 1602 5172 vestimentis
1689 5131 1811 5170 suns

156 5209 329 5278 atque
383 5205 573 5274 armis
629 5219 691 5260 se
732 5204 1007 5271 nudavit,
1051 5208 1109 5260 et
1160 5203 1345 5261 David
1387 5203 1637 5273 vestivit,
1696 5203 1811 5259 hoc

158 5293 449 5351 indicasse
488 5294 768 5350 videtur:
802 5293 972 5367 quod
1007 5299 1226 5350 cuncta
1259 5297 1640 5350 sacramenta
1675 5309 1812 5366 spo-

155 5381 308 5448 liata,
340 5385 455 5440 hoc
485 5387 579 5440 est
612 5383 1017 5440 sacerdotium
1045 5387 1227 5456 atque
1256 5382 1624 5457 praedicatio,
1670 5399 1809 5454 qum

157 5472 374 5545 populo
391 5472 742 5529 Judaaorum
776 5472 922 5529 olim
965 5472 1184 5529 collata
1243 5471 1456 5538 fuerat,
1491 5471 1568 5527 ad
1599 5472 1811 5527 Christi

161 5561 473 5618 Ecclesiam
535 5561 956 5618 transferenda
1025 5566 1245 5618 essent.
1311 5561 1809 5635 Sive.secundum

160 5652 518 5722 superiorem
551 5667 820 5717 sensum,
844 5652 1000 5710 bene
1033 5668 1068 5707 a
1109 5651 1311 5707 tunica
1338 5667 1528 5723 usque
1576 5650 1652 5706 ad
1684 5651 1812 5706 bal-

161 5737 355 5798 theum
380 5742 590 5801 omnia
618 5741 788 5799 dedit
818 5758 832 5797 :
857 5741 1004 5816 quia
1025 5741 1334 5798 credentes
1354 5755 1601 5814 qmque,
1643 5740 1811 5814 quid-

1921 4591 1948 4617 «
1992 4568 2092 4624 vid
2115 4567 2273 4624 clam
2303 4583 2422 4635 me,
2453 4566 2719 4622 dicentes
2752 4582 2765 4620 :
2801 4567 2946 4620 Ecce
2976 4561 3179 4634 places
3210 4557 3356 4628 regi,
3381 4561 3438 4612 et
3456 4572 3583 4612 om-

1924 4677 1953 4709 ι
1992 4673 2098 4714 nes
2127 4657 2278 4713 servi
2305 4657 2437 4728 ejus
2465 4655 2723 4726 diligunt
2751 4658 2828 4723 te,
2860 4673 2890 4701 »
2929 4655 3041 4706 etc.
3071 4654 3136 4704 In
3165 4645 3409 4702 duabus
3437 4658 3582 4712 ergo

1919 4747 2102 4803 rebus
2158 4761 2448 4816 generum
2490 4761 2669 4800 suum
2718 4741 2833 4798 sibi
2887 4741 3156 4796 futurum
3217 4731 3378 4798 dicit,
3436 4731 3584 4802 quia

1915 4837 2047 4908 jam
2078 4835 2357 4893 attulerat
2383 4827 3190 4907 praeputiaPhilisthinorum
3219 4836 3330 4894 pro
3361 4819 3580 4886 Merob,

1920 4943 2110 4999 quam
2166 4923 2308 4983 Saul
2365 4921 2531 4979 dedit
2585 4917 2846 4978 Hadrieli
2897 4913 3234 4982 Molathitaa,
3283 4915 3341 4966 et
3370 4913 3582 4999 postea

1919 4998 2032 5090 pro
2061 5013 2268 5072 Michol
2299 5013 2583 5069 ducenta-
2604 5013 2670 5066 Et
2694 5005 2976 5081 quamvis
3005 5017 3129 5058 non
3163 5003 3369 5090 aperte
3400 4998 3583 5090 Adica-

1921 5087 2018 5162 tur
2045 5121 2156 5177 pro
2209 5102 2405 5160 Merob
2465 5101 2624 5158 Sauli
2680 5094 3172 5152 Pbilistbinorum
3229 5088 3418 5146 David
3476 5087 3580 5142 de-

1921 5195 2108 5266 disse,
2166 5197 2371 5249 tamen
2430 5190 2536 5264 qui
2588 5185 2991 5262 praecedentia
3038 5187 3096 5238 et
3150 5177 3583 5266 subsequentia

1922 5283 2240 5359 perlegerit
2287 5286 2342 5337 et
2387 5283 2684 5336 scrutatus
2742 5275 2938 5343 fuerit,
2983 5270 3243 5328 inveniet
3299 5283 3441 5324 eum
3491 5265 3584 5320 bis

1925 5375 2086 5434 Sauli
2118 5369 2412 5447 praeputia
2457 5367 2949 5424 Philisthinorum
2997 5360 3256 5417 dedisse.
3291 5361 3439 5412 Nam
3481 5371 3582 5409 su-

1922 5465 2122 5540 perius
2149 5464 2382 5520 dixerat
2413 5459 2552 5517 Saul
2592 5477 2604 5514 :
2639 5480 2666 5507 «
2698 5461 2823 5514 Non
2875 5455 2948 5510 sit
2976 5466 3196 5509 manus
3235 5463 3371 5504 mea
3398 5447 3457 5502 in
3488 5461 3581 5512 eo,

1925 5555 2032 5612 sed
2065 5555 2138 5610 sit
2168 5569 2349 5626 super
2378 5551 2544 5606 illum
2574 5563 2796 5604 manus
2819 5543 3323 5601 Philisthinorum.
3353 5561 3380 5587 »
3415 5541 3478 5592 In
3500 5551 3585 5592 se-

1922 5646 2250 5719 quentibus
2278 5658 2420 5698 vero
2443 5640 2524 5695 ait
2548 5657 2561 5693 :

1997 5757 2028 5790 ‹
2068 5738 2201 5793 Non
2224 5732 2409 5791 habet
2431 5745 2680 5787 necesse
2711 5745 2817 5785 rex
2837 5723 3168 5800 sponsalia,
3208 5721 3325 5778 nisi
3353 5722 3586 5776 tantum
