3940 6408
421 261 524 320 815

1527 249 1885 315 ANGELOMI
1918 245 2384 309 LUXDVIENSIS
2421 246 2734 304 MONACHI

3742 237 3846 301 3M

424 401 451 436 ι(
495 391 735 443 centum
789 385 1082 459 praeputia
1143 383 1652 450 Philisthinorum,
1683 385 1748 436 ut
1793 379 1902 434 ﬁat
1923 376 2070 432 ultio
2103 377 2150 432 Α
2179 372 2429 445 reliqua.
2463 375 2526 427 in
2555 371 2671 428 hoc
2702 387 2850 442 agro
2881 367 3236 426 consiliandi
3267 382 3472 459 causa,
3501 367 3645 459 Saul
3677 369 3847 424 veni-

426 499 454 528 «
495 477 570 532 de
626 475 878 532 inimicis
927 474 1100 543 regis.
1152 493 1181 523 ιι
1234 476 1301 528 Et
1357 471 1667 544 subjungit
1725 471 2069 542 Scriptura:

427 583 454 616 α
496 563 678 621 Porro
708 564 1008 634 cogitabat
1045 561 1232 617 David
1257 562 1489 617 tradere
1521 563 1583 616 in
1615 573 1832 616 manus
1863 557 2074 612 Philis-

435 671 451 706 ι
497 655 820 710 tliinorum.
852 653 1118 724 Cumque
1142 651 1586 706 renuntiassent
1609 650 1769 705 servi
1799 649 1928 720 ejus
1963 649 2074 702 Da-

426 761 454 794 ιί
499 743 592 798 vid
619 739 800 798 verba
827 752 962 812 quae
1007 740 1240 796 dixerat
1279 739 1438 808 Saul,
1482 762 1510 790 »
1538 743 1594 796 et
1639 738 1889 810 reliqua.
1930 739 2074 790 Ecce

424 832 579 888 hanc
612 829 965 886 sententiam
995 829 1077 886 ita
1117 829 1498 899 digessimus,
1529 833 1708 902 prout
1733 826 1937 900 opinio
1968 824 2071 880 ali-

423 928 681 993 quorum
707 922 1147 974 commentatur
1174 935 1186 972 :
1219 925 1407 991 quam
1440 918 1490 974 si
1521 917 1657 990 quis
1679 917 1943 988 recipere
1975 929 2077 968 no-

420 1008 610 1074 luerit,
639 1021 762 1062 non
787 1013 1001 1063 contra
1029 1007 1306 1077 dicimus,
1332 1007 1438 1062 sed
1467 1008 1516 1062 si
1546 1003 2078 1062 meliusintellexe-

419 1097 512 1167 rit,
543 1095 712 1169 sequi
733 1096 1066 1166 gaudentw
1085 1095 1509 1166 gratulabundi
1544 1095 1936 1152 decrevimus.
1961 1093 2076 1146 Cae-

421 1192 613 1242 terum
647 1185 921 1241 dicamus
955 1186 1322 1257 proutnobis
1354 1185 1604 1241 videtur.
1639 1187 1795 1238 Bene
1827 1184 1938 1238 ait:
1965 1205 1990 1231 ‹‹
2013 1182 2077 1236 in

421 1275 664 1332 duabus
704 1273 884 1329 rebus
912 1289 1092 1344 gener
1119 1290 1290 1329 meus
1335 1275 1449 1330 eris
1503 1274 1702 1341 hodie,
1734 1294 1761 1322 ››
1806 1271 2080 1328 videlicet

421 1365 568 1438 quia
589 1368 709 1419 tam
729 1365 1031 1431 ingentem
1061 1363 1363 1433 gigantem
1386 1363 1785 1437 prostraverit,
1811 1367 1867 1416 et
1887 1361 1942 1415 in
1965 1361 2077 1414 hoc

423 1454 646 1522 dignus
673 1455 804 1507 erat
835 1456 1009 1507 tantae
1041 1452 1290 1522 virtutis,
1324 1458 1386 1508 ut
1417 1465 1598 1521 gener
1637 1451 1792 1520 regis
1823 1449 2078 1505 efﬁcere-

427 1547 524 1597 tur
556 1559 570 1610 ;
600 1545 658 1596 et
677 1541 804 1596 inec
829 1547 920 1595 est
948 1555 1072 1596 una
1102 1557 1215 1596 res.
1251 1541 1451 1597 Altera
1482 1558 1622 1596 vero
1647 1554 1833 1613 quam
1862 1539 1912 1593 ei
1939 1553 2077 1610 pro-

427 1628 647 1702 posuit,
676 1629 894 1684 scilicet
925 1629 974 1684 si
1017 1635 1257 1685 centum
1295 1630 1590 1703 praeputia
1623 1628 2078 1702 Allophylorum

2182 479 2242 518 re
2282 473 2692 524 consueverat,
2751 461 2854 515 ubi
2913 459 3093 514 etiam
3146 458 3492 514 condictum
3535 457 3848 520 fuerat,ut
3935 519 3940 534 ι

2183 552 2551 607 occideretur
2584 550 2787 620 David,
2820 549 2984 622 quod
3017 553 3075 602 et
3119 548 3412 604 Jonathas
3447 547 3636 604 David
3687 547 3844 602 indi-

2187 647 2447 698 caverat.

2257 753 2284 780 ‹‹
2325 730 2484 787 Mittit
2532 728 2674 785 Saul
2723 727 3002 784 custodes
3047 728 3126 783 ad
3191 727 3445 783 domum
3499 727 3712 793 David,
3785 732 3848 784 ut

2185 843 2214 870 ‹‹
2256 819 2621 875 custodirent
2649 833 2810 881 eum,
2842 821 2896 872 et
2943 817 3371 872 interﬁceretur
3425 824 3628 872 man‘e.
3672 817 3846 882 Quod

2187 931 2215 960 ‹‹
2256 924 2396 964 cum
2445 907 2864 964 annuntiasset
2905 905 3094 962 David
3144 905 3355 962 Michol
3408 914 3560 961 uxor
3589 915 3722 970 sua,
3755 905 3846 961 di-

2187 1019 2214 1047 ‹‹
2255 1013 2397 1053 cens
2428 1015 2440 1052 :
2472 996 2591 1052 Nisi
2621 994 2942 1052 salvaveris
2979 999 3033 1050 te
3061 999 3237 1050 nocte
3292 994 3429 1061 hac,
3457 1003 3591 1050 cras
3635 993 3848 1049 morie-

2186 1107 2216 1136 «
2255 1085 2338 1141 ris
2365 1103 2378 1140 :
2407 1085 2690 1157 deposuit
2709 1100 2848 1139 eum
2875 1099 2981 1156 per
3003 1084 3344 1140 fenestram.
3369 1084 3552 1140 Porro
3583 1083 3680 1138 ille
3701 1083 3850 1138 abiit

2186 1197 2214 1224 ‹‹
2257 1179 2314 1230 et
2360 1174 2532 1244 fugit,
2557 1179 2735 1245 atque.
2783 1173 3048 1228 salvatus
3098 1176 3204 1228 est.
3241 1175 3511 1245 Cumque
3540 1172 3849 1227 venissent

2186 1286 2214 1312 «
2257 1263 2450 1320 nuntii
2493 1262 2652 1326 Saul,
2681 1263 3038 1318 invenerunt
3069 1266 3332 1318 statuam
3382 1262 3439 1316 in
3474 1261 3628 1316 lecto
3663 1260 3848 1316 David

2188 1375 2216 1404 ‹‹
2256 1353 2535 1425 positam,
2565 1357 2621 1407 ct
2651 1351 2866 1423 pellem
2895 1351 3152 1424 pilosam
3182 1365 3502 1423 caprarum
3534 1348 3616 1406 ad
3665 1355 3852 1423 caput

2187 1465 2214 1494 ‹‹
2259 1444 2410 1513 ejus.
2439 1465 2466 1491 »
2489 1441 2820 1498 Audiamus
2842 1457 2984 1510 ergo
3012 1441 3160 1512 quid
3187 1441 3302 1496 hoc
3342 1439 3658 1510 signiﬁcet,
3682 1439 3851 1512 quod

2184 1532 2410 1588 miserit
2439 1531 2579 1586 Saul
2609 1531 2689 1586 ad
2737 1529 3192 1586 custodiendam
3251 1529 3504 1584 domum
3538 1527 3732 1584 David
3789 1533 3854 1584 ut

2185 1635 2326 1678 eum
2356 1620 2770 1676 interﬁcerent.
2831 1623 2950 1675 Hoc
3000 1633 3122 1674 non
3164 1618 3243 1674 ad
3291 1634 3531 1674 crucem
3589 1615 3848 1686 Domini,

427 1718 700 1787 deferret,
731 1718 838 1790 qui
865 1731 989 1773 non
1023 1719 1216 1774 solum
1251 1725 1510 1787 centum,
1534 1733 1745 1774 verum
1763 1718 1943 1772 etiam
1973 1715 2081 1771 du-
2105 1738 2148 1792 Β
2187 1711 2290 1765 sed
2322 1715 2522 1766 tamen
2552 1709 2630 1764 ad
2661 1709 3006 1781 passionem
3033 1709 3164 1780 ejus
3195 1709 3466 1781 pertinet.
3519 1706 3852 1764 (h‘uciﬁxus
3935 1717 3940 1734 '

423 1813 599 1864 canta
625 1806 836 1864 attulit.
879 1811 944 1862 Et
973 1807 1134 1862 unde
1166 1809 1421 1863 creditur
1468 1808 1631 1876 regio
1663 1807 1854 1880 perire
1916 1809 2076 1874 voto,

424 1897 566 1952 inde
593 1900 761 1952 actus
791 1901 882 1950 est
924 1896 1254 1965 gloriosiori
1303 1898 1570 1970 trophaeo
1602 1913 1616 1952 :
1643 1911 1782 1952 ecce
1809 1893 2074 1950 historia.

425 1989 716 2042 Caeterum
739 1984 986 2056 tropice,
1014 1985 1183 2057 quod
1216 1985 1355 2042 Saul
1387 1986 1598 2041 callide
1623 1985 1866 2040 simulat
1887 1984 2074 2039 David

425 2074 636 2130 offerre
665 2073 1014 2141 discrimini,
1047 2079 1105 2132 et
1137 2075 1296 2130 unde
1321 2075 1580 2132 creditus
1613 2081 1700 2130 est
1727 2075 1891 2143 regio
1921 2073 2075 2146 peri-

423 2177 486 2218 re
531 2167 694 2233 voto,
743 2161 883 2217 inde
927 2167 1095 2218 actus
1147 2163 1478 2234 gloriosiori
1518 2165 1805 2236 trophaeo.
1861 2162 2074 2218 intelli-

427 2251 582 2322 gitur
633 2250 801 2323 quod
856 2252 1064 2322 Judtei,
1126 2253 1274 2308 dum
1314 2259 1520 2308 contra
1578 2253 1942 2308 voluntatem
1973 2253 2076 2306 Dei

425 2341 720 2398 Christum
747 2341 1074 2397 interficere
1103 2341 1217 2397 nisi
1245 2348 1402 2407 sunt,
1431 2351 1537 2414 per
1566 2342 1626 2396 id
1654 2341 1907 2397 salutem
1935 2355 2074 2410 gen-

385 2471 396 2479 .
424 2431 576 2486 tium
597 2433 866 2500 egerunt,
894 2445 1002 2502 per
1035 2430 1202 2502 quod
1257 2431 1639 2486 crediderunt
1677 2431 2072 2500 exstinguere.

429 2520 600 2585 Quod
629 2519 791 2575 enim
825 2519 1010 2574 David
1036 2519 1512 2588 alienigenarum
1543 2521 1834 2592 prteputia
1863 2519 2075 2586 attulit,

428 2612 486 2663 et
515 2609 598 2663 sic
622 2608 824 2663 denuo
870 2607 1007 2662 ﬁlias
1042 2608 1180 2664 Saul
1226 2610 1450 2681 nuptiis
1479 2609 1668 2676 haesit,
1700 2608 2080 2675 signiﬁcabat

427 2697 594 2768 quod
647 2697 910 2752 Christus
963 2707 1087 2751 non
1143 2697 1306 2769 prius
1340 2699 1728 2768 Synagogam
1777 2697 2080 2752 connubio

428 2799 542 2840 suo
563 2785 1020 2858 sponderet,nisi
1039 2785 1332 2854 gloriosus
1352 2786 1411 2840 in
1427 2787 1703 2855 gentibus
1725 2786 2081 2842 tieret.Prius

429 2874 590 2930 enim
621 2874 685 2929 in
738 2874 1086 2929 nationibus
1136 2875 1426 2930 resecavit
1455 2875 1651 2930 carnis
1690 2875 2082 2948 pollutionem

429 2963 491 3018 in
521 2968 774 3036 utroque
801 2979 966 3032 sexu,
1001 2968 1282 3036 etpostea
1333 2964 1648 3037 ecpulatus
1697 2970 1784 3020 est
1821 2967 2086 3037 Synago-

430 3066 541 3122 gas.
575 3055 896 3124 Postquam
927 3053 1109 3124 enim,
1143 3053 1296 3108 sicut
1323 3054 1612 3126 scriptum
1633 3058 1740 3122 est,
1797 3053 2154 3148 introieritlC

427 3141 758 3214 plenitudo,
791 3145 930 3196 tunc
956 3142 1154 3196 omnis
1187 3142 1363 3198 lsrael
1393 3142 1592 3198 salvus
1623 3143 1722 3198 ﬁet
1753 3141 1942 3209 (Rom.
1977 3144 2082 3214 xi).

429 3229 624 3302 Dupla
660 3235 881 3298 autem,
910 3230 968 3286 id
999 3235 1090 3287 est
1119 3231 1379 3287 ducenta
1401 3232 1692 3304 praeputia
1714 3233 1926 3297 attulit,
1960 3233 2082 3288 sive

427 3319 786 3390 proludens
815 3325 872 3375 et
912 3320 1190 3389 gentibus
1231 3321 1560 3392 acquisitis,
1617 3323 1739 3376 sive
1777 3317 1922 3393 quia
1952 3335 2083 3377 ma-

424 3405 522 3476 jor
572 3411 660 3461 est
715 3423 1002 3462 numerus
1056 3408 1462 3480 acquisitionis
1519 3409 1728 3481 populi
1790 3410 2079 3480 gentium,

430 3494 618 3566 quam
642 3492 1010 3550 credentium
1058 3497 1424 3553 Judaaorum.
1457 3498 1678 3554 Deinde
1702 3499 1910 3554 odium
1943 3499 2082 3555 Saul

430 3583 721 3640 adt'ersus
749 3583 934 3639 David
964 3584 1024 3639 in
1057 3590 1288 3640 tantum
1317 3587 1500 3652 auxit,
1533 3592 1599 3642 ut
1627 3598 1728 3642 rex
1772 3589 1853 3644 ob
1883 3589 2082 3644 mede-

431 3673 554 3730 lam
583 3672 675 3728 sui
705 3673 966 3745 spiritus,
1008 3673 1186 3730 David
1247 3689 1413 3730 more
1471 3675 1825 3746 psallentem
1879 3679 2082 3749 jaculo

432 3767 749 3820 conaretur
777 3764 1090 3819 coniicere;
1125 3764 1277 3827 Quid
1308 3769 1397 3819 est
1425 3765 1586 3836 ‘qucd
1643 3765 1791 3821 dum
1844 3767 2082 3824 Saulem

433 3849 674 3926 spiritus
699 3853 993 3908 adversus
1021 3853 1348 3922 invaderet,
1381 3854 1759 3926 apprehensa
1791 3841 1977 3912 David
2009 3857 2080 3912 ci-

431 3943 625 4011 thara,
649 3942 698 4012 ej
709 3958 778 3996 us
798 3942 1110 3998 vesaniam
1132 3943 1491 4012 mitigabat?
1507 3943 1616 3998 Per
1638 3943 1876 4000 Saulem
1899 3947 2082 4016 enim,

431 4030 776 4086 Judseorum
821 4030 1042 4085 elatio!
1084 4039 1192 4103 per
1242 4031 1428 4086 David
1486 4036 1710 4102 autem,
1777 4033 2084 4090 hUmilitas

433 4117 648 4172 Christi
675 4118 1064 4186 significatur.
1099 4123 1246 4175 Cum
1277 4135 1420 4189 ergo
1453 4120 1592 4176 Saul
1636 4121 1715 4177 ab
1767 4121 2086 4179 immundo

435 4205 645 4278 spiritu
673 4206 974 4278 arripitur,
994 4207 1176 4262 David
1208 4213 1478 4276 canente,
1512 4210 1641 4280 ejus
1671 4213 1915 4267 venasia
1937 4216 2086 4267 tem-

433 4294 890 4367 peraturzquia
938 4311 1077 4350 cum
1131 4312 1342 4352 sensus
1392 4298 1737 4354 Judteorum
1794 4316 1900 4372 per
1928 4300 2086 4357 blas~

432 4383 740 4454 phemiam
785 4383 847 4437 in
901 4383 1163 4439 furorem
1196 4387 1454 4454 vertitur,
1504 4388 1759 4458 dignum
1791 4391 1878 4444 est
1908 4393 1972 4445 ut
2005 4389 2083 4444 ad

437 4469 690 4526 salutem
720 4476 950 4526 mentes
977 4487 1207 4541 eorum,
1239 4476 1414 4546 quasi
1451 4473 1768 4532 dulcedine
1819 4478 2083 4550 citharae,

435 4559 754 4616 locutionis
804 4561 1166 4632 evangelica
1223 4564 1651 4636 tranquillitate
1711 4573 2082 4624 revocentur.

435 4653 584 4707 Nam
615 4647 782 4723 quod
808 4650 976 4706 nisus
1002 4656 1096 4706 est
1123 4653 1260 4707 Saul
1289 4652 1590 4722 conligere
1640 4655 1830 4710 David
1876 4655 2088 4712 lancea

434 4739 496 4794 in
525 4741 770 4813 pariete,
830 4744 889 4796 et
941 4741 1127 4796 David
1189 4742 1526 4808 declinavit,
1573 4747 1632 4798 et
1679 4743 1889 4800 lancea
1914 4761 2088 4802 casso

436 4830 680 4886 vulnere
710 4831 938 4904 perlata
978 4831 1070 4886 est
1107 4831 1169 4886 in
1204 4833 1516 4903 parietem,
1568 4838 1893 4904 possumus
1919 4835 2090 4904 juxta

437 4920 737 4992 quosdam
767 4921 848 4976 ita
893 4917 1220 4990 intelligere
1247 4919 1434 4994 quod,
1465 4921 1829 4992 praedicante
1860 4923 2088 4980 Christo

439 5009 848 5077 Evangelium,
880 5009 1071 5064 Judaei
1126 5009 1391 5066 meditati
1437 5013 1577 5064 sunt
1622 5009 1674 5064 ei
1704 5014 1959 5067 mortem
2001 5013 2088 5068 in-

437 5095 608 5166 ferre,
636 5097 740 5152 sed
761 5098 910 5154 dum
938 5099 1037 5155 ille
1065 5099 1144 5155 ab
1177 5101 1261 5155 eis
1291 5098 1368 5154 ad
1401 5097 1658 5154 salutem
1712 5101 1976 5168 gentium
2006 5102 2089 5158 vi-

437 5199 550 5241 vus
581 5187 843 5251 secessit,
869 5187 1062 5244 solam
1092 5188 1379 5244 duritiam
1408 5187 1624 5242 mentis
1654 5187 1892 5245 illorum
1921 5191 2090 5246 mali-

436 5273 518 5330 tia
537 5291 648 5332 sua
677 5275 844 5332 laesit.

1070 5368 1292 5420 CAPUT
1329 5365 1471 5420 XIX.

512 5452 854 5524 «Dixitque
923 5453 1212 5510 Jonathas
1265 5453 1342 5508 ad
1418 5454 1623 5510 David.
1707 5459 1826 5526 Ego
1885 5461 2086 5512 autem

441 5559 469 5590 ‹‹
511 5542 822 5608 egrediens
861 5544 1035 5598 stabo
1061 5544 1230 5613 juxta
1277 5548 1509 5614 patrem
1561 5561 1763 5601 meum
1823 5545 1883 5600 in
1942 5561 2088 5616 agro

443 5649 470 5675 ‹‹
511 5628 856 5702 ubicunque
887 5631 1079 5696 fuerit,
1113 5637 1168 5686 et
1189 5648 1300 5700 ego
1326 5631 1539 5704 loquar
1571 5634 1644 5688 de
1670 5641 1720 5690 te
1749 5637 1824 5690 ad
1855 5642 2086 5706 patrem

443 5731 472 5764 «
513 5731 740 5787 meum,
761 5723 822 5774 et
845 5720 1258 5793 quodcunque
1274 5722 1500 5794 videro,
1518 5723 1812 5780 nuntiabo
1833 5724 1958 5790 tibi,
1983 5746 2011 5773 »
2032 5726 2089 5782 et

2185 1799 2347 1855 enim
2393 1798 2677 1866 Christus,
2740 1804 2795 1854 et
2825 1803 3097 1854 mortuus
3151 1805 3208 1853 et
3253 1797 3525 1870 sepultus
3569 1801 3682 1853 est.
3719 1799 3854 1852 Erat

2184 1905 2328 1960 ergo
2373 1889 2474 1944 illa
2513 1889 2818 1960 sepultura
2867 1893 3161 1960 tanquam
3223 1887 3466 1953 domus,
3523 1887 3604 1943 ad
3662 1899 3854 1958 quam

2187 1979 2666 2047 custodiendam,
2699 1978 2860 2033 misit
2899 1988 3154 2048 regnum
3205 1978 3571 2043 Judaeorum,
3599 1975 3854 2048 quando

2186 2069 2464 2124 custodes
2494 2067 2768 2123 adhibuit
2794 2067 3068 2138 sepulcro
3097 2067 3330 2122 Christi.
3377 2065 3698 2132 Quomodo
3726 2079 3856 2120 cus-

2186 2160 2374 2215 todita
2425 2164 2511 2213 est
2561 2157 2800 2224 domus,
2852 2157 2901 2212 si
2953 2156 3137 2212 David
3193 2156 3494 2227 ﬁgurabat
3524 2155 3844 2224 Christum,

2185 2253 2252 2302 ut
2275 2247 2536 2304 Christus
2568 2246 2998 2301 interﬁceretur
3049 2245 3196 2300 dum
3251 2256 3376 2300 non
3422 2245 3483 2300 in
3538 2243 3850 2316 sepultura
3935 2312 3940 2332 Ι

2188 2337 2476 2402 Christus,
2534 2336 2636 2391 sed
2691 2337 2754 2390 in
2799 2349 2972 2391 cruce
3031 2335 3105 2390 sit
3151 2335 3492 2390 interfectus
3521 2335 3549 2390 ?
3579 2333 3850 2389 Refertur

2187 2439 2330 2498 ergo
2371 2427 2489 2482 hoc
2557 2425 2636 2481 ad
2684 2441 2903 2498 corpus
2969 2425 3180 2480 Christi
3227 2442 3241 2480 :
3293 2425 3438 2498 quia
3520 2423 3851 2479 interﬁcere

2190 2516 2506 2583 Christum,
2583 2520 2709 2570 erat
2781 2515 2982 2570 tollere
3068 2529 3292 2570 nomen
3360 2511 3590 2569 Christi.
3651 2517 3853 2585 Neque

2189 2607 2348 2662 enim
2381 2605 2719 2660 crederetur
2748 2605 2810 2660 in
2839 2605 3156 2670 Christum,
3189 2605 3236 2659 si
3275 2603 3665 2660 mendacium
3694 2619 3850 2676 prue-

2189 2695 2410 2751 valeret
2435 2694 2780 2763 custodum,
2812 2694 2918 2766 qui
2971 2694 3232 2766 corrupti
3278 2697 3417 2749 sunt
3447 2698 3510 2748 ut
3535 2693 3801 2748 dicerent
3836 2711 3851 2748 :

2191 2785 2336 2858 quia
2391 2807 2418 2833 ‹‹
2461 2781 2896 2840 dormientibus
2968 2783 3165 2851 nobis,
3224 2787 3518 2840 venerunt
3573 2781 3855 2857 discipuli

2193 2875 2343 2944 ejus,
2396 2877 2453 2928 et
2501 2873 2871 2928 abstulerunt
2927 2887 3065 2928 eum
3117 2871 3358 2943 (Matth.
3388 2873 3608 2945 xxviii).
3644 2893 3672 2923 n
3732 2871 3856 2928 Hoc
3935 2923 3940 2947 ,

2192 2962 2393 3033 itaque
2451 2961 2601 3016 velle
2653 2961 2948 3018 Christum
3005 2961 3356 3031 interﬁcere,
3403 2973 3627 3018 nomen
3663 2975 3859 3018 resur-
3937 3003 3940 3022 .

2191 3051 2468 3106 rectionis
2499 3051 2628 3120 ejus
2655 3051 3018 3120 extinguere,
3055 3055 3117 3106 ut
3147 3051 3530 3107 mendacium
3590 3051 3858 3121 Evange-

2191 3140 2271 3196 lio
2298 3139 2693 3212 przeferretur.
2722 3140 2832 3195 Sed
2865 3140 3017 3195 sicut
3079 3139 3228 3196 illud
3284 3149 3405 3196 non
3453 3137 3641 3196 valuit
3688 3139 3851 3210 sum,

2193 3234 2258 3284 ut
2287 3229 2642 3284 interﬁceret
2671 3228 2874 3298 David,
2931 3231 3013 3284 sic
3067 3244 3177 3284 nec
3231 3229 3345 3285 hoc
3377 3223 3856 3302 pdtditr'eg'tid'm

2191 3320 2540 3374 Judaeorum
2565 3319 2818 3388 eilicere,
2848 3323 2911 3374 ut
2958 3319 3316 3375 memoriam
3349 3319 3557 3376 Christi
3607 3317 3852 3376 delerat.

2193 3409 2289 3464 lsti
2319 3414 2522 3464 autem
2552 3408 2656 3480 qui
2682 3408 2756 3462 de
2786 3409 3000 3463 virtute
3033 3409 3194 3480 Saul,
3227 3409 3288 3464 id
3315 3411 3403 3465 est
3431 3409 3506 3464 de
3535 3411 3722 3480 regnd
3751 3413 3854 3465 Ju-

2192 3499 2462 3553 daeoruni
2501 3499 2562 3552 in
2587 3497 2816 3552 Christo
2847 3513 3210 3569 praesumere
3231 3499 3566 3567 voluerunt,
3591 3499 3856 3556 oife'nde-

2191 3587 2412 3642 runtin
2437 3586 2701 3658 lapidem
2723 3585 3097 3654 offensionis,
3129 3592 3423 3660 tanquam
3473 3587 3536 3644 in
3567 3591 3851 3661 statuam,

2192 3680 2250 3730 et
2273 3675 2484 3728 haedus
2515 3675 2600 3731 eis
2623 3673 2788 3728 visus
2810 3680 2898 3730 est
2935 3689 3132 3744 agnus
3165 3693 3178 3731 :
3213 3676 3362 3748 quia
3397 3677 3458 3731 in
3488 3683 3670 3748 quem
3720 3694 3854 3750 pec-

2193 3768 2394 3818 catum
2423 3777 2548 3818 non
2590 3762 2948 3819 invenerunt
3000 3763 3174 3836 quasi
3225 3769 3603 3838 peccatorem
3659 3764 3854 3839 perse-

2191 3851 2314 3907 cuti
2342 3855 2504 3906 sunt.

2266 3961 2296 3989 «
2335 3939 2682 3996 Nuntiatum
2708 3944 2796 3996 est
2824 3941 2984 3998 Sauli
3015 3957 3051 3998 a
3071 3942 3408 3999 dicentibus
3434 3961 3446 3999 :
3482 3947 3629 4000 Ecce
3669 3944 3856 4000 David

2195 4050 2224 4078 «
2265 4029 2327 4084 in
2353 4028 2564 4084 Naioth
2591 4029 2653 4083 in
2682 4032 2888 4085 Rama.
2917 4050 2945 4080 »
2989 4031 3200 4086 Naioth
3231 4031 3400 4088 locus
3433 4039 3522 4088 est
3549 4033 3611 4088 in
3643 4037 3854 4100 Rama,

2194 4117 2300 4174 ubi
2329 4118 2481 4174 sedit
2501 4118 2708 4173 David.
2742 4121 2930 4174 Hama
2954 4133 3096 4175 vero
3125 4120 3187 4176 in
3217 4121 3377 4177 tribu
3426 4123 3740 4193 Benjamin
3773 4125 3855 4178 ci-

2196 4207 2346 4263 vitas
2383 4212 2470 4262 est
2495 4207 2708 4280 Saulis,
2739 4209 2801 4264 in
2847 4213 3016 4264 sexto
3050 4209 3326 4278 milliaro,
3360 4211 3438 4268 ab
3460 4213 3626 4268 Helia
3657 4213 3734 4268 ad
3769 4229 3856 4268 se-

2197 4297 2655 4368 ptentrionalem
2685 4297 2929 4369 plagam
2962 4304 3172 4355 contra
3200 4300 3420 4356 Bethel.
3466 4299 3594 4357 Alia
3621 4306 3710 4358 est
3755 4312 3858 4358 au-

2197 4388 2318 4440 tem
2342 4385 2404 4440 in
2433 4385 2592 4440 tribu
2621 4393 2780 4440 Aser.
2819 4387 3031 4442 Naioth
3058 4387 3478 4461 interpretatur
3514 4391 3860 4460 pulchritu-

2197 4475 2292 4538 do,
2319 4479 2376 4530 et
2405 4476 2596 4530 Rama
2624 4477 2940 4532 excelsum.
2969 4479 3121 4532 Bene
3151 4491 3293 4548 ergo
3329 4479 3692 4536 conveniunt
3729 4481 3859 4536 haec

2195 4564 2446 4619 nomina
2504 4563 2796 4631 locorum,
2847 4566 3028 4621 rebus
3075 4567 3136 4622 in
3166 4568 3258 4622 his
3288 4569 3554 4642 expletis,
3579 4569 3686 4642 qui
3716 4586 3859 4643 pro-

2196 4653 2514 4726 phetarum
2538 4654 2696 4710 dicta
2723 4660 2778 4710 et
2803 4655 3215 4713 celsitudinem
3244 4659 3472 4714 habent
3501 4659 3763 4716 scientias
3787 4676 3859 4717 ac

2196 4748 2569 4798 venustatem
2599 4743 2932 4802 locutionis.

2270 4853 2299 4880 ‹‹
2342 4834 2408 4886 Et
2427 4834 2777 4904 exspoliavit
2799 4853 2860 4890 se
2883 4835 3062 4891 etiam
3092 4836 3220 4908 ipse
3237 4838 3605 4894 vestimentis
3634 4840 3784 4911 suis,
3804 4845 3860 4896 et
3935 4863 3940 4888 ι

2199 4941 2228 4972 ‹‹
2271 4921 2648 4993 prophetavit
2677 4939 2814 4978 cum
2847 4925 3074 4980 caeteris
3105 4941 3310 4982 coram
3331 4927 3590 4990 Samuel,
3627 4935 3685 4985 et
3705 4931 3858 4986 ceci-

2199 5031 2228 5059 ‹‹
2267 5009 2352 5066 nit
2372 5010 2573 5065 nudus
2599 5015 2718 5067 tota
2737 5014 2832 5068 die
2857 5013 2960 5070 illa
2995 5018 3052 5069 et
3085 5021 3279 5070 nocte.
3315 5015 3480 5071 Unde
3502 5016 3686 5074 exivit
3719 5035 3860 5092 pro-

2199 5122 2228 5150 ‹‹
2267 5099 2542 5156 verbium
2565 5119 2576 5156 :
2597 5105 2751 5157 Num
2772 5103 2974 5158 etSaul
2992 5103 3142 5159 inter
3156 5106 3480 5178 prophetas
3496 5107 3524 5162 ?
3547 5127 3574 5154 »
3600 5109 3864 5172 Quaestio

2197 5205 2420 5260 magna
2438 5190 2532 5245 hic
2553 5189 2757 5259 oritur,
2787 5208 2926 5246 cum
2948 5193 3009 5248 in
3048 5193 3526 5266 praecedentibus
3567 5194 3813 5268 legatur
3848 5217 3861 5253 :

2197 5281 2405 5336 Etnon
2426 5279 2821 5335 viditSamuel
2845 5282 3102 5355 Saulem,
3133 5301 3325 5356 usque
3362 5285 3424 5340 in
3459 5285 3620 5340 diem
3654 5290 3864 5344 mortis

2199 5385 2341 5438 suae,
2383 5373 2440 5424 et
2488 5369 2582 5423 hic
2612 5371 3004 5442 prophetasse
3053 5388 3256 5428 coram
3289 5373 3560 5430 Samuele
3602 5376 3861 5434 dicatur.

2198 5461 2389 5523 Quam
2420 5459 2812 5530 quaestionem
2835 5459 3076 5516 duobus
3103 5462 3300 5517 modis
3329 5457 3560 5519 Hebre-.i
3583 5465 3862 5524 solvunt:

2196 5552 2310 5602 Aut
2337 5561 2462 5602 non
2490 5547 2637 5604 vidit
2657 5565 2816 5614 eum,
2864 5551 3007 5621 quia
3053 5553 3302 5622 quando
3329 5555 3573 5623 junctus
3601 5560 3696 5610 est
3725 5557 3866 5613 Saul

2197 5653 2388 5690 cuneo
2414 5637 2864 5708 prophetarum,
2891 5640 3206 5696 abscondit
3238 5657 3298 5696 se
3333 5639 3573 5697 Samuel
3603 5659 3678 5699 ne
3704 5647 3868 5700 vide-

2197 5729 2358 5782 retur
2377 5725 2458 5782 ab
2478 5739 2550 5782 eo
2579 5742 2592 5782 :
2611 5731 2716 5783 aut
2731 5743 2856 5785 non
2880 5728 3028 5785 vidit
3045 5729 3291 5786 indutus
3307 5729 3520 5788 habitu
3540 5728 3865 5809 regiaquo
