  <div class='ocr_page' id='page_1' title='image "/cluster/home/n/w/nwhite01/storage/ocr_20150623/115-116/uc1.31175006916467/166.png"; bbox 0 0 3940 6458; ppageno 0'>
   <div class='ocr_carea' id='block_1_1' title="bbox 191 296 307 349">
    <p class='ocr_par' dir='ltr' id='par_1_1' title="bbox 191 296 307 349">
     <span class='ocr_line' id='line_1_1' title="bbox 191 296 307 349; baseline -0.009 0"><span class='ocrx_word' id='word_1_1' title='bbox 191 296 307 349; x_wconf 68' lang='grc'>317</span> 
     </span>
    </p>
   </div>
   <div class='ocr_carea' id='block_1_2' title="bbox 188 510 1876 583">
    <p class='ocr_par' dir='ltr' id='par_1_2' title="bbox 188 510 1876 583">
     <span class='ocr_line' id='line_1_2' title="bbox 188 510 1876 583; baseline 0.001 -18"><span class='ocrx_word' id='word_1_2' title='bbox 188 524 391 581; x_wconf 87' lang='lat' dir='ltr'>usque</span> <span class='ocrx_word' id='word_1_3' title='bbox 444 510 507 565; x_wconf 87' lang='lat' dir='ltr'>in</span> <span class='ocrx_word' id='word_1_4' title='bbox 554 510 717 566; x_wconf 90' lang='lat' dir='ltr'>diem</span> <span class='ocrx_word' id='word_1_5' title='bbox 754 512 961 567; x_wconf 85' lang='lat' dir='ltr'>mortis</span> <span class='ocrx_word' id='word_1_6' title='bbox 999 529 1145 581; x_wconf 63' lang='lat' dir='ltr'>sure,</span> <span class='ocrx_word' id='word_1_7' title='bbox 1200 515 1576 583; x_wconf 61' lang='lat' dir='ltr'>subauditur,</span> <span class='ocrx_word' id='word_1_8' title='bbox 1628 514 1876 570; x_wconf 89' lang='lat' dir='ltr'>indutus</span> 
     </span>
    </p>
   </div>
   <div class='ocr_carea' id='block_1_3' title="bbox 188 598 1876 673">
    <p class='ocr_par' dir='ltr' id='par_1_3' title="bbox 188 598 1876 673">
     <span class='ocr_line' id='line_1_3' title="bbox 188 598 1876 673; baseline 0.001 -18"><span class='ocrx_word' id='word_1_9' title='bbox 188 598 411 655; x_wconf 85' lang='lat' dir='ltr'>habitu</span> <span class='ocrx_word' id='word_1_10' title='bbox 462 601 652 669; x_wconf 83' lang='lat' dir='ltr'>regio.</span> <span class='ocrx_word' id='word_1_11' title='bbox 695 601 1072 673; x_wconf 77' lang='lat' dir='ltr'>Exspoliasse</span> <span class='ocrx_word' id='word_1_12' title='bbox 1120 620 1261 658; x_wconf 89' lang='lat' dir='ltr'>vero</span> <span class='ocrx_word' id='word_1_13' title='bbox 1309 621 1370 660; x_wconf 89' lang='lat' dir='ltr'>se</span> <span class='ocrx_word' id='word_1_14' title='bbox 1418 621 1540 659; x_wconf 79' lang='lat' dir='ltr'>non</span> <span class='ocrx_word' id='word_1_15' title='bbox 1590 603 1876 659; x_wconf 90' lang='lat' dir='ltr'>omnibus</span> 
     </span>
    </p>
   </div>
   <div class='ocr_carea' id='block_1_4' title="bbox 190 689 1875 763">
    <p class='ocr_par' dir='ltr' id='par_1_4' title="bbox 190 689 1875 763">
     <span class='ocr_line' id='line_1_4' title="bbox 190 689 1875 763; baseline 0.002 -20"><span class='ocrx_word' id='word_1_16' title='bbox 190 689 592 759; x_wconf 76' lang='lat' dir='ltr'>vestimentis,</span> <span class='ocrx_word' id='word_1_17' title='bbox 643 690 749 745; x_wconf 89' lang='lat' dir='ltr'>sed</span> <span class='ocrx_word' id='word_1_18' title='bbox 788 692 1092 761; x_wconf 75' lang='lat' dir='ltr'>regalibus</span> <span class='ocrx_word' id='word_1_19' title='bbox 1140 696 1374 749; x_wconf 85' lang='lat' dir='ltr'>tantum</span> <span class='ocrx_word' id='word_1_20' title='bbox 1420 692 1875 763; x_wconf 86' lang='lat' dir='ltr'>intelligendum</span> 
     </span>
    </p>
   </div>
   <div class='ocr_carea' id='block_1_5' title="bbox 190 778 1876 856">
    <p class='ocr_par' dir='ltr' id='par_1_5' title="bbox 190 778 1876 856">
     <span class='ocr_line' id='line_1_5' title="bbox 190 778 1876 856; baseline 0.002 -23"><span class='ocrx_word' id='word_1_21' title='bbox 190 782 305 833; x_wconf 90' lang='lat' dir='ltr'>est.</span> <span class='ocrx_word' id='word_1_22' title='bbox 344 778 512 835; x_wconf 86' lang='lat' dir='ltr'>Idem</span> <span class='ocrx_word' id='word_1_23' title='bbox 538 780 830 852; x_wconf 69' lang='lat' dir='ltr'>quaeritur</span> <span class='ocrx_word' id='word_1_24' title='bbox 867 782 1179 854; x_wconf 91' lang='lat' dir='ltr'>quomodo</span> <span class='ocrx_word' id='word_1_25' title='bbox 1208 787 1264 838; x_wconf 91' lang='lat' dir='ltr'>et</span> <span class='ocrx_word' id='word_1_26' title='bbox 1309 783 1391 838; x_wconf 86' lang='lat' dir='ltr'>illi</span> <span class='ocrx_word' id='word_1_27' title='bbox 1421 783 1526 856; x_wconf 88' lang='lat' dir='ltr'>qui</span> <span class='ocrx_word' id='word_1_28' title='bbox 1563 782 1736 838; x_wconf 82' lang='lat' dir='ltr'>missi</span> <span class='ocrx_word' id='word_1_29' title='bbox 1781 798 1876 837; x_wconf 88' lang='lat' dir='ltr'>es-</span> 
     </span>
    </p>
   </div>
   <div class='ocr_carea' id='block_1_6' title="bbox 192 868 1879 928">
    <p class='ocr_par' dir='ltr' id='par_1_6' title="bbox 192 868 1879 928">
     <span class='ocr_line' id='line_1_6' title="bbox 192 868 1879 928; baseline 0.002 -5"><span class='ocrx_word' id='word_1_30' title='bbox 192 871 332 923; x_wconf 86' lang='lat' dir='ltr'>sent</span> <span class='ocrx_word' id='word_1_31' title='bbox 358 868 440 923; x_wconf 88' lang='lat' dir='ltr'>ad</span> <span class='ocrx_word' id='word_1_32' title='bbox 470 869 799 925; x_wconf 89' lang='lat' dir='ltr'>tenendum</span> <span class='ocrx_word' id='word_1_33' title='bbox 848 869 1157 927; x_wconf 87' lang='lat' dir='ltr'>hominem</span> <span class='ocrx_word' id='word_1_34' title='bbox 1213 876 1269 927; x_wconf 91' lang='lat' dir='ltr'>et</span> <span class='ocrx_word' id='word_1_35' title='bbox 1297 873 1377 928; x_wconf 88' lang='lat' dir='ltr'>ad</span> <span class='ocrx_word' id='word_1_36' title='bbox 1417 889 1627 928; x_wconf 88' lang='lat' dir='ltr'>necem</span> <span class='ocrx_word' id='word_1_37' title='bbox 1657 872 1879 928; x_wconf 84' lang='lat' dir='ltr'>ducen-</span> 
     </span>
    </p>
   </div>
   <div class='ocr_carea' id='block_1_7' title="bbox 194 956 1880 1031">
    <p class='ocr_par' dir='ltr' id='par_1_7' title="bbox 194 956 1880 1031">
     <span class='ocr_line' id='line_1_7' title="bbox 194 956 1880 1031; baseline 0.004 -20"><span class='ocrx_word' id='word_1_38' title='bbox 194 956 373 1021; x_wconf 87' lang='lat' dir='ltr'>dum,</span> <span class='ocrx_word' id='word_1_39' title='bbox 408 957 556 1013; x_wconf 89' lang='lat' dir='ltr'>tales</span> <span class='ocrx_word' id='word_1_40' title='bbox 590 958 691 1013; x_wconf 88' lang='lat' dir='ltr'>Dei</span> <span class='ocrx_word' id='word_1_41' title='bbox 730 958 949 1031; x_wconf 77' lang='lat' dir='ltr'>Spiritu</span> <span class='ocrx_word' id='word_1_42' title='bbox 981 959 1135 1016; x_wconf 74' lang='lat' dir='ltr'>efﬁci</span> <span class='ocrx_word' id='word_1_43' title='bbox 1182 960 1351 1031; x_wconf 82' lang='lat' dir='ltr'>digni</span> <span class='ocrx_word' id='word_1_44' title='bbox 1395 966 1758 1019; x_wconf 88' lang='lat' dir='ltr'>meruerunt.</span> <span class='ocrx_word' id='word_1_45' title='bbox 1814 964 1880 1017; x_wconf 87' lang='lat' dir='ltr'>Et</span> 
     </span>
    </p>
   </div>
   <div class='ocr_carea' id='block_1_8' title="bbox 195 1046 1877 1125">
    <p class='ocr_par' dir='ltr' id='par_1_8' title="bbox 195 1046 1877 1125">
     <span class='ocr_line' id='line_1_8' title="bbox 195 1046 1877 1125; baseline 0.003 -23"><span class='ocrx_word' id='word_1_46' title='bbox 195 1046 342 1102; x_wconf 76' lang='lat' dir='ltr'>Saul</span> <span class='ocrx_word' id='word_1_47' title='bbox 370 1046 501 1119; x_wconf 86' lang='lat' dir='ltr'>ipse</span> <span class='ocrx_word' id='word_1_48' title='bbox 558 1048 654 1103; x_wconf 89' lang='lat' dir='ltr'>cui</span> <span class='ocrx_word' id='word_1_49' title='bbox 680 1048 944 1116; x_wconf 81' lang='lat' dir='ltr'>miserat,</span> <span class='ocrx_word' id='word_1_50' title='bbox 977 1050 1226 1105; x_wconf 87' lang='lat' dir='ltr'>veniens</span> <span class='ocrx_word' id='word_1_51' title='bbox 1259 1056 1315 1108; x_wconf 90' lang='lat' dir='ltr'>et</span> <span class='ocrx_word' id='word_1_52' title='bbox 1343 1051 1476 1125; x_wconf 79' lang='lat' dir='ltr'>ipse</span> <span class='ocrx_word' id='word_1_53' title='bbox 1520 1052 1877 1122; x_wconf 90' lang='lat' dir='ltr'>sanguinem</span> 
     </span>
    </p>
   </div>
   <div class='ocr_carea' id='block_1_9' title="bbox 193 1135 1878 1214">
    <p class='ocr_par' dir='ltr' id='par_1_9' title="bbox 193 1135 1878 1214">
     <span class='ocr_line' id='line_1_9' title="bbox 193 1135 1878 1214; baseline 0.003 -23"><span class='ocrx_word' id='word_1_54' title='bbox 193 1135 584 1193; x_wconf 76' lang='lat' dir='ltr'>innocentem</span> <span class='ocrx_word' id='word_1_55' title='bbox 641 1154 920 1210; x_wconf 65' lang='lat' dir='ltr'>quasrens</span> <span class='ocrx_word' id='word_1_56' title='bbox 967 1139 1297 1210; x_wconf 82' lang='lat' dir='ltr'>effundere,</span> <span class='ocrx_word' id='word_1_57' title='bbox 1346 1141 1615 1214; x_wconf 84' lang='lat' dir='ltr'>accipere</span> <span class='ocrx_word' id='word_1_58' title='bbox 1662 1141 1878 1196; x_wconf 89' lang='lat' dir='ltr'>meruit</span> 
     </span>
    </p>
   </div>
   <div class='ocr_carea' id='block_1_10' title="bbox 196 1226 1879 1301">
    <p class='ocr_par' dir='ltr' id='par_1_10' title="bbox 196 1226 1879 1301">
     <span class='ocr_line' id='line_1_10' title="bbox 196 1226 1879 1301; baseline 0.004 -22"><span class='ocrx_word' id='word_1_59' title='bbox 196 1226 483 1297; x_wconf 81' lang='lat' dir='ltr'>spiritum</span> <span class='ocrx_word' id='word_1_60' title='bbox 514 1226 681 1282; x_wconf 90' lang='lat' dir='ltr'>illum</span> <span class='ocrx_word' id='word_1_61' title='bbox 714 1232 770 1283; x_wconf 90' lang='lat' dir='ltr'>et</span> <span class='ocrx_word' id='word_1_62' title='bbox 802 1228 1179 1301; x_wconf 82' lang='lat' dir='ltr'>prophetare.</span> <span class='ocrx_word' id='word_1_63' title='bbox 1235 1233 1539 1296; x_wconf 85' lang='lat' dir='ltr'>Quantum</span> <span class='ocrx_word' id='word_1_64' title='bbox 1590 1230 1749 1286; x_wconf 91' lang='lat' dir='ltr'>enim</span> <span class='ocrx_word' id='word_1_65' title='bbox 1797 1229 1879 1285; x_wconf 86' lang='lat' dir='ltr'>ad</span> 
     </span>
    </p>
   </div>
   <div class='ocr_carea' id='block_1_11' title="bbox 193 1312 1880 1390">
    <p class='ocr_par' dir='ltr' id='par_1_11' title="bbox 193 1312 1880 1390">
     <span class='ocr_line' id='line_1_11' title="bbox 193 1312 1880 1390; baseline 0.003 -21"><span class='ocrx_word' id='word_1_66' title='bbox 193 1312 459 1370; x_wconf 77' lang='lat' dir='ltr'>litteram</span> <span class='ocrx_word' id='word_1_67' title='bbox 492 1314 719 1379; x_wconf 81' lang='lat' dir='ltr'>attinet,</span> <span class='ocrx_word' id='word_1_68' title='bbox 751 1332 874 1371; x_wconf 89' lang='lat' dir='ltr'>non</span> <span class='ocrx_word' id='word_1_69' title='bbox 918 1320 1010 1372; x_wconf 80' lang='lat' dir='ltr'>est</span> <span class='ocrx_word' id='word_1_70' title='bbox 1055 1317 1276 1373; x_wconf 88' lang='lat' dir='ltr'>mirum</span> <span class='ocrx_word' id='word_1_71' title='bbox 1319 1319 1630 1374; x_wconf 87' lang='lat' dir='ltr'>hominem</span> <span class='ocrx_word' id='word_1_72' title='bbox 1678 1334 1880 1390; x_wconf 87' lang='lat' dir='ltr'>repro-</span> 
     </span>
    </p>
   </div>
   <div class='ocr_carea' id='block_1_12' title="bbox 191 1402 1876 1481">
    <p class='ocr_par' dir='ltr' id='par_1_12' title="bbox 191 1402 1876 1481">
     <span class='ocr_line' id='line_1_12' title="bbox 191 1402 1876 1481; baseline 0.003 -23"><span class='ocrx_word' id='word_1_73' title='bbox 191 1402 351 1459; x_wconf 85' lang='lat' dir='ltr'>bum</span> <span class='ocrx_word' id='word_1_74' title='bbox 398 1403 478 1460; x_wconf 85' lang='lat' dir='ltr'>ad</span> <span class='ocrx_word' id='word_1_75' title='bbox 508 1410 817 1461; x_wconf 91' lang='lat' dir='ltr'>momenta</span> <span class='ocrx_word' id='word_1_76' title='bbox 869 1406 1211 1464; x_wconf 85' lang='lat' dir='ltr'>transitoria</span> <span class='ocrx_word' id='word_1_77' title='bbox 1261 1410 1680 1481; x_wconf 88' lang='lat' dir='ltr'>prophetasse,</span> <span class='ocrx_word' id='word_1_78' title='bbox 1728 1408 1876 1463; x_wconf 91' lang='lat' dir='ltr'>dum</span> 
     </span>
    </p>
   </div>
   <div class='ocr_carea' id='block_1_13' title="bbox 193 1492 1879 1569">
    <p class='ocr_par' dir='ltr' id='par_1_13' title="bbox 193 1492 1879 1569">
     <span class='ocr_line' id='line_1_13' title="bbox 193 1492 1879 1569; baseline 0.003 -22"><span class='ocrx_word' id='word_1_79' title='bbox 193 1492 381 1549; x_wconf 89' lang='lat' dir='ltr'>etiam</span> <span class='ocrx_word' id='word_1_80' title='bbox 436 1492 610 1549; x_wconf 90' lang='lat' dir='ltr'>multi</span> <span class='ocrx_word' id='word_1_81' title='bbox 665 1494 889 1551; x_wconf 85' lang='lat' dir='ltr'>similes</span> <span class='ocrx_word' id='word_1_82' title='bbox 944 1497 1275 1569; x_wconf 78' lang='lat' dir='ltr'>prophetiae</span> <span class='ocrx_word' id='word_1_83' title='bbox 1319 1497 1551 1554; x_wconf 87' lang='lat' dir='ltr'>donum</span> <span class='ocrx_word' id='word_1_84' title='bbox 1601 1497 1879 1567; x_wconf 87' lang='lat' dir='ltr'>legantur</span> 
     </span>
    </p>
   </div>
   <div class='ocr_carea' id='block_1_14' title="bbox 190 1582 1877 1661">
    <p class='ocr_par' dir='ltr' id='par_1_14' title="bbox 190 1582 1877 1661">
     <span class='ocr_line' id='line_1_14' title="bbox 190 1582 1877 1661; baseline 0.003 -24"><span class='ocrx_word' id='word_1_85' title='bbox 190 1582 490 1638; x_wconf 76' lang='lat' dir='ltr'>habuisse</span> <span class='ocrx_word' id='word_1_86' title='bbox 524 1600 540 1639; x_wconf 91' lang='lat'><strong><em>:</em></strong></span> <span class='ocrx_word' id='word_1_87' title='bbox 573 1584 723 1640; x_wconf 89' lang='lat' dir='ltr'>sicut</span> <span class='ocrx_word' id='word_1_88' title='bbox 757 1585 999 1641; x_wconf 82' lang='lat' dir='ltr'>Balaam</span> <span class='ocrx_word' id='word_1_89' title='bbox 1038 1586 1133 1641; x_wconf 90' lang='lat' dir='ltr'>ille</span> <span class='ocrx_word' id='word_1_90' title='bbox 1164 1587 1483 1659; x_wconf 87' lang='lat' dir='ltr'>reprobus,</span> <span class='ocrx_word' id='word_1_91' title='bbox 1518 1605 1700 1661; x_wconf 87' lang='lat' dir='ltr'>quem</span> <span class='ocrx_word' id='word_1_92' title='bbox 1753 1603 1877 1644; x_wconf 88' lang='lat' dir='ltr'>non</span> 
     </span>
    </p>
   </div>
   <div class='ocr_carea' id='block_1_15' title="bbox 191 1673 1875 1746">
    <p class='ocr_par' dir='ltr' id='par_1_15' title="bbox 191 1673 1875 1746">
     <span class='ocr_line' id='line_1_15' title="bbox 191 1673 1875 1746; baseline 0.002 -19"><span class='ocrx_word' id='word_1_93' title='bbox 191 1676 356 1728; x_wconf 85' lang='lat' dir='ltr'>tacet</span> <span class='ocrx_word' id='word_1_94' title='bbox 386 1673 684 1746; x_wconf 87' lang='lat' dir='ltr'>scriptura</span> <span class='ocrx_word' id='word_1_95' title='bbox 706 1674 935 1745; x_wconf 83' lang='lat' dir='ltr'>judicio</span> <span class='ocrx_word' id='word_1_96' title='bbox 961 1676 1168 1732; x_wconf 90' lang='lat' dir='ltr'>divino</span> <span class='ocrx_word' id='word_1_97' title='bbox 1196 1693 1323 1732; x_wconf 90' lang='lat' dir='ltr'>esse</span> <span class='ocrx_word' id='word_1_98' title='bbox 1355 1678 1736 1744; x_wconf 87' lang='lat' dir='ltr'>damnatum,</span> <span class='ocrx_word' id='word_1_99' title='bbox 1771 1677 1875 1733; x_wconf 90' lang='lat' dir='ltr'>sed</span> 
     </span>
    </p>
   </div>
   <div class='ocr_carea' id='block_1_16' title="bbox 193 1764 1946 1856">
    <p class='ocr_par' dir='ltr' id='par_1_16' title="bbox 193 1764 1946 1856">
     <span class='ocr_line' id='line_1_16' title="bbox 193 1764 1946 1856; baseline 0.002 -38"><span class='ocrx_word' id='word_1_100' title='bbox 193 1768 406 1819; x_wconf 81' lang='lat' dir='ltr'>tamen</span> <span class='ocrx_word' id='word_1_101' title='bbox 435 1764 815 1856; x_wconf 77' lang='lat' dir='ltr'>prophetiam</span> <span class='ocrx_word' id='word_1_102' title='bbox 844 1766 1130 1856; x_wconf 84' lang='lat' dir='ltr'>habebat.</span> <span class='ocrx_word' id='word_1_103' title='bbox 1167 1769 1284 1821; x_wconf 88' lang='lat' dir='ltr'>Nec</span> <span class='ocrx_word' id='word_1_104' title='bbox 1313 1766 1415 1823; x_wconf 89' lang='lat' dir='ltr'>illa</span> <span class='ocrx_word' id='word_1_105' title='bbox 1449 1768 1634 1824; x_wconf 89' lang='lat' dir='ltr'>verba</span> <span class='ocrx_word' id='word_1_106' title='bbox 1655 1784 1875 1840; x_wconf 86' lang='lat' dir='ltr'>parum</span> <span class='ocrx_word' id='word_1_107' title='bbox 1908 1802 1946 1856; x_wconf 71' lang='grc' dir='ltr'>Β</span> 
     </span>
    </p>
   </div>
   <div class='ocr_carea' id='block_1_17' title="bbox 195 1853 1876 1929">
    <p class='ocr_par' dir='ltr' id='par_1_17' title="bbox 195 1853 1876 1929">
     <span class='ocr_line' id='line_1_17' title="bbox 195 1853 1876 1929; baseline 0.004 -23"><span class='ocrx_word' id='word_1_108' title='bbox 195 1856 566 1908; x_wconf 85' lang='lat' dir='ltr'>attestantur</span> <span class='ocrx_word' id='word_1_109' title='bbox 629 1853 770 1909; x_wconf 90' lang='lat' dir='ltr'>huic</span> <span class='ocrx_word' id='word_1_110' title='bbox 829 1855 1155 1923; x_wconf 78' lang='lat' dir='ltr'>sententiae,</span> <span class='ocrx_word' id='word_1_111' title='bbox 1228 1871 1365 1928; x_wconf 66' lang='lat' dir='ltr'>quas</span> <span class='ocrx_word' id='word_1_112' title='bbox 1422 1856 1481 1912; x_wconf 93' lang='lat' dir='ltr'>in</span> <span class='ocrx_word' id='word_1_113' title='bbox 1554 1856 1876 1929; x_wconf 84' lang='lat' dir='ltr'>Evangelio</span> 
     </span>
    </p>
   </div>
   <div class='ocr_carea' id='block_1_18' title="bbox 195 1942 1873 2014">
    <p class='ocr_par' dir='ltr' id='par_1_18' title="bbox 195 1942 1873 2014">
     <span class='ocr_line' id='line_1_18' title="bbox 195 1942 1873 2014; baseline 0.003 -18"><span class='ocrx_word' id='word_1_114' title='bbox 195 1942 429 2014; x_wconf 89' lang='lat' dir='ltr'>scripta</span> <span class='ocrx_word' id='word_1_115' title='bbox 455 1947 595 1998; x_wconf 89' lang='lat' dir='ltr'>sunt</span> <span class='ocrx_word' id='word_1_116' title='bbox 624 1943 846 1999; x_wconf 87' lang='lat' dir='ltr'>multos</span> <span class='ocrx_word' id='word_1_117' title='bbox 874 1944 1140 2001; x_wconf 89' lang='lat' dir='ltr'>dicturos</span> <span class='ocrx_word' id='word_1_118' title='bbox 1169 1945 1230 2000; x_wconf 91' lang='lat' dir='ltr'>in</span> <span class='ocrx_word' id='word_1_119' title='bbox 1280 1946 1380 2002; x_wconf 87' lang='lat' dir='ltr'>illa</span> <span class='ocrx_word' id='word_1_120' title='bbox 1428 1945 1546 2013; x_wconf 89' lang='lat' dir='ltr'>die,</span> <span class='ocrx_word' id='word_1_121' title='bbox 1603 1947 1873 2011; x_wconf 88' lang='lat' dir='ltr'>Domine,</span> 
     </span>
    </p>
   </div>
   <div class='ocr_carea' id='block_1_19' title="bbox 194 2032 1878 2107">
    <p class='ocr_par' dir='ltr' id='par_1_19' title="bbox 194 2032 1878 2107">
     <span class='ocr_line' id='line_1_19' title="bbox 194 2032 1878 2107; baseline 0.002 -21"><span class='ocrx_word' id='word_1_122' title='bbox 194 2032 477 2102; x_wconf 85' lang='lat' dir='ltr'>Domine,</span> <span class='ocrx_word' id='word_1_123' title='bbox 509 2033 572 2088; x_wconf 86' lang='lat' dir='ltr'>in</span> <span class='ocrx_word' id='word_1_124' title='bbox 604 2037 705 2089; x_wconf 93' lang='lat' dir='ltr'>tuo</span> <span class='ocrx_word' id='word_1_125' title='bbox 752 2034 997 2091; x_wconf 90' lang='lat' dir='ltr'>nomine</span> <span class='ocrx_word' id='word_1_126' title='bbox 1039 2034 1572 2107; x_wconf 87' lang='lat' dir='ltr'>manducavimus,</span> <span class='ocrx_word' id='word_1_127' title='bbox 1624 2042 1680 2092; x_wconf 85' lang='lat' dir='ltr'>ct</span> <span class='ocrx_word' id='word_1_128' title='bbox 1725 2035 1878 2091; x_wconf 87' lang='lat' dir='ltr'>bibi-</span> 
     </span>
    </p>
   </div>
   <div class='ocr_carea' id='block_1_20' title="bbox 196 2124 1879 2199">
    <p class='ocr_par' dir='ltr' id='par_1_20' title="bbox 196 2124 1879 2199">
     <span class='ocr_line' id='line_1_20' title="bbox 196 2124 1879 2199; baseline 0.002 -22"><span class='ocrx_word' id='word_1_129' title='bbox 196 2139 365 2189; x_wconf 82' lang='lat' dir='ltr'>mus,</span> <span class='ocrx_word' id='word_1_130' title='bbox 393 2129 451 2179; x_wconf 90' lang='lat' dir='ltr'>et</span> <span class='ocrx_word' id='word_1_131' title='bbox 478 2124 541 2179; x_wconf 90' lang='lat' dir='ltr'>in</span> <span class='ocrx_word' id='word_1_132' title='bbox 571 2124 818 2180; x_wconf 88' lang='lat' dir='ltr'>nomine</span> <span class='ocrx_word' id='word_1_133' title='bbox 858 2129 962 2180; x_wconf 89' lang='lat' dir='ltr'>tuo</span> <span class='ocrx_word' id='word_1_134' title='bbox 1013 2126 1530 2199; x_wconf 89' lang='lat' dir='ltr'>prophetavimus,</span> <span class='ocrx_word' id='word_1_135' title='bbox 1581 2133 1638 2183; x_wconf 90' lang='lat' dir='ltr'>et</span> <span class='ocrx_word' id='word_1_136' title='bbox 1665 2127 1726 2182; x_wconf 90' lang='lat' dir='ltr'>in</span> <span class='ocrx_word' id='word_1_137' title='bbox 1773 2143 1879 2181; x_wconf 81' lang='lat' dir='ltr'>no-</span> 
     </span>
    </p>
   </div>
   <div class='ocr_carea' id='block_1_21' title="bbox 197 2215 1878 2283">
    <p class='ocr_par' dir='ltr' id='par_1_21' title="bbox 197 2215 1878 2283">
     <span class='ocr_line' id='line_1_21' title="bbox 197 2215 1878 2283; baseline 0.001 -14"><span class='ocrx_word' id='word_1_138' title='bbox 197 2215 369 2269; x_wconf 85' lang='lat' dir='ltr'>mine</span> <span class='ocrx_word' id='word_1_139' title='bbox 398 2219 504 2270; x_wconf 89' lang='lat' dir='ltr'>tuo</span> <span class='ocrx_word' id='word_1_140' title='bbox 532 2215 777 2271; x_wconf 81' lang='lat' dir='ltr'>virtutes</span> <span class='ocrx_word' id='word_1_141' title='bbox 808 2216 1028 2271; x_wconf 90' lang='lat' dir='ltr'>multas</span> <span class='ocrx_word' id='word_1_142' title='bbox 1055 2216 1325 2272; x_wconf 83' lang='lat' dir='ltr'>fecimus.</span> <span class='ocrx_word' id='word_1_143' title='bbox 1358 2218 1588 2283; x_wconf 86' lang='lat' dir='ltr'>Quibus</span> <span class='ocrx_word' id='word_1_144' title='bbox 1610 2218 1878 2273; x_wconf 86' lang='lat' dir='ltr'>dicturus</span> 
     </span>
    </p>
   </div>
   <div class='ocr_carea' id='block_1_22' title="bbox 197 2306 1876 2381">
    <p class='ocr_par' dir='ltr' id='par_1_22' title="bbox 197 2306 1876 2381">
     <span class='ocr_line' id='line_1_22' title="bbox 197 2306 1876 2381; baseline 0.001 -21"><span class='ocrx_word' id='word_1_145' title='bbox 197 2310 329 2360; x_wconf 87' lang='lat' dir='ltr'>est:</span> <span class='ocrx_word' id='word_1_146' title='bbox 364 2325 393 2353; x_wconf 72' lang='grc' dir='ltr'><strong>σε</strong></span> <span class='ocrx_word' id='word_1_147' title='bbox 429 2306 555 2361; x_wconf 85' lang='lat' dir='ltr'>Non</span> <span class='ocrx_word' id='word_1_148' title='bbox 586 2306 729 2360; x_wconf 90' lang='lat' dir='ltr'>novi</span> <span class='ocrx_word' id='word_1_149' title='bbox 756 2322 888 2376; x_wconf 88' lang='lat' dir='ltr'>vos,</span> <span class='ocrx_word' id='word_1_150' title='bbox 921 2306 1211 2362; x_wconf 86' lang='lat' dir='ltr'>discedite</span> <span class='ocrx_word' id='word_1_151' title='bbox 1241 2325 1275 2362; x_wconf 89' lang='lat' dir='ltr'>a</span> <span class='ocrx_word' id='word_1_152' title='bbox 1309 2324 1424 2375; x_wconf 87' lang='lat' dir='ltr'>me,</span> <span class='ocrx_word' id='word_1_153' title='bbox 1474 2308 1729 2381; x_wconf 80' lang='lat' dir='ltr'>Operarii</span> <span class='ocrx_word' id='word_1_154' title='bbox 1764 2307 1876 2362; x_wconf 86' lang='lat' dir='ltr'>ini-</span> 
     </span>
    </p>
   </div>
   <div class='ocr_carea' id='block_1_23' title="bbox 197 2394 1877 2469">
    <p class='ocr_par' dir='ltr' id='par_1_23' title="bbox 197 2394 1877 2469">
     <span class='ocr_line' id='line_1_23' title="bbox 197 2394 1877 2469; baseline 0.001 -20"><span class='ocrx_word' id='word_1_155' title='bbox 197 2394 446 2467; x_wconf 85' lang='lat' dir='ltr'>quitatis</span> <span class='ocrx_word' id='word_1_156' title='bbox 491 2395 660 2464; x_wconf 82' lang='lat' dir='ltr'>(Luc.</span> <span class='ocrx_word' id='word_1_157' title='bbox 708 2398 851 2467; x_wconf 76' lang='lat' dir='ltr'>xm).</span> <span class='ocrx_word' id='word_1_158' title='bbox 901 2418 928 2445; x_wconf 83' lang='grc'><strong>››</strong></span> <span class='ocrx_word' id='word_1_159' title='bbox 980 2398 1215 2468; x_wconf 74' lang='lat' dir='ltr'>Mystice</span> <span class='ocrx_word' id='word_1_160' title='bbox 1274 2402 1476 2452; x_wconf 84' lang='lat' dir='ltr'>autem</span> <span class='ocrx_word' id='word_1_161' title='bbox 1530 2396 1877 2469; x_wconf 77' lang='lat' dir='ltr'>exemplum</span> 
     </span>
    </p>
   </div>
   <div class='ocr_carea' id='block_1_24' title="bbox 195 2484 1879 2558">
    <p class='ocr_par' dir='ltr' id='par_1_24' title="bbox 195 2484 1879 2558">
     <span class='ocr_line' id='line_1_24' title="bbox 195 2484 1879 2558; baseline 0.001 -18"><span class='ocrx_word' id='word_1_162' title='bbox 195 2485 386 2555; x_wconf 86' lang='lat' dir='ltr'>hujus</span> <span class='ocrx_word' id='word_1_163' title='bbox 417 2484 558 2540; x_wconf 86' lang='lat' dir='ltr'>Saul</span> <span class='ocrx_word' id='word_1_164' title='bbox 596 2485 1069 2558; x_wconf 89' lang='lat' dir='ltr'>nuntiorumque</span> <span class='ocrx_word' id='word_1_165' title='bbox 1119 2486 1268 2557; x_wconf 87' lang='lat' dir='ltr'>ejus,</span> <span class='ocrx_word' id='word_1_166' title='bbox 1318 2487 1380 2542; x_wconf 90' lang='lat' dir='ltr'>in</span> <span class='ocrx_word' id='word_1_167' title='bbox 1424 2488 1538 2542; x_wconf 90' lang='lat' dir='ltr'>hac</span> <span class='ocrx_word' id='word_1_168' title='bbox 1586 2487 1879 2542; x_wconf 85' lang='lat' dir='ltr'>sententia</span> 
     </span>
    </p>
   </div>
   <div class='ocr_carea' id='block_1_25' title="bbox 193 2574 1876 2651">
    <p class='ocr_par' dir='ltr' id='par_1_25' title="bbox 193 2574 1876 2651">
     <span class='ocr_line' id='line_1_25' title="bbox 193 2574 1876 2651; baseline 0.002 -21"><span class='ocrx_word' id='word_1_169' title='bbox 193 2575 306 2648; x_wconf 86' lang='lat' dir='ltr'>qui</span> <span class='ocrx_word' id='word_1_170' title='bbox 335 2574 696 2648; x_wconf 83' lang='lat' dir='ltr'>prophetare</span> <span class='ocrx_word' id='word_1_171' title='bbox 731 2581 1060 2648; x_wconf 61' lang='lat' dir='ltr'>ceperunt,</span> <span class='ocrx_word' id='word_1_172' title='bbox 1111 2578 1213 2649; x_wconf 88' lang='lat' dir='ltr'>qui</span> <span class='ocrx_word' id='word_1_173' title='bbox 1266 2577 1346 2633; x_wconf 89' lang='lat' dir='ltr'>ad</span> <span class='ocrx_word' id='word_1_174' title='bbox 1388 2578 1876 2651; x_wconf 81' lang='lat' dir='ltr'>persequendum</span> 
     </span>
    </p>
   </div>
   <div class='ocr_carea' id='block_1_26' title="bbox 198 2666 1876 2739">
    <p class='ocr_par' dir='ltr' id='par_1_26' title="bbox 198 2666 1876 2739">
     <span class='ocr_line' id='line_1_26' title="bbox 198 2666 1876 2739; baseline 0.003 -19"><span class='ocrx_word' id='word_1_175' title='bbox 198 2666 393 2721; x_wconf 84' lang='lat' dir='ltr'>David</span> <span class='ocrx_word' id='word_1_176' title='bbox 448 2666 613 2721; x_wconf 87' lang='lat' dir='ltr'>missi</span> <span class='ocrx_word' id='word_1_177' title='bbox 645 2672 803 2736; x_wconf 90' lang='lat' dir='ltr'>sunt,</span> <span class='ocrx_word' id='word_1_178' title='bbox 853 2667 1001 2739; x_wconf 89' lang='lat' dir='ltr'>quid</span> <span class='ocrx_word' id='word_1_179' title='bbox 1051 2668 1215 2724; x_wconf 87' lang='lat' dir='ltr'>aliud</span> <span class='ocrx_word' id='word_1_180' title='bbox 1265 2668 1709 2737; x_wconf 83' lang='lat' dir='ltr'>signiﬁcabunt,</span> <span class='ocrx_word' id='word_1_181' title='bbox 1761 2670 1876 2726; x_wconf 84' lang='lat' dir='ltr'>nisi</span> 
     </span>
    </p>
   </div>
   <div class='ocr_carea' id='block_1_27' title="bbox 192 2756 1874 2831">
    <p class='ocr_par' dir='ltr' id='par_1_27' title="bbox 192 2756 1874 2831">
     <span class='ocr_line' id='line_1_27' title="bbox 192 2756 1874 2831; baseline 0.002 -20"><span class='ocrx_word' id='word_1_182' title='bbox 192 2756 510 2829; x_wconf 83' lang='lat' dir='ltr'>quosdam</span> <span class='ocrx_word' id='word_1_183' title='bbox 542 2757 873 2825; x_wconf 61' lang='lat' dir='ltr'>haereticos,</span> <span class='ocrx_word' id='word_1_184' title='bbox 904 2757 1008 2831; x_wconf 88' lang='lat' dir='ltr'>qui</span> <span class='ocrx_word' id='word_1_185' title='bbox 1041 2757 1267 2831; x_wconf 90' lang='lat' dir='ltr'>aliquid</span> <span class='ocrx_word' id='word_1_186' title='bbox 1305 2759 1451 2814; x_wconf 90' lang='lat' dir='ltr'>boni</span> <span class='ocrx_word' id='word_1_187' title='bbox 1500 2759 1575 2815; x_wconf 90' lang='lat' dir='ltr'>de</span> <span class='ocrx_word' id='word_1_188' title='bbox 1624 2775 1874 2816; x_wconf 89' lang='lat' dir='ltr'>munere</span> 
     </span>
    </p>
   </div>
   <div class='ocr_carea' id='block_1_28' title="bbox 198 2846 1876 2920">
    <p class='ocr_par' dir='ltr' id='par_1_28' title="bbox 198 2846 1876 2920">
     <span class='ocr_line' id='line_1_28' title="bbox 198 2846 1876 2920; baseline 0.002 -17"><span class='ocrx_word' id='word_1_189' title='bbox 198 2846 458 2920; x_wconf 80' lang='lat' dir='ltr'>Spiritus</span> <span class='ocrx_word' id='word_1_190' title='bbox 488 2848 680 2903; x_wconf 86' lang='lat' dir='ltr'>sancti</span> <span class='ocrx_word' id='word_1_191' title='bbox 729 2847 977 2914; x_wconf 84' lang='lat' dir='ltr'>habent,</span> <span class='ocrx_word' id='word_1_192' title='bbox 1032 2848 1184 2904; x_wconf 86' lang='lat' dir='ltr'>sicut</span> <span class='ocrx_word' id='word_1_193' title='bbox 1230 2853 1587 2905; x_wconf 78' lang='lat' dir='ltr'>testamenta</span> <span class='ocrx_word' id='word_1_194' title='bbox 1632 2850 1781 2919; x_wconf 81' lang='lat' dir='ltr'>legis</span> <span class='ocrx_word' id='word_1_195' title='bbox 1820 2854 1876 2906; x_wconf 91' lang='lat' dir='ltr'>et</span> 
     </span>
    </p>
   </div>
   <div class='ocr_carea' id='block_1_29' title="bbox 200 2937 1874 3009">
    <p class='ocr_par' dir='ltr' id='par_1_29' title="bbox 200 2937 1874 3009">
     <span class='ocr_line' id='line_1_29' title="bbox 200 2937 1874 3009; baseline 0.002 -18"><span class='ocrx_word' id='word_1_196' title='bbox 200 2937 525 3007; x_wconf 76' lang='lat' dir='ltr'>Evangelii,</span> <span class='ocrx_word' id='word_1_197' title='bbox 562 2937 714 2993; x_wconf 90' lang='lat' dir='ltr'>sicut</span> <span class='ocrx_word' id='word_1_198' title='bbox 739 2937 1025 3009; x_wconf 82' lang='lat' dir='ltr'>baptismi</span> <span class='ocrx_word' id='word_1_199' title='bbox 1066 2945 1535 3005; x_wconf 80' lang='lat' dir='ltr'>sacramentum,</span> <span class='ocrx_word' id='word_1_200' title='bbox 1575 2940 1680 2996; x_wconf 89' lang='lat' dir='ltr'>sed</span> <span class='ocrx_word' id='word_1_201' title='bbox 1711 2939 1874 2995; x_wconf 80' lang='lat' dir='ltr'>Chri-</span> 
     </span>
    </p>
   </div>
   <div class='ocr_carea' id='block_1_30' title="bbox 196 3027 1875 3101">
    <p class='ocr_par' dir='ltr' id='par_1_30' title="bbox 196 3027 1875 3101">
     <span class='ocr_line' id='line_1_30' title="bbox 196 3027 1875 3101; baseline 0.002 -20"><span class='ocrx_word' id='word_1_202' title='bbox 196 3031 362 3082; x_wconf 83' lang='lat' dir='ltr'>stum</span> <span class='ocrx_word' id='word_1_203' title='bbox 418 3027 480 3083; x_wconf 87' lang='lat' dir='ltr'>in</span> <span class='ocrx_word' id='word_1_204' title='bbox 526 3027 819 3083; x_wconf 88' lang='lat' dir='ltr'>membris</span> <span class='ocrx_word' id='word_1_205' title='bbox 861 3027 984 3082; x_wconf 88' lang='lat' dir='ltr'>suis</span> <span class='ocrx_word' id='word_1_206' title='bbox 1026 3031 1516 3101; x_wconf 85' lang='lat' dir='ltr'>persequuntur?</span> <span class='ocrx_word' id='word_1_207' title='bbox 1558 3030 1669 3095; x_wconf 87' lang='lat' dir='ltr'>Qui</span> <span class='ocrx_word' id='word_1_208' title='bbox 1714 3030 1875 3085; x_wconf 91' lang='lat' dir='ltr'>enim</span> 
     </span>
    </p>
   </div>
   <div class='ocr_carea' id='block_1_31' title="bbox 197 3116 1945 3185">
    <p class='ocr_par' dir='ltr' id='par_1_31' title="bbox 197 3116 1945 3185">
     <span class='ocr_line' id='line_1_31' title="bbox 197 3116 1945 3185; baseline 0.001 -13"><span class='ocrx_word' id='word_1_209' title='bbox 197 3117 279 3172; x_wconf 84' lang='lat' dir='ltr'>ad</span> <span class='ocrx_word' id='word_1_210' title='bbox 314 3116 640 3173; x_wconf 75' lang='lat' dir='ltr'>Ecclesiam</span> <span class='ocrx_word' id='word_1_211' title='bbox 673 3116 1031 3173; x_wconf 85' lang='lat' dir='ltr'>catholicam</span> <span class='ocrx_word' id='word_1_212' title='bbox 1076 3118 1342 3185; x_wconf 87' lang='lat' dir='ltr'>veniunt,</span> <span class='ocrx_word' id='word_1_213' title='bbox 1396 3134 1519 3173; x_wconf 91' lang='lat' dir='ltr'>non</span> <span class='ocrx_word' id='word_1_214' title='bbox 1565 3124 1653 3175; x_wconf 88' lang='lat' dir='ltr'>est</span> <span class='ocrx_word' id='word_1_215' title='bbox 1700 3120 1759 3175; x_wconf 89' lang='lat' dir='ltr'>in</span> <span class='ocrx_word' id='word_1_216' title='bbox 1791 3119 1878 3174; x_wconf 90' lang='lat' dir='ltr'>eis</span> <span class='ocrx_word' id='word_1_217' title='bbox 1908 3165 1945 3185; x_wconf 54' lang='grc' dir='ltr'>,η</span> 
     </span>
    </p>
   </div>
   <div class='ocr_carea' id='block_1_32' title="bbox 202 3207 1875 3280">
    <p class='ocr_par' dir='ltr' id='par_1_32' title="bbox 202 3207 1875 3280">
     <span class='ocr_line' id='line_1_32' title="bbox 202 3207 1875 3280; baseline 0.001 -18"><span class='ocrx_word' id='word_1_218' title='bbox 202 3207 326 3265; x_wconf 87' lang='lat' dir='ltr'>ullo</span> <span class='ocrx_word' id='word_1_219' title='bbox 354 3207 542 3263; x_wconf 82' lang='lat' dir='ltr'>modo</span> <span class='ocrx_word' id='word_1_220' title='bbox 568 3207 945 3274; x_wconf 84' lang='lat' dir='ltr'>violandum,</span> <span class='ocrx_word' id='word_1_221' title='bbox 974 3213 1077 3264; x_wconf 89' lang='lat' dir='ltr'>aut</span> <span class='ocrx_word' id='word_1_222' title='bbox 1107 3209 1281 3280; x_wconf 79' lang='lat' dir='ltr'>quasi</span> <span class='ocrx_word' id='word_1_223' title='bbox 1307 3224 1431 3263; x_wconf 91' lang='lat' dir='ltr'>non</span> <span class='ocrx_word' id='word_1_224' title='bbox 1462 3209 1725 3265; x_wconf 86' lang='lat' dir='ltr'>habeant</span> <span class='ocrx_word' id='word_1_225' title='bbox 1756 3214 1875 3264; x_wconf 86' lang='lat' dir='ltr'>tra-</span> 
     </span>
    </p>
   </div>
   <div class='ocr_carea' id='block_1_33' title="bbox 197 3295 1876 3366">
    <p class='ocr_par' dir='ltr' id='par_1_33' title="bbox 197 3295 1876 3366">
     <span class='ocr_line' id='line_1_33' title="bbox 197 3295 1876 3366; baseline 0.001 -15"><span class='ocrx_word' id='word_1_226' title='bbox 197 3295 499 3366; x_wconf 83' lang='lat' dir='ltr'>dendum,</span> <span class='ocrx_word' id='word_1_227' title='bbox 534 3296 641 3352; x_wconf 87' lang='lat' dir='ltr'>sed</span> <span class='ocrx_word' id='word_1_228' title='bbox 677 3302 878 3351; x_wconf 85' lang='lat' dir='ltr'>tamen</span> <span class='ocrx_word' id='word_1_229' title='bbox 910 3312 1013 3351; x_wconf 90' lang='lat' dir='ltr'>eos</span> <span class='ocrx_word' id='word_1_230' title='bbox 1042 3312 1165 3352; x_wconf 91' lang='lat' dir='ltr'>non</span> <span class='ocrx_word' id='word_1_231' title='bbox 1196 3296 1332 3352; x_wconf 89' lang='lat' dir='ltr'>ideo</span> <span class='ocrx_word' id='word_1_232' title='bbox 1366 3295 1586 3353; x_wconf 87' lang='lat' dir='ltr'>debere</span> <span class='ocrx_word' id='word_1_233' title='bbox 1618 3297 1876 3353; x_wconf 87' lang='lat' dir='ltr'>salutem</span> 
     </span>
    </p>
   </div>
   <div class='ocr_carea' id='block_1_34' title="bbox 195 3385 1876 3459">
    <p class='ocr_par' dir='ltr' id='par_1_34' title="bbox 195 3385 1876 3459">
     <span class='ocr_line' id='line_1_34' title="bbox 195 3385 1876 3459; baseline 0.001 -17"><span class='ocrx_word' id='word_1_234' title='bbox 195 3385 525 3455; x_wconf 69' lang='lat' dir='ltr'>confidere,</span> <span class='ocrx_word' id='word_1_235' title='bbox 555 3386 698 3459; x_wconf 76' lang='lat' dir='ltr'>quia</span> <span class='ocrx_word' id='word_1_236' title='bbox 728 3402 851 3441; x_wconf 85' lang='lat' dir='ltr'>non</span> <span class='ocrx_word' id='word_1_237' title='bbox 880 3387 1302 3459; x_wconf 86' lang='lat' dir='ltr'>improbamus</span> <span class='ocrx_word' id='word_1_238' title='bbox 1326 3387 1492 3459; x_wconf 91' lang='lat' dir='ltr'>quod</span> <span class='ocrx_word' id='word_1_239' title='bbox 1524 3387 1656 3443; x_wconf 90' lang='lat' dir='ltr'>illos</span> <span class='ocrx_word' id='word_1_240' title='bbox 1712 3403 1876 3443; x_wconf 90' lang='lat' dir='ltr'>acce-</span> 
     </span>
    </p>
   </div>
   <div class='ocr_carea' id='block_1_35' title="bbox 198 3475 1876 3549">
    <p class='ocr_par' dir='ltr' id='par_1_35' title="bbox 198 3475 1876 3549">
     <span class='ocr_line' id='line_1_35' title="bbox 198 3475 1876 3549; baseline 0 -16"><span class='ocrx_word' id='word_1_241' title='bbox 198 3477 367 3549; x_wconf 80' lang='lat' dir='ltr'>pisse</span> <span class='ocrx_word' id='word_1_242' title='bbox 395 3477 716 3541; x_wconf 79' lang='lat' dir='ltr'>eredimUS,</span> <span class='ocrx_word' id='word_1_243' title='bbox 749 3475 856 3531; x_wconf 85' lang='lat' dir='ltr'>sed</span> <span class='ocrx_word' id='word_1_244' title='bbox 885 3482 1117 3549; x_wconf 80' lang='lat' dir='ltr'>oportet</span> <span class='ocrx_word' id='word_1_245' title='bbox 1146 3492 1258 3532; x_wconf 87' lang='lat' dir='ltr'>nos</span> <span class='ocrx_word' id='word_1_246' title='bbox 1300 3490 1663 3547; x_wconf 80' lang='lat' dir='ltr'>cognoscere</span> <span class='ocrx_word' id='word_1_247' title='bbox 1686 3478 1876 3533; x_wconf 88' lang='lat' dir='ltr'>unita-</span> 
     </span>
    </p>
   </div>
   <div class='ocr_carea' id='block_1_36' title="bbox 196 3564 1875 3638">
    <p class='ocr_par' dir='ltr' id='par_1_36' title="bbox 196 3564 1875 3638">
     <span class='ocr_line' id='line_1_36' title="bbox 196 3564 1875 3638; baseline 0 -17"><span class='ocrx_word' id='word_1_248' title='bbox 196 3571 319 3621; x_wconf 83' lang='lat' dir='ltr'>tem</span> <span class='ocrx_word' id='word_1_249' title='bbox 347 3571 405 3621; x_wconf 87' lang='lat' dir='ltr'>et</span> <span class='ocrx_word' id='word_1_250' title='bbox 434 3566 782 3622; x_wconf 85' lang='lat' dir='ltr'>societatem</span> <span class='ocrx_word' id='word_1_251' title='bbox 815 3564 1056 3621; x_wconf 84' lang='lat' dir='ltr'>vinculo</span> <span class='ocrx_word' id='word_1_252' title='bbox 1085 3566 1414 3631; x_wconf 85' lang='lat' dir='ltr'>charitatis,</span> <span class='ocrx_word' id='word_1_253' title='bbox 1449 3566 1577 3621; x_wconf 90' lang='lat' dir='ltr'>sine</span> <span class='ocrx_word' id='word_1_254' title='bbox 1603 3581 1729 3638; x_wconf 88' lang='lat' dir='ltr'>qua</span> <span class='ocrx_word' id='word_1_255' title='bbox 1749 3582 1875 3622; x_wconf 90' lang='lat' dir='ltr'>om-</span> 
     </span>
    </p>
   </div>
   <div class='ocr_carea' id='block_1_37' title="bbox 196 3648 1873 3729">
    <p class='ocr_par' dir='ltr' id='par_1_37' title="bbox 196 3648 1873 3729">
     <span class='ocr_line' id='line_1_37' title="bbox 196 3648 1873 3729; baseline 0 -18"><span class='ocrx_word' id='word_1_256' title='bbox 196 3656 349 3711; x_wconf 81' lang='lat' dir='ltr'>nino</span> <span class='ocrx_word' id='word_1_257' title='bbox 376 3648 681 3729; x_wconf 81' lang='lat' dir='ltr'>quidquid</span> <span class='ocrx_word' id='word_1_258' title='bbox 708 3655 1050 3724; x_wconf 85' lang='lat' dir='ltr'>habuerint,</span> <span class='ocrx_word' id='word_1_259' title='bbox 1082 3657 1364 3728; x_wconf 87' lang='lat' dir='ltr'>quamvis</span> <span class='ocrx_word' id='word_1_260' title='bbox 1389 3660 1665 3711; x_wconf 87' lang='lat' dir='ltr'>sanctum</span> <span class='ocrx_word' id='word_1_261' title='bbox 1694 3660 1873 3729; x_wconf 90' lang='lat' dir='ltr'>atque</span> 
     </span>
    </p>
   </div>
   <div class='ocr_carea' id='block_1_38' title="bbox 196 3744 1873 3817">
    <p class='ocr_par' dir='ltr' id='par_1_38' title="bbox 196 3744 1873 3817">
     <span class='ocr_line' id='line_1_38' title="bbox 196 3744 1873 3817; baseline 0 -16"><span class='ocrx_word' id='word_1_262' title='bbox 196 3744 642 3814; x_wconf 82' lang='lat' dir='ltr'>venerandum,</span> <span class='ocrx_word' id='word_1_263' title='bbox 670 3745 787 3817; x_wconf 83' lang='lat' dir='ltr'>ipsi</span> <span class='ocrx_word' id='word_1_264' title='bbox 818 3750 1023 3801; x_wconf 89' lang='lat' dir='ltr'>tamen</span> <span class='ocrx_word' id='word_1_265' title='bbox 1054 3744 1199 3800; x_wconf 88' lang='lat' dir='ltr'>nihil</span> <span class='ocrx_word' id='word_1_266' title='bbox 1230 3750 1387 3800; x_wconf 90' lang='lat' dir='ltr'>sunt.</span> <span class='ocrx_word' id='word_1_267' title='bbox 1424 3746 1534 3811; x_wconf 82' lang='lat' dir='ltr'>Qui</span> <span class='ocrx_word' id='word_1_268' title='bbox 1579 3750 1743 3801; x_wconf 83' lang='lat' dir='ltr'>tanto</span> <span class='ocrx_word' id='word_1_269' title='bbox 1784 3747 1873 3801; x_wconf 93' lang='lat' dir='ltr'>in-</span> 
     </span>
    </p>
   </div>
   <div class='ocr_carea' id='block_1_39' title="bbox 195 3833 1875 3907">
    <p class='ocr_par' dir='ltr' id='par_1_39' title="bbox 195 3833 1875 3907">
     <span class='ocr_line' id='line_1_39' title="bbox 195 3833 1875 3907; baseline 0 -18"><span class='ocrx_word' id='word_1_270' title='bbox 195 3833 508 3903; x_wconf 79' lang='lat' dir='ltr'>digniores</span> <span class='ocrx_word' id='word_1_271' title='bbox 539 3833 729 3889; x_wconf 71' lang='lat' dir='ltr'>effecti</span> <span class='ocrx_word' id='word_1_272' title='bbox 755 3834 1006 3905; x_wconf 66' lang='lat' dir='ltr'>przemio</span> <span class='ocrx_word' id='word_1_273' title='bbox 1028 3834 1162 3889; x_wconf 76' lang='lat' dir='ltr'>vitae</span> <span class='ocrx_word' id='word_1_274' title='bbox 1196 3838 1454 3903; x_wconf 65' lang='lat' dir='ltr'>teternae,</span> <span class='ocrx_word' id='word_1_275' title='bbox 1487 3838 1717 3907; x_wconf 91' lang='lat' dir='ltr'>quanto</span> <span class='ocrx_word' id='word_1_276' title='bbox 1760 3834 1875 3890; x_wconf 89' lang='lat' dir='ltr'>illis</span> 
     </span>
    </p>
   </div>
   <div class='ocr_carea' id='block_1_40' title="bbox 197 3922 1876 3995">
    <p class='ocr_par' dir='ltr' id='par_1_40' title="bbox 197 3922 1876 3995">
     <span class='ocr_line' id='line_1_40' title="bbox 197 3922 1876 3995; baseline -0.001 -16"><span class='ocrx_word' id='word_1_277' title='bbox 197 3924 380 3979; x_wconf 84' lang='lat' dir='ltr'>donis</span> <span class='ocrx_word' id='word_1_278' title='bbox 406 3934 533 3978; x_wconf 80' lang='lat' dir='ltr'>non</span> <span class='ocrx_word' id='word_1_279' title='bbox 563 3923 717 3979; x_wconf 84' lang='lat' dir='ltr'>bene</span> <span class='ocrx_word' id='word_1_280' title='bbox 747 3923 843 3978; x_wconf 83' lang='lat' dir='ltr'>usi</span> <span class='ocrx_word' id='word_1_281' title='bbox 873 3927 1034 3989; x_wconf 85' lang='lat' dir='ltr'>sunt,</span> <span class='ocrx_word' id='word_1_282' title='bbox 1067 3938 1204 3995; x_wconf 79' lang='lat' dir='ltr'>quae</span> <span class='ocrx_word' id='word_1_283' title='bbox 1240 3922 1300 3977; x_wconf 91' lang='lat' dir='ltr'>in</span> <span class='ocrx_word' id='word_1_284' title='bbox 1334 3923 1452 3978; x_wconf 86' lang='lat' dir='ltr'>vita</span> <span class='ocrx_word' id='word_1_285' title='bbox 1499 3939 1635 3995; x_wconf 67' lang='lat' dir='ltr'>quae</span> <span class='ocrx_word' id='word_1_286' title='bbox 1666 3923 1876 3979; x_wconf 84' lang='lat' dir='ltr'>transi-</span> 
     </span>
    </p>
   </div>
   <div class='ocr_carea' id='block_1_41' title="bbox 200 4013 1877 4085">
    <p class='ocr_par' dir='ltr' id='par_1_41' title="bbox 200 4013 1877 4085">
     <span class='ocr_line' id='line_1_41' title="bbox 200 4013 1877 4085; baseline -0.001 -16"><span class='ocrx_word' id='word_1_287' title='bbox 200 4013 356 4070; x_wconf 85' lang='lat' dir='ltr'>toria</span> <span class='ocrx_word' id='word_1_288' title='bbox 386 4018 495 4083; x_wconf 82' lang='lat' dir='ltr'>est,</span> <span class='ocrx_word' id='word_1_289' title='bbox 529 4017 909 4085; x_wconf 76' lang='lat' dir='ltr'>acceperunt.</span> <span class='ocrx_word' id='word_1_290' title='bbox 945 4014 1201 4069; x_wconf 87' lang='lat' dir='ltr'>Possunt</span> <span class='ocrx_word' id='word_1_291' title='bbox 1246 4017 1428 4068; x_wconf 81' lang='lat' dir='ltr'>etiam</span> <span class='ocrx_word' id='word_1_292' title='bbox 1474 4013 1537 4068; x_wconf 87' lang='lat' dir='ltr'>in</span> <span class='ocrx_word' id='word_1_293' title='bbox 1580 4013 1696 4068; x_wconf 89' lang='lat' dir='ltr'>hoc</span> <span class='ocrx_word' id='word_1_294' title='bbox 1741 4013 1877 4069; x_wconf 89' lang='lat' dir='ltr'>loco</span> 
     </span>
    </p>
   </div>
   <div class='ocr_carea' id='block_1_42' title="bbox 196 4103 1881 4175">
    <p class='ocr_par' dir='ltr' id='par_1_42' title="bbox 196 4103 1881 4175">
     <span class='ocr_line' id='line_1_42' title="bbox 196 4103 1881 4175; baseline 0 -16"><span class='ocrx_word' id='word_1_295' title='bbox 196 4104 557 4159; x_wconf 69' lang='lat' dir='ltr'>Judaeorum</span> <span class='ocrx_word' id='word_1_296' title='bbox 588 4116 710 4159; x_wconf 85' lang='lat' dir='ltr'>non</span> <span class='ocrx_word' id='word_1_297' title='bbox 736 4104 1067 4173; x_wconf 79' lang='lat' dir='ltr'>incongrue</span> <span class='ocrx_word' id='word_1_298' title='bbox 1100 4109 1331 4173; x_wconf 83' lang='lat' dir='ltr'>gestare</span> <span class='ocrx_word' id='word_1_299' title='bbox 1377 4118 1727 4175; x_wconf 85' lang='lat' dir='ltr'>personam,</span> <span class='ocrx_word' id='word_1_300' title='bbox 1773 4103 1881 4175; x_wconf 89' lang='lat' dir='ltr'>qui</span> 
     </span>
    </p>
   </div>
   <div class='ocr_carea' id='block_1_43' title="bbox 197 4192 1880 4266">
    <p class='ocr_par' dir='ltr' id='par_1_43' title="bbox 197 4192 1880 4266">
     <span class='ocr_line' id='line_1_43' title="bbox 197 4192 1880 4266; baseline -0.001 -18"><span class='ocrx_word' id='word_1_301' title='bbox 197 4194 351 4249; x_wconf 91' lang='lat' dir='ltr'>dum</span> <span class='ocrx_word' id='word_1_302' title='bbox 384 4193 645 4248; x_wconf 88' lang='lat' dir='ltr'>adversa</span> <span class='ocrx_word' id='word_1_303' title='bbox 673 4194 926 4266; x_wconf 83' lang='lat' dir='ltr'>cupiunt</span> <span class='ocrx_word' id='word_1_304' title='bbox 956 4192 1205 4257; x_wconf 83' lang='lat' dir='ltr'>Christo,</span> <span class='ocrx_word' id='word_1_305' title='bbox 1251 4192 1478 4247; x_wconf 84' lang='lat' dir='ltr'>habent</span> <span class='ocrx_word' id='word_1_306' title='bbox 1524 4192 1586 4247; x_wconf 91' lang='lat' dir='ltr'>in</span> <span class='ocrx_word' id='word_1_307' title='bbox 1630 4206 1735 4247; x_wconf 86' lang='lat' dir='ltr'>ore</span> <span class='ocrx_word' id='word_1_308' title='bbox 1786 4208 1880 4247; x_wconf 76' lang='lat' dir='ltr'>sa~</span> 
     </span>
    </p>
   </div>
   <div class='ocr_carea' id='block_1_44' title="bbox 198 4281 1881 4355">
    <p class='ocr_par' dir='ltr' id='par_1_44' title="bbox 198 4281 1881 4355">
     <span class='ocr_line' id='line_1_44' title="bbox 198 4281 1881 4355; baseline -0.001 -16"><span class='ocrx_word' id='word_1_309' title='bbox 198 4287 515 4339; x_wconf 77' lang='lat' dir='ltr'>crementa</span> <span class='ocrx_word' id='word_1_310' title='bbox 542 4284 709 4352; x_wconf 83' lang='lat' dir='ltr'>legis,</span> <span class='ocrx_word' id='word_1_311' title='bbox 764 4288 820 4338; x_wconf 85' lang='lat' dir='ltr'>et</span> <span class='ocrx_word' id='word_1_312' title='bbox 873 4283 1307 4355; x_wconf 81' lang='lat' dir='ltr'>prophetarum</span> <span class='ocrx_word' id='word_1_313' title='bbox 1347 4282 1427 4337; x_wconf 90' lang='lat' dir='ltr'>ad</span> <span class='ocrx_word' id='word_1_314' title='bbox 1472 4281 1881 4338; x_wconf 86' lang='lat' dir='ltr'>testimonium</span> 
     </span>
    </p>
   </div>
   <div class='ocr_carea' id='block_1_45' title="bbox 198 4372 1880 4446">
    <p class='ocr_par' dir='ltr' id='par_1_45' title="bbox 198 4372 1880 4446">
     <span class='ocr_line' id='line_1_45' title="bbox 198 4372 1880 4446; baseline -0.001 -18"><span class='ocrx_word' id='word_1_315' title='bbox 198 4373 437 4437; x_wconf 84' lang='lat' dir='ltr'>Christi,</span> <span class='ocrx_word' id='word_1_316' title='bbox 475 4379 531 4429; x_wconf 88' lang='lat' dir='ltr'>et</span> <span class='ocrx_word' id='word_1_317' title='bbox 561 4388 701 4429; x_wconf 84' lang='lat' dir='ltr'>cum</span> <span class='ocrx_word' id='word_1_318' title='bbox 734 4374 1013 4439; x_wconf 81' lang='lat' dir='ltr'>Ecclesia,</span> <span class='ocrx_word' id='word_1_319' title='bbox 1047 4373 1223 4446; x_wconf 87' lang='lat' dir='ltr'>quasi</span> <span class='ocrx_word' id='word_1_320' title='bbox 1255 4389 1394 4428; x_wconf 87' lang='lat' dir='ltr'>cum</span> <span class='ocrx_word' id='word_1_321' title='bbox 1449 4372 1759 4445; x_wconf 87' lang='lat' dir='ltr'>prophetis</span> <span class='ocrx_word' id='word_1_322' title='bbox 1804 4373 1880 4427; x_wconf 89' lang='lat' dir='ltr'>de</span> 
     </span>
    </p>
   </div>
   <div class='ocr_carea' id='block_1_46' title="bbox 197 4461 1877 4535">
    <p class='ocr_par' dir='ltr' id='par_1_46' title="bbox 197 4461 1877 4535">
     <span class='ocr_line' id='line_1_46' title="bbox 197 4461 1877 4535; baseline -0.001 -17"><span class='ocrx_word' id='word_1_323' title='bbox 197 4463 523 4535; x_wconf 84' lang='lat' dir='ltr'>Scripturis</span> <span class='ocrx_word' id='word_1_324' title='bbox 554 4463 883 4535; x_wconf 75' lang='lat' dir='ltr'>disputant,</span> <span class='ocrx_word' id='word_1_325' title='bbox 925 4462 1079 4518; x_wconf 88' lang='lat' dir='ltr'>sicut</span> <span class='ocrx_word' id='word_1_326' title='bbox 1110 4461 1196 4517; x_wconf 89' lang='lat' dir='ltr'>illi</span> <span class='ocrx_word' id='word_1_327' title='bbox 1235 4479 1375 4516; x_wconf 89' lang='lat' dir='ltr'>cum</span> <span class='ocrx_word' id='word_1_328' title='bbox 1421 4461 1729 4534; x_wconf 84' lang='lat' dir='ltr'>prephetis</span> <span class='ocrx_word' id='word_1_329' title='bbox 1775 4477 1877 4517; x_wconf 87' lang='lat' dir='ltr'>va-</span> 
     </span>
    </p>
   </div>
   <div class='ocr_carea' id='block_1_47' title="bbox 198 4551 1881 4624">
    <p class='ocr_par' dir='ltr' id='par_1_47' title="bbox 198 4551 1881 4624">
     <span class='ocr_line' id='line_1_47' title="bbox 198 4551 1881 4624; baseline -0.001 -16"><span class='ocrx_word' id='word_1_330' title='bbox 198 4553 629 4608; x_wconf 82' lang='lat' dir='ltr'>ticinabantur.</span> <span class='ocrx_word' id='word_1_331' title='bbox 663 4554 874 4618; x_wconf 78' lang='lat' dir='ltr'>Quem,</span> <span class='ocrx_word' id='word_1_332' title='bbox 909 4552 1049 4608; x_wconf 87' lang='lat' dir='ltr'>Saul</span> <span class='ocrx_word' id='word_1_333' title='bbox 1106 4566 1479 4624; x_wconf 81' lang='lat' dir='ltr'>persequens</span> <span class='ocrx_word' id='word_1_334' title='bbox 1528 4556 1584 4606; x_wconf 90' lang='lat' dir='ltr'>et</span> <span class='ocrx_word' id='word_1_335' title='bbox 1625 4551 1881 4623; x_wconf 87' lang='lat' dir='ltr'>prophe-</span> 
     </span>
    </p>
   </div>
   <div class='ocr_carea' id='block_1_48' title="bbox 198 4639 1881 4714">
    <p class='ocr_par' dir='ltr' id='par_1_48' title="bbox 198 4639 1881 4714">
     <span class='ocr_line' id='line_1_48' title="bbox 198 4639 1881 4714; baseline -0.001 -17"><span class='ocrx_word' id='word_1_336' title='bbox 198 4648 359 4709; x_wconf 87' lang='lat' dir='ltr'>tans,</span> <span class='ocrx_word' id='word_1_337' title='bbox 393 4643 819 4714; x_wconf 66' lang='lat' dir='ltr'>praeﬁguravit,</span> <span class='ocrx_word' id='word_1_338' title='bbox 863 4640 975 4696; x_wconf 86' lang='lat' dir='ltr'>nisi</span> <span class='ocrx_word' id='word_1_339' title='bbox 1027 4641 1263 4698; x_wconf 87' lang='lat' dir='ltr'>Scribas</span> <span class='ocrx_word' id='word_1_340' title='bbox 1306 4645 1363 4696; x_wconf 88' lang='lat' dir='ltr'>et</span> <span class='ocrx_word' id='word_1_341' title='bbox 1404 4639 1737 4695; x_wconf 63' lang='lat' dir='ltr'>Phal‘lStBOS</span> <span class='ocrx_word' id='word_1_342' title='bbox 1783 4641 1881 4695; x_wconf 84' lang='lat' dir='ltr'>Ju-</span> 
     </span>
    </p>
   </div>
   <div class='ocr_carea' id='block_1_49' title="bbox 196 4730 1877 4803">
    <p class='ocr_par' dir='ltr' id='par_1_49' title="bbox 196 4730 1877 4803">
     <span class='ocr_line' id='line_1_49' title="bbox 196 4730 1877 4803; baseline -0.002 -16"><span class='ocrx_word' id='word_1_343' title='bbox 196 4733 497 4798; x_wconf 62' lang='lat' dir='ltr'>dreorum,</span> <span class='ocrx_word' id='word_1_344' title='bbox 557 4732 664 4803; x_wconf 88' lang='lat' dir='ltr'>qui</span> <span class='ocrx_word' id='word_1_345' title='bbox 714 4734 1095 4787; x_wconf 84' lang='lat' dir='ltr'>sacramenta</span> <span class='ocrx_word' id='word_1_346' title='bbox 1145 4730 1293 4799; x_wconf 82' lang='lat' dir='ltr'>legis</span> <span class='ocrx_word' id='word_1_347' title='bbox 1337 4734 1393 4785; x_wconf 90' lang='lat' dir='ltr'>et</span> <span class='ocrx_word' id='word_1_348' title='bbox 1421 4730 1877 4803; x_wconf 87' lang='lat' dir='ltr'>prophetarum,</span> 
     </span>
    </p>
   </div>
   <div class='ocr_carea' id='block_1_50' title="bbox 196 4819 1880 4895">
    <p class='ocr_par' dir='ltr' id='par_1_50' title="bbox 196 4819 1880 4895">
     <span class='ocr_line' id='line_1_50' title="bbox 196 4819 1880 4895; baseline -0.001 -19"><span class='ocrx_word' id='word_1_349' title='bbox 196 4836 344 4895; x_wconf 64' lang='lat' dir='ltr'>quae</span> <span class='ocrx_word' id='word_1_350' title='bbox 371 4822 451 4876; x_wconf 87' lang='lat' dir='ltr'>de</span> <span class='ocrx_word' id='word_1_351' title='bbox 475 4821 704 4877; x_wconf 80' lang='lat' dir='ltr'>Christe</span> <span class='ocrx_word' id='word_1_352' title='bbox 736 4825 877 4875; x_wconf 82' lang='lat' dir='ltr'>sunt</span> <span class='ocrx_word' id='word_1_353' title='bbox 904 4820 1317 4893; x_wconf 83' lang='lat' dir='ltr'>pronuntiata,</span> <span class='ocrx_word' id='word_1_354' title='bbox 1347 4820 1423 4875; x_wconf 88' lang='lat' dir='ltr'>ad</span> <span class='ocrx_word' id='word_1_355' title='bbox 1470 4819 1880 4876; x_wconf 89' lang='lat' dir='ltr'>testimonium</span> 
     </span>
    </p>
   </div>
   <div class='ocr_carea' id='block_1_51' title="bbox 197 4902 1880 4984">
    <p class='ocr_par' dir='ltr' id='par_1_51' title="bbox 197 4902 1880 4984">
     <span class='ocr_line' id='line_1_51' title="bbox 197 4902 1880 4984; baseline -0.002 -16"><span class='ocrx_word' id='word_1_356' title='bbox 197 4915 331 4984; x_wconf 86' lang='lat' dir='ltr'>ejus</span> <span class='ocrx_word' id='word_1_357' title='bbox 363 4912 425 4967; x_wconf 81' lang='lat' dir='ltr'>in</span> <span class='ocrx_word' id='word_1_358' title='bbox 455 4928 561 4967; x_wconf 90' lang='lat' dir='ltr'>ore</span> <span class='ocrx_word' id='word_1_359' title='bbox 608 4915 936 4984; x_wconf 88' lang='lat' dir='ltr'>portantes,</span> <span class='ocrx_word' id='word_1_360' title='bbox 989 4925 1129 4966; x_wconf 89' lang='lat' dir='ltr'>cum</span> <span class='ocrx_word' id='word_1_361' title='bbox 1175 4902 1587 4965; x_wconf 79' lang='lat' dir='ltr'>ecclesiasticis</span> <span class='ocrx_word' id='word_1_362' title='bbox 1636 4910 1780 4965; x_wconf 88' lang='lat' dir='ltr'>viris</span> <span class='ocrx_word' id='word_1_363' title='bbox 1804 4909 1880 4965; x_wconf 91' lang='lat' dir='ltr'>de</span> 
     </span>
    </p>
   </div>
   <div class='ocr_carea' id='block_1_52' title="bbox 201 5000 1879 5075">
    <p class='ocr_par' dir='ltr' id='par_1_52' title="bbox 201 5000 1879 5075">
     <span class='ocr_line' id='line_1_52' title="bbox 201 5000 1879 5075; baseline -0.003 -16"><span class='ocrx_word' id='word_1_364' title='bbox 201 5002 525 5074; x_wconf 81' lang='lat' dir='ltr'>Scripturis</span> <span class='ocrx_word' id='word_1_365' title='bbox 555 5001 777 5057; x_wconf 87' lang='lat' dir='ltr'>sanctis</span> <span class='ocrx_word' id='word_1_366' title='bbox 810 5001 1123 5075; x_wconf 85' lang='lat' dir='ltr'>disputant</span> <span class='ocrx_word' id='word_1_367' title='bbox 1151 5000 1179 5054; x_wconf 85' lang='lat'><strong>?</strong></span> <span class='ocrx_word' id='word_1_368' title='bbox 1207 5000 1379 5065; x_wconf 87' lang='lat' dir='ltr'>Quod</span> <span class='ocrx_word' id='word_1_369' title='bbox 1409 5005 1611 5055; x_wconf 88' lang='lat' dir='ltr'>autem</span> <span class='ocrx_word' id='word_1_370' title='bbox 1646 5000 1787 5056; x_wconf 87' lang='lat' dir='ltr'>Saul</span> <span class='ocrx_word' id='word_1_371' title='bbox 1818 5016 1879 5055; x_wconf 92' lang='lat' dir='ltr'>se</span> 
     </span>
    </p>
   </div>
   <div class='ocr_carea' id='block_1_53' title="bbox 198 5088 1881 5166">
    <p class='ocr_par' dir='ltr' id='par_1_53' title="bbox 198 5088 1881 5166">
     <span class='ocr_line' id='line_1_53' title="bbox 198 5088 1881 5166; baseline -0.002 -18"><span class='ocrx_word' id='word_1_372' title='bbox 198 5092 493 5166; x_wconf 71' lang='lat' dir='ltr'>spoliatis,</span> <span class='ocrx_word' id='word_1_373' title='bbox 516 5090 718 5146; x_wconf 87' lang='lat' dir='ltr'>nudus</span> <span class='ocrx_word' id='word_1_374' title='bbox 742 5091 1096 5146; x_wconf 82' lang='lat' dir='ltr'>vaticinatus</span> <span class='ocrx_word' id='word_1_375' title='bbox 1124 5105 1251 5144; x_wconf 85' lang='lat' dir='ltr'>esse</span> <span class='ocrx_word' id='word_1_376' title='bbox 1278 5088 1514 5159; x_wconf 88' lang='lat' dir='ltr'>dicitur,</span> <span class='ocrx_word' id='word_1_377' title='bbox 1542 5089 1657 5144; x_wconf 92' lang='lat' dir='ltr'>hoc</span> <span class='ocrx_word' id='word_1_378' title='bbox 1688 5091 1881 5162; x_wconf 65' lang='lat' dir='ltr'>praeti-</span> 
     </span>
    </p>
   </div>
   <div class='ocr_carea' id='block_1_54' title="bbox 196 5178 1881 5256">
    <p class='ocr_par' dir='ltr' id='par_1_54' title="bbox 196 5178 1881 5256">
     <span class='ocr_line' id='line_1_54' title="bbox 196 5178 1881 5256; baseline -0.002 -17"><span class='ocrx_word' id='word_1_379' title='bbox 196 5196 449 5256; x_wconf 81' lang='lat' dir='ltr'>gurasse</span> <span class='ocrx_word' id='word_1_380' title='bbox 475 5197 601 5238; x_wconf 90' lang='lat' dir='ltr'>non</span> <span class='ocrx_word' id='word_1_381' title='bbox 633 5186 719 5237; x_wconf 85' lang='lat' dir='ltr'>est</span> <span class='ocrx_word' id='word_1_382' title='bbox 752 5182 1133 5251; x_wconf 83' lang='lat' dir='ltr'>ambiguum,</span> <span class='ocrx_word' id='word_1_383' title='bbox 1174 5179 1342 5252; x_wconf 90' lang='lat' dir='ltr'>quod</span> <span class='ocrx_word' id='word_1_384' title='bbox 1381 5178 1653 5251; x_wconf 86' lang='lat' dir='ltr'>populus</span> <span class='ocrx_word' id='word_1_385' title='bbox 1684 5179 1881 5236; x_wconf 81' lang='lat' dir='ltr'>Judae-</span> 
     </span>
    </p>
   </div>
   <div class='ocr_carea' id='block_1_55' title="bbox 198 5268 1882 5345">
    <p class='ocr_par' dir='ltr' id='par_1_55' title="bbox 198 5268 1882 5345">
     <span class='ocr_line' id='line_1_55' title="bbox 198 5268 1882 5345; baseline -0.004 -15"><span class='ocrx_word' id='word_1_386' title='bbox 198 5291 397 5337; x_wconf 90' lang='lat' dir='ltr'>orum,</span> <span class='ocrx_word' id='word_1_387' title='bbox 429 5273 605 5343; x_wconf 77' lang='lat' dir='ltr'>cujus</span> <span class='ocrx_word' id='word_1_388' title='bbox 632 5286 955 5345; x_wconf 83' lang='lat' dir='ltr'>personam</span> <span class='ocrx_word' id='word_1_389' title='bbox 989 5270 1149 5325; x_wconf 86' lang='lat' dir='ltr'>idem</span> <span class='ocrx_word' id='word_1_390' title='bbox 1190 5270 1327 5324; x_wconf 85' lang='lat' dir='ltr'>Saul</span> <span class='ocrx_word' id='word_1_391' title='bbox 1362 5268 1635 5338; x_wconf 77' lang='lat' dir='ltr'>gestavit,</span> <span class='ocrx_word' id='word_1_392' title='bbox 1687 5268 1767 5323; x_wconf 90' lang='lat' dir='ltr'>ab</span> <span class='ocrx_word' id='word_1_393' title='bbox 1794 5269 1882 5325; x_wconf 87' lang='lat' dir='ltr'>in-</span> 
     </span>
    </p>
   </div>
   <div class='ocr_carea' id='block_1_56' title="bbox 195 5356 1874 5433">
    <p class='ocr_par' dir='ltr' id='par_1_56' title="bbox 195 5356 1874 5433">
     <span class='ocr_line' id='line_1_56' title="bbox 195 5356 1874 5433; baseline -0.004 -14"><span class='ocrx_word' id='word_1_394' title='bbox 195 5365 491 5420; x_wconf 86' lang='lat' dir='ltr'>dumento</span> <span class='ocrx_word' id='word_1_395' title='bbox 525 5361 663 5416; x_wconf 76' lang='lat' dir='ltr'>ﬁdei</span> <span class='ocrx_word' id='word_1_396' title='bbox 693 5366 877 5433; x_wconf 86' lang='lat' dir='ltr'>atque</span> <span class='ocrx_word' id='word_1_397' title='bbox 892 5359 1209 5416; x_wconf 88' lang='lat' dir='ltr'>sacerdotii</span> <span class='ocrx_word' id='word_1_398' title='bbox 1258 5358 1545 5427; x_wconf 83' lang='lat' dir='ltr'>dignitate</span> <span class='ocrx_word' id='word_1_399' title='bbox 1589 5356 1874 5426; x_wconf 84' lang='lat' dir='ltr'>nudatus,</span> 
     </span>
    </p>
   </div>
   <div class='ocr_carea' id='block_1_57' title="bbox 196 5446 1875 5524">
    <p class='ocr_par' dir='ltr' id='par_1_57' title="bbox 196 5446 1875 5524">
     <span class='ocr_line' id='line_1_57' title="bbox 196 5446 1875 5524; baseline -0.004 -14"><span class='ocrx_word' id='word_1_400' title='bbox 196 5458 253 5510; x_wconf 88' lang='lat' dir='ltr'>et</span> <span class='ocrx_word' id='word_1_401' title='bbox 284 5453 476 5524; x_wconf 84' lang='lat' dir='ltr'>gloria</span> <span class='ocrx_word' id='word_1_402' title='bbox 506 5450 677 5517; x_wconf 77' lang='lat' dir='ltr'>regni</span> <span class='ocrx_word' id='word_1_403' title='bbox 709 5451 1019 5522; x_wconf 84' lang='lat' dir='ltr'>spoliatus,</span> <span class='ocrx_word' id='word_1_404' title='bbox 1062 5449 1246 5505; x_wconf 89' lang='lat' dir='ltr'>verba</span> <span class='ocrx_word' id='word_1_405' title='bbox 1274 5448 1425 5515; x_wconf 84' lang='lat' dir='ltr'>legis</span> <span class='ocrx_word' id='word_1_406' title='bbox 1467 5452 1523 5503; x_wconf 92' lang='lat' dir='ltr'>et</span> <span class='ocrx_word' id='word_1_407' title='bbox 1552 5446 1875 5519; x_wconf 88' lang='lat' dir='ltr'>propheta-</span> 
     </span>
    </p>
   </div>
   <div class='ocr_carea' id='block_1_58' title="bbox 194 5536 1873 5616">
    <p class='ocr_par' dir='ltr' id='par_1_58' title="bbox 194 5536 1873 5616">
     <span class='ocr_line' id='line_1_58' title="bbox 194 5536 1873 5616; baseline -0.004 -17"><span class='ocrx_word' id='word_1_408' title='bbox 194 5561 352 5609; x_wconf 87' lang='lat' dir='ltr'>rum,</span> <span class='ocrx_word' id='word_1_409' title='bbox 388 5557 528 5616; x_wconf 73' lang='lat' dir='ltr'>quae</span> <span class='ocrx_word' id='word_1_410' title='bbox 561 5541 636 5595; x_wconf 90' lang='lat' dir='ltr'>de</span> <span class='ocrx_word' id='word_1_411' title='bbox 683 5541 913 5595; x_wconf 83' lang='lat' dir='ltr'>Christo</span> <span class='ocrx_word' id='word_1_412' title='bbox 965 5538 1373 5595; x_wconf 84' lang='lat' dir='ltr'>testimonium</span> <span class='ocrx_word' id='word_1_413' title='bbox 1420 5536 1755 5609; x_wconf 84' lang='lat' dir='ltr'>perhibent,</span> <span class='ocrx_word' id='word_1_414' title='bbox 1813 5536 1873 5592; x_wconf 89' lang='lat' dir='ltr'>in</span> 
     </span>
    </p>
   </div>
   <div class='ocr_carea' id='block_1_59' title="bbox 194 5626 1872 5705">
    <p class='ocr_par' dir='ltr' id='par_1_59' title="bbox 194 5626 1872 5705">
     <span class='ocr_line' id='line_1_59' title="bbox 194 5626 1872 5705; baseline -0.006 -14"><span class='ocrx_word' id='word_1_415' title='bbox 194 5651 293 5691; x_wconf 86' lang='lat' dir='ltr'>ore</span> <span class='ocrx_word' id='word_1_416' title='bbox 328 5639 599 5705; x_wconf 64' lang='lat' dir='ltr'>portans,</span> <span class='ocrx_word' id='word_1_417' title='bbox 634 5631 917 5685; x_wconf 82' lang='lat' dir='ltr'>eumdem</span> <span class='ocrx_word' id='word_1_418' title='bbox 947 5629 1249 5685; x_wconf 86' lang='lat' dir='ltr'>Christum</span> <span class='ocrx_word' id='word_1_419' title='bbox 1283 5628 1621 5693; x_wconf 85' lang='lat' dir='ltr'>Dominum,</span> <span class='ocrx_word' id='word_1_420' title='bbox 1647 5626 1721 5680; x_wconf 92' lang='lat' dir='ltr'>de</span> <span class='ocrx_word' id='word_1_421' title='bbox 1750 5642 1872 5698; x_wconf 86' lang='lat' dir='ltr'>quo</span> 
     </span>
    </p>
   </div>
   <div class='ocr_carea' id='block_1_60' title="bbox 195 5717 1871 5793">
    <p class='ocr_par' dir='ltr' id='par_1_60' title="bbox 195 5717 1871 5793">
     <span class='ocr_line' id='line_1_60' title="bbox 195 5717 1871 5793; baseline -0.006 -12"><span class='ocrx_word' id='word_1_422' title='bbox 195 5741 313 5781; x_wconf 90' lang='lat' dir='ltr'>non</span> <span class='ocrx_word' id='word_1_423' title='bbox 343 5722 689 5791; x_wconf 82' lang='lat' dir='ltr'>intelligens</span> <span class='ocrx_word' id='word_1_424' title='bbox 720 5721 1055 5793; x_wconf 86' lang='lat' dir='ltr'>prophetat,</span> <span class='ocrx_word' id='word_1_425' title='bbox 1100 5718 1339 5775; x_wconf 66' lang='lat' dir='ltr'>malitiee</span> <span class='ocrx_word' id='word_1_426' title='bbox 1372 5734 1493 5773; x_wconf 62' lang='lat' dir='ltr'>suae</span> <span class='ocrx_word' id='word_1_427' title='bbox 1541 5717 1725 5772; x_wconf 71' lang='lat' dir='ltr'>livore</span> <span class='ocrx_word' id='word_1_428' title='bbox 1773 5732 1871 5772; x_wconf 81' lang='lat' dir='ltr'>ex-</span> 
     </span>
    </p>
   </div>
   <div class='ocr_carea' id='block_1_61' title="bbox 194 5810 883 5887">
    <p class='ocr_par' dir='ltr' id='par_1_61' title="bbox 194 5810 883 5887">
     <span class='ocr_line' id='line_1_61' title="bbox 194 5810 883 5887; baseline -0.009 -15"><span class='ocrx_word' id='word_1_429' title='bbox 194 5819 455 5872; x_wconf 67' lang='lat' dir='ltr'>caecatus</span> <span class='ocrx_word' id='word_1_430' title='bbox 482 5810 883 5887; x_wconf 85' lang='lat' dir='ltr'>persequitur.</span> 
     </span>
    </p>
   </div>
   <div class='ocr_carea' id='block_1_62' title="bbox 1215 298 2631 365">
    <p class='ocr_par' dir='ltr' id='par_1_62' title="bbox 1215 298 2631 365">
     <span class='ocr_line' id='line_1_62' title="bbox 1215 298 2631 365; baseline 0.006 -11"><span class='ocrx_word' id='word_1_431' title='bbox 1215 298 1475 357; x_wconf 71' lang='lat' dir='ltr'>ENABR.</span> <span class='ocrx_word' id='word_1_432' title='bbox 1516 303 1586 358; x_wconf 75' lang='lat' dir='ltr'>IN</span> <span class='ocrx_word' id='word_1_433' title='bbox 1627 299 1879 357; x_wconf 68' lang='grc' dir='ltr'>ωθῐιοε</span> <span class='ocrx_word' id='word_1_434' title='bbox 1914 299 2174 359; x_wconf 73' lang='lat' dir='ltr'>REGUM.</span> <span class='ocrx_word' id='word_1_435' title='bbox 2218 328 2285 344; x_wconf 64' lang='grc'>*-</span> <span class='ocrx_word' id='word_1_436' title='bbox 2326 306 2396 361; x_wconf 75' lang='grc' dir='ltr'>ΙΝ</span> <span class='ocrx_word' id='word_1_437' title='bbox 2436 304 2551 365; x_wconf 74' lang='lat' dir='ltr'>UB</span> <span class='ocrx_word' id='word_1_438' title='bbox 2591 310 2631 362; x_wconf 91' lang='grc' dir='ltr'>Ι.</span> 
     </span>
    </p>
   </div>
   <div class='ocr_carea' id='block_1_63' title="bbox 184 419 1950 496">
    <p class='ocr_par' dir='ltr' id='par_1_63' title="bbox 184 419 1950 496">
     <span class='ocr_line' id='line_1_63' title="bbox 184 419 1950 496; baseline 0.003 -22"><span class='ocrx_word' id='word_1_439' title='bbox 184 419 447 481; x_wconf 72' lang='lat' dir='ltr'>indutus</span> <span class='ocrx_word' id='word_1_440' title='bbox 476 423 625 486; x_wconf 82' lang='lat' dir='ltr'>erat,</span> <span class='ocrx_word' id='word_1_441' title='bbox 658 420 917 494; x_wconf 87' lang='lat' dir='ltr'>ideoque</span> <span class='ocrx_word' id='word_1_442' title='bbox 967 422 1193 479; x_wconf 88' lang='lat' dir='ltr'>dictum</span> <span class='ocrx_word' id='word_1_443' title='bbox 1226 428 1318 481; x_wconf 90' lang='lat' dir='ltr'>est</span> <span class='ocrx_word' id='word_1_444' title='bbox 1351 442 1365 481; x_wconf 91' lang='lat'><strong>:</strong></span> <span class='ocrx_word' id='word_1_445' title='bbox 1398 429 1527 482; x_wconf 90' lang='lat' dir='ltr'>Non</span> <span class='ocrx_word' id='word_1_446' title='bbox 1557 424 1705 481; x_wconf 82' lang='lat' dir='ltr'>vidit</span> <span class='ocrx_word' id='word_1_447' title='bbox 1733 440 1873 480; x_wconf 88' lang='lat' dir='ltr'>eum</span> <span class='ocrx_word' id='word_1_448' title='bbox 1904 442 1950 496; x_wconf 74' lang='grc' dir='ltr'><strong>Α</strong></span> 
     </span>
    </p>
   </div>
   <div class='ocr_carea' id='block_1_64' title="bbox 1910 4521 1958 4574">
    <p class='ocr_par' dir='ltr' id='par_1_64' title="bbox 1910 4521 1958 4574">
     <span class='ocr_line' id='line_1_64' title="bbox 1910 4521 1958 4574; baseline 0 0"><span class='ocrx_word' id='word_1_449' title='bbox 1910 4521 1958 4574; x_wconf 92' lang='lat' dir='ltr'>D</span> 
     </span>
    </p>
   </div>
   <div class='ocr_carea' id='block_1_65' title="bbox 3542 315 3651 369">
    <p class='ocr_par' dir='ltr' id='par_1_65' title="bbox 3542 315 3651 369">
     <span class='ocr_line' id='line_1_65' title="bbox 3542 315 3651 369; baseline 0 0"><span class='ocrx_word' id='word_1_450' title='bbox 3542 315 3651 369; x_wconf 66' lang='grc'>³18</span> 
     </span>
    </p>
   </div>
   <div class='ocr_carea' id='block_1_66' title="bbox 2634 433 3003 488">
    <p class='ocr_par' dir='ltr' id='par_1_66' title="bbox 2634 433 3003 488">
     <span class='ocr_line' id='line_1_66' title="bbox 2634 433 3003 488; baseline -0.008 -1"><span class='ocrx_word' id='word_1_451' title='bbox 2634 433 2860 487; x_wconf 76' lang='lat' dir='ltr'>CAPUT</span> <span class='ocrx_word' id='word_1_452' title='bbox 2897 434 3003 488; x_wconf 77' lang='lat' dir='ltr'>XX.</span> 
     </span>
    </p>
   </div>
   <div class='ocr_carea' id='block_1_67' title="bbox 2059 517 3651 580">
    <p class='ocr_par' dir='ltr' id='par_1_67' title="bbox 2059 517 3651 580">
     <span class='ocr_line' id='line_1_67' title="bbox 2059 517 3651 580; baseline 0.007 -11"><span class='ocrx_word' id='word_1_453' title='bbox 2059 535 2087 569; x_wconf 81' lang='grc'><em>‹</em></span> <span class='ocrx_word' id='word_1_454' title='bbox 2131 519 2194 572; x_wconf 87' lang='lat' dir='ltr'>Et</span> <span class='ocrx_word' id='word_1_455' title='bbox 2223 517 2304 573; x_wconf 88' lang='lat' dir='ltr'>ait</span> <span class='ocrx_word' id='word_1_456' title='bbox 2332 517 2632 575; x_wconf 85' lang='lat' dir='ltr'>Jonathan</span> <span class='ocrx_word' id='word_1_457' title='bbox 2679 521 2757 577; x_wconf 88' lang='lat' dir='ltr'>ad</span> <span class='ocrx_word' id='word_1_458' title='bbox 2805 521 3043 577; x_wconf 85' lang='lat' dir='ltr'>David:</span> <span class='ocrx_word' id='word_1_459' title='bbox 3099 522 3180 578; x_wconf 88' lang='lat' dir='ltr'>Sit</span> <span class='ocrx_word' id='word_1_460' title='bbox 3228 523 3518 579; x_wconf 80' lang='lat' dir='ltr'>Dominus</span> <span class='ocrx_word' id='word_1_461' title='bbox 3566 528 3651 580; x_wconf 85' lang='lat' dir='ltr'>te-</span> 
     </span>
    </p>
   </div>
   <div class='ocr_carea' id='block_1_68' title="bbox 1985 608 3651 683">
    <p class='ocr_par' dir='ltr' id='par_1_68' title="bbox 1985 608 3651 683">
     <span class='ocr_line' id='line_1_68' title="bbox 1985 608 3651 683; baseline 0.01 -30"><span class='ocrx_word' id='word_1_462' title='bbox 1985 625 2013 653; x_wconf 88' lang='grc'>‹‹</span> <span class='ocrx_word' id='word_1_463' title='bbox 2057 622 2215 674; x_wconf 88' lang='lat' dir='ltr'>cum,</span> <span class='ocrx_word' id='word_1_464' title='bbox 2252 608 2401 662; x_wconf 85' lang='lat' dir='ltr'>sicut</span> <span class='ocrx_word' id='word_1_465' title='bbox 2432 608 2537 663; x_wconf 83' lang='lat' dir='ltr'>fuit</span> <span class='ocrx_word' id='word_1_466' title='bbox 2567 627 2707 665; x_wconf 89' lang='lat' dir='ltr'>cum</span> <span class='ocrx_word' id='word_1_467' title='bbox 2722 616 2890 683; x_wconf 82' lang='lat' dir='ltr'>patre</span> <span class='ocrx_word' id='word_1_468' title='bbox 2921 628 3078 669; x_wconf 82' lang='lat' dir='ltr'>meo.</span> <span class='ocrx_word' id='word_1_469' title='bbox 3114 613 3183 669; x_wconf 84' lang='lat' dir='ltr'>Et</span> <span class='ocrx_word' id='word_1_470' title='bbox 3215 612 3262 667; x_wconf 89' lang='lat' dir='ltr'>si</span> <span class='ocrx_word' id='word_1_471' title='bbox 3308 613 3530 683; x_wconf 76' lang='lat' dir='ltr'>vixero,</span> <span class='ocrx_word' id='word_1_472' title='bbox 3562 613 3651 670; x_wconf 79' lang='lat' dir='ltr'>fa-</span> 
     </span>
    </p>
   </div>
   <div class='ocr_carea' id='block_1_69' title="bbox 1985 695 3652 765">
    <p class='ocr_par' dir='ltr' id='par_1_69' title="bbox 1985 695 3652 765">
     <span class='ocr_line' id='line_1_69' title="bbox 1985 695 3652 765; baseline 0.007 -17"><span class='ocrx_word' id='word_1_473' title='bbox 1985 715 2013 742; x_wconf 88' lang='grc'>‹‹</span> <span class='ocrx_word' id='word_1_474' title='bbox 2055 695 2175 750; x_wconf 89' lang='lat' dir='ltr'>cies</span> <span class='ocrx_word' id='word_1_475' title='bbox 2208 696 2353 752; x_wconf 87' lang='lat' dir='ltr'>mihi</span> <span class='ocrx_word' id='word_1_476' title='bbox 2394 700 2869 756; x_wconf 83' lang='lat' dir='ltr'>miscricordiam</span> <span class='ocrx_word' id='word_1_477' title='bbox 2904 700 3157 756; x_wconf 88' lang='lat' dir='ltr'>Domini.</span> <span class='ocrx_word' id='word_1_478' title='bbox 3188 723 3217 751; x_wconf 77' lang='lat' dir='ltr'><strong>n</strong></span> <span class='ocrx_word' id='word_1_479' title='bbox 3272 702 3444 765; x_wconf 87' lang='lat' dir='ltr'>Quod</span> <span class='ocrx_word' id='word_1_480' title='bbox 3488 702 3652 759; x_wconf 88' lang='lat' dir='ltr'>enim</span> 
     </span>
    </p>
   </div>
   <div class='ocr_carea' id='block_1_70' title="bbox 1986 785 3653 866">
    <p class='ocr_par' dir='ltr' id='par_1_70' title="bbox 1986 785 3653 866">
     <span class='ocr_line' id='line_1_70' title="bbox 1986 785 3653 866; baseline 0.007 -28"><span class='ocrx_word' id='word_1_481' title='bbox 1986 805 2014 833; x_wconf 87' lang='lat'><strong><em>«</em></strong></span> <span class='ocrx_word' id='word_1_482' title='bbox 2084 785 2183 853; x_wconf 86' lang='lat' dir='ltr'>ait,</span> <span class='ocrx_word' id='word_1_483' title='bbox 2227 786 2363 844; x_wconf 83' lang='lat' dir='ltr'>«sit</span> <span class='ocrx_word' id='word_1_484' title='bbox 2410 788 2696 844; x_wconf 88' lang='lat' dir='ltr'>Dominus</span> <span class='ocrx_word' id='word_1_485' title='bbox 2732 795 2950 860; x_wconf 90' lang='lat' dir='ltr'>tecum,</span> <span class='ocrx_word' id='word_1_486' title='bbox 3003 791 3156 846; x_wconf 87' lang='lat' dir='ltr'>sicut</span> <span class='ocrx_word' id='word_1_487' title='bbox 3200 790 3310 846; x_wconf 81' lang='lat' dir='ltr'>fuit</span> <span class='ocrx_word' id='word_1_488' title='bbox 3358 807 3501 847; x_wconf 80' lang='lat' dir='ltr'>cum</span> <span class='ocrx_word' id='word_1_489' title='bbox 3549 809 3653 866; x_wconf 90' lang='lat' dir='ltr'>pa-</span> 
     </span>
    </p>
   </div>
   <div class='ocr_carea' id='block_1_71' title="bbox 1984 877 3652 952">
    <p class='ocr_par' dir='ltr' id='par_1_71' title="bbox 1984 877 3652 952">
     <span class='ocr_line' id='line_1_71' title="bbox 1984 877 3652 952; baseline 0.005 -24"><span class='ocrx_word' id='word_1_490' title='bbox 1984 895 2012 922; x_wconf 83' lang='lat'><strong>«</strong></span> <span class='ocrx_word' id='word_1_491' title='bbox 2059 878 2140 929; x_wconf 89' lang='lat' dir='ltr'>tre</span> <span class='ocrx_word' id='word_1_492' title='bbox 2186 892 2341 931; x_wconf 88' lang='lat' dir='ltr'>meo.</span> <span class='ocrx_word' id='word_1_493' title='bbox 2380 900 2406 925; x_wconf 85' lang='grc'>››</span> <span class='ocrx_word' id='word_1_494' title='bbox 2460 877 2604 932; x_wconf 90' lang='lat' dir='ltr'>mihi</span> <span class='ocrx_word' id='word_1_495' title='bbox 2640 878 2876 935; x_wconf 89' lang='lat' dir='ltr'>videtur</span> <span class='ocrx_word' id='word_1_496' title='bbox 2922 880 3003 935; x_wconf 89' lang='lat' dir='ltr'>ita</span> <span class='ocrx_word' id='word_1_497' title='bbox 3043 896 3225 952; x_wconf 82' lang='lat' dir='ltr'>posse</span> <span class='ocrx_word' id='word_1_498' title='bbox 3263 880 3529 950; x_wconf 82' lang='lat' dir='ltr'>intelligi,</span> <span class='ocrx_word' id='word_1_499' title='bbox 3581 898 3652 938; x_wconf 89' lang='lat' dir='ltr'>ac</span> 
     </span>
    </p>
   </div>
   <div class='ocr_carea' id='block_1_72' title="bbox 1984 963 3654 1042">
    <p class='ocr_par' dir='ltr' id='par_1_72' title="bbox 1984 963 3654 1042">
     <span class='ocr_line' id='line_1_72' title="bbox 1984 963 3654 1042; baseline 0.006 -25"><span class='ocrx_word' id='word_1_500' title='bbox 1984 963 2033 1019; x_wconf 92' lang='lat' dir='ltr'>si</span> <span class='ocrx_word' id='word_1_501' title='bbox 2063 971 2266 1036; x_wconf 88' lang='lat' dir='ltr'>aperte</span> <span class='ocrx_word' id='word_1_502' title='bbox 2303 966 2524 1022; x_wconf 84' lang='lat' dir='ltr'>diceret</span> <span class='ocrx_word' id='word_1_503' title='bbox 2555 984 2566 1022; x_wconf 93' lang='lat'>:</span> <span class='ocrx_word' id='word_1_504' title='bbox 2599 970 2954 1026; x_wconf 86' lang='lat' dir='ltr'>Permaueat</span> <span class='ocrx_word' id='word_1_505' title='bbox 2999 971 3248 1042; x_wconf 89' lang='lat' dir='ltr'>Spiritus</span> <span class='ocrx_word' id='word_1_506' title='bbox 3296 970 3531 1026; x_wconf 87' lang='lat' dir='ltr'>Domini</span> <span class='ocrx_word' id='word_1_507' title='bbox 3574 976 3654 1027; x_wconf 87' lang='lat' dir='ltr'>te-</span> 
     </span>
    </p>
   </div>
   <div class='ocr_carea' id='block_1_73' title="bbox 1985 1054 3652 1131">
    <p class='ocr_par' dir='ltr' id='par_1_73' title="bbox 1985 1054 3652 1131">
     <span class='ocr_line' id='line_1_73' title="bbox 1985 1054 3652 1131; baseline 0.005 -24"><span class='ocrx_word' id='word_1_508' title='bbox 1985 1069 2145 1119; x_wconf 90' lang='lat' dir='ltr'>cum,</span> <span class='ocrx_word' id='word_1_509' title='bbox 2181 1054 2329 1109; x_wconf 87' lang='lat' dir='ltr'>sicut</span> <span class='ocrx_word' id='word_1_510' title='bbox 2358 1057 2463 1111; x_wconf 79' lang='lat' dir='ltr'>fuit</span> <span class='ocrx_word' id='word_1_511' title='bbox 2498 1057 2661 1129; x_wconf 86' lang='lat' dir='ltr'>prius</span> <span class='ocrx_word' id='word_1_512' title='bbox 2687 1058 2745 1114; x_wconf 91' lang='lat' dir='ltr'>in</span> <span class='ocrx_word' id='word_1_513' title='bbox 2777 1063 2947 1131; x_wconf 87' lang='lat' dir='ltr'>patre</span> <span class='ocrx_word' id='word_1_514' title='bbox 2972 1076 3128 1126; x_wconf 87' lang='lat' dir='ltr'>meo,</span> <span class='ocrx_word' id='word_1_515' title='bbox 3176 1065 3237 1114; x_wconf 86' lang='lat' dir='ltr'>et</span> <span class='ocrx_word' id='word_1_516' title='bbox 3265 1059 3347 1115; x_wconf 88' lang='lat' dir='ltr'>sie</span> <span class='ocrx_word' id='word_1_517' title='bbox 3396 1059 3652 1115; x_wconf 88' lang='lat' dir='ltr'>sublime</span> 
     </span>
    </p>
   </div>
   <div class='ocr_carea' id='block_1_74' title="bbox 1987 1136 3652 1221">
    <p class='ocr_par' dir='ltr' id='par_1_74' title="bbox 1987 1136 3652 1221">
     <span class='ocr_line' id='line_1_74' title="bbox 1987 1136 3652 1221; baseline 0.004 -24"><span class='ocrx_word' id='word_1_518' title='bbox 1987 1136 2165 1198; x_wconf 87' lang='lat' dir='ltr'>faciat</span> <span class='ocrx_word' id='word_1_519' title='bbox 2195 1160 2448 1213; x_wconf 83' lang='lat' dir='ltr'>regnum</span> <span class='ocrx_word' id='word_1_520' title='bbox 2480 1151 2649 1202; x_wconf 85' lang='lat' dir='ltr'>tuum</span> <span class='ocrx_word' id='word_1_521' title='bbox 2683 1147 2835 1203; x_wconf 89' lang='lat' dir='ltr'>sicut</span> <span class='ocrx_word' id='word_1_522' title='bbox 2858 1148 3115 1204; x_wconf 88' lang='lat' dir='ltr'>sublime</span> <span class='ocrx_word' id='word_1_523' title='bbox 3146 1148 3281 1204; x_wconf 88' lang='lat' dir='ltr'>fecit</span> <span class='ocrx_word' id='word_1_524' title='bbox 3308 1149 3494 1221; x_wconf 85' lang='lat' dir='ltr'>patris</span> <span class='ocrx_word' id='word_1_525' title='bbox 3532 1148 3652 1204; x_wconf 89' lang='lat' dir='ltr'>mei</span> 
     </span>
    </p>
   </div>
   <div class='ocr_carea' id='block_1_75' title="bbox 1985 1235 3653 1304">
    <p class='ocr_par' dir='ltr' id='par_1_75' title="bbox 1985 1235 3653 1304">
     <span class='ocr_line' id='line_1_75' title="bbox 1985 1235 3653 1304; baseline 0.005 -18"><span class='ocrx_word' id='word_1_526' title='bbox 1985 1248 2262 1302; x_wconf 87' lang='lat' dir='ltr'>regnum.</span> <span class='ocrx_word' id='word_1_527' title='bbox 2299 1256 2325 1282; x_wconf 87' lang='grc'><strong>‹‹</strong></span> <span class='ocrx_word' id='word_1_528' title='bbox 2360 1237 2423 1289; x_wconf 87' lang='lat' dir='ltr'>Et</span> <span class='ocrx_word' id='word_1_529' title='bbox 2454 1235 2499 1289; x_wconf 92' lang='lat' dir='ltr'>si</span> <span class='ocrx_word' id='word_1_530' title='bbox 2531 1236 2755 1304; x_wconf 78' lang='lat' dir='ltr'>vixero,</span> <span class='ocrx_word' id='word_1_531' title='bbox 2790 1236 2973 1293; x_wconf 86' lang='lat' dir='ltr'>facies</span> <span class='ocrx_word' id='word_1_532' title='bbox 3006 1237 3152 1293; x_wconf 89' lang='lat' dir='ltr'>mihi</span> <span class='ocrx_word' id='word_1_533' title='bbox 3178 1238 3653 1294; x_wconf 80' lang='lat' dir='ltr'>misericordiam</span> 
     </span>
    </p>
   </div>
   <div class='ocr_carea' id='block_1_76' title="bbox 1988 1323 3650 1397">
    <p class='ocr_par' dir='ltr' id='par_1_76' title="bbox 1988 1323 3650 1397">
     <span class='ocr_line' id='line_1_76' title="bbox 1988 1323 3650 1397; baseline 0.004 -22"><span class='ocrx_word' id='word_1_534' title='bbox 1988 1323 2298 1383; x_wconf 79' lang='lat' dir='ltr'>Domini.»</span> <span class='ocrx_word' id='word_1_535' title='bbox 2328 1328 2391 1379; x_wconf 90' lang='lat' dir='ltr'>ut</span> <span class='ocrx_word' id='word_1_536' title='bbox 2421 1325 2641 1380; x_wconf 81' lang='lat' dir='ltr'>scilicet</span> <span class='ocrx_word' id='word_1_537' title='bbox 2682 1327 2984 1383; x_wconf 86' lang='lat' dir='ltr'>secundus</span> <span class='ocrx_word' id='word_1_538' title='bbox 3029 1328 3141 1381; x_wconf 86' lang='lat' dir='ltr'>sim</span> <span class='ocrx_word' id='word_1_539' title='bbox 3184 1328 3246 1381; x_wconf 93' lang='lat' dir='ltr'>in</span> <span class='ocrx_word' id='word_1_540' title='bbox 3290 1344 3475 1397; x_wconf 85' lang='lat' dir='ltr'>regno</span> <span class='ocrx_word' id='word_1_541' title='bbox 3523 1330 3650 1383; x_wconf 88' lang='lat' dir='ltr'>tuo.</span> 
     </span>
    </p>
   </div>
   <div class='ocr_carea' id='block_1_77' title="bbox 1990 1413 3650 1485">
    <p class='ocr_par' dir='ltr' id='par_1_77' title="bbox 1990 1413 3650 1485">
     <span class='ocr_line' id='line_1_77' title="bbox 1990 1413 3650 1485; baseline 0.002 -18"><span class='ocrx_word' id='word_1_542' title='bbox 1990 1432 2009 1461; x_wconf 82' lang='grc' dir='ltr'>ι</span> <span class='ocrx_word' id='word_1_543' title='bbox 2041 1413 2139 1468; x_wconf 92' lang='lat' dir='ltr'>Sin</span> <span class='ocrx_word' id='word_1_544' title='bbox 2171 1429 2309 1469; x_wconf 79' lang='lat' dir='ltr'>vero</span> <span class='ocrx_word' id='word_1_545' title='bbox 2340 1418 2617 1470; x_wconf 86' lang='lat' dir='ltr'>mortuus</span> <span class='ocrx_word' id='word_1_546' title='bbox 2650 1415 2838 1485; x_wconf 87' lang='lat' dir='ltr'>fuero,</span> <span class='ocrx_word' id='word_1_547' title='bbox 2872 1431 2994 1471; x_wconf 87' lang='lat' dir='ltr'>non</span> <span class='ocrx_word' id='word_1_548' title='bbox 3027 1416 3258 1472; x_wconf 86' lang='lat' dir='ltr'>auferes</span> <span class='ocrx_word' id='word_1_549' title='bbox 3313 1416 3650 1471; x_wconf 86' lang='lat' dir='ltr'>misericor-</span> 
     </span>
    </p>
   </div>
   <div class='ocr_carea' id='block_1_78' title="bbox 1985 1502 3651 1578">
    <p class='ocr_par' dir='ltr' id='par_1_78' title="bbox 1985 1502 3651 1578">
     <span class='ocr_line' id='line_1_78' title="bbox 1985 1502 3651 1578; baseline 0.003 -23"><span class='ocrx_word' id='word_1_550' title='bbox 1985 1502 2148 1557; x_wconf 88' lang='lat' dir='ltr'>diam</span> <span class='ocrx_word' id='word_1_551' title='bbox 2186 1507 2349 1558; x_wconf 87' lang='lat' dir='ltr'>tuam</span> <span class='ocrx_word' id='word_1_552' title='bbox 2377 1520 2414 1560; x_wconf 93' lang='lat' dir='ltr'>a</span> <span class='ocrx_word' id='word_1_553' title='bbox 2442 1504 2627 1560; x_wconf 84' lang='lat' dir='ltr'>domo</span> <span class='ocrx_word' id='word_1_554' title='bbox 2657 1522 2795 1561; x_wconf 85' lang='lat' dir='ltr'>mea</span> <span class='ocrx_word' id='word_1_555' title='bbox 2828 1522 3022 1578; x_wconf 89' lang='lat' dir='ltr'>usque</span> <span class='ocrx_word' id='word_1_556' title='bbox 3052 1505 3112 1561; x_wconf 89' lang='lat' dir='ltr'>in</span> <span class='ocrx_word' id='word_1_557' title='bbox 3145 1506 3595 1578; x_wconf 87' lang='lat' dir='ltr'>sempiternum.</span> <span class='ocrx_word' id='word_1_558' title='bbox 3625 1528 3651 1554; x_wconf 83' lang='grc'><strong>››</strong></span> 
     </span>
    </p>
   </div>
   <div class='ocr_carea' id='block_1_79' title="bbox 1986 1592 3656 1667">
    <p class='ocr_par' dir='ltr' id='par_1_79' title="bbox 1986 1592 3656 1667">
     <span class='ocr_line' id='line_1_79' title="bbox 1986 1592 3656 1667; baseline 0.002 -20"><span class='ocrx_word' id='word_1_559' title='bbox 1986 1592 2157 1657; x_wconf 88' lang='lat' dir='ltr'>Quod</span> <span class='ocrx_word' id='word_1_560' title='bbox 2214 1609 2357 1649; x_wconf 87' lang='lat' dir='ltr'>vero</span> <span class='ocrx_word' id='word_1_561' title='bbox 2414 1593 2842 1664; x_wconf 84' lang='lat' dir='ltr'>subjungitur:</span> <span class='ocrx_word' id='word_1_562' title='bbox 2904 1595 3209 1667; x_wconf 83' lang='lat' dir='ltr'>«quando</span> <span class='ocrx_word' id='word_1_563' title='bbox 3266 1593 3656 1650; x_wconf 87' lang='lat' dir='ltr'>eradicaverit</span> 
     </span>
    </p>
   </div>
   <div class='ocr_carea' id='block_1_80' title="bbox 1987 1682 3650 1757">
    <p class='ocr_par' dir='ltr' id='par_1_80' title="bbox 1987 1682 3650 1757">
     <span class='ocr_line' id='line_1_80' title="bbox 1987 1682 3650 1757; baseline 0.001 -21"><span class='ocrx_word' id='word_1_564' title='bbox 1987 1682 2275 1737; x_wconf 86' lang='lat' dir='ltr'>Dominus</span> <span class='ocrx_word' id='word_1_565' title='bbox 2297 1683 2572 1739; x_wconf 87' lang='lat' dir='ltr'>inimicos</span> <span class='ocrx_word' id='word_1_566' title='bbox 2602 1684 2787 1739; x_wconf 88' lang='lat' dir='ltr'>David</span> <span class='ocrx_word' id='word_1_567' title='bbox 2809 1700 3309 1757; x_wconf 86' lang='lat' dir='ltr'>unumquemque</span> <span class='ocrx_word' id='word_1_568' title='bbox 3335 1684 3410 1739; x_wconf 91' lang='lat' dir='ltr'>de</span> <span class='ocrx_word' id='word_1_569' title='bbox 3443 1689 3650 1739; x_wconf 86' lang='lat' dir='ltr'>terra.»</span> 
     </span>
    </p>
   </div>
   <div class='ocr_carea' id='block_1_81' title="bbox 1988 1773 3654 1847">
    <p class='ocr_par' dir='ltr' id='par_1_81' title="bbox 1988 1773 3654 1847">
     <span class='ocr_line' id='line_1_81' title="bbox 1988 1773 3654 1847; baseline 0.001 -20"><span class='ocrx_word' id='word_1_570' title='bbox 1988 1775 2051 1828; x_wconf 87' lang='lat' dir='ltr'>Et</span> <span class='ocrx_word' id='word_1_571' title='bbox 2072 1776 2208 1845; x_wconf 89' lang='lat' dir='ltr'>post</span> <span class='ocrx_word' id='word_1_572' title='bbox 2229 1788 2426 1844; x_wconf 88' lang='lat' dir='ltr'>pauca</span> <span class='ocrx_word' id='word_1_573' title='bbox 2448 1774 2759 1845; x_wconf 82' lang='lat' dir='ltr'>subjunxit</span> <span class='ocrx_word' id='word_1_574' title='bbox 2786 1791 2798 1828; x_wconf 89' lang='lat'><strong>:</strong></span> <span class='ocrx_word' id='word_1_575' title='bbox 2829 1797 2855 1823; x_wconf 91' lang='grc'>‹‹</span> <span class='ocrx_word' id='word_1_576' title='bbox 2881 1779 2939 1830; x_wconf 91' lang='lat' dir='ltr'>et</span> <span class='ocrx_word' id='word_1_577' title='bbox 2976 1776 3241 1847; x_wconf 87' lang='lat' dir='ltr'>requirat</span> <span class='ocrx_word' id='word_1_578' title='bbox 3264 1774 3556 1829; x_wconf 88' lang='lat' dir='ltr'>Dominus</span> <span class='ocrx_word' id='word_1_579' title='bbox 3578 1773 3654 1829; x_wconf 91' lang='lat' dir='ltr'>dc</span> 
     </span>
    </p>
   </div>
   <div class='ocr_carea' id='block_1_82' title="bbox 1987 1862 3656 1936">
    <p class='ocr_par' dir='ltr' id='par_1_82' title="bbox 1987 1862 3656 1936">
     <span class='ocr_line' id='line_1_82' title="bbox 1987 1862 3656 1936; baseline 0.001 -19"><span class='ocrx_word' id='word_1_580' title='bbox 1987 1878 2173 1918; x_wconf 84' lang='lat' dir='ltr'>manu</span> <span class='ocrx_word' id='word_1_581' title='bbox 2203 1862 2584 1918; x_wconf 79' lang='lat' dir='ltr'>inimicorum</span> <span class='ocrx_word' id='word_1_582' title='bbox 2621 1863 2827 1931; x_wconf 87' lang='lat' dir='ltr'>David,</span> <span class='ocrx_word' id='word_1_583' title='bbox 2854 1884 2881 1917; x_wconf 85' lang='lat'>»</span> <span class='ocrx_word' id='word_1_584' title='bbox 2906 1880 3014 1936; x_wconf 90' lang='lat' dir='ltr'>per</span> <span class='ocrx_word' id='word_1_585' title='bbox 3035 1864 3524 1936; x_wconf 87' lang='lat' dir='ltr'>anticipationem</span> <span class='ocrx_word' id='word_1_586' title='bbox 3550 1863 3656 1919; x_wconf 83' lang='lat' dir='ltr'>uti-</span> 
     </span>
    </p>
   </div>
   <div class='ocr_carea' id='block_1_83' title="bbox 1984 1950 3653 2024">
    <p class='ocr_par' dir='ltr' id='par_1_83' title="bbox 1984 1950 3653 2024">
     <span class='ocr_line' id='line_1_83' title="bbox 1984 1950 3653 2024; baseline 0.002 -21"><span class='ocrx_word' id='word_1_587' title='bbox 1984 1967 2103 2022; x_wconf 89' lang='lat' dir='ltr'>que</span> <span class='ocrx_word' id='word_1_588' title='bbox 2129 1950 2284 2018; x_wconf 87' lang='lat' dir='ltr'>fecit,</span> <span class='ocrx_word' id='word_1_589' title='bbox 2318 1951 2483 2023; x_wconf 88' lang='lat' dir='ltr'>prius</span> <span class='ocrx_word' id='word_1_590' title='bbox 2512 1951 2825 2008; x_wconf 89' lang='lat' dir='ltr'>historiam</span> <span class='ocrx_word' id='word_1_591' title='bbox 2856 1952 3444 2024; x_wconf 87' lang='lat' dir='ltr'>interserendo,quia</span> <span class='ocrx_word' id='word_1_592' title='bbox 3464 1951 3653 2007; x_wconf 92' lang='lat' dir='ltr'>multo</span> 
     </span>
    </p>
   </div>
   <div class='ocr_carea' id='block_1_84' title="bbox 1984 2040 3655 2112">
    <p class='ocr_par' dir='ltr' id='par_1_84' title="bbox 1984 2040 3655 2112">
     <span class='ocr_line' id='line_1_84' title="bbox 1984 2040 3655 2112; baseline 0.001 -18"><span class='ocrx_word' id='word_1_593' title='bbox 1984 2045 2122 2112; x_wconf 91' lang='lat' dir='ltr'>post</span> <span class='ocrx_word' id='word_1_594' title='bbox 2160 2044 2427 2112; x_wconf 89' lang='lat' dir='ltr'>tempore</span> <span class='ocrx_word' id='word_1_595' title='bbox 2454 2040 2679 2096; x_wconf 84' lang='lat' dir='ltr'>factum</span> <span class='ocrx_word' id='word_1_596' title='bbox 2706 2045 2813 2111; x_wconf 86' lang='lat' dir='ltr'>est,</span> <span class='ocrx_word' id='word_1_597' title='bbox 2846 2058 2984 2097; x_wconf 89' lang='lat' dir='ltr'>cum</span> <span class='ocrx_word' id='word_1_598' title='bbox 3016 2040 3323 2096; x_wconf 84' lang='lat' dir='ltr'>interfecto</span> <span class='ocrx_word' id='word_1_599' title='bbox 3358 2040 3655 2110; x_wconf 87' lang='lat' dir='ltr'>Saule,re-</span> 
     </span>
    </p>
   </div>
   <div class='ocr_carea' id='block_1_85' title="bbox 1987 2128 3652 2201">
    <p class='ocr_par' dir='ltr' id='par_1_85' title="bbox 1987 2128 3652 2201">
     <span class='ocr_line' id='line_1_85' title="bbox 1987 2128 3652 2201; baseline 0.001 -19"><span class='ocrx_word' id='word_1_600' title='bbox 1987 2144 2173 2198; x_wconf 88' lang='lat' dir='ltr'>gnum</span> <span class='ocrx_word' id='word_1_601' title='bbox 2197 2129 2275 2184; x_wconf 89' lang='lat' dir='ltr'>ad</span> <span class='ocrx_word' id='word_1_602' title='bbox 2307 2129 2561 2184; x_wconf 86' lang='lat' dir='ltr'>domum</span> <span class='ocrx_word' id='word_1_603' title='bbox 2594 2129 2781 2185; x_wconf 84' lang='lat' dir='ltr'>David</span> <span class='ocrx_word' id='word_1_604' title='bbox 2812 2129 3168 2185; x_wconf 87' lang='lat' dir='ltr'>translatum</span> <span class='ocrx_word' id='word_1_605' title='bbox 3197 2133 3305 2185; x_wconf 92' lang='lat' dir='ltr'>est.</span> <span class='ocrx_word' id='word_1_606' title='bbox 3338 2132 3403 2185; x_wconf 87' lang='lat' dir='ltr'>Et</span> <span class='ocrx_word' id='word_1_607' title='bbox 3430 2128 3535 2201; x_wconf 88' lang='lat' dir='ltr'>qui</span> <span class='ocrx_word' id='word_1_608' title='bbox 3560 2128 3652 2183; x_wconf 89' lang='lat' dir='ltr'>in-</span> 
     </span>
    </p>
   </div>
   <div class='ocr_carea' id='block_1_86' title="bbox 1984 2218 3655 2291">
    <p class='ocr_par' dir='ltr' id='par_1_86' title="bbox 1984 2218 3655 2291">
     <span class='ocr_line' id='line_1_86' title="bbox 1984 2218 3655 2291; baseline 0 -19"><span class='ocrx_word' id='word_1_609' title='bbox 1984 2223 2302 2273; x_wconf 88' lang='lat' dir='ltr'>nocentem</span> <span class='ocrx_word' id='word_1_610' title='bbox 2324 2234 2464 2274; x_wconf 91' lang='lat' dir='ltr'>eum</span> <span class='ocrx_word' id='word_1_611' title='bbox 2493 2218 2714 2288; x_wconf 88' lang='lat' dir='ltr'>injuste</span> <span class='ocrx_word' id='word_1_612' title='bbox 2746 2218 3286 2291; x_wconf 86' lang='lat' dir='ltr'>persequebantur,</span> <span class='ocrx_word' id='word_1_613' title='bbox 3322 2218 3486 2289; x_wconf 89' lang='lat' dir='ltr'>justa</span> <span class='ocrx_word' id='word_1_614' title='bbox 3514 2221 3655 2273; x_wconf 92' lang='lat' dir='ltr'>sunt</span> 
     </span>
    </p>
   </div>
   <div class='ocr_carea' id='block_1_87' title="bbox 1985 2307 3655 2379">
    <p class='ocr_par' dir='ltr' id='par_1_87' title="bbox 1985 2307 3655 2379">
     <span class='ocr_line' id='line_1_87' title="bbox 1985 2307 3655 2379; baseline 0 -17"><span class='ocrx_word' id='word_1_615' title='bbox 1985 2308 2269 2363; x_wconf 87' lang='lat' dir='ltr'>divinitus</span> <span class='ocrx_word' id='word_1_616' title='bbox 2302 2308 2521 2363; x_wconf 87' lang='lat' dir='ltr'>ultione</span> <span class='ocrx_word' id='word_1_617' title='bbox 2550 2308 2803 2364; x_wconf 83' lang='lat' dir='ltr'>multati.</span> <span class='ocrx_word' id='word_1_618' title='bbox 2836 2311 2997 2365; x_wconf 84' lang='lat' dir='ltr'>Tunc</span> <span class='ocrx_word' id='word_1_619' title='bbox 3026 2308 3187 2364; x_wconf 90' lang='lat' dir='ltr'>enim</span> <span class='ocrx_word' id='word_1_620' title='bbox 3219 2307 3528 2379; x_wconf 90' lang='lat' dir='ltr'>requisivit</span> <span class='ocrx_word' id='word_1_621' title='bbox 3548 2310 3655 2362; x_wconf 89' lang='lat' dir='ltr'>Do-</span> 
     </span>
    </p>
   </div>
   <div class='ocr_carea' id='block_1_88' title="bbox 1988 2397 3652 2470">
    <p class='ocr_par' dir='ltr' id='par_1_88' title="bbox 1988 2397 3652 2470">
     <span class='ocr_line' id='line_1_88' title="bbox 1988 2397 3652 2470; baseline -0.001 -18"><span class='ocrx_word' id='word_1_622' title='bbox 1988 2397 2188 2452; x_wconf 91' lang='lat' dir='ltr'>minus</span> <span class='ocrx_word' id='word_1_623' title='bbox 2219 2397 2293 2452; x_wconf 92' lang='lat' dir='ltr'>de</span> <span class='ocrx_word' id='word_1_624' title='bbox 2342 2414 2530 2453; x_wconf 88' lang='lat' dir='ltr'>manu</span> <span class='ocrx_word' id='word_1_625' title='bbox 2578 2397 2979 2463; x_wconf 91' lang='lat' dir='ltr'>inimicorum,</span> <span class='ocrx_word' id='word_1_626' title='bbox 3037 2414 3225 2470; x_wconf 90' lang='lat' dir='ltr'>quare</span> <span class='ocrx_word' id='word_1_627' title='bbox 3273 2398 3464 2453; x_wconf 86' lang='lat' dir='ltr'>virum</span> <span class='ocrx_word' id='word_1_628' title='bbox 3513 2412 3652 2452; x_wconf 91' lang='lat' dir='ltr'>san-</span> 
     </span>
    </p>
   </div>
   <div class='ocr_carea' id='block_1_89' title="bbox 1985 2485 3656 2557">
    <p class='ocr_par' dir='ltr' id='par_1_89' title="bbox 1985 2485 3656 2557">
     <span class='ocr_line' id='line_1_89' title="bbox 1985 2485 3656 2557; baseline -0.001 -15"><span class='ocrx_word' id='word_1_629' title='bbox 1985 2492 2149 2543; x_wconf 89' lang='lat' dir='ltr'>ctum</span> <span class='ocrx_word' id='word_1_630' title='bbox 2207 2486 2567 2543; x_wconf 72' lang='lat' dir='ltr'>afﬂixerint:</span> <span class='ocrx_word' id='word_1_631' title='bbox 2623 2491 2761 2543; x_wconf 92' lang='lat' dir='ltr'>tunc</span> <span class='ocrx_word' id='word_1_632' title='bbox 2810 2488 3139 2557; x_wconf 80' lang='lat' dir='ltr'>cogebatur</span> <span class='ocrx_word' id='word_1_633' title='bbox 3185 2488 3479 2544; x_wconf 89' lang='lat' dir='ltr'>rationem</span> <span class='ocrx_word' id='word_1_634' title='bbox 3524 2485 3656 2542; x_wconf 85' lang='lat' dir='ltr'>red-</span> 
     </span>
    </p>
   </div>
   <div class='ocr_carea' id='block_1_90' title="bbox 1984 2576 3653 2648">
    <p class='ocr_par' dir='ltr' id='par_1_90' title="bbox 1984 2576 3653 2648">
     <span class='ocr_line' id='line_1_90' title="bbox 1984 2576 3653 2648; baseline -0.001 -16"><span class='ocrx_word' id='word_1_635' title='bbox 1984 2577 2126 2633; x_wconf 88' lang='lat' dir='ltr'>dere</span> <span class='ocrx_word' id='word_1_636' title='bbox 2153 2577 2451 2643; x_wconf 88' lang='lat' dir='ltr'>odiorum,</span> <span class='ocrx_word' id='word_1_637' title='bbox 2480 2576 2705 2648; x_wconf 86' lang='lat' dir='ltr'>quibus</span> <span class='ocrx_word' id='word_1_638' title='bbox 2739 2582 2947 2633; x_wconf 87' lang='lat' dir='ltr'>contra</span> <span class='ocrx_word' id='word_1_639' title='bbox 2971 2576 3137 2633; x_wconf 90' lang='lat' dir='ltr'>illum</span> <span class='ocrx_word' id='word_1_640' title='bbox 3171 2582 3334 2633; x_wconf 88' lang='lat' dir='ltr'>tanto</span> <span class='ocrx_word' id='word_1_641' title='bbox 3384 2581 3653 2648; x_wconf 75' lang='lat' dir='ltr'>trmpore</span> 
     </span>
    </p>
   </div>
   <div class='ocr_carea' id='block_1_91' title="bbox 1984 2666 3653 2738">
    <p class='ocr_par' dir='ltr' id='par_1_91' title="bbox 1984 2666 3653 2738">
     <span class='ocr_line' id='line_1_91' title="bbox 1984 2666 3653 2738; baseline -0.001 -17"><span class='ocrx_word' id='word_1_642' title='bbox 1984 2667 2317 2735; x_wconf 61' lang='lat' dir='ltr'>saevierant,</span> <span class='ocrx_word' id='word_1_643' title='bbox 2346 2683 2483 2738; x_wconf 63' lang='lat' dir='ltr'>qua:</span> <span class='ocrx_word' id='word_1_644' title='bbox 2513 2671 2570 2722; x_wconf 91' lang='lat' dir='ltr'>et</span> <span class='ocrx_word' id='word_1_645' title='bbox 2595 2667 2668 2721; x_wconf 86' lang='lat' dir='ltr'>dc</span> <span class='ocrx_word' id='word_1_646' title='bbox 2696 2667 2962 2722; x_wconf 82' lang='lat' dir='ltr'>Absalon</span> <span class='ocrx_word' id='word_1_647' title='bbox 2994 2672 3050 2722; x_wconf 90' lang='lat' dir='ltr'>et</span> <span class='ocrx_word' id='word_1_648' title='bbox 3075 2668 3149 2722; x_wconf 93' lang='lat' dir='ltr'>de</span> <span class='ocrx_word' id='word_1_649' title='bbox 3184 2667 3322 2723; x_wconf 90' lang='lat' dir='ltr'>Siba</span> <span class='ocrx_word' id='word_1_650' title='bbox 3370 2666 3493 2721; x_wconf 89' lang='lat' dir='ltr'>ﬁlio</span> <span class='ocrx_word' id='word_1_651' title='bbox 3544 2668 3653 2719; x_wconf 89' lang='lat' dir='ltr'>Bo-</span> 
     </span>
    </p>
   </div>
   <div class='ocr_carea' id='block_1_92' title="bbox 1982 2754 3652 2829">
    <p class='ocr_par' dir='ltr' id='par_1_92' title="bbox 1982 2754 3652 2829">
     <span class='ocr_line' id='line_1_92' title="bbox 1982 2754 3652 2829; baseline 0.001 -19"><span class='ocrx_word' id='word_1_652' title='bbox 1982 2756 2130 2814; x_wconf 83' lang='lat' dir='ltr'>chri.</span> <span class='ocrx_word' id='word_1_653' title='bbox 2163 2761 2219 2812; x_wconf 91' lang='lat' dir='ltr'>et</span> <span class='ocrx_word' id='word_1_654' title='bbox 2246 2756 2319 2811; x_wconf 89' lang='lat' dir='ltr'>de</span> <span class='ocrx_word' id='word_1_655' title='bbox 2351 2756 2578 2811; x_wconf 75' lang='lat' dir='ltr'>cieteris</span> <span class='ocrx_word' id='word_1_656' title='bbox 2611 2756 2882 2812; x_wconf 84' lang='lat' dir='ltr'>hostibus</span> <span class='ocrx_word' id='word_1_657' title='bbox 2908 2756 3095 2812; x_wconf 90' lang='lat' dir='ltr'>David</span> <span class='ocrx_word' id='word_1_658' title='bbox 3142 2761 3339 2829; x_wconf 87' lang='lat' dir='ltr'>potest</span> <span class='ocrx_word' id='word_1_659' title='bbox 3384 2754 3652 2824; x_wconf 88' lang='lat' dir='ltr'>intelligi.</span> 
     </span>
    </p>
   </div>
   <div class='ocr_carea' id='block_1_93' title="bbox 1981 2844 3657 2920">
    <p class='ocr_par' dir='ltr' id='par_1_93' title="bbox 1981 2844 3657 2920">
     <span class='ocr_line' id='line_1_93' title="bbox 1981 2844 3657 2920; baseline 0.001 -20"><span class='ocrx_word' id='word_1_660' title='bbox 1981 2844 2161 2901; x_wconf 82' lang='lat' dir='ltr'>Aliter</span> <span class='ocrx_word' id='word_1_661' title='bbox 2193 2862 2206 2901; x_wconf 93' lang='lat'><strong>:</strong></span> <span class='ocrx_word' id='word_1_662' title='bbox 2243 2845 2298 2901; x_wconf 92' lang='lat' dir='ltr'>Si</span> <span class='ocrx_word' id='word_1_663' title='bbox 2325 2846 2473 2901; x_wconf 91' lang='lat' dir='ltr'>scire</span> <span class='ocrx_word' id='word_1_664' title='bbox 2503 2846 2591 2902; x_wconf 89' lang='lat' dir='ltr'>vis</span> <span class='ocrx_word' id='word_1_665' title='bbox 2622 2846 2789 2920; x_wconf 89' lang='lat' dir='ltr'>quod</span> <span class='ocrx_word' id='word_1_666' title='bbox 2814 2845 2889 2901; x_wconf 90' lang='lat' dir='ltr'>de</span> <span class='ocrx_word' id='word_1_667' title='bbox 2922 2862 3107 2902; x_wconf 90' lang='lat' dir='ltr'>manu</span> <span class='ocrx_word' id='word_1_668' title='bbox 3136 2845 3523 2901; x_wconf 87' lang='lat' dir='ltr'>inimicorum</span> <span class='ocrx_word' id='word_1_669' title='bbox 3548 2847 3657 2901; x_wconf 90' lang='lat' dir='ltr'>Da-</span> 
     </span>
    </p>
   </div>
   <div class='ocr_carea' id='block_1_94' title="bbox 1982 2934 3656 3008">
    <p class='ocr_par' dir='ltr' id='par_1_94' title="bbox 1982 2934 3656 3008">
     <span class='ocr_line' id='line_1_94' title="bbox 1982 2934 3656 3008; baseline 0.001 -18"><span class='ocrx_word' id='word_1_670' title='bbox 1982 2934 2080 2990; x_wconf 89' lang='lat' dir='ltr'>vid</span> <span class='ocrx_word' id='word_1_671' title='bbox 2146 2935 2479 3007; x_wconf 87' lang='lat' dir='ltr'>requisierit</span> <span class='ocrx_word' id='word_1_672' title='bbox 2543 2936 2859 3003; x_wconf 86' lang='lat' dir='ltr'>Dominus,</span> <span class='ocrx_word' id='word_1_673' title='bbox 2920 2940 3114 3008; x_wconf 90' lang='lat' dir='ltr'>potest</span> <span class='ocrx_word' id='word_1_674' title='bbox 3179 2936 3315 3005; x_wconf 90' lang='lat' dir='ltr'>(nisi</span> <span class='ocrx_word' id='word_1_675' title='bbox 3368 2934 3565 3006; x_wconf 89' lang='lat' dir='ltr'>fallor)</span> <span class='ocrx_word' id='word_1_676' title='bbox 3619 2952 3656 2991; x_wconf 80' lang='grc' dir='ltr'><strong>ο.</strong></span> 
     </span>
    </p>
   </div>
   <div class='ocr_carea' id='block_1_95' title="bbox 1985 3024 3653 3096">
    <p class='ocr_par' dir='ltr' id='par_1_95' title="bbox 1985 3024 3653 3096">
     <span class='ocr_line' id='line_1_95' title="bbox 1985 3024 3653 3096; baseline 0 -17"><span class='ocrx_word' id='word_1_677' title='bbox 1985 3024 2275 3095; x_wconf 88' lang='lat' dir='ltr'>superiori</span> <span class='ocrx_word' id='word_1_678' title='bbox 2338 3024 2648 3089; x_wconf 85' lang='lat' dir='ltr'>sententia,</span> <span class='ocrx_word' id='word_1_679' title='bbox 2708 3040 2831 3096; x_wconf 89' lang='lat' dir='ltr'>qua</span> <span class='ocrx_word' id='word_1_680' title='bbox 2883 3024 3113 3080; x_wconf 89' lang='lat' dir='ltr'>dictum</span> <span class='ocrx_word' id='word_1_681' title='bbox 3175 3030 3282 3094; x_wconf 91' lang='lat' dir='ltr'>est,</span> <span class='ocrx_word' id='word_1_682' title='bbox 3351 3024 3495 3096; x_wconf 89' lang='lat' dir='ltr'>quia</span> <span class='ocrx_word' id='word_1_683' title='bbox 3548 3024 3653 3079; x_wconf 72' lang='lat' dir='ltr'>toa-</span> 
     </span>
    </p>
   </div>
   <div class='ocr_carea' id='block_1_96' title="bbox 1984 3113 3657 3186">
    <p class='ocr_par' dir='ltr' id='par_1_96' title="bbox 1984 3113 3657 3186">
     <span class='ocr_line' id='line_1_96' title="bbox 1984 3113 3657 3186; baseline 0 -17"><span class='ocrx_word' id='word_1_684' title='bbox 1984 3113 2101 3169; x_wconf 89' lang='lat' dir='ltr'>dus</span> <span class='ocrx_word' id='word_1_685' title='bbox 2152 3113 2445 3186; x_wconf 80' lang='lat' dir='ltr'>pepigerit</span> <span class='ocrx_word' id='word_1_686' title='bbox 2484 3115 2775 3169; x_wconf 86' lang='lat' dir='ltr'>Jonathas</span> <span class='ocrx_word' id='word_1_687' title='bbox 2817 3131 2953 3169; x_wconf 90' lang='lat' dir='ltr'>cum</span> <span class='ocrx_word' id='word_1_688' title='bbox 3005 3115 3190 3169; x_wconf 87' lang='lat' dir='ltr'>domo</span> <span class='ocrx_word' id='word_1_689' title='bbox 3232 3114 3440 3177; x_wconf 84' lang='lat' dir='ltr'>David,</span> <span class='ocrx_word' id='word_1_690' title='bbox 3492 3114 3657 3169; x_wconf 84' lang='lat' dir='ltr'>intel-</span> 
     </span>
    </p>
   </div>
   <div class='ocr_carea' id='block_1_97' title="bbox 1989 3202 3656 3275">
    <p class='ocr_par' dir='ltr' id='par_1_97' title="bbox 1989 3202 3656 3275">
     <span class='ocr_line' id='line_1_97' title="bbox 1989 3202 3656 3275; baseline 0 -18"><span class='ocrx_word' id='word_1_691' title='bbox 1989 3202 2107 3272; x_wconf 86' lang='lat' dir='ltr'>ligi,</span> <span class='ocrx_word' id='word_1_692' title='bbox 2138 3202 2281 3275; x_wconf 89' lang='lat' dir='ltr'>quia</span> <span class='ocrx_word' id='word_1_693' title='bbox 2306 3204 2418 3259; x_wconf 89' lang='lat' dir='ltr'>hoc</span> <span class='ocrx_word' id='word_1_694' title='bbox 2447 3202 2523 3259; x_wconf 85' lang='lat' dir='ltr'>de</span> <span class='ocrx_word' id='word_1_695' title='bbox 2562 3218 2751 3257; x_wconf 90' lang='lat' dir='ltr'>manu</span> <span class='ocrx_word' id='word_1_696' title='bbox 2797 3202 3182 3258; x_wconf 88' lang='lat' dir='ltr'>inimicorum</span> <span class='ocrx_word' id='word_1_697' title='bbox 3228 3203 3413 3257; x_wconf 90' lang='lat' dir='ltr'>David</span> <span class='ocrx_word' id='word_1_698' title='bbox 3460 3203 3656 3274; x_wconf 86' lang='lat' dir='ltr'>requi-</span> 
     </span>
    </p>
   </div>
   <div class='ocr_carea' id='block_1_98' title="bbox 1988 3292 3656 3364">
    <p class='ocr_par' dir='ltr' id='par_1_98' title="bbox 1988 3292 3656 3364">
     <span class='ocr_line' id='line_1_98' title="bbox 1988 3292 3656 3364; baseline 0.001 -17"><span class='ocrx_word' id='word_1_699' title='bbox 1988 3292 2168 3347; x_wconf 87' lang='lat' dir='ltr'>sierit.</span> <span class='ocrx_word' id='word_1_700' title='bbox 2228 3292 2287 3348; x_wconf 85' lang='lat' dir='ltr'>Id</span> <span class='ocrx_word' id='word_1_701' title='bbox 2332 3297 2419 3347; x_wconf 87' lang='lat' dir='ltr'>est</span> <span class='ocrx_word' id='word_1_702' title='bbox 2469 3308 2656 3364; x_wconf 89' lang='lat' dir='ltr'>quare</span> <span class='ocrx_word' id='word_1_703' title='bbox 2704 3305 2828 3347; x_wconf 88' lang='lat' dir='ltr'>non</span> <span class='ocrx_word' id='word_1_704' title='bbox 2873 3297 2929 3348; x_wconf 90' lang='lat' dir='ltr'>et</span> <span class='ocrx_word' id='word_1_705' title='bbox 2980 3292 3094 3363; x_wconf 91' lang='lat' dir='ltr'>ipsi</span> <span class='ocrx_word' id='word_1_706' title='bbox 3145 3292 3340 3347; x_wconf 84' lang='lat' dir='ltr'>foedus</span> <span class='ocrx_word' id='word_1_707' title='bbox 3394 3308 3531 3347; x_wconf 88' lang='lat' dir='ltr'>cum</span> <span class='ocrx_word' id='word_1_708' title='bbox 3584 3307 3656 3348; x_wconf 89' lang='lat' dir='ltr'>eo</span> 
     </span>
    </p>
   </div>
   <div class='ocr_carea' id='block_1_99' title="bbox 1988 3382 3658 3455">
    <p class='ocr_par' dir='ltr' id='par_1_99' title="bbox 1988 3382 3658 3455">
     <span class='ocr_line' id='line_1_99' title="bbox 1988 3382 3658 3455; baseline 0 -16"><span class='ocrx_word' id='word_1_709' title='bbox 1988 3382 2153 3455; x_wconf 84' lang='lat' dir='ltr'>pacis</span> <span class='ocrx_word' id='word_1_710' title='bbox 2205 3383 2353 3438; x_wconf 88' lang='lat' dir='ltr'>inire</span> <span class='ocrx_word' id='word_1_711' title='bbox 2407 3382 2725 3450; x_wconf 84' lang='lat' dir='ltr'>voluerint,</span> <span class='ocrx_word' id='word_1_712' title='bbox 2776 3399 2915 3437; x_wconf 89' lang='lat' dir='ltr'>cum</span> <span class='ocrx_word' id='word_1_713' title='bbox 2978 3398 3101 3454; x_wconf 91' lang='lat' dir='ltr'>quo</span> <span class='ocrx_word' id='word_1_714' title='bbox 3154 3399 3287 3437; x_wconf 85' lang='lat' dir='ltr'>esse</span> <span class='ocrx_word' id='word_1_715' title='bbox 3335 3384 3658 3439; x_wconf 89' lang='lat' dir='ltr'>Dominum</span> 
     </span>
    </p>
   </div>
   <div class='ocr_carea' id='block_1_100' title="bbox 1990 3472 3657 3545">
    <p class='ocr_par' dir='ltr' id='par_1_100' title="bbox 1990 3472 3657 3545">
     <span class='ocr_line' id='line_1_100' title="bbox 1990 3472 3657 3545; baseline 0.001 -17"><span class='ocrx_word' id='word_1_716' title='bbox 1990 3473 2287 3529; x_wconf 89' lang='lat' dir='ltr'>viderunt.</span> <span class='ocrx_word' id='word_1_717' title='bbox 2320 3472 2544 3528; x_wconf 83' lang='lat' dir='ltr'>idcirco</span> <span class='ocrx_word' id='word_1_718' title='bbox 2574 3478 2775 3528; x_wconf 83' lang='lat' dir='ltr'>autem</span> <span class='ocrx_word' id='word_1_719' title='bbox 2805 3473 3108 3545; x_wconf 87' lang='lat' dir='ltr'>Scriptura</span> <span class='ocrx_word' id='word_1_720' title='bbox 3155 3473 3250 3528; x_wconf 87' lang='lat' dir='ltr'>hic</span> <span class='ocrx_word' id='word_1_721' title='bbox 3301 3473 3657 3529; x_wconf 85' lang='lat' dir='ltr'>sententiam</span> 
     </span>
    </p>
   </div>
   <div class='ocr_carea' id='block_1_101' title="bbox 1992 3562 3658 3636">
    <p class='ocr_par' dir='ltr' id='par_1_101' title="bbox 1992 3562 3658 3636">
     <span class='ocr_line' id='line_1_101' title="bbox 1992 3562 3658 3636; baseline -0.001 -17"><span class='ocrx_word' id='word_1_722' title='bbox 1992 3564 2148 3619; x_wconf 85' lang='lat' dir='ltr'>hanc</span> <span class='ocrx_word' id='word_1_723' title='bbox 2180 3562 2666 3636; x_wconf 74' lang='lat' dir='ltr'>prmoccupando</span> <span class='ocrx_word' id='word_1_724' title='bbox 2695 3562 3073 3634; x_wconf 89' lang='lat' dir='ltr'>interponere</span> <span class='ocrx_word' id='word_1_725' title='bbox 3103 3564 3359 3633; x_wconf 75' lang='lat' dir='ltr'>videtur,</span> <span class='ocrx_word' id='word_1_726' title='bbox 3404 3567 3468 3617; x_wconf 91' lang='lat' dir='ltr'>ut</span> <span class='ocrx_word' id='word_1_727' title='bbox 3504 3562 3658 3617; x_wconf 83' lang='lat' dir='ltr'>testi-</span> 
     </span>
    </p>
   </div>
   <div class='ocr_carea' id='block_1_102' title="bbox 1993 3652 3659 3723">
    <p class='ocr_par' dir='ltr' id='par_1_102' title="bbox 1993 3652 3659 3723">
     <span class='ocr_line' id='line_1_102' title="bbox 1993 3652 3659 3723; baseline -0.001 -15"><span class='ocrx_word' id='word_1_728' title='bbox 1993 3654 2268 3708; x_wconf 90' lang='lat' dir='ltr'>monium</span> <span class='ocrx_word' id='word_1_729' title='bbox 2293 3654 2589 3715; x_wconf 47' lang='lat' dir='ltr'>Jonath‘ae,</span> <span class='ocrx_word' id='word_1_730' title='bbox 2620 3652 2785 3723; x_wconf 90' lang='lat' dir='ltr'>quod</span> <span class='ocrx_word' id='word_1_731' title='bbox 2816 3652 3048 3707; x_wconf 83' lang='lat' dir='ltr'>dixerat</span> <span class='ocrx_word' id='word_1_732' title='bbox 3077 3652 3346 3723; x_wconf 80' lang='lat' dir='ltr'>(quando</span> <span class='ocrx_word' id='word_1_733' title='bbox 3395 3652 3659 3707; x_wconf 87' lang='lat' dir='ltr'>eredica-</span> 
     </span>
    </p>
   </div>
   <div class='ocr_carea' id='block_1_103' title="bbox 1990 3740 3657 3812">
    <p class='ocr_par' dir='ltr' id='par_1_103' title="bbox 1990 3740 3657 3812">
     <span class='ocr_line' id='line_1_103' title="bbox 1990 3740 3657 3812; baseline -0.001 -16"><span class='ocrx_word' id='word_1_734' title='bbox 1990 3742 2136 3797; x_wconf 71' lang='lat' dir='ltr'>verit</span> <span class='ocrx_word' id='word_1_735' title='bbox 2162 3741 2437 3796; x_wconf 86' lang='lat' dir='ltr'>inimicos</span> <span class='ocrx_word' id='word_1_736' title='bbox 2466 3740 2653 3795; x_wconf 90' lang='lat' dir='ltr'>David</span> <span class='ocrx_word' id='word_1_737' title='bbox 2682 3754 3181 3812; x_wconf 85' lang='lat' dir='ltr'>unumquemque</span> <span class='ocrx_word' id='word_1_738' title='bbox 3211 3740 3285 3795; x_wconf 88' lang='lat' dir='ltr'>de</span> <span class='ocrx_word' id='word_1_739' title='bbox 3332 3744 3510 3806; x_wconf 78' lang='lat' dir='ltr'>terra)</span> <span class='ocrx_word' id='word_1_740' title='bbox 3554 3753 3657 3795; x_wconf 81' lang='lat' dir='ltr'>ve-</span> 
     </span>
    </p>
   </div>
   <div class='ocr_carea' id='block_1_104' title="bbox 1992 3828 3658 3902">
    <p class='ocr_par' dir='ltr' id='par_1_104' title="bbox 1992 3828 3658 3902">
     <span class='ocr_line' id='line_1_104' title="bbox 1992 3828 3658 3902; baseline -0.001 -16"><span class='ocrx_word' id='word_1_741' title='bbox 1992 3846 2125 3886; x_wconf 91' lang='lat' dir='ltr'>rum</span> <span class='ocrx_word' id='word_1_742' title='bbox 2184 3847 2319 3886; x_wconf 87' lang='lat' dir='ltr'>esse</span> <span class='ocrx_word' id='word_1_743' title='bbox 2371 3830 2814 3902; x_wconf 83' lang='lat' dir='ltr'>comprobaret,</span> <span class='ocrx_word' id='word_1_744' title='bbox 2865 3830 3009 3902; x_wconf 85' lang='lat' dir='ltr'>quia</span> <span class='ocrx_word' id='word_1_745' title='bbox 3051 3828 3329 3884; x_wconf 87' lang='lat' dir='ltr'>videlicet</span> <span class='ocrx_word' id='word_1_746' title='bbox 3373 3829 3658 3884; x_wconf 84' lang='lat' dir='ltr'>eradicati</span> 
     </span>
    </p>
   </div>
   <div class='ocr_carea' id='block_1_105' title="bbox 1991 3918 3658 3991">
    <p class='ocr_par' dir='ltr' id='par_1_105' title="bbox 1991 3918 3658 3991">
     <span class='ocr_line' id='line_1_105' title="bbox 1991 3918 3658 3991; baseline -0.002 -15"><span class='ocrx_word' id='word_1_747' title='bbox 1991 3926 2132 3977; x_wconf 89' lang='lat' dir='ltr'>sunt</span> <span class='ocrx_word' id='word_1_748' title='bbox 2160 3920 2383 3977; x_wconf 88' lang='lat' dir='ltr'>inimici</span> <span class='ocrx_word' id='word_1_749' title='bbox 2419 3919 2607 3975; x_wconf 87' lang='lat' dir='ltr'>David</span> <span class='ocrx_word' id='word_1_750' title='bbox 2636 3919 2711 3974; x_wconf 91' lang='lat' dir='ltr'>de</span> <span class='ocrx_word' id='word_1_751' title='bbox 2738 3924 2917 3988; x_wconf 87' lang='lat' dir='ltr'>terra,</span> <span class='ocrx_word' id='word_1_752' title='bbox 2940 3935 3063 3975; x_wconf 89' lang='lat' dir='ltr'>non</span> <span class='ocrx_word' id='word_1_753' title='bbox 3101 3919 3233 3991; x_wconf 89' lang='lat' dir='ltr'>ipso</span> <span class='ocrx_word' id='word_1_754' title='bbox 3268 3918 3449 3973; x_wconf 84' lang='lat' dir='ltr'>David</span> <span class='ocrx_word' id='word_1_755' title='bbox 3483 3933 3543 3973; x_wconf 91' lang='lat' dir='ltr'>se</span> <span class='ocrx_word' id='word_1_756' title='bbox 3583 3919 3658 3973; x_wconf 91' lang='lat' dir='ltr'>de</span> 
     </span>
    </p>
   </div>
   <div class='ocr_carea' id='block_1_106' title="bbox 1992 4006 3658 4079">
    <p class='ocr_par' dir='ltr' id='par_1_106' title="bbox 1992 4006 3658 4079">
     <span class='ocr_line' id='line_1_106' title="bbox 1992 4006 3658 4079; baseline -0.003 -13"><span class='ocrx_word' id='word_1_757' title='bbox 1992 4010 2348 4066; x_wconf 88' lang='lat' dir='ltr'>adversariis</span> <span class='ocrx_word' id='word_1_758' title='bbox 2380 4008 2724 4074; x_wconf 89' lang='lat' dir='ltr'>ulciscente,</span> <span class='ocrx_word' id='word_1_759' title='bbox 2753 4006 2859 4063; x_wconf 91' lang='lat' dir='ltr'>sed</span> <span class='ocrx_word' id='word_1_760' title='bbox 2892 4007 3204 4079; x_wconf 87' lang='lat' dir='ltr'>judicante</span> <span class='ocrx_word' id='word_1_761' title='bbox 3248 4006 3501 4062; x_wconf 91' lang='lat' dir='ltr'>Domino</span> <span class='ocrx_word' id='word_1_762' title='bbox 3546 4019 3658 4079; x_wconf 87' lang='lat' dir='ltr'>pro</span> 
     </span>
    </p>
   </div>
   <div class='ocr_carea' id='block_1_107' title="bbox 1988 4097 2995 4168">
    <p class='ocr_par' dir='ltr' id='par_1_107' title="bbox 1988 4097 2995 4168">
     <span class='ocr_line' id='line_1_107' title="bbox 1988 4097 2995 4168; baseline -0.002 -14"><span class='ocrx_word' id='word_1_763' title='bbox 1988 4099 2113 4155; x_wconf 91' lang='lat' dir='ltr'>illo.</span> <span class='ocrx_word' id='word_1_764' title='bbox 2145 4102 2303 4154; x_wconf 90' lang='lat' dir='ltr'>Bene</span> <span class='ocrx_word' id='word_1_765' title='bbox 2335 4104 2537 4155; x_wconf 85' lang='lat' dir='ltr'>autem</span> <span class='ocrx_word' id='word_1_766' title='bbox 2568 4097 2995 4168; x_wconf 82' lang='lat' dir='ltr'>subjungitur:</span> 
     </span>
    </p>
   </div>
   <div class='ocr_carea' id='block_1_108' title="bbox 2063 4185 3662 4259">
    <p class='ocr_par' dir='ltr' id='par_1_108' title="bbox 2063 4185 3662 4259">
     <span class='ocr_line' id='line_1_108' title="bbox 2063 4185 3662 4259; baseline 0.001 -20"><span class='ocrx_word' id='word_1_767' title='bbox 2063 4210 2092 4239; x_wconf 76' lang='grc' dir='ltr'>κ</span> <span class='ocrx_word' id='word_1_768' title='bbox 2134 4193 2197 4245; x_wconf 83' lang='lat' dir='ltr'>Et</span> <span class='ocrx_word' id='word_1_769' title='bbox 2229 4188 2464 4245; x_wconf 86' lang='lat' dir='ltr'>addidit</span> <span class='ocrx_word' id='word_1_770' title='bbox 2490 4188 2781 4244; x_wconf 88' lang='lat' dir='ltr'>Jonathas</span> <span class='ocrx_word' id='word_1_771' title='bbox 2825 4187 3092 4258; x_wconf 89' lang='lat' dir='ltr'>dejerare</span> <span class='ocrx_word' id='word_1_772' title='bbox 3144 4186 3334 4243; x_wconf 82' lang='lat' dir='ltr'>David</span> <span class='ocrx_word' id='word_1_773' title='bbox 3378 4200 3450 4242; x_wconf 90' lang='lat' dir='ltr'>eo</span> <span class='ocrx_word' id='word_1_774' title='bbox 3493 4185 3662 4259; x_wconf 89' lang='lat' dir='ltr'>quod</span> 
     </span>
    </p>
   </div>
   <div class='ocr_carea' id='block_1_109' title="bbox 1994 4276 3664 4345">
    <p class='ocr_par' dir='ltr' id='par_1_109' title="bbox 1994 4276 3664 4345">
     <span class='ocr_line' id='line_1_109' title="bbox 1994 4276 3664 4345; baseline 0.001 -16"><span class='ocrx_word' id='word_1_775' title='bbox 1994 4300 2023 4329; x_wconf 81' lang='grc' dir='ltr'><strong><em>α</em></strong></span> <span class='ocrx_word' id='word_1_776' title='bbox 2063 4278 2333 4345; x_wconf 83' lang='lat' dir='ltr'>diligeret</span> <span class='ocrx_word' id='word_1_777' title='bbox 2369 4277 2557 4332; x_wconf 89' lang='lat' dir='ltr'>illum.</span> <span class='ocrx_word' id='word_1_778' title='bbox 2593 4278 2752 4332; x_wconf 86' lang='lat' dir='ltr'>Sicut</span> <span class='ocrx_word' id='word_1_779' title='bbox 2801 4276 2963 4331; x_wconf 88' lang='lat' dir='ltr'>enim</span> <span class='ocrx_word' id='word_1_780' title='bbox 3012 4278 3280 4332; x_wconf 88' lang='lat' dir='ltr'>animam</span> <span class='ocrx_word' id='word_1_781' title='bbox 3327 4292 3523 4344; x_wconf 83' lang='lat' dir='ltr'>suam,</span> <span class='ocrx_word' id='word_1_782' title='bbox 3579 4276 3664 4332; x_wconf 91' lang='lat' dir='ltr'>ita</span> 
     </span>
    </p>
   </div>
   <div class='ocr_carea' id='block_1_110' title="bbox 1997 4364 3666 4439">
    <p class='ocr_par' dir='ltr' id='par_1_110' title="bbox 1997 4364 3666 4439">
     <span class='ocr_line' id='line_1_110' title="bbox 1997 4364 3666 4439; baseline -0.002 -15"><span class='ocrx_word' id='word_1_783' title='bbox 1997 4392 2023 4418; x_wconf 76' lang='grc' dir='ltr'>α</span> <span class='ocrx_word' id='word_1_784' title='bbox 2064 4368 2353 4437; x_wconf 80' lang='lat' dir='ltr'>diligebat</span> <span class='ocrx_word' id='word_1_785' title='bbox 2383 4380 2543 4422; x_wconf 88' lang='lat' dir='ltr'>eum.</span> <span class='ocrx_word' id='word_1_786' title='bbox 2579 4386 2606 4414; x_wconf 69' lang='grc' dir='ltr'><strong><em>η</em></strong></span> <span class='ocrx_word' id='word_1_787' title='bbox 2638 4368 2705 4421; x_wconf 89' lang='lat' dir='ltr'>Ut</span> <span class='ocrx_word' id='word_1_788' title='bbox 2732 4365 2827 4421; x_wconf 88' lang='lat' dir='ltr'>ille</span> <span class='ocrx_word' id='word_1_789' title='bbox 2868 4367 3148 4422; x_wconf 87' lang='lat' dir='ltr'>nimirum</span> <span class='ocrx_word' id='word_1_790' title='bbox 3178 4366 3282 4439; x_wconf 86' lang='lat' dir='ltr'>qui</span> <span class='ocrx_word' id='word_1_791' title='bbox 3322 4371 3447 4423; x_wconf 86' lang='lat' dir='ltr'>tam</span> <span class='ocrx_word' id='word_1_792' title='bbox 3477 4364 3666 4439; x_wconf 77' lang='lat' dir='ltr'>perfe-</span> 
     </span>
    </p>
   </div>
   <div class='ocr_carea' id='block_1_111' title="bbox 1992 4455 3661 4529">
    <p class='ocr_par' dir='ltr' id='par_1_111' title="bbox 1992 4455 3661 4529">
     <span class='ocr_line' id='line_1_111' title="bbox 1992 4455 3661 4529; baseline -0.002 -15"><span class='ocrx_word' id='word_1_793' title='bbox 1992 4463 2087 4515; x_wconf 92' lang='lat' dir='ltr'>cto</span> <span class='ocrx_word' id='word_1_794' title='bbox 2114 4459 2287 4529; x_wconf 76' lang='lat' dir='ltr'>juxta</span> <span class='ocrx_word' id='word_1_795' title='bbox 2316 4456 2511 4525; x_wconf 87' lang='lat' dir='ltr'>legem</span> <span class='ocrx_word' id='word_1_796' title='bbox 2542 4455 2639 4509; x_wconf 87' lang='lat' dir='ltr'>Dei</span> <span class='ocrx_word' id='word_1_797' title='bbox 2668 4471 2873 4511; x_wconf 85' lang='lat' dir='ltr'>amore</span> <span class='ocrx_word' id='word_1_798' title='bbox 2900 4456 3415 4529; x_wconf 83' lang='lat' dir='ltr'>complectebatur</span> <span class='ocrx_word' id='word_1_799' title='bbox 3451 4455 3661 4525; x_wconf 83' lang='lat' dir='ltr'>David,</span> 
     </span>
    </p>
   </div>
   <div class='ocr_carea' id='block_1_112' title="bbox 1992 4544 3664 4619">
    <p class='ocr_par' dir='ltr' id='par_1_112' title="bbox 1992 4544 3664 4619">
     <span class='ocr_line' id='line_1_112' title="bbox 1992 4544 3664 4619; baseline -0.004 -15"><span class='ocrx_word' id='word_1_800' title='bbox 1992 4565 2028 4604; x_wconf 93' lang='lat' dir='ltr'>a</span> <span class='ocrx_word' id='word_1_801' title='bbox 2054 4547 2386 4619; x_wconf 86' lang='lat' dir='ltr'>perditione</span> <span class='ocrx_word' id='word_1_802' title='bbox 2414 4544 2797 4600; x_wconf 87' lang='lat' dir='ltr'>inimicorum</span> <span class='ocrx_word' id='word_1_803' title='bbox 2843 4544 2973 4614; x_wconf 85' lang='lat' dir='ltr'>ejus</span> <span class='ocrx_word' id='word_1_804' title='bbox 3005 4545 3418 4600; x_wconf 86' lang='lat' dir='ltr'>ostenderetur</span> <span class='ocrx_word' id='word_1_805' title='bbox 3446 4544 3664 4599; x_wconf 89' lang='lat' dir='ltr'>immu-</span> 
     </span>
    </p>
   </div>
   <div class='ocr_carea' id='block_1_113' title="bbox 1991 4635 3663 4704">
    <p class='ocr_par' dir='ltr' id='par_1_113' title="bbox 1991 4635 3663 4704">
     <span class='ocr_line' id='line_1_113' title="bbox 1991 4635 3663 4704; baseline -0.004 -11"><span class='ocrx_word' id='word_1_806' title='bbox 1991 4638 2107 4693; x_wconf 81' lang='lat' dir='ltr'>nis.</span> <span class='ocrx_word' id='word_1_807' title='bbox 2141 4638 2249 4702; x_wconf 88' lang='lat' dir='ltr'>Qui</span> <span class='ocrx_word' id='word_1_808' title='bbox 2280 4641 2337 4691; x_wconf 89' lang='lat' dir='ltr'>et</span> <span class='ocrx_word' id='word_1_809' title='bbox 2364 4635 2412 4690; x_wconf 81' lang='lat' dir='ltr'>si</span> <span class='ocrx_word' id='word_1_810' title='bbox 2437 4636 2549 4690; x_wconf 88' lang='lat' dir='ltr'>ista</span> <span class='ocrx_word' id='word_1_811' title='bbox 2589 4638 2778 4688; x_wconf 88' lang='lat' dir='ltr'>morte</span> <span class='ocrx_word' id='word_1_812' title='bbox 2809 4639 3174 4704; x_wconf 67' lang='lat' dir='ltr'>prseventus,</span> <span class='ocrx_word' id='word_1_813' title='bbox 3223 4646 3481 4702; x_wconf 85' lang='lat' dir='ltr'>regnum</span> <span class='ocrx_word' id='word_1_814' title='bbox 3521 4646 3663 4688; x_wconf 86' lang='lat' dir='ltr'>cum</span> 
     </span>
    </p>
   </div>
   <div class='ocr_carea' id='block_1_114' title="bbox 1992 4721 3661 4797">
    <p class='ocr_par' dir='ltr' id='par_1_114' title="bbox 1992 4721 3661 4797">
     <span class='ocr_line' id='line_1_114' title="bbox 1992 4721 3661 4797; baseline -0.005 -14"><span class='ocrx_word' id='word_1_815' title='bbox 1992 4744 2084 4791; x_wconf 87' lang='lat' dir='ltr'>eo,</span> <span class='ocrx_word' id='word_1_816' title='bbox 2114 4731 2177 4781; x_wconf 85' lang='lat' dir='ltr'>ut</span> <span class='ocrx_word' id='word_1_817' title='bbox 2210 4724 2516 4797; x_wconf 85' lang='lat' dir='ltr'>sperabat,</span> <span class='ocrx_word' id='word_1_818' title='bbox 2558 4726 2861 4777; x_wconf 85' lang='lat' dir='ltr'>terrenum</span> <span class='ocrx_word' id='word_1_819' title='bbox 2908 4723 3131 4777; x_wconf 88' lang='lat' dir='ltr'>habere</span> <span class='ocrx_word' id='word_1_820' title='bbox 3175 4721 3446 4792; x_wconf 84' lang='lat' dir='ltr'>nequivit</span> <span class='ocrx_word' id='word_1_821' title='bbox 3496 4735 3661 4775; x_wconf 88' lang='lat' dir='ltr'>com-</span> 
     </span>
    </p>
   </div>
   <div class='ocr_carea' id='block_1_115' title="bbox 1991 4807 3662 4886">
    <p class='ocr_par' dir='ltr' id='par_1_115' title="bbox 1991 4807 3662 4886">
     <span class='ocr_line' id='line_1_115' title="bbox 1991 4807 3662 4886; baseline -0.005 -15"><span class='ocrx_word' id='word_1_822' title='bbox 1991 4829 2196 4880; x_wconf 90' lang='lat' dir='ltr'>mune,</span> <span class='ocrx_word' id='word_1_823' title='bbox 2225 4814 2455 4886; x_wconf 89' lang='lat' dir='ltr'>absque</span> <span class='ocrx_word' id='word_1_824' title='bbox 2488 4810 2609 4865; x_wconf 89' lang='lat' dir='ltr'>ulla</span> <span class='ocrx_word' id='word_1_825' title='bbox 2641 4813 2843 4865; x_wconf 85' lang='lat' dir='ltr'>tamen</span> <span class='ocrx_word' id='word_1_826' title='bbox 2867 4808 3338 4865; x_wconf 79' lang='lat' dir='ltr'>contradictione</span> <span class='ocrx_word' id='word_1_827' title='bbox 3363 4807 3530 4873; x_wconf 81' lang='lat' dir='ltr'>regni</span> <span class='ocrx_word' id='word_1_828' title='bbox 3549 4822 3662 4863; x_wconf 64' lang='lat' dir='ltr'>coa-</span> 
     </span>
    </p>
   </div>
   <div class='ocr_carea' id='block_1_116' title="bbox 1989 4895 3662 4969">
    <p class='ocr_par' dir='ltr' id='par_1_116' title="bbox 1989 4895 3662 4969">
     <span class='ocr_line' id='line_1_116' title="bbox 1989 4895 3662 4969; baseline -0.004 -10"><span class='ocrx_word' id='word_1_829' title='bbox 1989 4904 2151 4959; x_wconf 89' lang='lat' dir='ltr'>lestis</span> <span class='ocrx_word' id='word_1_830' title='bbox 2184 4901 2553 4958; x_wconf 86' lang='lat' dir='ltr'>consortium</span> <span class='ocrx_word' id='word_1_831' title='bbox 2611 4912 2751 4953; x_wconf 88' lang='lat' dir='ltr'>cum</span> <span class='ocrx_word' id='word_1_832' title='bbox 2790 4914 2863 4952; x_wconf 81' lang='lat' dir='ltr'>eo</span> <span class='ocrx_word' id='word_1_833' title='bbox 2894 4900 3094 4969; x_wconf 89' lang='lat' dir='ltr'>(quem</span> <span class='ocrx_word' id='word_1_834' title='bbox 3140 4896 3329 4965; x_wconf 84' lang='lat' dir='ltr'>gloria</span> <span class='ocrx_word' id='word_1_835' title='bbox 3378 4895 3662 4952; x_wconf 87' lang='lat' dir='ltr'>virtutum</span> 
     </span>
    </p>
   </div>
   <div class='ocr_carea' id='block_1_117' title="bbox 1990 4985 3663 5067">
    <p class='ocr_par' dir='ltr' id='par_1_117' title="bbox 1990 4985 3663 5067">
     <span class='ocr_line' id='line_1_117' title="bbox 1990 4985 3663 5067; baseline -0.005 -17"><span class='ocrx_word' id='word_1_836' title='bbox 1990 4995 2280 5067; x_wconf 85' lang='lat' dir='ltr'>tantisper</span> <span class='ocrx_word' id='word_1_837' title='bbox 2307 4991 2531 5062; x_wconf 80' lang='lat' dir='ltr'>dilexit,</span> <span class='ocrx_word' id='word_1_838' title='bbox 2564 5004 2703 5045; x_wconf 87' lang='lat' dir='ltr'>cum</span> <span class='ocrx_word' id='word_1_839' title='bbox 2728 4992 2885 5043; x_wconf 87' lang='lat' dir='ltr'>esset</span> <span class='ocrx_word' id='word_1_840' title='bbox 2912 4992 2971 5043; x_wconf 88' lang='lat' dir='ltr'>et</span> <span class='ocrx_word' id='word_1_841' title='bbox 3011 4987 3142 5059; x_wconf 84' lang='lat' dir='ltr'>ipse</span> <span class='ocrx_word' id='word_1_842' title='bbox 3183 4985 3464 5041; x_wconf 81' lang='lat' dir='ltr'>virtutum</span> <span class='ocrx_word' id='word_1_843' title='bbox 3496 5000 3663 5042; x_wconf 88' lang='lat' dir='ltr'>ama-</span> 
     </span>
    </p>
   </div>
   <div class='ocr_carea' id='block_1_118' title="bbox 1990 5082 2382 5155">
    <p class='ocr_par' dir='ltr' id='par_1_118' title="bbox 1990 5082 2382 5155">
     <span class='ocr_line' id='line_1_118' title="bbox 1990 5082 2382 5155; baseline -0.01 -15"><span class='ocrx_word' id='word_1_844' title='bbox 1990 5086 2105 5155; x_wconf 86' lang='lat' dir='ltr'>tor)</span> <span class='ocrx_word' id='word_1_845' title='bbox 2135 5082 2382 5155; x_wconf 81' lang='lat' dir='ltr'>accepit.</span> 
     </span>
    </p>
   </div>
   <div class='ocr_carea' id='block_1_119' title="bbox 2063 5166 3660 5240">
    <p class='ocr_par' dir='ltr' id='par_1_119' title="bbox 2063 5166 3660 5240">
     <span class='ocr_line' id='line_1_119' title="bbox 2063 5166 3660 5240; baseline -0.004 -17"><span class='ocrx_word' id='word_1_846' title='bbox 2063 5195 2091 5223; x_wconf 89' lang='grc'>‹‹</span> <span class='ocrx_word' id='word_1_847' title='bbox 2118 5173 2284 5227; x_wconf 79' lang='lat' dir='ltr'>Venit</span> <span class='ocrx_word' id='word_1_848' title='bbox 2306 5171 2595 5227; x_wconf 82' lang='lat' dir='ltr'>Jonathas</span> <span class='ocrx_word' id='word_1_849' title='bbox 2614 5170 2675 5224; x_wconf 87' lang='lat' dir='ltr'>in</span> <span class='ocrx_word' id='word_1_850' title='bbox 2699 5181 2912 5236; x_wconf 76' lang='lat' dir='ltr'>agrum</span> <span class='ocrx_word' id='word_1_851' title='bbox 2928 5166 3397 5240; x_wconf 79' lang='lat' dir='ltr'>juxtaplacitum</span> <span class='ocrx_word' id='word_1_852' title='bbox 3415 5166 3660 5233; x_wconf 79' lang='lat' dir='ltr'>David,»</span> 
     </span>
    </p>
   </div>
   <div class='ocr_carea' id='block_1_120' title="bbox 1990 5252 3662 5334">
    <p class='ocr_par' dir='ltr' id='par_1_120' title="bbox 1990 5252 3662 5334">
     <span class='ocr_line' id='line_1_120' title="bbox 1990 5252 3662 5334; baseline -0.004 -16"><span class='ocrx_word' id='word_1_853' title='bbox 1990 5267 2047 5319; x_wconf 92' lang='lat' dir='ltr'>et</span> <span class='ocrx_word' id='word_1_854' title='bbox 2075 5263 2324 5334; x_wconf 84' lang='lat' dir='ltr'>reliqua.</span> <span class='ocrx_word' id='word_1_855' title='bbox 2361 5256 2514 5326; x_wconf 85' lang='lat' dir='ltr'>Quid</span> <span class='ocrx_word' id='word_1_856' title='bbox 2543 5264 2633 5313; x_wconf 87' lang='lat' dir='ltr'>est</span> <span class='ocrx_word' id='word_1_857' title='bbox 2662 5258 2831 5330; x_wconf 84' lang='lat' dir='ltr'>quod</span> <span class='ocrx_word' id='word_1_858' title='bbox 2860 5259 3153 5313; x_wconf 81' lang='lat' dir='ltr'>Jonathas</span> <span class='ocrx_word' id='word_1_859' title='bbox 3189 5252 3379 5311; x_wconf 85' lang='lat' dir='ltr'>David</span> <span class='ocrx_word' id='word_1_860' title='bbox 3423 5268 3662 5311; x_wconf 85' lang='lat' dir='ltr'>servare</span> 
     </span>
    </p>
   </div>
   <div class='ocr_carea' id='block_1_121' title="bbox 1988 5343 3661 5416">
    <p class='ocr_par' dir='ltr' id='par_1_121' title="bbox 1988 5343 3661 5416">
     <span class='ocr_line' id='line_1_121' title="bbox 1988 5343 3661 5416; baseline -0.005 -9"><span class='ocrx_word' id='word_1_861' title='bbox 1988 5352 2219 5415; x_wconf 89' lang='lat' dir='ltr'>volens,</span> <span class='ocrx_word' id='word_1_862' title='bbox 2249 5364 2389 5406; x_wconf 87' lang='lat' dir='ltr'>cum</span> <span class='ocrx_word' id='word_1_863' title='bbox 2436 5349 2529 5405; x_wconf 82' lang='lat' dir='ltr'>ille</span> <span class='ocrx_word' id='word_1_864' title='bbox 2560 5348 2771 5404; x_wconf 76' lang='lat' dir='ltr'>lateret</span> <span class='ocrx_word' id='word_1_865' title='bbox 2802 5347 2860 5402; x_wconf 87' lang='lat' dir='ltr'>in</span> <span class='ocrx_word' id='word_1_866' title='bbox 2892 5360 3059 5415; x_wconf 89' lang='lat' dir='ltr'>agro,</span> <span class='ocrx_word' id='word_1_867' title='bbox 3084 5347 3260 5416; x_wconf 80' lang='lat' dir='ltr'>juxta</span> <span class='ocrx_word' id='word_1_868' title='bbox 3285 5343 3552 5416; x_wconf 87' lang='lat' dir='ltr'>lapidem</span> <span class='ocrx_word' id='word_1_869' title='bbox 3581 5344 3661 5399; x_wconf 90' lang='lat' dir='ltr'>ad</span> 
     </span>
    </p>
   </div>
   <div class='ocr_carea' id='block_1_122' title="bbox 1988 5432 3658 5511">
    <p class='ocr_par' dir='ltr' id='par_1_122' title="bbox 1988 5432 3658 5511">
     <span class='ocr_line' id='line_1_122' title="bbox 1988 5432 3658 5511; baseline -0.007 -13"><span class='ocrx_word' id='word_1_870' title='bbox 1988 5443 2227 5511; x_wconf 89' lang='lat' dir='ltr'>signum</span> <span class='ocrx_word' id='word_1_871' title='bbox 2260 5441 2416 5495; x_wconf 87' lang='lat' dir='ltr'>duas</span> <span class='ocrx_word' id='word_1_872' title='bbox 2442 5437 2583 5510; x_wconf 88' lang='lat' dir='ltr'>jecit</span> <span class='ocrx_word' id='word_1_873' title='bbox 2628 5439 2897 5506; x_wconf 85' lang='lat' dir='ltr'>sagittas,</span> <span class='ocrx_word' id='word_1_874' title='bbox 2943 5451 3099 5508; x_wconf 87' lang='lat' dir='ltr'>quas</span> <span class='ocrx_word' id='word_1_875' title='bbox 3149 5450 3300 5508; x_wconf 88' lang='lat' dir='ltr'>puer</span> <span class='ocrx_word' id='word_1_876' title='bbox 3347 5432 3658 5504; x_wconf 81' lang='lat' dir='ltr'>parvulus,</span> 
     </span>
    </p>
   </div>
   <div class='ocr_carea' id='block_1_123' title="bbox 1984 5523 3660 5602">
    <p class='ocr_par' dir='ltr' id='par_1_123' title="bbox 1984 5523 3660 5602">
     <span class='ocr_line' id='line_1_123' title="bbox 1984 5523 3660 5602; baseline -0.005 -14"><span class='ocrx_word' id='word_1_877' title='bbox 1984 5532 2273 5602; x_wconf 79' lang='lat' dir='ltr'>ignorans</span> <span class='ocrx_word' id='word_1_878' title='bbox 2297 5529 2445 5602; x_wconf 86' lang='lat' dir='ltr'>quid</span> <span class='ocrx_word' id='word_1_879' title='bbox 2474 5529 2692 5595; x_wconf 77' lang='lat' dir='ltr'>fecerit,</span> <span class='ocrx_word' id='word_1_880' title='bbox 2726 5527 2980 5597; x_wconf 81' lang='lat' dir='ltr'>collegit,</span> <span class='ocrx_word' id='word_1_881' title='bbox 3036 5529 3091 5581; x_wconf 88' lang='lat' dir='ltr'>et</span> <span class='ocrx_word' id='word_1_882' title='bbox 3141 5525 3201 5580; x_wconf 88' lang='lat' dir='ltr'>in</span> <span class='ocrx_word' id='word_1_883' title='bbox 3239 5523 3539 5579; x_wconf 86' lang='lat' dir='ltr'>civitatem</span> <span class='ocrx_word' id='word_1_884' title='bbox 3567 5537 3660 5579; x_wconf 82' lang='lat' dir='ltr'>re-</span> 
     </span>
    </p>
   </div>
   <div class='ocr_carea' id='block_1_124' title="bbox 1980 5614 3660 5692">
    <p class='ocr_par' dir='ltr' id='par_1_124' title="bbox 1980 5614 3660 5692">
     <span class='ocr_line' id='line_1_124' title="bbox 1980 5614 3660 5692; baseline -0.007 -14"><span class='ocrx_word' id='word_1_885' title='bbox 1980 5624 2132 5691; x_wconf 89' lang='lat' dir='ltr'>tulit,</span> <span class='ocrx_word' id='word_1_886' title='bbox 2163 5622 2273 5676; x_wconf 86' lang='lat' dir='ltr'>nisi</span> <span class='ocrx_word' id='word_1_887' title='bbox 2307 5619 2469 5692; x_wconf 77' lang='lat' dir='ltr'>quorl</span> <span class='ocrx_word' id='word_1_888' title='bbox 2503 5622 2655 5671; x_wconf 86' lang='lat' dir='ltr'>Deus</span> <span class='ocrx_word' id='word_1_889' title='bbox 2707 5617 2882 5672; x_wconf 83' lang='lat' dir='ltr'>Pater</span> <span class='ocrx_word' id='word_1_890' title='bbox 2922 5616 3136 5671; x_wconf 77' lang='lat' dir='ltr'>Filium</span> <span class='ocrx_word' id='word_1_891' title='bbox 3166 5630 3343 5669; x_wconf 90' lang='lat' dir='ltr'>suum</span> <span class='ocrx_word' id='word_1_892' title='bbox 3387 5614 3660 5683; x_wconf 83' lang='lat' dir='ltr'>unigeni-</span> 
     </span>
    </p>
   </div>
   <div class='ocr_carea' id='block_1_125' title="bbox 1981 5703 3662 5784">
    <p class='ocr_par' dir='ltr' id='par_1_125' title="bbox 1981 5703 3662 5784">
     <span class='ocr_line' id='line_1_125' title="bbox 1981 5703 3662 5784; baseline -0.007 -16"><span class='ocrx_word' id='word_1_893' title='bbox 1981 5718 2131 5781; x_wconf 90' lang='lat' dir='ltr'>tum,</span> <span class='ocrx_word' id='word_1_894' title='bbox 2161 5727 2348 5784; x_wconf 85' lang='lat' dir='ltr'>quem</span> <span class='ocrx_word' id='word_1_895' title='bbox 2374 5710 2448 5765; x_wconf 91' lang='lat' dir='ltr'>ad</span> <span class='ocrx_word' id='word_1_896' title='bbox 2477 5708 2732 5763; x_wconf 79' lang='lat' dir='ltr'>salutem</span> <span class='ocrx_word' id='word_1_897' title='bbox 2765 5706 3015 5762; x_wconf 84' lang='lat' dir='ltr'>humani</span> <span class='ocrx_word' id='word_1_898' title='bbox 3045 5705 3283 5775; x_wconf 81' lang='lat' dir='ltr'>generis</span> <span class='ocrx_word' id='word_1_899' title='bbox 3301 5703 3662 5758; x_wconf 85' lang='lat' dir='ltr'>mittendum</span> 
     </span>
    </p>
   </div>
   <div class='ocr_carea' id='block_1_126' title="bbox 1977 5792 3660 5870">
    <p class='ocr_par' dir='ltr' id='par_1_126' title="bbox 1977 5792 3660 5870">
     <span class='ocr_line' id='line_1_126' title="bbox 1977 5792 3660 5870; baseline -0.008 -11"><span class='ocrx_word' id='word_1_900' title='bbox 1977 5802 2341 5870; x_wconf 76' lang='lat' dir='ltr'>decreverat,</span> <span class='ocrx_word' id='word_1_901' title='bbox 2382 5799 2447 5857; x_wconf 81' lang='lat' dir='ltr'>in</span> <span class='ocrx_word' id='word_1_902' title='bbox 2501 5796 2695 5855; x_wconf 83' lang='lat' dir='ltr'>littera</span> <span class='ocrx_word' id='word_1_903' title='bbox 2743 5795 2915 5868; x_wconf 82' lang='lat' dir='ltr'>legis,</span> <span class='ocrx_word' id='word_1_904' title='bbox 2966 5796 3191 5853; x_wconf 57' lang='lat' dir='ltr'>ludatis</span> <span class='ocrx_word' id='word_1_905' title='bbox 3232 5792 3660 5852; x_wconf 67' lang='lat' dir='ltr'>nescientibus,</span> 
     </span>
    </p>
   </div>
  </div>
