3940 6434
382 289 489 344 319

1482 297 1840 355 ANGELOMI
1881 287 2339 350 LUXOVIENSIS
2375 287 2690 345 MONACHI

3699 286 3812 340 320

384 410 809 470 absconditum
861 415 1199 472 habuerat?
1232 418 1418 474 David
1449 437 1591 490 ergo
1638 419 2029 478 absconditus
2065 419 2108 471 Α
2145 413 2294 481 fugit
2337 411 2624 468 Abiathar
2655 411 2735 468 ad
2767 409 2980 476 David;
3035 412 3091 464 et
3140 422 3343 463 comes
3373 405 3568 462 Ῐδοίυε
3624 407 3810 462 tomis

385 507 477 556 est
505 501 565 556 in
596 517 763 573 agro,
799 505 1062 559 Christus
1124 507 1346 562 celatus
1387 514 1474 564 est
1523 511 1581 566 in
1613 511 1862 567 mundo.
1894 531 1923 557 «
1972 513 2032 562 In

385 591 638 652 mundo,
685 613 711 639 »
739 591 933 665 inquit
955 596 1235 658 Joannes,
1269 619 1295 644 «
1326 602 1472 665 erat,
1525 604 1582 655 et
1611 599 1878 655 mundus
1909 613 2032 653 non

385 680 662 748 cognovit
711 681 908 749 (Joan.
942 683 1003 750 ι).
1040 704 1068 731 ››
1098 686 1273 740 Juxta
1320 685 1586 758 lapidem
1618 689 1864 745 sedebat
1892 687 2036 760 quia

384 765 444 822 in
477 766 695 822 tabulis
725 767 875 838 legis
907 770 1161 844 scriptus
1191 779 1334 830 erat.
1372 779 1519 832 Nam
1571 777 1710 834 Saul
1760 778 1899 834 odio
1927 777 2035 832 ha-

383 854 556 920 bens,
604 862 658 911 et
687 856 840 912 inter
882 859 1092 932 epulas
1149 864 1383 931 sedens,
1417 865 1608 922 ﬁlium
1639 867 1845 922 mortis
1896 883 2036 922 eum

381 943 728 1013 judicabat:
765 952 820 1003 et
835 948 1082 1016 judaica
1109 951 1283 1023 plebs
1314 953 1374 1009 in
1405 955 1646 1011 Paschae
1678 955 1868 1029 epulis
1898 971 2036 1011 con-

382 1032 617 1102 vivans,
651 1034 726 1089 de
765 1052 911 1092 nece
949 1039 1158 1095 Christi
1191 1043 1503 1100 tractabat.

452 1143 480 1171 ι(
535 1123 682 1179 Cum
712 1140 856 1194 ergo
883 1127 1169 1186 illuxisset
1219 1147 1416 1200 mane,
1461 1133 1623 1189 venit
1660 1135 1946 1190 Jonathas
1975 1133 2036 1189 in

381 1231 408 1258 α
441 1225 657 1279 agrum
704 1213 878 1284 juxta
909 1216 1198 1289 placitum
1234 1221 1440 1288 David,
1471 1228 1527 1278 et
1567 1239 1718 1296 puer
1749 1223 2038 1296 parvulus

383 1321 410 1348 ‹‹
444 1315 583 1355 cum
613 1317 705 1357 eo.
745 1325 772 1352 ››
800 1305 946 1360 Jecit
977 1322 1164 1364 unam
1225 1311 1530 1379 sagittam,
1558 1312 1698 1383 jecit
1727 1317 1784 1367 et
1815 1311 1994 1368 aliam
2022 1328 2034 1366 :

381 1392 438 1442 et
469 1391 621 1444 Deus
653 1393 822 1447 Pater
863 1393 1239 1452 illucescente
1284 1415 1464 1454 mane
1503 1401 1887 1468 credulitatis,
1920 1400 2038 1472 pri-

382 1494 549 1532 mum
593 1481 1001 1539 testimonium
1031 1484 1180 1554 legis
1213 1487 1287 1542 de
1322 1487 1552 1545 Christo
1576 1490 1840 1562 protulit,
1867 1490 2038 1545 dein-

382 1566 457 1621 de
490 1569 816 1640 prophetas
845 1572 1026 1638 misit,
1059 1575 1162 1646 qui
1195 1576 1268 1631 de
1301 1577 1562 1632 adventu
1596 1579 1724 1649 ejus
1755 1578 2036 1635 testiﬁca-

381 1661 603 1713 rentur.
641 1659 804 1714 Unde
836 1661 1116 1718 Habacuc
1145 1664 1262 1720 ait:
1297 1688 1323 1712 ‹‹
1361 1670 1422 1722 In
1446 1667 1689 1722 nomine
1715 1668 1917 1739 jacula
1939 1674 2040 1723 tua

2143 502 2328 557 exsilii
2361 502 2411 572 ej
2425 519 2517 556 us.
2548 505 2763 557 Postea
2783 503 3074 568 regnante
3100 513 3194 563 eo,
3232 496 3453 550 summi
3484 496 3808 552 sacerdotii

2143 597 2200 647 et
2228 592 2355 664 ipse
2386 590 2645 660 gradum
2703 588 2951 660 accepit,
2987 603 3057 642 ac
3089 591 3210 642 toto
3241 591 3509 657 tempore
3538 584 3712 654 regni
3737 584 3808 639 il-

2142 680 2256 736 lius
2305 679 2366 734 in
2426 677 2777 750 pontiﬁcatu
2834 689 3250 749 perseverans,
3305 673 3496 729 multo
3554 675 3811 745 majoris

2144 769 2505 825 excellentiae
2537 784 2722 840 quam
2754 773 2921 840 pater
2950 781 3094 820 suus
3127 764 3370 818 effectus
3399 768 3508 820 est.
3543 763 3810 836 Ideoque

2145 859 2364 928 dignus
2412 856 2521 912 fuit
2575 857 2748 927 cujus
2779 855 3135 910 memoriam
3168 853 3477 922 Dominus,
3509 853 3688 908 etiam
3724 853 3812 907 vi—

2145 953 2318 1001 vente
2357 951 2546 1017 patre,
2601 943 2779 1016 quasi
2807 942 3028 998 summi
3060 941 3385 996 sacerdotis
3417 941 3656 996 faceret.
3688 939 3809 996 Sed

2144 1036 2259 1091 hoc
2289 1034 2455 1107 quod
2484 1034 2565 1089 ait
2589 1033 2906 1106 superius:
2962 1032 3084 1098 Via,
3117 1032 3246 1086 haec
3271 1030 3501 1102 polluta
3539 1035 3647 1100 est,
3699 1030 3809 1084 sed

2146 1123 2616 1179 sanctiﬁcabitur
2664 1123 2725 1178 in
2770 1121 2950 1188 vasis,
2993 1121 3075 1176 ita
3131 1119 3406 1175 nonnulli
3444 1119 3804 1176 edisserunt.

2148 1211 2478 1268 Mentiendo
2502 1211 2663 1267 enim
2687 1212 2796 1266 iter
2821 1209 3123 1282 polluitur,
3142 1209 3290 1264 dum
3320 1225 3357 1264 a
3385 1223 3524 1278 rege
3549 1208 3807 1263 missum

2148 1319 2243 1357 me
2273 1303 2460 1372 fingo,
2499 1302 2689 1356 ethoc
2727 1299 3080 1356 necessitate
3141 1298 3373 1364 mortis,
3399 1297 3508 1353 sed
3540 1297 3810 1353 sanctifi-

2147 1391 2379 1446 cabitur
2423 1391 2485 1444 in
2512 1389 2646 1459 illis,
2694 1405 2957 1462 quorum
3002 1403 3186 1444 causa
3229 1387 3411 1442 etiam
3442 1385 3627 1456 fugio,
3659 1385 3814 1458 quia

2148 1480 2386 1536 illorum
2433 1495 2557 1534 non
2603 1478 2798 1534 solum
2830 1478 2948 1533 mei
2991 1475 3238 1549 periculi
3289 1490 3478 1531 causa
3507 1475 3809 1531 mentior:

2147 1584 2291 1624 nam
2318 1569 2431 1640 ipsi
2461 1569 2644 1639 hujus
2678 1567 2760 1623 rei
2811 1582 3000 1622 causa
3041 1565 3456 1622 salvabuntur.
3509 1567 3813 1619 Hactenus

2148 1657 2459 1712 historiam
2493 1673 2654 1712 nunc
2701 1655 3029 1728 spiritalem
3095 1652 3551 1722 intelligentiam
3599 1659 3815 1722 tanga-

380 1745 554 1801 ibunt
598 1748 850 1814 (Habac.
902 1752 1003 1822 ιιι),
1036 1774 1064 1801 ››
1124 1757 1180 1808 et
1230 1755 1482 1828 reliqua.
1539 1755 1783 1826 Collegit
1835 1762 2037 1812 autem
2069 1774 2109 1828 Β
2150 1763 2318 1801 mus:
2351 1747 2532 1801 David
2564 1745 2797 1815 fugiens
2845 1743 2983 1799 Saul
3015 1743 3094 1798 ad
3124 1743 3506 1798 Acbimelech
3531 1741 3813 1797 sacerdo-

381 1850 534 1906 puer
555 1837 823 1892 Jonatha:
857 1839 1123 1911 sagittas,
1155 1847 1212 1898 et
1240 1843 1434 1900 attulit
1460 1844 1538 1900 ad
1586 1844 1908 1901 Dominum
1939 1863 2039 1901 su-

384 1939 527 1978 um:
570 1928 627 1980 et
678 1926 824 1997 quid
872 1935 1149 1998 ageretur
1204 1933 1442 2004 penitus
1489 1934 1826 2003 ignorabat.
1863 1935 1953 1991 Sic
1985 1941 2042 1992 et

380 2011 662 2069 Judaicus
692 2017 951 2088 populus
975 2018 1162 2075 libros
1192 2020 1341 2090 legis
1372 2027 1429 2078 et
1456 2023 1887 2096 prophetarum
1907 2041 2042 2096 por-

380 2104 536 2171 tans,
567 2104 744 2174 quasi
774 2105 1058 2162 divinitus
1106 2111 1476 2183 conscriptos
1532 2111 1869 2181 ignorabat,
1933 2114 2038 2168 sed

382 2205 542 2256 eum,
571 2207 756 2263 quem
787 2199 1014 2266 Moyses
1053 2203 1108 2252 et
1139 2200 1445 2272 praphetse
1475 2200 1858 2271 ﬁguraverat,
1891 2218 2040 2274 prae-

379 2279 700 2336 sentialiter
727 2281 879 2338 inter
905 2300 968 2339 se
992 2292 1338 2344 manentem
1362 2304 1487 2344 non
1518 2297 1908 2361 cognoverat.

986 2377 1208 2431 CAPUT
1271 2377 1426 2433 XXI.

447 2477 478 2509 ‹
511 2459 676 2515 Venit
701 2465 901 2516 autem
926 2463 1112 2518 David
1139 2465 1198 2519 in
1233 2465 1394 2522 Nobe
1422 2466 1500 2521 ad
1533 2467 1912 2523 Achimelech
1945 2485 2038 2524 sa-

378 2545 700 2615 cerdotem,
733 2555 789 2604 et
816 2553 1130 2622 obstupuit
1154 2553 1533 2610 Achimelech
1561 2571 1631 2610 eo
1661 2557 1823 2628 quod
1847 2556 2040 2612 venis-

378 2638 468 2688 set
500 2636 686 2691 David
717 2637 898 2704 solus,
936 2662 962 2688 »
989 2646 1046 2695 et
1075 2641 1324 2714 reliqua.
1356 2643 1738 2699 Achimelech
1792 2645 1920 2716 ipse
1946 2651 2039 2701 est

379 2721 485 2777 Αίᾶ
517 2723 674 2778 ﬁlius
697 2726 972 2791 Achitob,
1004 2729 1105 2783 ﬁlii
1141 2731 1414 2799 Phinees,
1450 2731 1552 2786 ﬁlii
1587 2732 1728 2787 Heli.
1762 2733 2037 2789 Achime-

375 2808 508 2865 lech
539 2810 880 2882 interrogat,
912 2821 1112 2873 utrum
1152 2819 1524 2890 David,num
1548 2822 1715 2893 pueri
1745 2821 1861 2888 sui,
1885 2839 2039 2894 quos

374 2899 437 2953 in
466 2898 633 2954 illum
664 2906 720 2957 et
747 2903 915 2958 illum
941 2905 1142 2963 locum
1173 2908 1510 2964 condixisse
1539 2910 1790 2976 dixerat,
1820 2912 2035 2966 mundi

383 2990 622 3044 essent?
655 2991 842 3046 David
865 3010 1005 3049 vero
1027 2997 1399 3066 aanigmatice
1429 2997 1736 3070 pluraliter
1778 2999 1853 3054 de
1885 3002 2038 3073 seip-

379 3091 445 3130 so
475 3081 789 3149 respondit
818 3081 1049 3139 dicens:
1089 3108 1115 3134 «
1163 3089 1226 3140 Et
1257 3086 1497 3142 fuerunt
1524 3103 1672 3143 vasa
1703 3103 2032 3160 puerorum
2067 3125 2109 3178 ο

377 3171 609 3236 sancta,
646 3190 674 3217 ››
695 3169 916 3226 scilicet
943 3188 978 3228 a
1002 3175 1324 3230 concubitu
1345 3176 1668 3246 conjugali.
1697 3178 1868 3242 Quod
1894 3194 2034 3234 vero

373 3253 454 3309 ait
481 3273 492 3310 :
522 3278 546 3304 υ
577 3257 760 3314 Porro
790 3260 888 3316 via
917 3261 1046 3316 haec
1091 3263 1320 3334 polluta
1348 3269 1454 3330 est,
1489 3269 1546 3320 et
1584 3265 1644 3321 in
1678 3267 1928 3322 Hebraeo
1957 3266 2040 3323 le-

375 3342 551 3413 gitur,
581 3368 609 3395 ‹‹
642 3349 822 3402 Porro
852 3350 949 3404 via
977 3349 1130 3407 laica
1155 3358 1265 3419 est,
1302 3373 1330 3402 ιο
1359 3352 1442 3408 sic
1472 3353 1928 3424 intelligendum
1949 3360 2040 3412 est

373 3445 444 3485 ac
475 3433 523 3486 si
552 3432 803 3490 diceret:
847 3437 910 3491 In
940 3437 1070 3508 lege
1103 3445 1470 3511 praeceptum
1501 3446 1590 3496 est
1615 3447 1681 3498 ut
1711 3449 2032 3499 extraneus

373 3532 498 3572 non
537 3521 817 3579 comedat
845 3540 919 3579 ex
947 3526 1054 3592 eis,
1084 3531 1140 3582 et
1165 3533 1227 3582 tu
1256 3527 1592 3598 interrogas
1628 3535 1830 3586 utrum
1859 3548 2038 3588 mun-

373 3605 434 3660 di
467 3607 584 3663 sint
613 3612 783 3682 pueri
813 3613 840 3668 ?
866 3614 996 3680 Qui,
1034 3614 1268 3670 etiamsi
1302 3617 1516 3671 mundi
1547 3624 1772 3685 essent,
1804 3629 2040 3692 nequa‘

371 3710 560 3766 quam
587 3698 670 3752 eis
700 3701 858 3755 vesci
881 3701 1186 3759 deberent.
1220 3703 1446 3759 Idcirco
1473 3705 1570 3760 via
1597 3711 1686 3761 est
1712 3705 2037 3778 laica,quia

372 3787 437 3839 tu
471 3784 1160 3861 laicaliterinterrogas.«
1189 3791 1302 3849 Sed
1334 3797 1389 3847 et
1420 3792 1554 3865 ipsa
1582 3793 1761 3849 hodie
1781 3796 2039 3850 sanctiﬁ-

372 3874 602 3930 cabitur
637 3877 698 3933 in
715 3879 1074 3952 vasis.»lpsa
1105 3881 1308 3952 utique
1339 3881 1399 3936 in
1432 3882 1613 3950 vasis,
1649 3882 1708 3936 id
1731 3888 1818 3938 est
1840 3890 2038 3939 mente

371 3979 482 4018 sua
510 3966 866 4023 sanctiﬁcari
896 3968 1214 4040 dicit,quia
1238 3969 1352 4024 nisi
1386 3970 1738 4026 necessitate
1769 3973 2038 4044 corporis

370 4057 428 4106 et
455 4054 719 4122 periculo
736 4057 870 4112 vita:
897 4064 1561 4130 urgente,nequaquam
1577 4063 1912 4116 vesceretur
1929 4061 2034 4117 eis.

375 4143 502 4196 Non
525 4145 727 4197 tamen
757 4149 965 4216 aperte
987 4145 1233 4201 eosdem
1261 4145 1479 4218 legitur
1510 4149 1693 4204 David
1725 4165 1913 4221 panes
1944 4166 2038 4206 co—

374 4229 660 4300 medisse,
695 4231 846 4287 sicut
876 4233 1104 4289 Hebraei
1148 4235 1408 4291 tradunt.
1446 4237 1559 4292 Sed
1605 4236 1735 4308 lege
1767 4241 2036 4308 Evange-

373 4316 546 4388 lium,
579 4318 682 4374 ubi
713 4320 1000 4376 Dominus
1025 4322 1101 4378 de
1132 4323 1244 4379 hac
1289 4325 1583 4382 sententia
1603 4327 1822 4382 Judaeis
1843 4327 2036 4399 loqui-

374 4409 487 4472 tur,
517 4407 760 4465 dicens:
797 4433 824 4459 «
859 4413 1178 4484 Nunquam
1207 4412 1434 4483 legistis
1465 4415 1614 4488 quid
1674 4416 1877 4470 fecerit
1923 4416 2032 4470 Da-

372 4494 492 4564 vid,
523 4497 771 4568 quando
803 4501 1216 4556 necessitatem
1246 4502 1476 4569 habuit,
1508 4508 1564 4558 et
1594 4503 1801 4558 esuriit
1821 4503 1948 4574 ipse
1978 4508 2035 4559 et

372 4583 477 4654 qui
507 4601 643 4640 cum
668 4602 738 4642 eo
761 4594 949 4658 erant,
974 4590 1286 4662 quomodo
1305 4592 1529 4647 introiit
1553 4592 1808 4647 domum
1837 4592 2036 4646 Domi-

371 4673 433 4727 ni
467 4679 580 4729 sub
609 4675 895 4732 Abiathar
923 4679 1189 4752 principe
1213 4680 1596 4736 sacerdotum
1614 4685 1669 4735 et
1696 4695 1885 4751 panes
1901 4695 2036 4752 pro-

370 4763 683 4835 positionis
724 4765 1135 4830 manducavit,
1165 4784 1319 4839 quos
1353 4784 1474 4824 non
1526 4768 1747 4823 licebat
1778 4769 2036 4824 mandu-

370 4868 504 4906 care
524 4854 638 4908 nisi
660 4855 1094 4921 sacerdotibus,
1111 4855 1436 4912 etdediteis
1459 4857 1564 4928 qui
1581 4873 1720 4912 cum
1742 4872 1813 4912 eo
1837 4859 2036 4913 erant?

371 4941 670 5010 (Marc.u).
683 4943 832 5000 »Sed
850 4944 1281 5015 requirendum
1299 4945 1446 5016 quid
1464 4950 1554 4999 est
1568 4944 1735 5016 quod
1754 4944 1849 5000 hic
1868 4946 2036 5000 Achi-

369 5029 606 5084 melech
637 5031 920 5086 sacerdos
939 5032 1175 5102 legitur,
1211 5049 1246 5087 a
1274 5049 1399 5105 quo
1431 5033 1618 5087 David
1651 5049 1841 5106 panes
1862 5051 2032 5089 acce-

372 5115 474 5188 pit,
494 5122 551 5172 et
579 5118 867 5173 Dominus
892 5121 952 5176 in
994 5120 1314 5190 Evangelio
1363 5121 1650 5176 Abiathar
1703 5123 2031 5178 nominat?

371 5207 545 5271 Quod
566 5206 726 5261 enim
758 5207 1046 5264 Dominus
1069 5209 1359 5264 Abiathar
1389 5209 1721 5281 principem
1753 5212 2031 5267 sacerdo-

370 5300 496 5350 tum
553 5311 665 5369 pro
696 5296 1080 5352 Achimelech
1118 5297 1403 5369 appellat,
1451 5297 1598 5353 nihil
1630 5299 1811 5355 habet
1836 5301 2030 5356 disso-

368 5383 622 5439 nantiae:
655 5385 850 5440 Ambo
875 5385 1094 5440 etenim
1124 5384 1362 5440 fuerunt
1402 5385 1538 5452 illic,
1589 5403 1727 5443 cum
1781 5394 2030 5445 veniens

371 5471 553 5526 David
585 5489 774 5544 panes
813 5474 976 5544 petiit
1025 5478 1082 5528 et
1111 5473 1358 5544 accepit,
1391 5476 1769 5533 Achimeleeh
1819 5479 2030 5534 videli-

370 5563 461 5613 cet
484 5559 764 5633 princeps
811 5559 1193 5616 sacerdotum
1225 5567 1280 5617 et
1330 5563 1614 5620 Abiathar
1667 5567 1827 5622 ﬁlius
1873 5569 2023 5638 ejus.

375 5647 584 5704 Occiso
611 5656 814 5705 autem
847 5649 1225 5706 Achimelech
1277 5667 1312 5707 a
1345 5654 1517 5710 Saule
1558 5673 1696 5711 cum
1745 5657 1888 5712 viris
1918 5658 2029 5713 do-

369 5751 510 5793 mus
539 5752 664 5792 suas
702 5736 936 5807 generis
965 5739 1355 5798 sacerdotalis
1401 5745 1707 5816 octoginta
1734 5746 2027 5818 quinque,

2149 1840 2290 1904 tem,
2318 1835 2422 1907 qui
2443 1835 2863 1906 interpretatur
2876 1834 3075 1903 frater
3101 1847 3264 1887 meus
3294 1847 3403 1887 rear
3430 1831 3617 1887 venit:
3643 1830 3811 1886 simi-

2147 1923 2276 1978 liter
2313 1923 2576 1978 Christus
2602 1923 2948 1978 Judaeorum
2977 1921 3452 1993 persecutionem
3475 1919 3809 1986 declinans,

2148 2029 2409 2084 quorum
2442 2017 2654 2084 typum
2701 2011 2840 2068 Saul
2899 2010 3108 2076 tenuit,
3141 2008 3220 2064 ad
3268 2008 3592 2082 Apostolos
3648 2013 3814 2064 tran-

2151 2102 2329 2164 sieus,
2363 2101 2588 2174 quibus
2646 2099 3054 2172 interpretatio
3111 2097 3374 2154 nominis
3426 2097 3814 2152 Achimelech

2150 2191 2446 2260 congruit,
2480 2205 2636 2262 quos
2672 2190 2979 2254 Dominus,
3029 2191 3147 2243 Rex
3177 2203 3411 2256 regum,
3467 2186 3676 2241 fratres
3708 2203 3812 2242 vo-

2151 2295 2286 2334 care
2318 2279 2602 2348 dignatus
2631 2282 2738 2344 est,
2762 2277 2968 2332 dicens
2993 2293 3006 2331 :
3042 2299 3069 2324 ‹‹
3091 2279 3190 2343 ite,
3223 2276 3490 2332 nuntiate
3520 2274 3807 2330 fratribus

2149 2369 2298 2424 meis
2330 2367 2570 2436 (Matth.
2603 2368 2826 2434 xxviii),
2856 2381 3043 2420 »cum
3073 2364 3296 2437 quibus
3318 2369 3374 2420 et
3400 2364 3807 2420 desideratum

2150 2457 2351 2512 cibum
2383 2457 2682 2528 sumpsit:
2726 2477 2753 2503 ‹‹
2790 2454 3091 2510 Desiderio
3139 2453 3302 2509 enim
3327 2453 3666 2509 desideravi
3691 2453 3810 2509 hoc

2150 2547 2377 2619 pascha
2410 2543 2782 2600 manducare
2814 2545 2980 2614 (Luc.
3033 2544 3194 2613 xxn).
3220 2565 3248 2592 »
3292 2542 3476 2598 David
3522 2542 3600 2598 ad
3632 2541 3808 2597 Achi-

2149 2635 2379 2690 melech
2407 2633 2568 2689 solus
2594 2633 2775 2698 venit,
2799 2638 2856 2688 et
2879 2633 3144 2689 Christus
3169 2631 3230 2686 in
3260 2631 3543 2703 passione
3574 2647 3685 2686 sua
3706 2647 3808 2686 so-

2148 2724 2242 2778 lus
2274 2722 2510 2778 relictus
2541 2729 2648 2778 est.
2683 2721 2855 2786 Quod
2882 2727 3084 2776 autem
3125 2721 3206 2776 ait
3237 2720 3450 2776 David:
3487 2743 3515 2769 ‹‹
3547 2719 3721 2775 lllum
3754 2725 3812 2776 et

2157 2811 2324 2867 illum
2359 2812 2419 2866 in
2457 2811 2657 2866 locum
2699 2810 2934 2866 condixi
2960 2810 3159 2882 pueris
3179 2810 3349 2879 meis,
3375 2827 3408 2862 ›
3438 2809 3552 2865 hoc
3577 2809 3810 2865 indica-

2148 2901 2273 2962 bat,
2302 2899 2468 2972 quod
2482 2900 2770 2954 Dominus
2794 2898 3099 2970 apostolos
3130 2915 3272 2953 suos
3292 2903 3429 2954 ante
3460 2900 3806 2970 passionem

2151 3005 2326 3044 suam
2357 2988 2688 3044 informans
2717 2987 2823 3043 ait:
2841 2991 3199 3060 «Postquam
3225 3003 3624 3054 resurrexero,
3659 3004 3809 3060 prae-

2149 3079 2361 3134 cedam
2403 3093 2512 3132 vos
2559 3077 2619 3131 in
2651 3077 2977 3133 Galilaeam.
3012 3098 3040 3125 »
3094 3076 3275 3132 David
3307 3075 3388 3132 ad
3428 3076 3808 3132 Achimelech

2147 3168 2416 3240 quinque
2448 3183 2635 3238 panes
2664 3166 2961 3239 queesivit,
2990 3166 3096 3222 sed
3131 3182 3321 3222 unum
3371 3167 3633 3239 accepit:
3662 3167 3809 3239 quia

2147 3274 2208 3312 in
2231 3258 2498 3329 quinque
2527 3255 2694 3310 libris
2727 3255 2992 3312 Mosaicae
3040 3255 3188 3323 legis
3245 3255 3443 3311 unitas
3500 3256 3804 3313 retinetur.

2150 3346 2337 3402 David
2366 3344 2620 3400 Goliiath
2653 3344 2921 3413 gladium
2977 3343 3231 3410 sustulit,
3265 3344 3408 3416 quia
3437 3349 3493 3400 et
3537 3345 3807 3402 Christus

2150 3435 2438 3490 Dominus
2469 3433 2694 3489 diaboli
2727 3449 2899 3489 arma
2929 3432 3203 3489 abstulit:
3235 3456 3262 3481 ‹‹
3291 3433 3474 3490 Fortis
3490 3435 3651 3490 enim
3673 3449 3810 3508 spo-

2151 3525 2230 3578 lia
2260 3525 2387 3596 ipse
2417 3523 2662 3595 diripuit
2712 3523 2952 3592 (Matth.
3013 3523 3137 3591 xu).
3174 3545 3203 3571 ››
3247 3522 3434 3578 David
3487 3538 3594 3595 per
3645 3525 3806 3580 viam

2148 3613 2439 3684 pollutam
2472 3628 2532 3666 se
2564 3614 2804 3666 venisse
2835 3611 2913 3667 ad
2945 3611 3325 3666 Achimelech
3355 3611 3666 3684 professus
3697 3618 3804 3679 est,

2147 3701 2293 3772 quia
2323 3706 2379 3754 et
2410 3700 2674 3754 Christus
2703 3699 2992 3754 Dominus
3022 3700 3174 3754 inter
3199 3700 3548 3755 immundas
3577 3701 3808 3757 Judaao-

2148 3805 2283 3844 rum
2317 3788 2606 3856 actiones,
2639 3787 2991 3860 impollutus
3040 3789 3447 3860 pertransivit.
3481 3790 3650 3854 Quod
3705 3807 3808 3846 au-

2148 3884 2267 3933 tem
2299 3879 2412 3932 ait:
2449 3900 2475 3925 ‹‹
2515 3877 2625 3933 Sed
2660 3883 2715 3933 et
2740 3878 2876 3949 ipsa
2905 3877 3084 3933 hodie
3116 3879 3590 3934 sanctiﬁcabitur
3617 3879 3678 3934 in
3709 3896 3811 3936 va-

2150 3969 2232 4021 sis
2264 3967 2431 4032 meis,
2465 3988 2492 4014 »
2524 3966 2637 4021 hoc
2665 3966 2971 4022 indicabat
2990 3966 3158 4039 quod
3188 3967 3381 4023 sancti
3407 3968 3807 4041 apostoli,qui

2149 4056 2382 4110 Domini
2413 4071 2559 4111 vasa
2587 4060 2776 4121 erant,
2806 4072 2844 4112 a
2874 4057 3231 4126 contagione
3281 4058 3656 4128 Judaeorum,
3687 4058 3806 4114 ﬁde

2145 4150 2462 4218 purgante.
2496 4145 2682 4203 corda
2707 4145 3239 4201 sanctiticarentur.

2219 4235 2448 4290 Interea
2496 4235 2684 4290 David
2710 4251 2848 4290 cum
2885 4235 3116 4304 fugeret
3175 4235 3337 4303 Saul,
3393 4235 3574 4292 latere
3626 4237 3809 4294 voluit

2147 4323 2316 4394 apud
2349 4340 2550 4392 regem
2600 4323 2930 4395 quemdam
2983 4324 3127 4378 Geth
3158 4325 3402 4380 nomine
3435 4326 3633 4380 Achis.
3691 4327 3805 4383 Sed

2147 4428 2285 4467 cum
2318 4413 2508 4482 gloria
2538 4413 2667 4483 ejus
2698 4411 2901 4468 fuisset
2928 4419 3420 4481 commemorata,
3453 4429 3530 4469 ne
3587 4431 3695 4487 per
3740 4415 3806 4471 li-

2146 4516 2374 4568 vorem,
2425 4501 2504 4557 ad
2528 4517 2710 4574 quem
2743 4501 3115 4571 confugerat,
3148 4502 3374 4574 aliquid
3402 4502 3480 4558 ad
3510 4519 3651 4558 eum
3681 4521 3805 4560 ma-

2148 4592 2509 4659 chinaretur,
2540 4591 2709 4645 tinxit
2740 4590 3077 4645 insaniam:
3115 4596 3171 4646 et
3199 4591 3379 4662 quasi
3430 4591 3629 4648 furore
3679 4609 3806 4648 cor-

2145 4684 2370 4752 reptus,
2403 4679 2657 4734 mutavit
2685 4695 2752 4733 os
2777 4695 2977 4748 suum,
3003 4678 3473 4752 deﬂuebantque
3511 4680 3714 4736 salivae
3743 4682 3805 4736 in

2144 4768 2403 4824 barbam
2431 4767 2583 4836 ejus,
2619 4767 3152 4839 collabebaturque
3183 4771 3243 4822 in
3271 4768 3553 4823 manibus
3569 4786 3801 4836 eorum,

2144 4862 2201 4912 et
2231 4855 2583 4928 procidebat
2622 4855 2700 4910 ad
2739 4857 2894 4911 ostia
2919 4863 3127 4928 portae.
3163 4860 3228 4911 Et
3271 4857 3419 4912 dixit
3447 4858 3628 4912 Achis
3657 4875 3800 4914 rex:

2145 4945 2298 5011 Quid
2329 4945 2446 4998 huc
2470 4945 2614 4999 mihi
2648 4945 2981 5000 adduxistis
3002 4946 3183 5000 istum
3202 4946 3228 5000 ‘?
3255 4947 3537 5018 Nunquid
3557 4947 3805 5004 deerant

2142 5033 2320 5088 nobis
2351 5033 2606 5089 furiosi?
2641 5037 2702 5090 Et
2732 5034 2815 5089 sic
2862 5050 3000 5088 eum
3033 5034 3273 5090 dimisit.
3310 5035 3483 5090 Achis
3519 5037 3805 5108 interi-re-

2142 5127 2342 5177 tantur
2373 5123 2660 5193 quomodo
2683 5130 2786 5189 est,
2817 5139 2923 5194 per
2938 5127 3104 5195 quod
3133 5123 3504 5192 significatur
3527 5125 3808 5193 ignoran-

2144 5212 2243 5278 tia,
2277 5217 2334 5266 et
2361 5211 2611 5266 verbum
2655 5212 2926 5267 mirantis
2957 5217 3014 5267 et
3042 5228 3165 5268 non
3197 5215 3604 5282 agnoscentis,
3639 5215 3805 5286 quod

2143 5300 2203 5354 in
2235 5306 2408 5370 gente
2433 5300 2778 5355 Judeeorum
2809 5301 3122 5373 impletum
3177 5306 3288 5356 est.
3323 5302 3434 5367 Qui
3473 5301 3621 5356 dum
3651 5304 3803 5358 vide-

2139 5395 2278 5444 runt
2302 5389 2622 5455 Christum,
2642 5405 2764 5444 non
2797 5396 3406 5459 agnoverunt,coram
3429 5391 3654 5462 quibus
3676 5409 3804 5446 mu-

2141 5477 2287 5533 tavit
2317 5493 2385 5532 os
2417 5495 2594 5532 suum
2613 5484 2670 5532 et
2693 5479 3044 5534 abiit.Erant
3063 5480 3224 5534 enim
3248 5479 3644 5551 ibiprmcepta
3657 5479 3804 5549 legis

2142 5566 2420 5630 carnalis,
2462 5573 2585 5622 erat
2627 5573 2682 5621 et
2714 5567 3077 5622 sacrificium
3133 5569 3468 5623 secundum
3529 5569 3803 5624 ordinem

2141 5659 2342 5710 Aaron
2370 5672 2382 5710 :
2415 5661 2471 5710 et
2495 5662 2706 5728 postea
2738 5657 2868 5729 ipse
2891 5658 2964 5711 de
2995 5673 3244 5729 corpore
3277 5663 3333 5712 et
3365 5657 3662 5726 sanguine
3696 5675 3808 5713 suo

2141 5745 2396 5801 instituit
2425 5745 2809 5813 sacriﬁcium,
2835 5746 3170 5802 secundum
3190 5746 3464 5802 ordinem
3494 5745 3808 5802 Melchise-
