3940 6414
91 263 180 319 321
1107 255 1366 315 ENARR.
1399 256 1466 311 IN
1497 247 1749 309 LIBROS
1777 245 2040 308 REGUM.
2069 286 2140 297 —
2168 258 2240 314 IN
2266 255 2401 316 LIB.
2433 265 2473 318 Ι.

3404 276 3512 339 322

89 385 255 441 dech.
286 382 528 440 Mutavit
556 398 698 452 ergo
731 400 801 438 os
837 399 1018 438 suum
1069 383 1130 439 in
1161 382 1497 440 sacerdotio
1553 383 1746 436 muta-
1774 376 1818 428 Α
1855 374 1934 474 do
1961 377 2056 474 hic
2081 379 2478 474 introducitur
2510 389 2636 446 Gad
2662 393 2979 466 propheta,
3013 412 3152 454 cum
3199 399 3258 455 in
3293 417 3516 474 praece-

91 476 166 530 vit
193 475 250 529 in
274 473 611 546 praeceptis,
636 473 788 528 dans
805 473 967 528 aliud
990 478 1436 537 testamentum,
1453 476 1746 527 evacuata

90 564 310 620 carnali
343 564 713 636 operatione,
773 570 953 636 atque
1011 564 1149 619 inde
1202 563 1508 634 collapsus
1547 568 1635 616 est
1685 562 1742 616 in

89 652 369 708 manibus
402 668 636 720 eorum,
668 653 918 724 quando
963 669 1101 708 eum
1160 651 1741 725 comprehendentes

91 742 526 798 cruciﬁxerunt.
563 745 630 797 Et
662 743 1014 814 procidebat
1038 743 1111 798 ad
1137 744 1359 798 ostium
1394 747 1600 813 portis,
1629 741 1742 795 hoc

91 836 194 892 est.
237 831 577 887 humiliavit
634 848 737 887 se:
772 833 886 887 hoc
925 837 1032 897 est,
1065 832 1375 904 procidere
1429 847 1620 903 usque
1665 830 1739 884 ad

91 921 303 975 ostium
326 919 468 975 ﬁdei
490 926 736 975 nostrae:
758 922 975 976 ostium
1009 922 1170 976 enim
1201 927 1407 994 portaa,
1433 920 1743 975 initiumti-

92 1009 199 1076 dei,
229 1008 369 1064 inde
392 1011 600 1082 incipit
625 1010 900 1078 Ecclesia,
926 1017 983 1066 et
1010 1011 1278 1082 pervenit
1301 1027 1490 1082 usque
1515 1009 1592 1065 ad
1617 1026 1744 1081 spe-

93 1099 256 1154 ciem.
293 1101 359 1155 Ut
390 1115 530 1154 cum
571 1100 757 1155 credit
787 1116 855 1155 ea
888 1117 1022 1171 qua:
1077 1117 1198 1155 non
1228 1100 1408 1165 videt,
1443 1104 1743 1154 mereatur

92 1187 328 1260 perfrui,
362 1204 502 1244 cum
532 1205 671 1244 eum
697 1189 896 1244 videre
942 1189 1092 1245 facie
1124 1190 1202 1244 ad
1229 1190 1441 1245 faciem
1474 1189 1737 1260 crepet-it.

93 1277 256 1342 Quod
283 1277 444 1332 enim
477 1278 538 1334 in
555 1277 658 1333 illo
687 1279 861 1350 quasi
885 1278 1080 1335 furore
1109 1279 1310 1334 salivae
1342 1279 1744 1335 decurrebant

92 1383 262 1438 super
281 1367 542 1424 barbam
569 1368 720 1439 ejus,
745 1369 1064 1442 Apostolus
1094 1371 1221 1425 haec
1263 1371 1470 1444 aperit,
1492 1369 1699 1425 dicens
1728 1385 1740 1422 :

92 1481 116 1504 «
146 1456 331 1512 Judaei
364 1457 542 1526 signa
572 1463 803 1530 petunt,
856 1464 913 1514 et
949 1460 1132 1514 Graeci
1186 1461 1543 1532 sapientiam
1574 1475 1740 1530 quaa-

92 1551 242 1601 runt.
275 1549 393 1602 Nos
454 1551 656 1603 autem
714 1548 1117 1620 praedicamus
1176 1550 1479 1604 Christum
1510 1547 1742 1603 cruciﬁ-

85 1651 260 1692 xum:
291 1635 513 1692 Jndteis
543 1637 790 1709 quidem
821 1638 1199 1706 scandalum,
1233 1639 1511 1709 gentibus
1541 1642 1740 1694 autem

1853 464 2133 564 dentibus
2156 473 2294 564 ejus
2321 475 2486 532 nulla
2509 477 2665 536 facta
2696 464 2869 539 fuerit
2912 485 3156 542 mentio.
3190 464 3514 564 Sic-itaque

1855 554 1947 611 hic
1975 558 2553 628 introducitur,sicut
2587 570 2739 626 Elias
2755 574 3048 646 propheta
3073 577 3134 633 in
3155 577 3289 635 loco
3311 554 3517 638 ubi-di-

1853 645 2106 707 cituizEt
2125 651 2272 708 dixit
2300 655 2452 712 lilias
2491 659 2794 716 Thesbites
2822 645 2895 718 de
2946 663 3382 725 habitatoribus
3408 674 3515 728 Ga-

1852 733 2098 826 laad.Ex
2131 757 2232 797 ore
2262 744 2461 818 itaque
2485 749 2718 805 Domini
2740 752 2863 806 Gad
2896 754 3191 826 propheta
3220 760 3404 815 David
3431 761 3518 816 di-

1852 825 1956 921 ait,
1993 833 2056 883 ut
2086 845 2206 886 non
2236 842 2573 891 moraretur
2603 838 2755 894 inter
2780 825 3097 910 gentes,iet
3127 845 3187 900 in
3218 852 3371 904 terra
3393 850 3519 921 pol-

1851 912 1998 1006 luta,
2024 918 2125 973 sed
2153 920 2210 975 in
2245 925 2462 979 terram
2493 927 2711 984 Iudam
2741 930 2977 997 rediret,
3013 938 3069 988 et
3107 934 3189 990 ibi
3211 912 3518 1006 juxta.vo-

1851 1003 2142 1064 luntatem
2163 1013 2901 1087 Domini,persecutionem
2921 1003 3301 1082 inimicorum
3319 1027 3512 1086 ferret.

1925 1118 1952 1144 «
1982 1097 2254 1172 Dixitque
2283 1104 2445 1174 Doeg
2475 1106 2777 1164 Idumteus
2808 1110 2885 1165 ad
2931 1113 3108 1170 Saul:
3143 1116 3269 1171 Vidi
3328 1119 3516 1175 David

1853 1185 2105 1282 «iﬁlium
2123 1191 2253 1282 ‘lsai
2268 1192 2336 1282 in
2361 1195 2586 1262 Noba,»
2605 1204 2662 1254 et
2690 1199 2940 1272 reliqua.
2975 1203 3278 1267 Quantum
3302 1207 3378 1262 ad
3401 1209 3518 1282 spi-

1851 1275 2084 1369 ritalem
2117 1279 2564 1353 intelligentiam
2597 1289 2869 1360 pertinet,
2922 1290 2982 1346 in
3034 1295 3197 1362 Doeg
3227 1275 3512 1369 Idumaio,

1853 1365 1957 1436 qui
1983 1372 2122 1424 voto
2149 1387 2212 1426 se
2243 1371 2636 1443 obligaverat,
2681 1378 2833 1434 sicut
2874 1379 2934 1434 in
2979 1380 3231 1437 Hebraeo
3280 1365 3512 1454 legitur,

1853 1461 2031 1524 prout
2056 1458 2246 1514 Judaei
2272 1462 2535 1530 tradunt,
2558 1470 2620 1520 ut
2648 1466 3129 1542 antiquantisper
3150 1470 3210 1525 in
3239 1472 3517 1530 taberna-

1853 1544 1990 1600 culo
2051 1550 2281 1606 Domini
2344 1552 2784 1623 immoraretur,
2847 1562 2902 1613 et
2943 1559 3197 1615 orationi
3258 1568 3514 1632 vacaret,

1852 1634 2018 1690 Judae
2049 1639 2368 1708 proditoris
2397 1659 2660 1715 persona
2704 1647 2993 1714 consistit,
3037 1664 3144 1721 per
3171 1666 3354 1722 quem
3403 1652 3518 1708 ista

89 1723 430 1781 stultitiam:
478 1726 624 1798 ipsis
675 1743 817 1783 vero
864 1728 1096 1784 vocatis
1151 1728 1370 1784 Iudaeis
1418 1733 1474 1784 et
1505 1729 1738 1794 Graecis,
1777 1735 1814 1788 Β
1854 1730 2136 1794 operatus
2167 1733 2254 1784 est
2293 1730 2572 1801 Zabulus,
2605 1739 2672 1790 ut
2717 1735 2847 1806 ejus
2891 1737 3229 1809 proditione
3258 1739 3418 1797 facta
3453 1741 3515 1797 in

88 1814 374 1870 Christum
441 1816 539 1871 Dei
578 1816 856 1873 virtutem
917 1822 975 1874 et
1024 1818 1124 1873 Dei
1179 1818 1556 1890 sapientiam.
1592 1816 1743 1882 Quia

87 1903 242 1976 quod
264 1904 516 1960 stultum
561 1911 653 1962 est
683 1907 802 1974 Dei,
857 1908 1186 1980 sapientius
1216 1914 1304 1964 est
1345 1908 1693 1964 hominibus
1728 1925 1740 1963 :

89 1994 321 2066 etquod
353 1996 667 2052 inﬁrmum
695 2003 787 2053 est
817 1999 938 2067 Dei,
995 1997 1199 2054 fortius
1246 2004 1334 2054 est
1388 1998 1738 2054 hominibus

89 2083 141 2152 (Ι
160 2083 290 2140 Cor.
323 2088 424 2155 1).»
448 2089 574 2142 Non
605 2091 897 2159 tanquam
924 2087 1174 2144 salivam
1222 2089 1481 2154 attende,
1516 2089 1623 2143 sed
1653 2093 1741 2142 at-

88 2172 272 2238 tende,
304 2175 452 2248 quia
489 2192 672 2249 super
725 2177 984 2234 barbam
1033 2178 1378 2235 decurrunt.
1423 2178 1740 2244 Quomodo

89 2262 237 2318 edim
262 2265 322 2319 in
352 2265 560 2320 salivis
609 2266 942 2328 inﬁrmitas,
980 2268 1061 2323 sic
1117 2268 1175 2323 in
1202 2268 1397 2324 barba
1425 2269 1611 2324 virtus
1643 2284 1738 2322 os-

92 2352 355 2408 tenditur.
390 2356 556 2410 Texit
585 2372 728 2426 ergo
757 2357 1033 2413 virtutem
1082 2374 1277 2428 suam,
1307 2374 1555 2431 corpore
1582 2359 1742 2414 inﬁr-

90 2442 296 2498 mitatis
331 2460 461 2499 sum
487 2462 500 2498 :
522 2451 578 2500 et
607 2445 775 2518 quod
796 2445 1131 2502 forinsecus
1155 2447 1596 2514 inﬁrmabatur,
1612 2452 1740 2504 tan-

89 2547 263 2604 quam
295 2534 488 2590 saliva
508 2536 866 2607 apparebat.
894 2541 1056 2593 Intus
1078 2543 1280 2594 autem
1302 2538 1508 2594 divina
1529 2539 1738 2606 virtus,

92 2625 369 2695 tanquam
400 2624 600 2680 barba
628 2625 962 2694 tegebatur.

689 2717 926 2772 CAPUT
965 2721 1119 2775 XXII.

155 2804 350 2874 «Fugit
369 2805 556 2860 David
574 2804 636 2860 in
658 2805 1012 2878 speluncam
1031 2808 1438 2877 Odollam,ubi
1459 2826 1595 2865 eum
1617 2827 1742 2865 om-

91 2910 117 2940 ‹
141 2907 241 2946 nes
270 2892 485 2950 fratres
517 2894 670 2965 ejus,
691 2899 748 2950 et
769 2895 967 2951 omnis
984 2896 1204 2952 domus
1232 2899 1420 2971 patris
1443 2900 1574 2970 ejus
1602 2899 1737 2954 visi-

91 3003 115 3028 ‹‹
146 2986 416 3039 taverunt
439 2989 499 3040 et
518 2991 932 3042 convenerunt
952 2986 1029 3041 ad
1049 3002 1189 3044 eum
1211 2989 1552 3062 omnes,qui
1572 2994 1743 3045 erant

1853 1812 2106 1881 Christo,
2136 1822 2343 1888 postea
2375 1823 2853 1892 persecutionem
2899 1825 3160 1882 Ecclesia
3191 1834 3513 1900 pateretur,

1854 1908 1908 1958 et
1940 1905 2356 1964 occiderentur
2397 1913 2834 1985 quamplurimi
2886 1916 3164 1988 discipuli
3215 1919 3428 1974 Christi
3461 1924 3518 1975 et

1855 1996 2220 2063 sacerdotes,
2254 2004 2309 2055 et
2340 2015 2449 2072 pro
2476 2003 2718 2058 nomine
2759 2005 2888 2074 ejus
2911 2006 3356 2077 persecutiones
3378 2023 3515 2077 gra-

1851 2085 2129 2142 vissimas
2160 2088 2504 2160 perferrent.
2535 2091 2638 2146 His
2667 2108 2809 2162 ergo
2853 2093 3076 2166 quibus
3105 2100 3382 2167 receptus
3425 2100 3517 2152 est

1853 2174 2138 2244 Christus,
2164 2177 2578 2235 tribulationes
2597 2180 2831 2237 induxit
2850 2181 3131 2238 diabolus
3161 2189 3218 2239 et
3236 2189 3513 2241 mortem.

1853 2285 1880 2311 «
1915 2265 2135 2319 Omnes
2161 2266 2342 2336 enim,
2379 2289 2406 2317 ››
2433 2272 2495 2324 ut
2522 2269 2603 2324 ait
2626 2270 2964 2341 Apostolus,
2999 2294 3026 2320 «
3057 2272 3161 2344 qui
3191 2272 3251 2327 in
3283 2273 3516 2329 Christo

1851 2352 1947 2424 pie
1969 2353 2173 2409 volunt
2192 2355 2412 2425 vivere,
2431 2359 2911 2428 persecutionem
2930 2361 3343 2432 patiuntur(I[
3361 2363 3510 2417 Tim.

1850 2442 1951 2511 ιιι).
1976 2463 2004 2490 ››
2040 2445 2104 2498 Et
2122 2443 2410 2499 Dominus
2429 2445 2508 2500 ait
2534 2463 2546 2500 :
2578 2468 2606 2495 ‹‹
2638 2446 2694 2503 Si
2722 2463 2818 2502 me
2836 2449 3132 2520 persecuti
3149 2455 3310 2517 sunt,
3330 2455 3386 2506 et
3405 2466 3515 2506 vos

1851 2538 2288 2605 persequentur
2321 2535 2513 2604 (Joan.
2541 2536 2656 2606 xv).
2693 2559 2720 2586 ››
2765 2540 2959 2593 Potest
3005 2539 3166 2594 enim
3195 2540 3377 2610 Doeg,
3409 2539 3516 2611 qui

1850 2619 2272 2693 interpretatur
2298 2631 2492 2680 motus
2521 2629 2577 2681 et
2607 2625 2902 2682 Idumaeus
2926 2633 3216 2692 terrenus,
3238 2629 3360 2684 sive
3381 2644 3516 2685 εαηρ

1850 2711 2124 2780 guineus,
2155 2712 2321 2784 quod
2333 2729 2557 2769 nomen
2585 2714 2646 2769 in
2668 2716 3154 2788 praeﬁguratione
3176 2717 3514 2774 futurorum

1851 2799 2172 2873 accipiens,
2205 2819 2416 2858 eorum
2446 2803 2720 2861 videlicet
2768 2822 3092 2878 personam
3151 2807 3512 2878 signiﬁcare,

1851 2889 1958 2961 qui
2046 2895 2282 2947 terrena
2368 2893 2669 2965 sapientes
2765 2900 2946 2968 atque
3031 2896 3347 2953 carnaliter
3431 2895 3515 2951 vi-

1851 2984 2083 3050 ventes,
2138 2981 2436 3037 Christum
2495 2982 2557 3037 in
2615 2983 2740 3038 suis
2793 2985 3082 3041 membris
3139 3001 3515 3058 persequun-

93 3092 115 3117 ι(
146 3070 202 3125 in
227 3074 512 3141 angustia
555 3074 878 3143 constituti,
904 3081 959 3131 et
979 3078 1255 3150 oppressi
1284 3095 1398 3134 tere
1425 3078 1642 3148 alieno,
1686 3084 1742 3134 et
1772 3093 1813 3149 ο
1852 3073 1968 3124 tur-

93 3181 116 3206 «ι
147 3176 347 3218 amaro
365 3162 594 3228 animo,
613 3167 671 3219 et
689 3163 882 3220 factus
901 3169 1212 3223 esteorum
1235 3167 1572 3241 princeps.»
1590 3168 1745 3234 Quid

94 3251 348 3323 estquod
370 3257 660 3309 manente
689 3253 876 3309 David
901 3254 963 3310 in
994 3255 1304 3328 spelunca,
1343 3263 1634 3314 venerunt
1662 3258 1741 3315 ad

94 3354 219 3395 eum
248 3357 461 3397 omnes
507 3341 718 3398 fratres
750 3343 882 3415 ejus
927 3349 984 3401 et
1039 3347 1238 3402 omnis
1287 3347 1510 3403 domus
1551 3349 1740 3421 patris

95 3428 230 3498 ejus,
248 3430 356 3486 nisi
377 3431 549 3504 quod
573 3431 1174 3506 Redemptornoster,
1192 3442 1433 3508 peracta
1458 3438 1741 3510 passione

97 3534 194 3574 sua
222 3535 289 3575 ac
319 3521 738 3594 redemptione
768 3523 1020 3579 humani
1048 3525 1303 3596 generis,
1335 3525 1409 3581 de
1461 3526 1634 3599 plebe
1667 3528 1743 3582 Is-

95 3607 338 3666 raelitica
367 3610 428 3666 in
455 3610 672 3667 Judaea
723 3612 987 3684 primum
1034 3613 1358 3670 Ecclesium
1403 3615 1740 3678 collocavit.

94 3695 159 3750 de
187 3704 352 3766 gente
401 3700 463 3756 in
495 3717 620 3772 qua
643 3717 889 3758 carnem
919 3719 1234 3759 assumere
1283 3705 1566 3775 dignatus
1615 3707 1742 3762 est?

96 3786 188 3841 Ubi
215 3787 418 3846 fratres
453 3791 608 3862 ejus,
637 3790 698 3846 id
727 3796 815 3847 est
840 3793 1120 3864 apostoli,
1153 3798 1212 3850 et
1256 3793 1509 3851 domum
1555 3796 1742 3868 patris

95 3875 232 3946 ejus,
251 3878 308 3934 id
329 3886 417 3934 est
443 3879 525 3935 illi
543 3881 645 3952 qui
663 3897 734 3936 ex
757 3883 1081 3953 Synagoga
1101 3883 1160 3938 in
1179 3900 1319 3940 eum
1342 3886 1736 3952 crediderant,

94 3973 367 4024 venerunt
394 3969 476 4025 ad
503 3968 696 4039 illum,
720 3975 777 4026 et
805 3978 1213 4028 convenerunt
1243 3974 1321 4030 ad
1356 3990 1497 4030 eum
1527 3991 1740 4031 omnes

95 4055 186 4125 qui
215 4063 381 4114 erant
408 4059 469 4114 in
497 4059 781 4129 angustia
831 4061 1131 4118 constituti
1188 4068 1244 4120 et
1300 4066 1571 4138 oppressi
1625 4081 1742 4120 aere

97 4143 295 4215 alieno,
327 4149 441 4205 hoc
473 4154 566 4204 est
593 4149 758 4221 quod
789 4150 919 4223 ipse
947 4151 1026 4207 ad
1052 4169 1114 4208 se
1140 4153 1341 4209 venire
1368 4155 1629 4210 invitans
1651 4154 1741 4210 di-

97 4233 192 4289 xit:
213 4257 239 4283 ‹‹
271 4239 468 4294 Venite
504 4238 583 4294 ad
612 4255 728 4309 me,
747 4255 960 4296 omnes
983 4241 1082 4314 qui
1110 4241 1399 4299 laboratis
1431 4249 1488 4300 et
1512 4244 1743 4300 onerati

97 4324 244 4393 estis,
275 4332 330 4381 et
353 4343 468 4397 ego
491 4328 761 4384 reﬁciam
790 4345 899 4386 vos
916 4331 1595 4404 (illatth.x1).»Czeterum
1619 4350 1745 4389 om-

96 4426 191 4467 nes
220 4416 320 4487 qui
353 4433 418 4473 se
448 4423 791 4488 agnoscunt
812 4419 874 4474 in
905 4422 1184 4490 angustia
1205 4422 1556 4478 constitutos
1579 4423 1744 4479 vitio-
1780 4455 1822 4508 ι)

96 4519 237 4572 rum,
265 4523 370 4564 nec
407 4509 639 4565 habent
664 4508 1041 4566 latitudinem
1066 4511 1454 4580 charitatis,et
1471 4513 1744 4587 oppressi

99 4599 222 4651 sunt
247 4613 359 4654 tere
383 4598 604 4665 alieno,
632 4599 748 4655 hoc
771 4605 878 4665 est,
917 4617 1100 4656 censu
1121 4607 1530 4674 peccatorum,
1561 4620 1746 4676 quem

98 4685 471 4745 exsolvebant
498 4689 744 4746 diabolo
761 4691 1014 4764 quando
1046 4692 1443 4750 exhibuerunt
1471 4694 1749 4750 membra

99 4789 198 4830 sua
222 4778 438 4834 servire
461 4779 764 4852 iniquitati
789 4779 865 4835 ad
883 4779 1280 4853 iniquitatem:
1304 4799 1552 4840 necesse
1583 4790 1672 4840 est
1689 4793 1759 4847 ut

99 4877 289 4922 amaro
325 4868 442 4923 sint
469 4867 696 4934 animo,
750 4869 866 4924 hoc
898 4876 1004 4931 est.
1035 4875 1096 4926 ut
1126 4871 1306 4940 digne
1336 4877 1751 4946 prenitentiam

100 4961 341 5019 geranta
361 4957 594 5013 delictis
616 4961 743 5014 suis
765 4960 1096 5032 praeteritis,
1114 4966 1172 5018 et
1189 4963 1426 5020 venient
1444 4966 1521 5021 ad
1544 4967 1752 5037 David,

100 5043 164 5096 ad
190 5044 597 5104 desideratum
630 5048 907 5106 videlicet
958 5056 1258 5120 nostrum,
1308 5059 1608 5125 quatenus
1651 5057 1754 5114 fiat

101 5145 294 5191 eorum
326 5137 634 5210 princeps,
687 5139 834 5211 quia
859 5139 988 5212 ipse
1020 5145 1110 5196 est
1134 5141 1240 5214 qui
1272 5144 1634 5201 constitutus
1668 5151 1756 5202 est

104 5236 133 5273 ει
163 5224 270 5280 Deo
295 5226 479 5295 iudex
509 5228 789 5285 vivorum
806 5234 863 5285 et
894 5235 1338 5288 mortuorum.«
1373 5235 1526 5288 Deus
1557 5233 1749 5304 fortis,

103 5310 252 5368 Pater
297 5314 479 5372 futuri
512 5317 736 5386 saeculi,
795 5319 1076 5393 princeps
1115 5321 1308 5394 pacis,
1363 5322 1536 5393 cujus
1582 5321 1749 5393 regni

103 5415 210 5458 non
235 5406 335 5462 erit
360 5408 519 5479 ﬁnis,
553 5414 611 5464 et
639 5409 1054 5468 dominabitur
1073 5428 1110 5468 a
1126 5411 1281 5468 mari
1306 5428 1499 5485 usque
1517 5414 1593 5470 ad
1621 5431 1750 5470 ma-

105 5505 156 5543 re
185 5502 435 5565 potestas
468 5499 623 5569 ejus,
653 5505 918 5572 potestas
949 5506 1194 5567 aeterna,
1238 5505 1296 5558 et
1334 5518 1591 5573 regnum
1617 5504 1750 5575 ejus

108 5580 251 5639 alteri
283 5603 398 5644 non
430 5588 677 5645 dabitur
707 5590 850 5659 (lsa.
887 5597 992 5661 ιχ),
1030 5614 1056 5641 ”

171 5675 478 5750 «Dixitque
511 5679 638 5736 Gad
672 5681 964 5753 propheta
995 5681 1072 5737 ad
1115 5681 1322 5738 David:
1376 5686 1453 5739 Ne
1498 5685 1750 5739 moreris

2463 3165 2689 3220 CAPUT
2725 3167 2902 3219 XXIII.

1925 3274 1953 3302 «
1988 3256 2166 3309 Porro
2195 3269 2267 3310 eo
2297 3258 2564 3326 tempore
2607 3270 2730 3326 quo
2760 3253 2993 3322 fugerat
3020 3253 3329 3323 Abiathar,
3351 3253 3513 3309 ﬁlius

1854 3365 1880 3393 ‹‹
1917 3343 2282 3411 Abimelech,
2313 3343 2390 3399 ad
2426 3343 2634 3414 David,
2665 3343 2726 3398 in
2752 3343 2848 3399 die
2903 3343 3003 3400 illa
3056 3344 3257 3417 ephod
3302 3359 3510 3400 secum

1852 3455 1879 3481 «
1913 3432 2148 3488 habens
2178 3433 2642 3502 descenderat,»
2669 3438 2778 3489 etc.
2799 3433 3010 3507 Ephod
3036 3433 3182 3489 illud
3204 3437 3334 3490 erat
3346 3432 3515 3507 quod

1851 3525 2100 3594 Moyses,
2129 3522 2378 3593 jubente
2413 3522 2688 3592 Domino,
2710 3522 2928 3579 fecerat
2949 3523 3100 3580 sicut
3119 3528 3175 3580 et
3195 3521 3508 3590 rationale,

1849 3612 1910 3666 in
1941 3628 2065 3684 quo
2096 3617 2222 3668 erat
2251 3612 2525 3668 doctrina
2551 3617 2608 3668 et
2637 3612 2874 3680 veritas,
2907 3613 2967 3668 in
2997 3627 3121 3686 quo
3151 3613 3334 3669 etiam
3366 3627 3512 3669 con-

1852 3701 2032 3757 suluit
2059 3702 2245 3758 David
2271 3703 2617 3770 Dominum,
2645 3708 2702 3758 et
2721 3703 2833 3759 ait:

1925 3814 1952 3840 «
1985 3793 2042 3848 Si
2068 3793 2305 3848 tradent
2332 3810 2428 3848 me
2459 3793 2566 3848 viri
2593 3792 2763 3847 Ceilae
2809 3791 2869 3847 in
2900 3807 3120 3847 manus
3147 3789 3308 3857 Saul,
3346 3794 3404 3847 et
3459 3789 3513 3845 si

1853 3905 1879 3932 «
1911 3883 2237 3939 descendet
2263 3883 2390 3956 ipse
2422 3883 2573 3938 sicut
2597 3881 2825 3938 audivit
2866 3897 3076 3936 servus
3121 3881 3296 3936 tuus?
3327 3883 3394 3936 Et
3434 3881 3516 3938 ait

1855 3996 1882 4023 α
1916 3973 2242 4029 Dominus:
2276 3972 2620 4028 Descendet.
2657 3993 2684 4016 ιι
2714 3977 2794 4026 Ac
2827 3971 2873 4025 si
2909 3969 3162 4026 diceret:
3191 3969 3248 4027 Si
3277 3969 3374 4025 hic
3406 3975 3517 4026 ste-

1852 4062 1997 4133 rilis,
2021 4063 2349 4119 descendet
2400 4061 2562 4133 Saul,
2605 4066 2663 4117 et
2708 4060 2946 4117 tradent
2983 4065 3035 4116 te
3088 4059 3195 4116 viri
3237 4059 3408 4116 Ceilaa
3450 4059 3513 4116 in

1854 4169 2074 4210 manus
2117 4153 2271 4224 ejus,
2322 4168 2533 4208 eorum
2578 4150 2949 4208 voluntatem
2981 4150 3034 4206 ei
3082 4149 3412 4206 indicabat.
3449 4153 3516 4206 Et

1854 4243 2066 4298 merito
2094 4243 2203 4298 viri
2236 4241 2428 4311 Ceilze,
2457 4242 2607 4296 sicut
2631 4241 2735 4313 qui
2757 4240 2972 4312 ingrati
2994 4240 3301 4296 beneficiis
3327 4239 3514 4296 David

1854 4333 2216 4398 exstiterant,
2250 4348 2388 4387 cum
2437 4347 2540 4386 eos
2589 4331 2716 4402 ipse
2762 4330 2839 4386 dc
2887 4329 3173 4386 manibus
3225 4329 3514 4385 I’hilistim

1855 4421 2093 4484 eruerit,
2121 4419 2546 4490 signiﬁcabant
2566 4419 2980 4476 infidelitatem
3010 4435 3116 4474 seu
3163 4418 3513 4475 inconstan-

1856 4512 2002 4568 tiam
2041 4511 2406 4572 Judaeorum,
2439 4510 2545 4582 qui.
2600 4509 3012 4583 Redemptoris
3043 4509 3229 4565 nostri
3279 4523 3517 4580 semper

1858 4601 2060 4673 pietati
2090 4600 2307 4670 ingrati
2338 4599 2680 4666 existentes,
2724 4599 2890 4672 apud
2945 4597 3145 4654 saeculi
3189 4601 3516 4669 potestates

1861 4696 2069 4746 contra
2116 4707 2254 4745 eum
2284 4688 2632 4744 insidiando
2657 4687 3045 4743 meditantur.
3096 4688 3520 4756 Interpretatur

1862 4785 2065 4836 autem
2093 4779 2272 4847 Ceila,
2295 4778 2376 4834 ad
2399 4777 2661 4847 fundam
2701 4779 2897 4845 jacta,
2932 4775 3053 4830 sive
3084 4773 3383 4830 excellens
3435 4772 3515 4827 si-

1865 4871 2062 4926 bimet.
2112 4872 2177 4924 Et
2229 4868 2289 4922 in
2321 4865 2556 4939 psalmo
2587 4866 2876 4936 scriptum
2927 4869 3053 4918 est:
3087 4885 3114 4911 ‹‹
3148 4863 3211 4917 In
3267 4861 3518 4916 circuitu

1861 4959 2029 5031 impii
2053 4956 2372 5014 ambulant
2401 4955 2590 5020 (Psal.
2614 4955 2716 5024 χι).
2741 4976 2769 5003 ››
2802 4957 2868 5008 Et
2897 4951 3039 5007 alibi
3071 4967 3083 5005 :
3128 4974 3154 5002 ς
3204 4949 3428 5007 Stultus
3455 4954 3520 5006 ut

1861 5050 2008 5105 luna
2032 5053 2299 5104 mutatur
2323 5045 2534 5116 (Eccli.
2566 5048 2759 5111 xxvn).
2794 5065 2822 5092 »
2851 5041 3015 5098 Unde
3063 5045 3120 5096 et
3145 5039 3413 5114 sequitur
3441 5039 3516 5096 de

1860 5138 2112 5211 Ziphzeis
2135 5155 2148 5193 :

1934 5250 1962 5279 ‹‹
1999 5231 2176 5284 Porro
2207 5224 2394 5281 David
2423 5229 2549 5280 erat
2576 5223 2637 5279 in
2689 5223 2925 5280 deserto
2979 5223 3122 5295 Ziph
3172 5222 3231 5278 in
3285 5221 3452 5282 silva,
3488 5242 3515 5268 η

1863 5325 1997 5387 etc.,
2030 5331 2243 5389 usque,
2280 5337 2306 5363 «
2361 5320 2418 5370 et
2446 5319 2736 5370 venerunt
2765 5314 2982 5386 Ziphiei
3012 5312 3089 5367 ad
3116 5311 3277 5375 Saul,
3320 5310 3518 5365 dicen-

1864 5433 1890 5458 ‹‹
1926 5415 2011 5465 tes
2042 5424 2055 5463 :
2091 5410 2235 5462 Ecce
2271 5403 2454 5460 David
2499 5402 2689 5459 latitat
2734 5402 2900 5475 apud
2940 5417 3073 5456 nos.
3107 5422 3135 5450 »
3169 5400 3312 5472 Ziph
3343 5413 3520 5455 mons

1864 5496 2178 5572 squalidus
2208 5493 2301 5549 vel
2331 5492 2624 5562 caligans,
2657 5493 2777 5548 sive
2805 5489 3158 5558 nebulosus,
3188 5489 3248 5544 in
3276 5504 3401 5562 quo
3433 5504 3521 5544 se-

1861 5589 1948 5644 dit
1978 5586 2160 5642 David
2187 5600 2376 5658 prope
2407 5581 2810 5649 Charmelum,
2834 5581 2937 5654 qui
2969 5579 3029 5636 in
3051 5580 3368 5654 Scripturis
3389 5583 3522 5638 Car—

1863 5678 2055 5734 melus
2084 5674 2436 5748 appellatur.
2470 5673 2558 5727 Sic
2590 5673 2751 5728 enim
2805 5670 3142 5744 appellatur
3191 5671 3360 5726 vicus
3417 5671 3522 5726 ho-

113 5780 135 5804 "
171 5760 225 5818 in
248 5767 558 5837 praesidio:
593 5768 703 5826 sed
726 5769 885 5827 vade
915 5770 979 5827 in
1004 5774 1230 5828 terram
1261 5772 1477 5832 Juda.»
1511 5773 1652 5831 Miro
1679 5789 1788 5842 mo
1829 5772 1950 5832 .die
1989 5766 2377 5828 Judaeorum:
2432 5762 2594 5822 unde
2641 5763 2752 5821 fuit
2793 5759 2983 5821 Nabal
3031 5759 3379 5820 Carmelius.
3407 5759 3523 5820 Sed
