3940 6404
378 261 487 319 323

1478 249 1836 311 Λαῦῑιοω
1875 247 2335 307 IJJXOYIEN’SIS
2378 251 2696 309 MONACHI

3698 256 3817 310 32b

378 387 614 439 etunus
641 377 719 433 de
746 374 1000 448 posteris
1029 372 1211 430 Caleb-
1227 373 1419 433 dictus
1449 380 1540 431 est
1564 375 1728 446 Ziph.
1758 376 1912 443 Lege
1937 376 2040 429 Pa—
2065 377 2112 429 A
2151 380 2305 431 runt.
2337 378 2448 432 Sed
2480 382 2684 434 tamen
2710 378 2898 433 David
2939 377 3184 434 Sanlem
3212 377 3489 434 occidere
3510 377 3727 447 noluit,
3755 383 3814 435 el

371 467 871 541 ralipomenon(1
900 466 1043 519 Par.
1078 463 1179 529 XI).
1212 466 1389 532 Ergo,
1422 469 1485 523 ut
1524 464 1753 520 dictum
1798 469 1887 520 est
1939 481 2040 519 su-

376 559 579 633 perius
604 556 676 611 de
709 554 847 612 viris
871 552 1067 614 Cellae.
1098 552 1182 607 sic
1213 558 1269 609 et
1285 554 1523 624 Zipliaei,
1549 554 1652 625 qui
1686 555 1871 609 David
1899 571 2039 626 pro-

378 643 843 711 dideruntSaul,
873 649 930 701 et
982 658 1120 699 cum
1167 658 1241 697 eo
1296 648 1555 701 mortem
1606 644 1735 713 ejus
1766 643 2041 715 meditati

383 733 673 806 suntqu
700 732 1118 802 interpretatur
1141 738 1502 800 φθηυηαηιθε
1521 749 1626 787 seu
1644 737 2035 801 [Im-escentes.

382 824 725 893 Signiﬁcant
748 819 1011 888 ludmos,
1034 818 1141 890 qui
1165 836 1306 875 eum
1334 820 1395 875 in
1428 836 1621 889 regno
1649 825 1888 876 terreno
1908 836 2047 889 ger--

379 913 608 973 minare
637 908 1022 981 appetebant,
1055 907 1221 970 apud
1266 908 1567 981 principes
1628 925 1772 963 suos
1822 914 2039 966 tracta—

376 1002 526 1063 bant
549 999 623 1057 de
653 1014 799 1056 nece
826 995 1175 1055 Salvatoris:
1194 996 1449 1067 qualiter
1478 1013 1617 1056 eum
1648 1014 1755 1069 per
1777 997 2043 1070 discipu-

377 1093 508 1151 lum
535 1107 717 1150 suum
759 1087 1067 1161 proditum
1112 1087 1652 1157 apprehenderent.
1690 1093 1746 1144 et
1798 1089 2042 1161 praesidi

378 1181 454 1237 ad
486 1176 959 1239 interﬁciendum
995 1174 1301 1231 traderent
1342 1176 1578 1244 (Matth.
1621 1180 1804 1243 λινε).
1856 1178 2042 1247 Signi_

377 1271 563 1328 ﬁcant
591 1268 770 1325 etiam
795 1270 852 1322 et
880 1264 1143 1337 perﬁdos
1166 1281 1462 1337 quosque,
1486 1267 1593 1338 qui
1621 1267 1771 1323 dum
1798 1284 2043 1343 prospe-

379 1377 448 1416 ra
472 1357 805 1431 requirunt,
837 1359 895 1410 et
923 1360 1308 1426 prosperatur
1326 1356 1409 1410 eis
1431 1371 1699 1427 praesens
1729 1359 2039 1415 saeculum.

380 1448 548 1505 Unde
576 1447 733 1502 bene
759 1444 1178 1515 interpretatur
1218 1443 1623 1511 ﬂorescentes,
1645 1448 1895 1518 quando
1928 1451 2042 1505 Do-

380 1537 617 1593 minum
645 1533 940 1588 Christum
963 1532 1024 1588 in
1050 1532 1339 1591 membris
1368 1534 1491 1589 suis
1517 1535 1856 1607 degentem,
1876 1540 2041 1611 apud

383 1627 709 1698 potestates
741 1620 943 1678 saeculi
969 1621 1151 1691 hujus
1176 1622 1460 1694 produnt.

1005 1768 1229 1822 CAPUT
1267 1769 1422 1823 XXIV

457 1894 679 1951 Dehinc
709 1892 975 1963 sequitur
1014 1890 1180 1963 quod
1220 1891 1283 1946 in
1330 1906 1531 1947 eremo
1581 1893 1851 1961 Engaddi
1899 1910 2039 1949 cum

383 1981 872 2058 persequendum
898 1980 1081 2036 David
1119 1980 1257 2037 Saul
1282 1985 1605 2053 appeteret,
1629 1982 1935 2052 ingressus
1953 1987 2043 2038 est

383 2073 577 2131 David
602 2073 663 2129 in
697 2070 1073 2144 speluncam,
1106 2075 1162 2125 et
1211 2069 1297 2125 ibi
1335 2069 1579 2127 latebat.
1629 2071 1739 2127 Sed
1771 2088 1894 2140 rex,
1926 2071 2038 2126 im-

384 2162 642 2237 provisis
661 2164 943 2232 exceptus
972 2159 1221 2225 insidiis,
1240 2160 1302 2215 in
1327 2158 1442 2215 hoc
1463 2160 1611 2231 quid
1638 2161 1896 2216 innocuo
1914 2177 2039 2216 mo-

386 2252 641 2313 liebatur
671 2250 978 2306 inciderat.
1011 2249 1307 2320 Scriptum
1338 2250 1428 2304 est
1466 2250 1658 2306 enim:
1694 2272 1721 2301 (ί
1752 2250 1863 2316 Qui
1894 2250 2041 2305 fodit

385 2343 616 2401 foveam
639 2340 911 2412 proximo
961 2356 1092 2405 suo,
1123 2338 1251 2410 ipse
1301 2337 1520 2394 incidet
1575 2339 1634 2395 in
1666 2356 1802 2395 eam
1835 2342 2034 2407 (Prov.

385 2437 561 2491 xxvi).
589 2454 613 2481 ‹‹
648 2428 835 2487 David
861 2434 1063 2485 autem
1106 2427 1270 2484 bona
1300 2443 1409 2499 pro
1462 2428 1636 2484 malis
1680 2430 2037 2499 retribuens,

385 2520 697 2579 inimicum
747 2534 868 2575 non
914 2516 1218 2582 occidens,
1266 2517 1373 2572 sed
1398 2534 1508 2590 pro
1553 2518 1891 2574 testimonio
1920 2519 2039 2575 fac-

386 2610 453 2672 ti,
479 2626 655 2667 oram
680 2607 999 2664 chlamidis
1022 2606 1199 2673 regiae
1228 2606 1500 2663 abstulit:
1535 2624 1675 2663 cum
1702 2607 1934 2663 facilius
1954 2624 2044 2663 es-

389 2704 477 2756 set
505 2702 827 2768 caceptum
848 2695 1079 2751 insidiis
1105 2696 1519 2751 adversarium
1550 2697 1797 2769 perdere
1820 2698 2033 2768 magis,

386 2803 576 2860 quam
606 2785 826 2844 fallere.
857 2784 1016 2850 Quid.
1035 2801 1177 2851 ergo
1220 2790 1312 2841 est
1359 2786 1524 2857 quod
1562 2786 1673 2841 iste
1718 2786 1955 2855 fugiens
2002 2804 2043 2843 a

384 2876 535 2935 faeie
569 2875 730 2946 Sani,
757 2875 819 2931 in
848 2873 1356 2946 speluncalatuit?
1384 2878 1574 2939 Quare
1596 2880 1795 2931 autem
1826 2875 2043 2931 latuit?

385 2965 505 3023 nisi
534 2970 598 3021 ut
647 2964 1042 3020 occultaretur
1094 2967 1149 3019 et
1180 2980 1302 3019 non
1333 2963 1715 3020 inveniretur.
1750 2966 1907 3030 Quid
1950 2971 2038 3022 est

386 3054 619 3124 contegi
646 3054 955 3126 spelunca,
988 3052 1102 3107 nisi
1145 3053 1380 3123 contegi
1414 3056 1612 3110 terra?
1644 3054 1755 3120 Qui
1788 3055 1947 3110 enim
1976 3056 2039 3111 in
2067 3090 2107 3145 Ο

385 3144 673 3216 spelunca
695 3147 801 3210 est,
829 3158 865 3198 a
894 3146 1055 3198 terra
1076 3142 1307 3211 tegitur,
1332 3159 1407 3198 ne
1430 3143 1722 3199 videatur.
1762 3144 2037 3201 Portabat

383 3241 581 3292 autem
618 3239 837 3291 terrain
866 3236 1054 3294 Jesus.
1095 3249 1338 3289 carnem
1388 3233 1617 3290 scilicet
1650 3251 1835 3306 quam
1866 3251 2034 3291 acce-

381 3328 556 3396 perat
574 3323 648 3379 de
675 3328 869 3383 terra:
902 3323 1039 3379 etin
1074 3339 1147 3381 ea
1171 3339 1235 3379 se
1264 3322 1624 3391 occultabat,
1652 3339 1729 3380 ne
1764 3324 2037 3380 aiudeeis

382 3412 747 3469 inveniretur
772 3414 943 3469 Deus
982 3434 1009 3460 «
1059 3411 1117 3469 Si
1167 3412 1329 3467 enim
1382 3412 1822 3482 cognovissent,
1879 3428 2036 3468 nun-

382 3517 573 3574 quam
594 3500 921 3555 Dominum.
940 3499 1140 3568 glorise
1161 3499 1669 3570 crucifixissent(1
1687 3502 1823 3557 Cor.
1857 3505 2037 3568 vnn.»

383 3590 575 3651 Quare
601 3588 1081 3657 ergo-Dominum
1109 3588 1309 3656 gloriae
1330 3603 1453 3643 non
1470 3588 1869 3645 invenerunt?
1888 3590 2047 3655 Quia.

386 3679 674 3750 spelunca
703 3694 765 3732 se
794 3675 1118 3744 texerat,id
1145 3682 1237 3732 est
1261 3676 1455 3732 carnis
1481 3676 1890 3733 infirmitatem
1902 3695 2039 3735 ocu-

382 3767 462 3824 lis.
483 3766 835 3838 objiciebat:
865 3771 919 3823 et
973 3765 1352 3836 majestatem
1399 3765 1743 3833 divinitatis,
1772 3768 2037 3840 corporis

379 3856 735 3925 inltegmine.
758 3860 1049 3927 tanquam
1083 3854 1380 3927 speluncae
1402 3854 1628 3917 abdito,
1660 3856 2033 3925 contegebat.

381 3945 468 4003 Illi
515 3962 656 4014 ergo
688 3961 811 4003 non
852 3948 1284 4013 cognoscentes
1314 3944 1501 3999 Deum
1556 3945 1849 4016 persecuti
1901 3951 2039 4002 sunt

378 4035 725 4101 hominem;
760 4050 868 4090 nec
924 4034 1075 4089 mori
1108 4033 1320 4105 potuit,
1369 4032 1481 4089 nisi
1512 4033 1571 4088 in
1604 4033 1846 4090 homine
1881 4051 1894 4089 :
1926 4052 2037 4091 nec

381 4123 858 4195 cruciﬁgipotuit
878 4123 991 4180 nisi
1017 4123 1075 4178 in
1098 4122 1378 4178 homine:
1414 4124 1563 4195 quia
1586 4140 1695 4181 nec
1723 4127 1905 4182 teneri
1931 4144 2038 4199 po-

380 4213 507 4280 tuit,
534 4212 649 4268 nisi
678 4213 737 4267 in
768 4211 1032 4267 homine.
1069 4212 1360 4283 Opposuit
1387 4229 1528 4283 ergo
1554 4214 1711 4270 male
1760 4232 2037 4287 quaeren-

381 4302 545 4359 tibus
567 4307 809 4367 terram,
843 4301 1099 4358 servavit
1154 4301 1312 4358 male
1364 4304 1774 4375 quaerentibus
1823 4306 2031 4362 Deum.

380 4391 551 4461 Fugit
577 4406 720 4459 ergo
734 4391 1069 4446 secundum
1091 4406 1334 4447 carnem
1362 4392 1420 4448 in
1451 4392 1802 4464 speluncam
1824 4410 1863 4450 a
1884 4394 2034 4450 facie

379 4480 539 4548 Saul,
574 4480 719 4553 quia
735 4496 959 4552 passus
978 4486 1095 4534 est:
1122 4497 1310 4552 usque
1338 4480 1490 4536 adeo
1518 4498 1577 4536 se
1610 4482 1918 4539 occultans
1941 4486 2035 4538 .lu-

378 4571 523 4626 deeis
558 4574 622 4625 ut
662 4573 1011 4625 moreretur.
1045 4569 1158 4626 Sed
1191 4585 1377 4641 quare
1406 4587 1597 4642 usque
1650 4571 1729 4626 ad
1779 4576 2033 4628 mortem

376 4660 563 4717 voluit
592 4675 727 4731 esse,
750 4658 991 4730 patiens
1010 4664 1077 4714 ut
1110 4658 1338 4728 fugeret
1383 4675 1419 4715 a
1465 4659 1613 4715 facie
1647 4660 1785 4716 Saul
1814 4660 1875 4715 in
1903 4678 2033 4732 spe-

373 4749 619 4806 luncam
644 4750 672 4804 ‘I
704 4747 931 4806 Etenim
954 4747 1240 4821 spelunca
1268 4747 1510 4804 inferior
1538 4763 1683 4820 pars
1732 4754 1897 4806 terra;
1923 4767 2032 4822 po-

376 4843 495 4894 test
516 4837 728 4910 accipi,
752 4841 808 4893 et
829 4842 983 4895 certe
1009 4836 1176 4910 quod
1207 4837 1595 4894 manifestum
1622 4842 1678 4893 et
1702 4842 1914 4894 notum
1945 4844 2033 4896 est

376 4927 681 4998 omnibus,
712 4943 941 5000 corpus
962 4926 1184 4998 ejusin
1212 4932 1605 4984 monumento
1634 4927 1897 4999 positum
1922 4933 2027 4997 est,

376 5016 692 5088 quoderati
711 5016 979 5073 excisum
1003 5017 1067 5072 in
1090 5019 1415 5089 petra.Hoc
1444 5022 1645 5073 autem
1673 5034 2028 5075 monumen-

375 5108 503 5160 tum
532 5103 821 5176 spelunca
852 5110 996 5172 erat,
1024 5122 1147 5177 quo
1178 5106 1327 5175 fugit
1365 5111 1565 5161 noster
1593 5107 1783 5163 David
1812 5123 1849 5163 a
1877 5108 2026 5165 facie

378 5194 551 5250 Saul:
587 5194 792 5249 tandiu
845 5193 1004 5248 enim
1054 5195 1345 5265 persecuti
1401 5200 1540 5251 sunt
1596 5196 1761 5252 illum
1816 5198 2022 5265 Judaei,

373 5283 778 5357 quoadusque
807 5287 1128 5354 poneretur
1147 5283 1204 5339 in
1240 5283 1610 5355 speluncam.
1633 5286 1746 5341 Sed
1766 5286 1911 5358 quid
1940 5292 2029 5343 est

374 5373 543 5444 quod
574 5372 714 5430 Saul
742 5375 1087 5445 persecutor
1103 5373 1179 5429 ad
1198 5374 1584 5445 purgandum
1614 5380 1877 5433 ventrem
1898 5394 2027 5449 spe-

373 5459 616 5519 luncam
642 5462 973 5532 ingreditur
992 5465 1019 5519 ‘2
1040 5462 1156 5517 nisi
1183 5461 1350 5534 quod
1379 5462 1563 5519 Judrei
1615 5464 1676 5520 in
1726 5465 2023 5522 Christum

373 5556 727 5622 conceptam
758 5552 973 5607 mentis
1004 5552 1316 5622 malitiam,
1369 5553 1543 5624 quasi
1587 5554 1837 5611 odorem
1894 5555 2022 5612 feti-

373 5639 522 5695 dum
563 5641 917 5698 cmiserunt:
948 5646 1006 5697 et
1050 5641 1309 5710 cogitata
1340 5642 1503 5714 apud
1530 5661 1591 5698 se
1619 5646 1820 5713 noxia,
1852 5644 2021 5701 factis

2150 483 2285 520 eum
2320 466 2378 521 in
2419 467 2624 522 abdito
2655 467 2985 523 occultatus
3002 473 3175 522 antro
3194 467 3441 523 haberet
3465 468 3522 522 in
3551 473 3815 539 potesta-

2154 559 2289 625 tem,
2325 572 2558 611 servare
2589 557 2789 629 potius
2820 574 3005 628 quam
3055 556 3325 612 occidere
3378 556 3613 612 maluit.
3646 559 3729 613 Ita
3756 561 3813 613 et

2151 644 2415 699 Christus
2448 645 2595 701 dum
2631 652 2783 701 esset
2815 646 2873 700 in
2904 646 3219 717 spelunca,
3261 645 3431 701 carni
3472 651 3819 717 persecuto-

2149 750 2273 787 rem
2309 735 2602 805 populum
2629 736 2687 790 in
2722 741 3013 806 potestate
3040 735 3267 801 habuit,
3301 739 3356 790 et
3400 750 3525 790 non
3568 736 3808 791 occidit.

2153 822 2449 894 Scriptum
2500 825 2659 879 enim
2688 830 2812 879 erat
2864 824 2939 879 de
2966 824 3051 879 eis
3080 839 3185 895 per
3215 822 3581 896 prophetam
3607 842 3623 879 :
3656 846 3683 874 ι(
3728 828 3813 880 Ne

2150 912 2440 967 occideris
2488 929 2590 968 eos
2620 913 2855 983 (Ezech.
2889 914 2992 983 ix).
3026 935 3054 963 »
3088 913 3349 968 Tantum
3390 912 3657 984 denique
3700 914 3811 969 De»

2149 1000 2252 1055 vid
2278 1002 2682 1057 summitatem
2711 1001 3027 1058 clilamidis
3058 1002 3294 1057 silenter
3323 1001 3578 1057 abscidit
3601 1005 3810 1057 επιοες

2152 1090 2435 1153 tenderet,
2476 1108 2583 1163 per
2629 1092 3006 1163 prophetiam
3038 1091 3339 1146 Christum
3391 1090 3630 1146 Judaeos
3682 1106 3811 1146 non

2152 1179 2463 1247 occidisse,
2493 1180 2595 1235 sed
2621 1182 2702 1235 eis
2734 1185 2964 1235 tantum
2996 1180 3159 1249 regni
3185 1179 3435 1250 gloriam
3466 1178 3806 1235 abstulisse.

2153 1268 2478 1323 Chlamidis
2507 1269 2667 1324 enim
2692 1269 2946 1325 abscisio
2974 1270 3140 1335 regni
3172 1274 3262 1323 est
3304 1268 3658 1341 amputatio.
3685 1268 3809 1326 Hoc

2153 1358 2331 1412 etiam
2353 1358 2468 1413 alio
2500 1358 2632 1413 loco
2662 1359 2819 1413 idem
2870 1358 3005 1414 Saul
3033 1375 3169 1413 cum
3201 1374 3307 1430 per
3336 1357 3813 1414 inobedientiam

2152 1452 2458 1519 peccasset
2487 1449 2765 1503 ostendit.
2817 1452 2962 1503 Nam
2996 1464 3136 1502 cum
3163 1446 3401 1501 veniam
3440 1452 3809 1519 precaretur,

2152 1540 2208 1591 et
2236 1542 2476 1605 rogaret
2508 1537 2843 1593 Samuelem
2878 1542 2941 1591 ut
2997 1541 3386 1592 reverteretur
3425 1552 3564 1591 cum
3596 1535 3699 1592 illo
3728 1534 3810 1591 ad

2151 1625 2517 1696 placandum
2548 1628 2752 1689 Deum.
2800 1633 2855 1681 et
2898 1626 3204 1696 noluisset,
3238 1631 3418 1697 atque
3450 1629 3817 1680 convertens

2069 1733 2119 1785 Β
2153 1715 2365 1769 faciem
2398 1732 2573 1770 suam
2605 1716 2814 1777 abiret.
2852 1716 3037 1770 tenuit
3091 1714 3231 1770 Saul
3285 1714 3574 1786 penulam
3629 1713 3806 1770 vesti-

2152 1805 2333 1859 menti
2358 1805 2513 1874 ejus,
2558 1809 2617 1860 et
2663 1805 2917 1877 disrupit
2946 1797 3103 1859 eani.
3138 1807 3203 1859 Et
3247 1804 3396 1859 dixit
3421 1803 3499 1859 ad
3528 1819 3675 1859 eum
3700 1805 3805 1859 Sa—

2149 1894 2348 1949 muel:
2386 1894 2644 1966 Disrupit
2670 1894 2961 1948 Dominus
2996 1910 3252 1963 regnum
3302 1892 3481 1948 Israel
3508 1892 3584 1947 de
3616 1909 3809 1949 mann

2150 1987 2251 2038 tua
2280 1984 2478 2048 hodie,
2503 1988 2559 2038 et
2580 1983 2746 2038 dabit
2776 1983 2919 2037 illud
2952 1984 3225 2055 proximo
3258 1987 3383 2050 tuo,
3421 1986 3478 2037 et
3506 1981 3809 2039 dividetur

2150 2072 2326 2127 lsrael
2346 2072 2406 2127 in
2438 2073 2591 2127 duos
2621 2072 2899 2145 populos.
2936 2076 3085 2141 Ergo
3110 2072 3340 2127 lsraelis
3384 2088 3711 2144 personam
3743 2071 3806 2125 ti-

2148 2162 2402 2230 guratim
2440 2162 2683 2230 gerebat
2705 2179 2806 2217 rex
2837 2164 2965 2231 iste,
2997 2163 3141 2234 quia
3165 2161 3426 2234 populus
3465 2162 3809 2216 amissurus

2147 2256 2271 2306 erat
2327 2268 2602 2321 regnum,
2667 2250 2814 2306 dum
2877 2252 3255 2323 persequitur
3310 2251 3649 2305 Christum:
3695 2249 3803 2305 sed

2147 2340 2290 2412 quia
2316 2342 2473 2396 hanc
2501 2341 2854 2396 sententiam
2887 2341 3102 2396 dilfuse
3161 2342 3438 2412 superius
3481 2343 3665 2413 prout
3701 2339 3807 2395 da-

2148 2435 2337 2486 ctores
2367 2435 2792 2502 exposuerunt,
2825 2429 3207 2499 digessimus,
3233 2446 3395 2485 nunc
3426 2429 3684 2485 breviter
3714 2444 3804 2484 re-

2146 2520 2533 2591 plicabimns.
2555 2521 2735 2575 David
2769 2520 3257 2591 persecutionem
3277 2519 3467 2576 Saulis
3488 2518 3811 2574 declinem

2145 2609 2205 2663 in
2229 2609 2512 2681 spelunca
2539 2610 2709 2664 latuit
2735 2627 2745 2663 :
2781 2610 3057 2664 similiter
3078 2616 3141 2664 el:
3181 2610 3455 2664 Christus
3506 2608 3807 2664 Omnibus

2146 2698 2515 2754 divinitatem
2551 2717 2724 2754 suam
2758 2700 2868 2755 sui)
2902 2700 3195 2771 spelunca.
3233 2700 3432 2754 carnis
3490 2698 3711 2767 celans,
3764 2714 3802 2754 a

2145 2788 2493 2845 Judasorum
2520 2789 2804 2845 cordibus
2848 2789 3105 2845 recessit.
3165 2789 3305 2845 Saul
3348 2805 3482 2844 sum
3530 2795 3800 2843 ventrem

2145 2883 2447 2950 purgaret,
2476 2878 2746 2934 abscissa
2773 2878 3077 2934 chlamida
3099 2879 3537 2933 dehoneswtus
3559 2883 3651 2933 est
3685 2896 3697 2933 ε
3730 2878 3800 2932 si-

2146 2967 2359 3022 militer
2414 2971 2470 3021 et
2498 2968 2758 3039 populus
2788 2968 3156 3033 Jiulzeornm,
3212 2974 3539 3039 postquam
3593 2967 3802 3039 nequi-

2146 3055 2290 3111 tiam
2311 3072 2493 3127 quam
2526 3062 2721 3111 mente
2753 3062 3177 3128 conceperant,
3200 3057 3261 3111 in
3283 3057 3578 3112 Christum
3610 3055 3803 3111 Domi-

2144 3161 2295 3201 num
2324 3145 2659 3201 effuderunt
2688 3145 3037 3201 clamantes:
3062 3146 3405 3214 «@l‘thlﬁgB,
3426 3146 3745 3215 cruciﬁge‘;
3774 3168 3815 3194 »ι

2146 3234 2224 3289 ab
2248 3235 2597 3290 indumento
2630 3235 2767 3290 tidei
2792 3240 2857 3290 et.
2874 3235 3057 3304 regali
3088 3235 3374 3305 dignitate
3401 3241 3819 3307 atque-sacer»

2145 3322 2641 3396 dotioexspoliati
2670 3328 2835 3391 sunt,
2868 3329 2925 3380 et
2964 3330 3165 3380 tamen
3205 3325 3399 3380 occisi:
3434 3341 3569 3379 non:
3610 3329 3753 3380 sunt
3785 3343 3796 3379 :

2147 3413 2251 3468 sed
2281 3414 2562 3471 reservati
2586 3430 2694 3487 pro
2744 3415 2847 3482 eis,
2878 3414 2983 3486 qui
3012 3414 3101 3469 de‘
3131 3414 3230 3469 illo
3278 3413 3519 3487 populo.
3558 3414 3621 3469 in
3682 3415 3811 3469 line

2149 3503 2358 3558 mundi
2387 3504 2664 3560 credituri
2697 3508 2843 3559 sunt
2878 3504 3128 3559 Christm
3166 3503 3347 3559 Aliter
3391 3506 3563 3573 juxta
3596 3520 3798 3559 mona—

2146 3590 2265 3649 lem
2297 3592 2798 3662 signiﬁcantium:
2859 3592 3005 3665 quid
3057 3608 3165 3664 per
3198 3592 3455 3660 Sanlem,
3487 3592 3615 3647 nisi:
3657 3593 3803 3648 mali

2146 3684 2445 3739 rectores?
2475 3683 2621 3755 quid
2668 3700 2805 3738 vero
2832 3699 2939 3755 per
2967 3683 3174 3747 David.
3210 3683 3333 3737 nisi
3372 3682 3513 3739 boni
3575 3683 3801 3739 subditi

2146 3773 2537 3842 designantur
2562 3773 2588 3827 ?
2610 3772 2769 3828 Sauli
2800 3773 2967 3828 enim
2980 3778 3248 3828 ventrem
3270 3788 3533 3844 purgare
3558 3778 3655 3827 est
3668 3787 3802 3845 pra-

2146 3880 2256 3918 vos
2284 3862 2638 3934 praepositos
2668 3867 3022 3934 conceptam
3052 3863 3113 3916 in
3142 3862 3321 3917 corde
3350 3862 3667 3929 malitiam,
3700 3879 3799 3917 uss-

2146 3968 2263 4024 que
2293 3951 2372 4008 ad
2401 3967 2649 4023 operam
2705 3951 2907 4005 miseri
2955 3951 3156 4006 odoris
3188 3954 3525 4018 extendere,
3559 3952 3802 4020 θεωρῇ*

2149 4046 2267 4098 tata
2290 4041 2455 4113 apud
2482 4057 2543 4096 se
2572 4040 2773 4109 noxia,
2802 4039 2981 4094 factis
2996 4040 3393 4095 exterioribus
3414 4040 3811 4112 exsequme

2147 4136 2504 4186 monstrare.
2540 4132 2809 4195 Quorum
2837 4128 3013 4195 facta,
3047 4129 3191 4185 licet,
3224 4130 3341 4185 sint
3372 4130 3690 4198 teterrima,
3724 4131 3807 4185 ab

2145 4220 2476 4276 humilibus
2508 4219 2785 4286 subditis,
2810 4219 2929 4274 oris
2961 4219 3161 4288 gladio
3186 4219 3457 4274 ferienda
3483 4234 3619 4275 non
3641 4226 3805 4282 sunt,

2146 4310 2326 4365 etiam
2358 4326 2496 4365 cum
2520 4314 2673 4364 recte
2705 4308 3200 4380 reprehendenda
3237 4309 3603 4379 judicantur.
3635 4310 3801 4365 Unde

2148 4399 2335 4455 David
2365 4399 2534 4455 ferire
2567 4398 2796 4466 metuit,
2828 4398 2973 4470 quia
3000 4398 3146 4469 ipsae
3204 4397 3584 4454 subditorum
3633 4415 3803 4454 men-

2147 4495 2254 4560 tes,
2285 4489 2364 4545 ab
2396 4489 2565 4545 omni
2612 4506 2673 4544 se
2706 4494 2872 4561 peste
2904 4488 3350 4544 obtrectationis
3403 4488 3797 4558 abstinentes,

2144 4579 2603 4652 prtepositorum
2634 4578 2822 4633 vitam
2873 4577 3039 4633 nullo
3070 4578 3290 4647 linguae
3342 4578 3543 4647 gladio
3588 4595 3803 4651 percu-

2144 4665 2295 4721 tiunt
2328 4681 2340 4719 :
2373 4664 2550 4719 etiam
2583 4680 2722 4718 cum
2753 4663 2827 4718 de
2851 4662 3304 4735 imperfectione
3325 4664 3798 4735 reprehendunt.

2144 4754 2253 4820 Qui
2279 4758 2333 4809 et
2361 4753 2409 4807 si
2430 4752 2677 4824 quando
2708 4757 2952 4824 propter
2971 4753 3381 4809 inﬁrmitatem
3402 4769 3464 4808 se
3495 4753 3801 4811 abstinere

2142 4843 2238 4899 vix
2260 4846 2533 4915 possunt,
2557 4845 2621 4897 ut
2674 4846 2940 4898 extrema
2986 4844 3268 4909 quaedam
3294 4848 3474 4914 atque
3502 4844 3813 4900 exteriora.

2138 4930 2598 5005 praepositorum
2625 4931 2785 4987 mala
2814 4931 3283 5003 reprehendant:
3324 4931 3443 4987 sed:
3458 4935 3661 4988 tamen
3689 4934 3802 4989 huo

2137 5022 2351 5077 militer
2372 5020 2818 5093 colloquuntur,
2850 5020 3023 5092 quasi
3054 5036 3226 5076 oram
3274 5020 3594 5076 chlamidis
3627 5023 3796 5078 simi-

2134 5111 2265 5166 liter
2294 5109 2597 5166 incidunt:
2626 5110 2732 5181 qui
2763 5109 3051 5177 \idelicet,
3078 5110 3225 5165 dum
3255 5110 3517 5183 praelata:
3542 5110 3798 5181 dignita~

2136 5201 2174 5261 ti
2200 5200 2409 5255 saltem
2432 5199 2691 5254 innoxiie
2721 5203 2778 5254 et
2810 5198 3063 5254 latenter
3086 5199 3383 5267 derogant
3427 5200 3604 5271 quasi
3636 5202 3797 5267 regis

2138 5288 2495 5362 superpositi
2517 5294 2742 5345 vestem
2774 5286 3019 5343 foedant.
3057 5288 3170 5345 Sed
3201 5295 3397 5344 tamen
3414 5288 3492 5344 ad
3517 5292 3799 5363 semetip~

2135 5395 2232 5433 sos
2252 5378 2522 5449 redeunt,
2556 5393 2741 5449 seque
2770 5376 3317 5444 vehementissime,
3347 5377 3435 5433 vel
3466 5378 3543 5433 de
3573 5380 3799 5435 tenuis-

2133 5467 2287 5524 sima
2310 5467 2477 5523 verbi
2505 5466 2882 5531 laceratione,
2916 5466 3381 5537 reprehendunt.
3413 5467 3579 5523 Unde
3604 5473 3664 5522 et
3688 5470 3795 5523 be-

2129 5572 2205 5611 ne
2236 5556 2352 5611 illic
2374 5556 2665 5628 scriptum
2692 5558 2779 5609 est
2802 5572 2814 5608 :

2204 5668 2230 5696 ‹‹
2252 5648 2391 5700 Post
2410 5646 2542 5700 haec
2562 5643 2742 5700 David
2765 5645 3055 5715 percussit
3078 5662 3179 5701 cor
3201 5662 3440 5716 suum,»
3458 5651 3568 5701 etc.
3606 5648 3791 5704 Facta

373 5728 787 5802 deterioribus,
834 5731 1001 5791 dm
1032 5730 1343 5791 Christum
1384 5732 1709 5805 perimunt;
1750 5735 2043 5793 ostende»
2130 5736 2355 5810 quippe
2369 5735 2827 5807 praepositorum
2841 5734 2965 5790 oris
2979 5734 3179 5805 gladio
3196 5735 3787 5805 facienda-nonsan
