3940 6436
116 269 226 322 315

1127 267 1386 327 ENARB.
1425 266 1496 331 IN
1537 262 1788 334 LIBROS
1827 262 2092 332 336w,
2131 295 2202 322 τσ-
2241 268 2316 334 ω
2353 271 2487 338 ω..
2523 273 2564 326 Ι.

3461 285 3572 344 310

114 391 305 450 etiam
358 389 526 448 enim
577 389 1078 462 reprehendenda
1123 397 1282 452 recte
1329 392 1698 464 judicantur.
1741 389 1802 445 Si
1825 388 1884 456 Α,
1914 388 1978 454 in
1999 389 2192 456 funda
2211 394 2532 466 expeditus
2556 396 2820 469 ponitur,
2846 402 2912 460 ut
2939 398 3258 471 adjiciatur
3289 419 3306 464 ς
3335 403 3424 461 sic
3457 408 3574 462 ate.

113 481 268 553 quid
302 497 456 543 vero
482 485 693 540 contra
720 497 824 538 eos
855 481 950 536 vel
980 481 1038 536 in
1088 483 1355 538 minimis
1397 482 1602 550 lingua
1647 479 1798 536 labi-

115 576 214 626 tur
241 585 492 630 necesse
519 574 606 624 est
629 573 694 624 ut
717 585 820 642 per
839 569 1222 626 atllictioncm
1249 571 1602 644 paenitentiae
1633 586 1798 626 com-

115 661 442 733 primatur,
462 665 764 732 quatenus
795 660 876 716 ad
901 662 1293 734 semetipsum
1316 662 1538 717 redeat.
1575 665 1800 716 Etcum

114 750 469 823 mtepositee
498 750 780 822 potestati
809 750 1148 818 detraxerit,
1182 765 1391 810 contra
1419 768 1482 806 se
1503 749 1802 822 judicium

113 840 256 910 ejus
285 839 396 912 qui
546 839 830 912 praelatus
857 845 964 911 est,
996 843 1452 914 perhorrescat:
1484 856 1628 896 nam
1659 856 1800 898 cum

113 930 176 986 in
228 928 579 1003 praepositis
629 929 1040 1003 delinquimus
1079 931 1210 1002 ejus
1252 930 1638 1001 ordinationi,
1693 929 1800 1003 qui

113 1036 224 1076 eos
278 1019 462 1080 nobis
542 1019 886 1092 praetulerit,
941 1020 1284 1080 obviamus.
1351 1021 1516 1080 Unde
1570 1023 1803 1092 Moyses

112 1126 393 1182 quoque,
427 1127 570 1166 cum
601 1115 811 1168 contra
836 1127 898 1166 se
929 1115 987 1167 et
1033 1115 1238 1169 Aaron
1289 1111 1576 1184 conqueri
1607 1126 1798 1183 popu-

111 1198 248 1256 lum
298 1199 710 1269 cognovisset,
761 1199 887 1258 ait:
947 1201 1069 1256 Nos
1121 1202 1282 1258 enim
1333 1202 1479 1273 quid
1541 1202 1801 1256 sumus?

111 1290 335 1355 (Exod.
367 1289 509 1360 xvr.)
540 1292 655 1346 Nec
683 1295 894 1346 contra
917 1306 1032 1347 nos
1060 1295 1149 1347 est
1179 1307 1456 1348 murmur
1507 1294 1796 1356 vestrum,

109 1379 222 1437 sed
249 1385 468 1438 contra
497 1379 845 1440 Dominum.

752 1523 977 1580 CAPUT
1015 1524 1166 1579 XXV.

187 1670 220 1700 ι(
266 1650 410 1706 Erat
456 1651 664 1704 autem
694 1646 785 1703 vir
831 1645 1140 1720 quispiam
1162 1645 1226 1702 in
1252 1645 1569 1703 solitudine
1601 1650 1794 1717 Maon,

1910 480 2057 548 nim,
2087 483 2170 538 sic
2199 483 2261 538 in
2289 485 2405 540 hoc
2439 485 2661 546 samulo
2691 486 2860 550 electi
2899 490 3200 561 pressuris
3245 491 3572 556 tribulatio-

1907 586 2061 628 num
2109 579 2604 644 coangustantur,
2632 579 2697 640 ut
2743 577 2833 633 his
2878 578 3192 648 admoniti,
3225 583 3444 644 arctius
3492 585 3571 642 ad

1910 659 2168 725 invicem
2210 669 2422 720 mutua
2470 665 2756 724 charitate
2783 673 3236 741 connectentur,
3265 676 3321 730 et
3349 673 3571 736 coadu—

1909 751 2037 806 nati
2060 752 2141 811 ad
2183 753 2441 812 invicem
2469 772 2660 817 manu
2707 757 2794 812 sui
2828 758 3246 831 Redemptoris
3274 761 3338 821 in
3364 780 3573 838 perpe-

1910 843 2081 900 tuum
2115 848 2561 908 conserventur.
2583 849 2652 901 At
2683 862 2827 908 vero
2850 848 3112 920 reprobi,
3139 856 3375 923 quanto
3391 852 3572 912 latius

1908 929 1970 994 in
1991 929 2103 988 hac
2133 931 2252 988 vita
2281 931 2694 1004 voluptatibus
2716 935 2996 1008 propriis,
3012 937 3175 1000 velut
3191 939 3362 1002 liberi
3377 941 3578 1004 ἀλωῆς

1909 1022 2150 1078 tuetur:
2185 1024 2350 1078 tanto
2407 1020 2645 1094 longius
2673 1023 2734 1084 in
2765 1023 2966 1086 futuro
2993 1041 3031 1082 a
3059 1026 3284 1086 divina:
3326 1029 3574 1094 visionis

1909 1107 2100 1178 gloria
2127 1109 2542 1182 projiciuntur,
2576 1117 2643 1168 ut
2684 1112 2761 1168 de
2815 1115 2900 1170 eis
2943 1115 3153 1174 merito
3201 1117 3436 1180 dicatur
3467 1137 3480 1176 :
3513 1125 3572 1178 et

1907 1197 2156 1269 quidem
2186 1198 2300 1270 ipsi
2351 1199 2426 1256 de
2457 1217 2644 1261 manu
2676 1207 2777 1260 tua
2820 1203 3052 1275 expulsi
3107 1211 3270 1266 sunt.
3301 1209 3435 1268 Mite
3465 1227 3569 1272 au-

1907 1289 2026 1341 tem
2058 1287 2530 1362 omnipotentem
2549 1291 2986 1362 providentiam
3009 1293 3292 1352 describit
3320 1301 3569 1372 superni

1905 1377 2188 1452 pectoris,
2222 1395 2362 1434 cum
2393 1379 2535 1436 dicit
2563 1396 2576 1435 :
2610 1381 2892 1437 Animam
2934 1383 3041 1439 viri
3081 1387 3271 1442 sancti
3299 1389 3479 1460 quasi
3505 1389 3567 1446 in

1908 1467 2195 1524 fasciculo
2224 1468 2555 1526 viventium
2584 1471 2752 1543 apud
2784 1475 2975 1528 Deum
2996 1490 3132 1530 esse
3183 1477 3566 1536 custoditam.

1907 1558 2068 1614 Sicut
2089 1558 2252 1614 enim
2276 1558 2628 1616 facillimum
2653 1565 2746 1617 est
2773 1561 3018 1620 cuilibet
3065 1563 3416 1623 fasciculum
3443 1567 3572 1624 her-

1905 1646 2021 1710 hee,
2053 1647 2152 1703 vel
2195 1648 2314 1704 feni
2347 1665 2458 1706 sua
2506 1665 2696 1706 manu
2727 1656 3028 1709 retentum
3049 1669 3412 1712 conservare
3441 1673 3458 1713 :
3487 1657 3572 1714 ita

109 1758 144 1792 ‹
183 1744 246 1796 et
276 1737 588 1810 possessio
617 1737 748 1808 ejus
777 1737 845 1793 in.
871 1736 1164 1804 Carmelo,
1195 1759 1224 1788 ››
1249 1741 1359 1793 etc.
1384 1737 1639 1792 Historia
1667 1737 1794 1794 haec
1827 1754 1866 1808 Β
1908 1737 2096 1792 virtus
2147 1738 2390 1795 Domini
2434 1743 2492 1796 et
2536 1740 2858 1798 Salvatoris
2923 1743 3134 1814 nostri,
3194 1761 3407 1802 omnes
3462 1763 3575 1820 per

113 1827 472 1900 mysticum,
505 1831 574 1884 ut
618 1825 988 1899 quibusdam
1038 1825 1284 1893 videtur,
1319 1831 1516 1898 potest
1570 1825 1794 1884 habere

109 1917 515 1976 intellectum.
543 1916 736 1974 Nabal
759 1916 921 1972 enim
950 1916 1041 1972 vir
1070 1916 1280 1984 durus,
1299 1921 1356 1974 et
1384 1917 1712 1988 pessimus,
1739 1920 1796 1972 et

113 2007 482 2076 malitiosus,
532 2011 733 2080 potest
759 2011 962 2064 tenere
1000 2005 1261 2075 ﬁguram
1306 2005 1514 2079 populi
1561 2005 1794 2062 JlldtBO-

115 2114 260 2153 rum
287 2112 557 2170 quorum
587 2095 862 2154 nonnulli
891 2112 1014 2152 uva
1036 2095 1187 2152 fellis
1215 2102 1394 2168 atque
1445 2095 1794 2152 amaritudi-

115 2186 217 2244 nis
241 2186 422 2244 botro
454 2185 751 2254 inebriati,
786 2208 805 2236 ι
841 2187 1074 2244 Cervice
1096 2185 1232 2241 duri
1262 2191 1444 2258 atque
1472 2186 1792 2244 incircum-

117 2276 228 2332 cisi
257 2275 569 2342 cordibus,
603 2295 636 2329 ›
661 2281 726 2331 ut
750 2275 964 2333 beatus
995 2276 1333 2348 Stephanus
1371 2276 1454 2332 ait
1481 2293 1493 2332 :
1548 2279 1794 2348 Semper

120 2366 368 2440 Spiritui
385 2370 596 2422 sancto
621 2364 979 2424 resistentes.
998 2365 1220 2422 durum
1244 2370 1299 2421 et
1329 2365 1632 2421 carnalem
1664 2381 1793 2421 sen-

120 2473 258 2511 sum
291 2455 354 2510 in
386 2455 519 2525 lege
551 2460 891 2526 sequentes,
921 2454 1116 2510 stolidi
1140 2456 1277 2510 facti
1305 2461 1444 2511 sunt
1477 2473 1538 2510 ››;
1568 2456 1792 2528 quibus

119 2545 276 2602 bene
306 2543 718 2616 interpretatio
744 2543 1008 2601 nominis
1039 2544 1230 2600 Nabal
1251 2545 1550 2616 convenit,
1581 2546 1684 2618 qui
1707 2546 1794 2601 in-

121 2639 482 2708 terpretatur
514 2635 753 2691 demens
783 2633 878 2689 vel
901 2635 1207 2704 insipiens,
1242 2635 1561 2705 utAbigail
1601 2636 1682 2692 ait
1711 2634 1794 2691 ad

119 2725 308 2782 David
335 2743 348 2780 :
385 2724 538 2791 Quia
570 2724 858 2780 nimirum
887 2724 1183 2781 Christum
1215 2725 1577 2795 venientem,
1606 2729 1664 2782 et
1684 2742 1792 2798 per

119 2815 430 2888 apostolos
462 2813 542 2870 ab
583 2814 668 2870 eis
699 2814 1084 2872 refectionem
1116 2814 1258 2870 ﬁdei
1287 2820 1344 2872 et
1367 2815 1544 2872 bona:
1573 2832 1788 2888 opera-

123 2906 295 2964 tionis
321 2910 725 2978 expetentem,
755 2909 1136 2978 respuerant,
1165 2905 1432 2961 dicentes
1463 2925 1476 2962 :
1513 2907 1657 2962 Ilinc
1687 2923 1791 2962 au-

119 3002 242 3054 tem
273 2996 582 3052 nescimus
610 2995 769 3052 unde
795 2995 889 3052 sit.
922 2997 1042 3052 Nos
1073 3000 1274 3052 autem
1297 2995 1575 3068 discipuli
1606 2996 1791 3069 Moysi

121 3103 336 3144 sumus
363 3087 564 3155 (Joan.
595 3085 698 3156 x1).
720 3108 750 3136 »
772 3084 1008 3155 Abigail
1037 3102 1180 3141 vero
1211 3085 1425 3144 mulier
1455 3087 1790 3158 prudentis—
1820 3125 1862 3182 α

122 3177 278 3236 sima
307 3183 364 3234 et
389 3177 669 3251 speciosa
698 3182 914 3250 typum
940 3177 1152 3234 habuit
1181 3176 1374 3250 plebis
1396 3177 1572 3246 illius,
1591 3178 1698 3250 qui
1717 3194 1790 3234 ex

116 3268 340 3324 Judmis
369 3269 450 3324 ad
483 3267 667 3324 fidem
691 3267 988 3338 conversi,
1009 3270 1128 3324 Deo
1155 3266 1391 3340 placere
1422 3271 1787 3326 meruerunt.

118 3357 547 3430 interpretatur
572 3373 861 3430 namque,
884 3359 1090 3428 patris
1114 3359 1232 3415 mei
1250 3358 1597 3416 exsullalio.
1625 3357 1791 3414 Unde

117 3453 172 3504 et
205 3448 497 3506 Dominus
525 3467 540 3504 :
576 3470 603 3497 ‹‹
639 3447 982 3505 Conﬁtebor
1011 3447 1134 3515 tibi,
1155 3449 1324 3504 Pater
1355 3447 1488 3504 coeli
1515 3451 1574 3504 et
1601 3451 1790 3516 terrae,

116 3538 222 3610 qui
257 3537 630 3596 abscondisti
659 3538 787 3594 haec
810 3554 845 3594 a
876 3537 1250 3610 sapientibus
1283 3542 1340 3594 et
1369 3537 1790 3610 prudentibus,

115 3633 176 3683 et
202 3627 481 3686 revelasti
507 3644 579 3686 ea
595 3627 865 3700 parvulis
891 3627 1268 3698 (Mettium)?
1292 3630 1357 3683 Et
1380 3626 1526 3682 illud
1550 3645 1563 3682 :
1590 3650 1617 3677 «
1644 3631 1795 3684 Gau-

115 3717 290 3776 dium
311 3717 422 3775 erit
437 3717 497 3773 in
525 3717 680 3774 coelo
700 3733 880 3790 super
899 3733 1020 3774 uno
1039 3721 1354 3790 peccatore
1376 3717 1792 3790 paenitentiam

116 3811 332 3876 agente
368 3809 534 3878 (Luc.
566 3808 688 3877 xv),
719 3826 751 3859 ι
781 3810 840 3862 et
867 3806 1121 3879 reliqua.
1155 3808 1291 3862 Haec
1323 3807 1545 3880 saepius
1571 3807 1631 3863 in
1652 3823 1789 3879 pro-

115 3897 313 3971 phetis
345 3902 404 3954 et
426 3898 488 3953 in
521 3896 814 3970 apostolis
843 3912 956 3970 pro
989 3895 1178 3954 salute
1206 3895 1416 3969 populi
1444 3897 1792 3954 Judaeorum

115 3987 456 4060 deprecans
482 3987 688 4050 David,
721 3985 994 4044 videlicet
1022 3985 1311 4042 Dominus
1333 3989 1558 4051 noster,
1585 4003 1796 4059 accep.

117 4076 364 4136 tabilem
393 4077 697 4134 bonorum
727 4091 984 4149 operum
1013 4075 1383 4132 oblationem
1435 4080 1493 4134 et
1541 4077 1654 4149 piae
1686 4077 1790 4133 de-

115 4167 378 4224 votionis
406 4166 627 4224 obtulit
657 4183 670 4223 :
702 4182 892 4239 quam
945 4165 1041 4222 ille
1092 4169 1226 4237 post
1255 4170 1511 4223 mortem
1535 4166 1642 4222 viri
1674 4167 1789 4237 sui,

113 4257 222 4331 qui
254 4256 511 4316 demens
535 4257 597 4314 in
621 4255 863 4313 stultitia
893 4271 1004 4313 sua
1031 4255 1224 4328 periit,
1256 4255 1468 4312 ascivit
1495 4255 1556 4312 in
1587 4257 1792 4328 conju-

115 4348 287 4419 gium
321 4364 336 4404 :
369 4351 427 4404 et
473 4346 746 4404 exhibuit
791 4345 905 4402 sibi
953 4361 1246 4418 sponsam
1293 4361 1416 4402 non
1462 4345 1792 4403 habentem

117 4436 427 4545 maculam
475 4441 582 4494 aut
619 4435 1072 4545 rugam.LQuod
1129 4439 1333 4491 autem
1383 4433 1546 4492 idem
1600 4436 1792 4545 litabit!
1819 4490 1881 4545 Di

116 4527 330 4584 stultus
379 4527 702 4584 transactis
760 4524 977 4582 diebus
1033 4525 1265 4592 decem,
1319 4541 1394 4581 ex
1421 4541 1546 4597 quo
1600 4525 1789 4582 David

115 4616 516 4690 exprobratus
541 4616 737 4672 fuerat
760 4619 1034 4672 mortuus
1064 4619 1341 4671 narratur
1369 4632 1381 4670 :
1407 4615 1522 4670 hoc
1541 4613 1790 4686 intelligi

116 4708 314 4777 datur,
347 4707 493 4780 quia
539 4704 808 4780 populus
841 4705 1206 4772 Iudaeorum,
1241 4704 1338 4761 cui
1383 4704 1611 4763 dictum
1655 4711 1782 4763 est:

119 4819 151 4850 (ς
188 4796 368 4867 Audi,
418 4795 646 4870 populo
697 4794 895 4866 stulte,
925 4799 1256 4868 postquam
1287 4793 1610 4852 Dominum
1658 4812 1696 4852 a
1723 4812 1792 4853 se

116 4885 356 4962 repulit,
385 4884 751 4956 decalogum
775 4884 926 4955 legis
954 4883 1475 4954 transgrediendo,
1507 4885 1567 4942 in
1591 4888 1784 4942 Evan-

119 4978 274 5050 gelio
299 4976 514 5051 lapsus
538 4980 647 5041 est,
676 4980 860 5050 atque
887 4975 949 5034 in
977 4979 1226 5049 peccato
1253 4992 1370 5034 suo
1394 4979 1670 5034 mortuus
1698 4980 1788 5034 est

118 5071 358 5140 (Jerm.
389 5067 468 5137 v).
511 5089 537 5115 »
570 5065 849 5138 Sequitur
881 5083 894 5122 :
1223 5065 1231 5080 '

189 5181 216 5210 ‹‹
258 5159 353 5215 Ait
386 5156 625 5226 Abigail
649 5155 730 5213 ad
759 5154 986 5214 David:
1032 5154 1088 5213 Si
1109 5154 1270 5211 enim
1303 5153 1558 5210 surrexit
1599 5153 1784 5210 homo

120 5247 449 5322 aliquando
480 5262 850 5320 persequens
882 5249 954 5316 te,
992 5268 1020 5294 »
1051 5248 1160 5302 etc.
1191 5243 1594 5300 Pulcherrima
1623 5259 1788 5300 com-

119 5337 452 5410 paratione,
487 5340 710 5393 statum
737 5336 1040 5407 justorum
1069 5350 1143 5391 ac
1183 5333 1582 5407 reproborum
1627 5337 1786 5390 sorte

118 5427 423 5484 discernit.
458 5429 686 5483 Horum
731 5425 961 5499 quippe
989 5424 1248 5495 animas,
1279 5422 1342 5480 id
1371 5427 1462 5479 est
1479 5423 1785 5494 justorum

122 5517 382 5591 appellat
410 5516 702 5583 viventes,
730 5521 796 5572 ut
813 5513 1214 5588 reproborum
1236 5530 1267 5570 e
1288 5512 1588 5570 contrario
1618 5512 1785 5584 spiri-

123 5608 214 5663 tali
243 5611 440 5664 morte
485 5610 940 5678 praeoccupatas
983 5604 1264 5660 insinuet.
1306 5605 1426 5660 Hos
1477 5601 1780 5667 fasciculo,

123 5698 245 5754 illos
275 5697 480 5771 lapide
512 5696 713 5752 fundae
742 5693 1054 5752 assimilat.
1083 5692 1420 5752 Fasciculus
1446 5692 1607 5750 enim
1637 5707 1781 5749 con-

123 5788 450 5861 stringitur,
473 5785 802 5858 ut.integer.
816 5787 1141 5851 maneattet
1167 5786 1572 5848 conservetur.
1608 5782 1786 5855 Lapis

1905 1826 2118 1882 orbem
2162 1827 2404 1897 electos,
2437 1829 2518 1885 ab
2545 1829 2712 1886 initio
2763 1847 2955 1904 usque
2997 1833 3078 1889 ad
3119 1834 3310 1892 finem
3343 1836 3568 1907 seaculi,

1905 1932 1983 1990 ne
2023 1916 2166 1989 quis
2213 1933 2287 1974 ex
2339 1919 2427 1974 eis
2471 1919 2596 1976 ulla
2649 1921 2878 1976 ratione
2921 1927 3145 1994 pereat,
3188 1924 3316 1981 sine
3361 1925 3574 1984 labore

1905 2012 2239 2062 conservat.
2300 2010 2478 2064 Juxta
2524 2008 2694 2081 quod
2748 2009 2879 2082 ipse
2933 2011 2996 2066 in
3052 2014 3395 2084 Evangelia,
3453 2015 3576 2074 sub

1903 2095 2098 2164 figura
2128 2095 2354 2164 ovium,
2385 2096 2460 2173 de
2491 2098 2576 2153 eis
2605 2097 2860 2171 loquens
2889 2119 2901 2156 :
2927 2122 2958 2151 «
2988 2103 3056 2157 Et
3084 2108 3418 2175 sequuntur
3445 2121 3572 2173 me,

1902 2184 2114 2258 inquit,
2149 2190 2206 2242 et
2235 2201 2347 2254 ego
2373 2186 2562 2242 vitam
2590 2193 2875 2244 aeternam
2901 2190 2982 2246 do
3024 2191 3131 2262 eis,
3153 2196 3212 2248 et
3252 2208 3379 2249 non
3408 2194 3564 2267 peri-

1900 2273 2055 2331 bunt
2081 2275 2144 2330 in
2195 2279 2508 2332 aeternum.
2543 2280 2667 2333 Non
2721 2278 2914 2350 rapiet
2957 2296 3067 2336 eas
3113 2282 3444 2354 quisquam
3488 2284 3566 2340 de

1903 2381 2090 2420 manu
2113 2382 2251 2421 mea
2281 2368 2475 2435 (Joan.
2511 2369 2587 2436 χ).
2624 2388 2654 2416 ››
2687 2367 2778 2424 Sic
2803 2373 2846 2424 rt
2870 2368 3190 2426 fasciculus
3222 2388 3400 2439 unus,
3433 2373 3564 2446 qui-

1901 2454 2162 2511 buslibet
2199 2455 2453 2511 vinculis
2492 2457 2770 2526 alligatur
2803 2475 2815 2512 :
2847 2459 2931 2516 ita
2976 2461 3173 2516 omnis
3215 2468 3568 2522 sanctorum

1901 2557 2116 2612 cretus,
2148 2562 2271 2601 una
2322 2547 2658 2619 eademque
2704 2548 2844 2619 fine,
2879 2566 2984 2622 spe
3031 2555 3090 2606 et
3139 2551 3426 2608 charitate
3483 2552 3567 2609 ad

1900 2633 2159 2689 invicem
2214 2635 2664 2705 constringitur,
2719 2652 2843 2691 una»
2897 2637 3116 2694 divinae
3173 2640 3566 2712 protectionis

1899 2723 2236 2780 munimine
2267 2725 2694 2784 circumdatur.
2727 2730 2892 2783 Patet
2937 2744 3083 2784 sane
3131 2746 3343 2786 sensus
3373 2747 3387 2786 :
3418 2733 3566 2804 quia

1899 2813 2108 2870 anima
2139 2815 2316 2872 David
2349 2831 2386 2871 a
2414 2817 2918 2889 persequentibus
2963 2818 3097 2874 licet
3126 2819 3399 2876 hostibus
3431 2838 3562 2878 cus—

1899 2903 2086 2960 todita
2115 2921 2354 2978 semper
2399 2906 2510 2960 fuit
2536 2905 2600 2961 in
2647 2913 2811 2963 sorte
2854 2907 3200 2966 viventium.
3232 2913 3416 2968 Porro
3457 2911 3568 2968 ini-

1898 2993 2039 3049 mici
2091 2995 2225 3065 ejus
2272 2995 2683 3051 insistentibus
2734 2996 2846 3054 sibi
2891 2998 3378 3070 arlversitatibus,
3411 3001 3568 3058 sicut

1898 3082 2052 3156 lapis
2082 3083 2272 3140 funda
2313 3083 2732 3151 circumactus,
2781 3085 2878 3142 sio
2913 3086 3174 3144 insta-bili
3216 3095 3388 3146 motu
3432 3107 3567 3164 pera

1865 3185 1868 3189 ‘
1900 3172 2204 3240 turbandi,
2237 3178 2294 3228 et
2323 3175 2446 3229 suis
2475 3175 3028 3248 essentexpellendi
3061 3177 3136 3233 de
3185 3178 3434 3250 ﬁnibus,
3465 3180 3562 3237 vel

1901 3262 2081 3318 etiam
2112 3262 2190 3318 ab
2218 3262 2504 3319 humanis
2530 3263 2716 3319 rebus
2741 3264 3069 3322 auferendi.
3093 3267 3388 3324 Moraliter
3423 3286 3572 3327 vero

1901 3353 2048 3426 quid
2077 3354 2254 3408 nobis
2299 3353 2534 3422 Abigail
2580 3355 3038 3414 renuntiationis
3083 3375 3207 3414 suae
3251 3359 3562 3433 dispensa-

1902 3443 2060 3500 tione
2091 3443 2307 3510 innuit,
2342 3443 2454 3500 nisi
2485 3445 2650 3526 quod
2698 3445 3022 3503 iracundos
3052 3448 3266 3508 melius
3323 3451 3563 3524 corrigi-

1903 3551 2061 3605 mus,
2087 3533 2137 3590 si
2166 3534 2224 3590 in
2255 3535 2390 3609 ipsa
2419 3535 2514 3594 ira
2552 3553 2673 3595 suae
2705 3537 3110 3597 commotione
3136 3539 3512 3602 declinamus
3533 3544 3562 3600 ?

1906 3625 2230 3681 l'erturbati
2261 3625 2487 3699 quippe
2517 3625 2664 3698 quid
2693 3628 2958 3698 audiant,
2991 3628 3272 3700 ignorant
3303 3649 3316 3687 :
3343 3633 3448 3689 sed
3481 3631 3562 3690 ad

1905 3731 1964 3770 se
1991 3715 2239 3782 reducti,
2275 3721 2438 3771 tanto
2466 3715 2746 3772 libentius
2768 3718 3179 3775 exsultationis
3208 3721 3393 3779 verba
3421 3723 3562 3779 reci-

1902 3806 2094 3877 piunt,
2125 3810 2354 3882 quanto
2387 3823 2447 3860 se
2474 3807 2852 3880 tranquillius
2901 3808 3129 3866 tolerati
3176 3811 3558 3871 erubescunt.

1903 3895 2073 3951 Menti
2101 3900 2301 3951 autem
2331 3895 2530 3952 furore
2559 3897 2761 3968 ebriae,
2789 3913 2969 3953 omne
3000 3905 3228 3956 rectum
3272 3901 3439 3974 quod
3469 3901 3560 3958 di-

1903 3985 2072 4055 citur,
2132 4001 2482 4058 perversum
2526 3985 2780 4044 videtur.
2836 3988 3001 4043 Unde
3059 3994 3116 4044 et
3171 3996 3327 4048 recte
3374 3991 3562 4048 Nabal

1903 4075 2090 4145 ebrio,
2122 4074 2364 4148 culpam
2417 4091 2593 4132 suam
2641 4076 2874 4146 Abigail
2919 4077 3299 4138 laudabiliter
3354 4083 3561 4156 tacuit,

1901 4181 2085 4238 quam
2119 4165 2350 4234 digesto
2379 4165 2519 4224 vino
2543 4165 2923 4224 laudabiliter
2942 4168 3108 4226 dixit.
3139 4170 3366 4230 Idcirco
3397 4173 3560 4230 enim

1900 4254 2133 4312 malum
2158 4255 2326 4327 quod
2354 4254 2575 4313 fecerat
2600 4273 2962 4328 cognoscere
3008 4261 3220 4334 potuit,
3250 4263 3401 4336 quia.
3445 4265 3564 4322 hoc

1901 4345 2104 4401 ebrius
2128 4361 2248 4401 non
2273 4345 2521 4403 audivit.
2546 4346 2732 4403 Porro
2757 4348 2929 4420 juxta
2950 4349 3261 4412 historiam
3291 4353 3458 4428 quod
3480 4354 3566 4412 ait

1902 4433 2136 4502 Abigail
2163 4433 2243 4490 ad
2273 4433 2460 4492 David
2484 4451 2498 4490 :

1975 4548 2004 4575 α
2045 4526 2196 4582 Cum
2224 4540 2368 4594 ergo
2413 4524 2616 4582 fecerit
2664 4525 2768 4584 tibi
2809 4527 3099 4586 Dominus
3145 4530 3396 4590 domino
3421 4549 3560 4592 meo

1901 4637 1930 4666 ‹‹
1971 4614 2180 4672 omnia
2203 4631 2338 4688 quia
2368 4615 2606 4672 locutus
2639 4621 2728 4672 est
2757 4617 2919 4674 bona
2942 4618 3018 4674 de
3054 4624 3128 4687 te,
3161 4624 3218 4674 et
3244 4622 3567 4678 constitue~

1899 4729 1928 4761 ‹‹
1968 4705 2042 4761 rit
2073 4709 2125 4761 te
2157 4705 2389 4760 duceni.
2430 4721 2610 4778 super
2643 4705 2839 4776 Israel,
2872 4723 2996 4764 non
3037 4708 3145 4765 erit
3199 4709 3304 4765 tibi
3354 4709 3469 4766 hoc
3497 4710 3566 4768 in

1899 4819 1926 4845 ‹‹
1969 4793 2300 4866 singultum
2325 4798 2385 4848 et
2410 4793 2472 4850 in
2521 4793 2876 4866 scrupulum
2925 4796 3141 4853 cordis.
3173 4819 3202 4846 »
3229 4799 3318 4855 Ita
3353 4798 3560 4854 intelli-

1897 4885 2094 4956 gitur:
2128 4899 2251 4940 non
2307 4881 2415 4940 erit
2464 4881 2572 4940 tibi
2620 4882 2736 4938 hoc
2783 4883 2843 4938 in
2894 4883 3244 4954 singultum,
3286 4885 3352 4942 id
3377 4891 3465 4944 est
3494 4893 3572 4950 ut.

1893 4972 2082 5030 modo
2110 4971 2387 5030 etl'undas
2411 4971 2774 5042 sanguinem
2825 4971 3033 5041 Nabal,
3065 4978 3126 5030 et
3149 4981 3393 5048 propter
3442 4976 3559 5038 hoc

1893 5062 2162 5118 ﬂendum
2197 5060 2298 5118 tibi
2331 5061 2422 5130 sit,
2457 5065 2516 5118 et
2541 5060 2972 5132 paenitendum.

1965 5174 1994 5201 ‹‹
2029 5150 2170 5208 Sani
2199 5154 2400 5206 autem
2429 5149 2832 5208 dedit..\:tichol
2860 5149 3048 5207 tiliam
3079 5169 3254 5211 suam
3305 5171 3558 5213 uxorem

1894 5265 1921 5292 ι(
1959 5238 2366 5304 David,l’althi
2397 5238 2696 5306 tilio.l.ais,
2711 5239 2958 5312 quierat
2972 5241 3048 5296 de
3071 5242 3340 5300 Gallim.»
3363 5247 3432 5301 Ut
3453 5247 3557 5302 lle-

1893 5331 2038 5387 braei
2061 5328 2323 5400 tradunt,
2342 5345 2462 5386 non
2486 5329 2770 5400 cognovit
2781 5346 2919 5388 eam
2939 5331 3131 5389 Phalti
3157 5351 3168 5389 :
3193 5333 3486 5406 quoniam
3506 5352 3534 5390 s

1893 5419 2147 5491 cognovi
2155 5424 2618 5492 sset,nunquam
2631 5419 2816 5477 David
2829 5419 2944 5477 sibi
2959 5435 3096 5477 eam
3112 5427 3322 5494 postea
3338 5423 3556 5482 socias-

1893 5515 1999 5578 set,
2032 5509 2177 5582 quia
2216 5508 2278 5564 in
2307 5508 2438 5579 lege
2484 5509 2724 5581 penitus
2752 5509 3175 5581 hujuscemodi
3203 5513 3556 5586 prohibetur

1893 5599 2111 5656 coitus:
2134 5597 2568 5672 Phalti,inquit,
2583 5598 2657 5655 de
2677 5598 2910 5665 Gallim,
2932 5599 2994 5656 id
3016 5604 3108 5658 est
3126 5603 3556 5664 inundatione:

1893 5687 2210 5746 lnundatio
2235 5687 2327 5745 lex
2349 5687 2711 5757 intelligitur.
2734 5688 2902 5759 Legis
2922 5689 3083 5748 enim
3106 5691 3316 5751 doctor
3335 5698 3464 5752 erat
3477 5695 3554 5752 de

1893 5778 2156 5846 Baurim,
2173 5779 2236 5838 id
2263 5783 2358 5838 est
2373 5778 2454 5837 de
2477 5777 2694 5843 electis.
2729 5779 3240 5852 Quaadoenima
3254 5783 3429 5854 Suule
3449 5785 3552 5846 liq-
