3944 6400
448 275 552 332 317

1554 263 1913 326 ANGELOMI
1951 266 2404 328 LUXOVIENSIS
2440 267 2756 330 MONACHI
3752 278 3840 333 328

444 397 579 454 chol
613 393 1084 466 eidatur,Phalti
1105 389 2100 467 evadensinterpretatur:quando
2130 392 2178 445 Α
2207 395 2435 465 peccati
2488 397 2578 452 sui
2633 396 2946 466 nigredine
3002 400 3270 469 opertus,
3303 412 3460 470 saepe
3516 398 3598 455 ab
3652 399 3839 456 eodem

443 504 587 542 vero
617 485 731 558 ipsi
763 484 1045 550 aufertur,
1068 484 1396 549 Phaltihel,
1422 483 1481 538 id
1507 488 1598 538 est
1622 482 1885 538 evadens
1912 497 1949 536 a
1982 483 2099 535 Deo

448 577 662 632 dicitur
695 592 707 629 :
743 573 1015 628 videlicet
1039 573 1184 644 quia
1215 571 1536 628 custodivit
1564 588 1702 628 eum
1730 587 1805 626 ne
1834 572 2101 638 tangeret

447 681 604 734 eam,
633 680 708 720 ne
733 663 899 719 ﬁeret
927 667 1338 732 transgressor
1366 661 1532 732 legis.
1564 660 1729 717 Unde
1762 659 1895 715 licet
1924 658 1983 713 in
2013 673 2099 713 se-

445 753 769 826 quentibus
799 751 1049 821 legatur,
1082 751 1247 823 quod
1275 750 1400 806 ibat
1430 750 1634 815 Phalti,
1669 766 1807 805 cum
1859 747 2102 803 reduce-

447 849 607 900 retur
636 843 767 916 ipsa
811 841 885 896 ad
940 839 1146 910 David,
1177 839 1423 913 plorans
1458 857 1470 895 :
1506 844 1716 912 postea
1745 843 1966 903 tamen,
2018 837 2102 891 in-

448 933 681 1007 quiunt,
714 947 837 1004 pra:
868 930 1110 1001 gaudio,
1143 946 1214 985 eo
1242 929 1410 1002 quod
1438 929 1749 984 liberasset
1776 943 1916 982 eum
1946 927 2101 981 Deus

446 1039 520 1078 ne
563 1025 830 1091 tangeret
874 1035 1032 1084 eam,
1079 1017 1414 1074 exsultavit.
1448 1018 1619 1083 Quod
1673 1016 1819 1089 quia
1853 1014 2100 1070 assertio

441 1111 790 1166 Judaeorum
824 1108 1075 1175 videtur,
1104 1123 1224 1162 non
1256 1107 1316 1161 in
1376 1106 1658 1162 omnibus
1689 1105 2102 1178 approbamus

447 1216 607 1271 eam,
638 1197 744 1254 sed
763 1197 991 1269 judicio
1024 1195 1258 1252 lectoris
1288 1195 1706 1268 relinquimus.

1051 1323 1278 1377 CAPUT
1323 1323 1496 1376 XXVI.

518 1473 547 1500 ‹‹
588 1452 888 1504 Venerunt
906 1446 1123 1518 Ziphaei
1154 1446 1232 1502 ad
1265 1446 1403 1503 Saul
1426 1446 1721 1501 dicentes:
1750 1448 1894 1500 Ecce
1920 1445 2099 1501 David

449 1563 476 1589 ‹‹
519 1540 662 1595 latet
691 1537 856 1610 apud
899 1553 1030 1591 nos.
1065 1558 1092 1585 ››
1129 1535 1241 1592 Sed
1284 1535 1429 1608 quid
1476 1535 1831 1605 signiﬁcent,
1862 1533 2104 1590 abunde

449 1627 726 1700 superius
755 1625 982 1681 dictum
1010 1630 1114 1680 est.
1150 1628 1297 1680 Nam
1345 1625 1455 1680 iter
1484 1624 1964 1680 demonstratum
1997 1628 2101 1689 est,

2209 483 2432 539 saeculo
2459 485 2732 542 inﬁrmus
2762 487 3205 559 despectusque
3233 486 3608 560 relinquitur,
3643 491 3705 545 ut
3725 505 3840 545 cum

2209 588 2280 626 eo
2306 589 2692 648 nequaquam
2727 591 2961 631 currere
2993 574 3209 642 valeat,
3238 575 3345 632 sed
3391 575 3618 632 fractus
3654 576 3840 633 adver-

2211 662 2380 718 sitate
2412 669 2730 736 torpescat.
2768 664 2882 722 Sed
2907 665 3070 721 hunc
3101 664 3290 722 David
3313 665 3562 735 invenit,
3593 665 3733 739 quia
3761 669 3844 722 Ile-

2208 751 2488 822 demptor
2506 759 2708 810 noster
2726 754 3016 810 veraciter
3029 770 3218 811 manu
3239 753 3404 811 fortis
3425 770 3842 828 nonnunquam

2209 856 2363 912 quos
2391 841 2706 914 despectos
2732 859 2768 899 a
2793 843 3005 899 mundi
3036 843 3226 913 gloria
3253 844 3488 916 reperit,
3521 860 3637 900 suo
3668 860 3844 901 amore

2210 932 2520 1001 convertit,
2549 933 2682 988 cibo
2708 933 2924 1006 pascit,
2956 933 3101 1006 quia
3149 933 3316 989 verbi
3348 933 3597 990 scientia
3639 934 3843 990 reﬁcit:

2211 1018 2429 1076 ducem
2458 1021 2682 1077 itineris
2715 1022 2894 1092 eligit,
2927 1023 3072 1095 quia
3102 1039 3281 1078 suum
3311 1024 3493 1079 etiam
3525 1022 3847 1096 praedicato-

2211 1125 2338 1164 rem
2370 1109 2527 1166 facit.
2579 1114 2643 1167 Et
2671 1112 2817 1185 quia
2847 1111 3249 1168 Amalechitas
3293 1115 3466 1186 sequi
3516 1129 3642 1169 non
3671 1112 3843 1179 valuit,

2212 1198 2336 1254 dux
2368 1200 2549 1256 David
2571 1200 2824 1257 eﬂicitur
2849 1219 2862 1269 ;
2889 1200 3036 1275 quia
3063 1201 3113 1256 is
3137 1218 3321 1275 quem
3351 1201 3674 1271 indignum
3703 1217 3848 1258 mun-

2212 1289 2326 1343 dus
2368 1289 2647 1357 deseruit,
2679 1306 2802 1346 non
2835 1291 3032 1347 solum
3077 1307 3406 1347 conversus
3456 1291 3516 1346 in
3549 1298 3661 1348 sua
3689 1295 3848 1347 Deum

2213 1383 2411 1433 mente
2444 1379 2669 1451 recipit,
2696 1379 2799 1434 sed
2851 1379 3240 1452 praedicando
3269 1380 3432 1436 hunc
3474 1380 3659 1436 etiam
3687 1395 3849 1452 usque

2215 1467 2292 1522 ad
2322 1467 2515 1524 aliena
2547 1468 2731 1524 corda
2759 1469 3051 1540 perducit.
3088 1471 3218 1534 Quo
3271 1468 3546 1525 videlicet
3578 1469 3729 1525 duce
3757 1470 3849 1523 Da-

2213 1555 2316 1610 vid
2346 1556 2778 1613 Amalechitam
2823 1558 3242 1613 convivantem
3269 1557 3498 1614 invenit
3547 1563 3607 1613 et
3655 1557 3848 1614 exstin-

2213 1645 2339 1714 guit
2371 1662 2383 1698 :
2413 1645 2559 1717 quia
2609 1645 2754 1719 ipsis
2798 1647 3093 1702 Christum
3124 1647 3620 1719 praedicantibus,
3667 1646 3848 1702 mundi

447 1717 699 1809 (Illang
722 1716 881 1771 idem
910 1714 1092 1809 David
1118 1714 1354 1809 Ϊυείθοῗ
1385 1731 1421 1770 ⁸
1450 1714 1603 1809 ίθςοίθ-
1630 1713 1772 1809 sa“!
1801 1713 2104 1809 ingrf’ssus
2136 1756 2174 1809 Β
2212 1713 2477 1791 laetitiam
2508 1713 2773 1800 dest—ruit,
2809 1753 3016 1792 eorum
3049 1713 3269 1793 scilicet
3297 1753 3452 1809 quos
3481 1713 3728 1793 comites
3762 1736 3848 1791 ha-

447 1812 536 1863 est
582 1807 643 1862 in
689 1809 884 1860 castra
912 1804 1087 1873 regis,
1121 1819 1260 1859 cum
1313 1802 1711 1860 dormientem
1758 1803 2101 1872 invenisset,

447 1911 570 1952 non
625 1893 933 1968 percussit,
966 1907 1088 1948 non
1147 1891 1380 1957 occidit,
1413 1892 1518 1948 sed
1572 1891 1766 1949 solam
1804 1891 2102 1958 lanceam,

447 1999 582 2058 qua:
623 1988 748 2039 erat
777 1982 852 2039 ad
879 1987 1061 2053 caput
1086 1982 1215 2052 ejus
1257 1986 1315 2036 et
1344 1981 1643 2055 scyphum
1685 1980 1919 2038 sustulit
1969 1980 2104 2036 dor-

446 2072 772 2128 mientibus
801 2070 1051 2127 cunctis.

522 2185 549 2210 ‹‹
591 2165 876 2230 Egressus
896 2160 971 2215 de
1003 2159 1212 2215 castris
1239 2158 1512 2214 transivit
1531 2158 1592 2215 in
1619 2174 1910 2214 cacumen
1933 2173 2105 2214 mon-

447 2273 474 2301 «
517 2251 610 2306 tis.
640 2273 668 2301 »
699 2250 849 2316 Quid
884 2265 1026 2318 ergo
1069 2254 1161 2303 est
1189 2248 1347 2303 hoc?
1375 2247 1789 2320 Sequebantur
1838 2263 2104 2320 namque

447 2340 742 2395 Christum
801 2338 1010 2405 Judaei,
1040 2337 1145 2394 sed
1203 2337 1624 2410 persequendo
1676 2337 2100 2392 dormiebant:

445 2430 590 2503 quia
635 2445 758 2485 non
804 2428 1134 2497 vigilabant
1161 2427 1341 2482 corde
1376 2446 1388 2482 :
1422 2427 1640 2482 duritia
1695 2427 1857 2482 enim
1910 2427 2106 2482 cordis

446 2519 809 2575 obdormitio
837 2523 947 2572 est.
981 2516 1294 2572 Dormiunt
1321 2517 1380 2570 in
1403 2516 1525 2571 vita
1553 2522 1753 2582 veteri,
1779 2531 1900 2570 non
1931 2515 2104 2584 evigi-

446 2608 574 2664 lant
612 2607 672 2662 in
719 2622 897 2661 nova.
932 2605 1106 2660 Venit
1135 2603 1419 2672 Christus,
1451 2619 1576 2658 non
1603 2619 1705 2659 eos
1734 2604 1968 2672 occidit,
2001 2603 2106 2658 sed

448 2695 580 2752 tulit
608 2694 686 2750 ab
730 2695 814 2750 eis
858 2694 1155 2765 scyphum
1204 2709 1398 2764 aqua,
1430 2692 1488 2747 id
1521 2697 1607 2748 est
1655 2693 1908 2761 gratiam
1937 2692 2104 2761 legis.

448 2783 600 2840 Tulit
651 2787 923 2855 sceptum
972 2780 1194 2850 regale,
1239 2781 1408 2851 regni
1463 2781 1682 2836 scilicet
1727 2787 2104 2853 potestatem,

448 2888 636 2946 quam
666 2888 776 2945 pro
807 2887 1032 2941 magno
1078 2869 1403 2936 habebant,
1435 2875 1490 2926 et
1520 2869 1680 2925 unde
1725 2887 1786 2924 se
1835 2877 2106 2942 protege-

447 2963 595 3018 bant
642 2961 1065 3034 temporaliter,
1100 2964 1158 3016 et
1204 2976 1390 3032 quam
1438 2959 1724 3015 adversus
1777 2963 1961 3016 Deum
2003 2976 2108 3032 per

445 3050 919 3107 incredulitatem
953 3049 1259 3121 gerebant.
1309 3048 1529 3104 Deinde
1571 3049 1877 3119 ingressus
1921 3049 2108 3104 victor

448 3141 629 3196 David
663 3145 883 3205 noster,
919 3141 977 3195 in
1009 3138 1219 3195 castris
1249 3154 1480 3194 eorum.
1511 3141 1576 3194 Et
1608 3154 1914 3209 regressus
1943 3143 2104 3194 tran-

450 3229 679 3287 scendit
709 3230 770 3285 in
802 3228 1177 3286 altitudinem
1208 3227 1430 3284 montis
1460 3227 1777 3284 caelorum.

1024 3353 1246 3408 CAPUT
1298 3351 1532 3405 XXVII.

519 3479 546 3506 ‹‹
590 3459 658 3512 Et
685 3455 952 3511 ascendit
983 3456 1168 3512 David
1192 3460 1248 3510 et
1278 3455 1384 3511 viri
1411 3456 1561 3527 ejus,
1594 3461 1650 3512 et
1679 3457 1941 3527 agebant
1961 3472 2106 3528 prae-

450 3566 480 3600 ‹
519 3544 632 3602 das
664 3544 738 3600 de
761 3544 1016 3611 Gessuri,
1050 3549 1106 3599 et
1137 3544 1209 3599 de
1241 3545 1390 3609 Gezi,
1412 3550 1470 3600 et
1499 3544 1574 3601 de
1600 3545 1998 3601 Amalecbitis.
2038 3545 2104 3600 Hi

450 3660 478 3686 «
518 3635 680 3691 enim
737 3634 878 3707 pagi
925 3633 1354 3689 habitabantur
1397 3635 1457 3688 in
1505 3639 1660 3690 terra
1689 3635 2036 3708 antiquitus.
2078 3658 2103 3684 »

449 3727 514 3784 Hi
544 3741 668 3782 non
699 3728 867 3780 erant
895 3723 1008 3778 sub
1038 3728 1326 3796 potestate
1351 3722 1549 3777 Achis.
1582 3723 1833 3779 Habitati
1859 3725 1918 3778 in
1953 3730 2106 3780 terra

447 3817 727 3873 dicuntur
754 3812 1102 3887 antiquitus,
1129 3813 1274 3885 quia
1301 3811 1485 3885 quieti
1535 3816 1591 3868 et
1617 3813 1809 3868 securi
1855 3813 2107 3868 habitati

447 3905 702 3974 fuerant,
735 3908 793 3960 et
822 3902 1044 3959 nullius
1083 3903 1272 3958 hostis
1323 3901 1782 3974 depredationes
1811 3903 2101 3975 perpessi.

804 4032 996 4086 CAPP.
1048 4030 1273 4095 XXVIII,
1313 4028 1469 4084 XXIX
1507 4031 1564 4084 et
1599 4031 1746 4084 XXX.

519 4161 548 4189 «
591 4141 818 4192 Interea
872 4135 1106 4205 fugiens
1163 4134 1371 4204 David,
1425 4134 1574 4190 dum
1630 4140 1902 4208 pergeret
1965 4154 2104 4194 cum

449 4251 477 4277 ‹‹
518 4225 696 4282 Achis
726 4241 865 4295 rege
900 4223 1382 4281 Philisthinorum
1416 4225 1474 4280 in
1508 4225 1780 4298 prrelium
1813 4226 2104 4283 adversus

449 4341 476 4368 «
519 4315 719 4386 Israel,
751 4315 1126 4384 insurgentes
1157 4314 1538 4372 Amalechitas
1586 4316 1883 4372 irruerunt
1930 4317 1990 4371 in
2024 4319 2102 4372 Si-

448 4430 475 4456 ‹‹
518 4406 701 4477 celeg.
737 4407 802 4461 Et
834 4403 1266 4460 succendentes
1295 4421 1451 4474 eam,
1480 4405 1930 4478 captivaverunt
1978 4422 2104 4461 om-

451 4520 480 4549 «
521 4497 623 4553 nia
651 4513 789 4569 quas
819 4499 988 4551 erant
1035 4493 1222 4550 David
1253 4499 1309 4550 et
1350 4510 1671 4567 puerorum
1706 4495 1858 4563 ejus.
1891 4497 2100 4550 Rever-

446 4609 477 4643 α
519 4605 624 4645 sus
657 4602 798 4657 ergo
829 4581 1017 4641 David
1067 4583 1146 4640 ad
1204 4584 1653 4657 persequendos
1703 4583 2102 4642 Amalechitas

447 4702 475 4731 «
516 4677 742 4735 invenit
764 4676 1106 4748 Egyptium
1137 4690 1394 4746 puerum
1440 4673 1888 4737 lassescentem,
1919 4690 2101 4746 quem

447 4791 476 4820 ‹‹
514 4767 898 4825 Αωᾶιθοὶιὶῐεε
971 4769 1265 4836 aegrotum
1339 4765 1402 4819 in
1458 4763 1664 4820 itinere
1717 4763 2099 4835 reliquerant.

447 4879 476 4913 ‹
516 4863 683 4915 Hunc
726 4863 926 4916 autem
975 4855 1162 4912 David
1207 4854 1517 4910 inventum
1571 4852 1707 4909 cibo
1746 4853 1965 4921 refecit,
1997 4854 2103 4909 du-

446 4970 474 4998 «
515 4965 766 5020 cemque
817 4947 909 5002 sui
951 4945 1173 5001 itineris
1223 4944 1376 5000 fecit.
1437 4943 1650 5015 Sicque
1707 4941 2102 4999 Amalechitas

449 5060 476 5087 ‹‹
514 5037 890 5109 persequitur
947 5035 1382 5108 epulantesque
1433 5031 1669 5104 reperit,
1720 5037 1778 5087 et
1833 5031 2100 5088 funditus

446 5148 475 5177 «
515 5126 810 5182 exstinxit.
840 5147 866 5175 »
894 5126 1274 5182 Amalechitaa
1302 5123 1528 5196 quippe
1550 5123 1813 5191 populus
1839 5124 2101 5180 lambens

441 5219 756 5285 vocantur,
773 5214 994 5287 quibus
1016 5218 1245 5270 mentes
1279 5211 1658 5268 secularium
1687 5211 2098 5282 designantur,

441 5323 578 5378 quae
636 5309 871 5361 terrena
918 5307 1136 5358 cuncta
1185 5299 1510 5357 ambiendo
1565 5301 1740 5373 quasi
1800 5301 2096 5363 lambunt.

443 5395 590 5450 dum
633 5395 773 5451 solis
820 5390 1254 5465 temporalibus
1297 5389 1684 5448 delectantur.
1721 5392 1899 5457 Quasi
1939 5391 2100 5447 enim

441 5483 706 5555 populus
735 5482 1012 5539 lambens
1036 5479 1311 5554 praedam
1337 5478 1492 5549 fecit,
1525 5479 1671 5536 dum
1704 5485 1938 5536 terrena
1967 5480 2098 5536 dili-

445 5577 668 5640 gentes,
702 5571 871 5626 lucra
899 5571 974 5625 de
1020 5568 1230 5625 alienis
1279 5568 1518 5625 damnis
1567 5575 1951 5641 exaggerant.
1985 5569 2098 5625 Sed

443 5661 589 5733 quid
621 5665 708 5716 est
747 5660 914 5732 quod
953 5659 1261 5733 Egyptius
1303 5659 1681 5716 Amalechitm
1729 5677 1878 5733 puer
1921 5659 1981 5714 in
2012 5659 2099 5714 iti-

442 5765 584 5806 nere
613 5750 891 5808 assatur?
918 5749 1034 5807 nisi
1075 5749 1242 5824 quod
1264 5754 1502 5809 amator
1529 5750 1840 5824 praesentis
1870 5747 2093 5817 seculi,

2212 1825 2353 1880 bere
2401 1824 2690 1897 despexit.
2733 1825 2978 1882 Ducenti
3027 1825 3108 1881 illi
3165 1825 3277 1882 viri
3307 1825 3413 1898 qui
3443 1825 3525 1882 ad
3555 1830 3847 1882 torrentem

2211 1913 2359 1970 lassi
2390 1931 2527 1969 cum
2551 1914 2798 1970 sarcinis
2820 1920 2958 1971 sunt
2985 1914 3190 1985 relicti,
3216 1913 3558 1985 signiﬁcant
3577 1914 3848 1988 quosdam

2214 2004 2487 2060 inﬁrmos
2518 2003 2810 2072 Ecclesiae,
2843 2004 2948 2078 qui
2979 2021 3119 2060 cum
3146 2005 3374 2061 caeteris
3395 2004 3760 2077 spiritalibus
3782 2003 3849 2057 vi«

2213 2093 2312 2159 ris,
2345 2093 2405 2149 in
2434 2093 2530 2149 via
2562 2093 2658 2149 Dei
2688 2109 2924 2150 currere
2951 2098 3294 2167 nequeunt:
3330 2094 3437 2150 sed
3463 2110 3672 2150 veram
3693 2092 3848 2149 ﬁdem

2213 2183 2545 2252 retinendo,
2577 2188 2756 2254 atque
2787 2200 2893 2255 per
2940 2184 3197 2240 activam
3227 2184 3415 2240 vitam
3463 2200 3624 2256 opus
3649 2183 3847 2240 bonum

2216 2272 2534 2341 servando,
2568 2288 2603 2327 a
2631 2272 3098 2328 clementissimo
3144 2273 3351 2340 David,
3382 2273 3497 2328 hoc
3531 2279 3622 2329 est
3651 2271 3847 2330 Christo

2213 2361 2488 2426 Domino,
2521 2361 2906 2417 beatitudinis
2936 2362 3258 2434 praemium
3285 2379 3426 2418 cum
3449 2362 3700 2436 reliquis
3743 2375 3847 2433 per-

2216 2450 2381 2512 fectis
2410 2450 2784 2522 praecipiunt.

2287 2560 2317 2593 ‹
2359 2539 2599 2597 Samuel
2652 2546 2924 2596 mortuus
2977 2545 3086 2608 est,
3144 2543 3426 2615 flevitque
3481 2557 3628 2598 eum
3680 2539 3848 2597 omnis

2218 2651 2245 2677 ι(
2288 2629 2485 2693 Israel,
2519 2634 2575 2684 et
2619 2629 2980 2702 sepelierunt
3023 2647 3164 2686 eum
3188 2631 3249 2686 in
3281 2634 3469 2687 Rama
3497 2631 3652 2688 urbe
3681 2645 3798 2686 sua.
3823 2649 3845 2676 η

2215 2717 2496 2787 Superius
2527 2732 2792 2788 namque
2821 2717 3035 2773 dicitur
3065 2718 3334 2792 sepultus
3365 2719 3550 2775 fuisse
3601 2720 3664 2775 in
3689 2717 3848 2773 domo

2217 2821 2326 2860 sua
2354 2806 2413 2860 in
2449 2809 2657 2861 Rama.
2693 2810 2755 2860 In
2787 2806 2970 2862 domo
2999 2823 3128 2871 sua.
3155 2807 3216 2862 in
3255 2807 3481 2863 familia
3515 2807 3782 2864 videlicet
3803 2808 3848 2859 et

2217 2895 2571 2962 cognatione
2593 2911 2722 2950 sua.
2755 2896 2927 2961 Quod
2953 2896 3113 2952 enim
3129 2895 3226 2952 hic
3251 2901 3526 2953 mortuus
3550 2897 3756 2954 iterum
3774 2893 3845 2949 di-

2216 2985 2384 3053 citur,
2419 2989 2481 3039 ut
2512 2985 2739 3040 Hebraei
2767 2985 2996 3051 volunt,
3028 2986 3494 3042 resuscitationis
3536 3004 3661 3043 suae
3690 2999 3846 3042 causa

2215 3074 2518 3146 repetitur,
2553 3078 2614 3129 ut
2638 3079 2693 3129 et
2717 3074 3026 3130 damnatio
3051 3075 3264 3142 Saulis,
3296 3075 3400 3148 qui
3432 3076 3695 3148 peccatis
3718 3088 3849 3129 mor-

2215 3167 2354 3218 tuus
2385 3168 2531 3231 erat,
2560 3168 2616 3218 et
2662 3163 2864 3219 relicto
2915 3167 3034 3220 Deo
3063 3170 3268 3220 contra
3314 3164 3509 3234 legem
3543 3165 3846 3238 pythonem

2217 3252 2591 3319 consulebat,
2619 3252 2782 3322 justa
2827 3269 2955 3308 esse
3013 3249 3509 3310 manifestarefur.
3551 3253 3844 3327 Sequitur:

2287 3365 2315 3391 «
2362 3345 2496 3397 Post
2525 3345 2779 3397 mortem
2808 3347 3010 3399 autem
3040 3343 3354 3412 Samuelis,
3377 3343 3722 3414 congregati
3741 3341 3846 3398 Phi-

2218 3454 2244 3480 «
2286 3431 2464 3486 listim
2497 3435 2705 3487 contra
2747 3431 2940 3498 Israel,
2973 3431 3415 3505 consuluntque
3463 3433 3776 3489 Dominum
3802 3434 3846 3486 et

2216 3543 2244 3569 «
2286 3537 2408 3576 non
2447 3519 2755 3592 respondit
2795 3520 2868 3582 ei,
2897 3537 3092 3593 neque
3122 3537 3228 3594 per
3258 3521 3513 3592 somnia,
3545 3539 3737 3596 neque
3759 3535 3844 3593 per

2217 3633 2245 3659 «
2285 3609 2643 3665 sacerdotes.
2679 3628 2708 3661 ›
2741 3609 3032 3666 Hebrmus
3076 3610 3279 3676 habet,
3301 3626 3497 3683 neque
3517 3628 3630 3684 per
3656 3609 3843 3667 doctri-

2214 3713 2354 3752 nam
2385 3713 2580 3769 neque
2609 3713 2716 3769 per
2759 3697 3102 3770 prophetas.
3132 3697 3563 3771 Respondebat
3587 3699 3842 3756 Dominus

2214 3804 2320 3860 per
2353 3787 2609 3852 somnia,
2629 3788 2779 3844 sicut
2805 3787 3028 3843 Hebraei
3053 3793 3350 3857 asserunt,
3378 3804 3575 3861 eoque
3593 3790 3842 3862 jejunan-

2215 3877 2294 3932 do
2324 3879 2380 3931 et
2408 3876 2640 3931 orando
2678 3876 3012 3949 poscebant
3053 3876 3367 3933 oraculum
3419 3877 3533 3934 sibi
3566 3879 3691 3936 ﬁeri
3716 3875 3840 3934 divi-

2214 3981 2384 4032 num,
2416 3969 2472 4020 et
2504 3967 2656 4020 Deus
2703 3965 2818 4021 illis
2862 3981 2971 4038 per
3014 3967 3251 4023 somnia
3304 3966 3614 4026 revelabat
3637 3983 3705 4025 ea
3731 3979 3842 4038 qua

2218 4054 2414 4110 futura
2463 4055 2862 4128 erantzquod
2891 4055 2951 4110 in
2981 4055 3097 4111 hoc
3143 4055 3276 4112 loco
3323 4055 3575 4113 minime
3625 4055 3754 4115 Saul
3780 4053 3843 4109 fe-

2216 4144 2364 4200 cisse
2410 4143 2640 4213 legitur.
2699 4144 2810 4200 Per
2837 4143 3195 4215 doctrinam,
3245 4161 3354 4218 per
3400 4146 3605 4216 ephod
3634 4144 3839 4207 scilicet,

2215 4233 2379 4306 quod
2411 4232 2775 4288 sacerdosin
2806 4237 3047 4305 pectore
3097 4233 3398 4306 portabat.
3432 4237 3636 4307 Neque
3664 4249 3761 4307 per
3798 4232 3842 4285 et

2215 4323 2563 4395 prophetas,
2610 4322 2754 4394 quia
2796 4321 2908 4378 illis
2953 4321 3726 4392 consulentibus,dominus
3760 4333 3841 4375 ne-

2215 4427 2528 4484 quaquam
2544 4410 3043 4482 respondebat.Hi
3057 4411 3366 4484 propheta:
3388 4411 3672 4470 dicuntur
3682 4409 3840 4467 fuisse

2215 4499 2490 4572 discipuli
2538 4499 2850 4569 Samuelis,
2883 4500 3105 4573 quibus
3147 4501 3650 4574 prophetantibus
3671 4495 3842 4574 junin

2215 4604 2276 4644 se
2307 4588 2447 4646 Saul
2475 4593 2532 4645 et
2560 4589 2957 4661 proplietavit.

2284 4700 2313 4728 «
2356 4677 2640 4743 Quaesivit
2665 4683 2868 4734 autem
2901 4678 3041 4735 Saul
3067 4679 3507 4752 pythonissam,
3527 4696 3663 4753 quae
3688 4673 3842 4733 susci-

2211 4786 2243 4820 ‹
2281 4771 2433 4824 taret
2455 4767 2534 4823 illi
2568 4769 2905 4826 Samuelem
2931 4787 2944 4826 :
2975 4769 3294 4844 statimque
3322 4771 3661 4838 suscitatus,
3687 4761 3839 4824 aitad

2213 4875 2243 4909 ‹
2281 4872 2421 4912 eum
2455 4873 2467 4911 :
2501 4859 2694 4922 Quare
2724 4857 3066 4930 inquietasti
3096 4875 3192 4915 me
3223 4864 3287 4916 ut
3317 4861 3657 4926 suscitarer,
3688 4861 3788 4914 etc.
3813 4874 3836 4900 ιι

2213 4945 2502 5010 Quaeritur
2517 4946 2852 5003 secundum
2869 4948 3182 5005 historiam
3199 4953 3400 5006 utrum
3415 4947 3759 5022 pythonissa
3771 4942 3840 5014 ip-

2212 5051 2346 5090 sum
2376 5035 2733 5107 prophetam
2759 5035 2834 5091 de
2864 5036 3098 5094 inferno
3119 5038 3478 5110 evocaverit,
3501 5053 3580 5094 an
3600 5035 3838 5108 aliquam

2210 5123 2632 5194 imaginariam
2659 5125 2998 5183 illusionem
3019 5126 3255 5184 fallacia
3271 5127 3620 5184 daemonum
3647 5124 3838 5182 factam

2214 5213 2373 5270 Sauli
2389 5212 2741 5270 exhibuerit.
2758 5217 2837 5271 De
2852 5231 2977 5288 qua
2992 5217 3342 5289 quaestione,
3357 5216 3548 5274 beatae
3564 5208 3837 5272 memoriae

2209 5303 2574 5372 Augustinus
2590 5303 2910 5376 episcopus
2921 5305 3305 5378 Simpliciano
3317 5302 3728 5364 Mediolanensi
3742 5295 3840 5371 epi-

2214 5408 2398 5463 scopo
2427 5392 2510 5448 ita
2529 5393 2732 5448 scribit
2755 5411 2768 5448 :
2799 5394 3074 5467 Inquiris,
3098 5395 3373 5468 inquam,
3393 5400 3595 5451 utrum
3611 5385 3840 5467 potuerit

2209 5480 2511 5549 malignus
2529 5481 2768 5554 spiritus
2784 5484 3039 5540 excitare
3053 5485 3321 5542 animam
3337 5485 3472 5556 justi
3484 5489 3558 5550 ,et
3575 5489 3838 5553 tanqulim

2209 5570 2282 5624 de
2307 5570 2524 5625 abditis
2556 5577 2935 5629 mortuorum
2966 5573 3359 5647 receptaculis
3389 5588 3685 5638 revocare,
3711 5571 3761 5624 et
3788 5563 3840 5618 llt

2208 5659 2507 5714 videretur
2523 5665 2580 5715 et
2596 5659 2942 5733 loqueretur
2967 5679 3108 5719 cum
3127 5663 3286 5719 Saul.
3313 5667 3517 5719 Nonne
3540 5661 3730 5732 majus
3747 5651 3839 5711 mi-

2206 5747 2470 5804 randum
2495 5748 2590 5814 sit,
2605 5749 2774 5822 quod
2799 5755 3044 5810 satanas
3061 5751 3263 5826 ipsum
3286 5753 3609 5812 Dominum
3631 5756 3838 5809 assum-
