3944 6416
79 280 178 333 329

76 490 226 546 enim
259 489 453 545 modo
472 490 692 557 fecerit,
717 491 944 550 factum
975 499 1066 551 est
1089 513 1102 550 :
1127 496 1210 552 ita
1233 501 1298 552 ut
1320 495 1561 553 Samuel
1587 495 1738 550 exci-

73 584 310 646 taretur,
344 579 620 635 similiter
648 580 811 638 latet.
838 583 959 639 Nisi
986 583 1137 640 forte
1158 585 1295 658 quis
1336 584 1550 640 dixerit
1597 583 1736 640 faci-

72 667 270 724 liorem
304 667 554 725 diabolo
599 669 781 727 fuisse
838 672 1140 730 licentiam
1185 673 1264 731 ad
1295 673 1615 730 Dominum
1647 673 1734 729 vi-

73 775 226 825 vum,
260 758 427 814 unde
447 759 632 815 voluit
661 763 1120 830 assumendum,
1150 769 1206 820 et
1222 764 1325 820 ubi
1349 763 1540 820 voluit
1567 779 1736 819 cons-

73 846 427 917 tituendum,
457 863 644 921 quam
678 849 757 905 ad
789 852 1082 908 Samuelis
1111 853 1376 910 defuncti
1408 852 1734 926 spiritume

75 937 190 992 suis
223 937 472 993 sedibus
505 939 848 995 excitatum.
881 942 1053 1008 Quod
1080 943 1126 999 si
1156 943 1303 999 illud
1331 942 1734 1013 inEvangelio

71 1041 174 1081 nos
203 1026 339 1081 ideo
364 1028 709 1092 conturbat,
735 1029 878 1102 quia
899 1033 1050 1086 Deus
1083 1032 1272 1088 volnit
1301 1037 1480 1106 atque
1510 1031 1731 1105 permi-

71 1117 154 1182 sit,
186 1115 348 1172 nulla
374 1115 776 1174 diminutione
810 1137 933 1175 suae
965 1123 1278 1194 potestatis
1311 1127 1368 1178 et
1405 1121 1732 1178 divinitatis

69 1204 124 1258 id
147 1204 267 1260 fieri
289 1205 541 1261 sicutab
583 1207 724 1280 ipsis
762 1209 991 1266 Judaeis
1015 1211 1409 1285 (quanquam
1433 1210 1731 1284 perversis

67 1297 234 1365 atque
261 1294 599 1350 immundis
622 1301 678 1351 et
699 1296 856 1353 facta
905 1297 1133 1354 diaboli
1158 1298 1532 1370 faventibus)
1564 1303 1621 1356 et
1650 1304 1731 1356 te-

69 1384 183 1439 neri
214 1400 274 1438 se
305 1388 362 1439 et
394 1384 630 1453 vinciri,
665 1391 723 1442 et
747 1386 916 1442 illudi
943 1393 1001 1444 et
1020 1389 1290 1459 cruciﬁgi
1329 1394 1511 1463 atque
1554 1390 1729 1445 inter-

66 1474 153 1529 fici
177 1491 389 1544 passus
416 1479 528 1530 est.
551 1479 614 1531 Et
637 1491 762 1532 non
785 1483 876 1533 est
894 1478 1235 1536 absurdum
1257 1480 1500 1536 credere
1525 1497 1598 1536 ex
1627 1480 1731 1536 ali-

67 1578 181 1634 qua
189 1563 638 1636 dispensatione
648 1565 862 1622 divinae
880 1567 1204 1625 voluntatis
1218 1570 1584 1642 permissum
1597 1570 1737 1626 fuis-

70 1667 124 1707 se
152 1656 213 1708 ut
239 1668 362 1708 non
402 1653 631 1709 invitus
660 1671 771 1710 nec
805 1657 886 1713 da
905 1663 1139 1713 -unante
1169 1659 1406 1729 magica
1437 1659 1727 1732 potentia,

70 1742 164 1796 sed
249 1742 456 1798 volens
531 1748 711 1816 atque
795 1746 1223 1811 obtemperans
1296 1750 1530 1806 occulta
1603 1750 1725 1806 dis-
1774 1767 1813 1822 Β

69 1831 408 1903 pensatione
444 1833 568 1898 Dei,
615 1850 751 1906 quae
783 1836 1204 1908 pythonissam
1251 1839 1417 1896 illam
1457 1841 1724 1897 Saulem-

68 1933 174 1989 que
201 1918 490 1989 latebant,
538 1923 781 1995 spiritus
829 1926 1120 1998 proferret
1165 1930 1355 1984 sancti
1405 1931 1721 1999 Samuelis,

71 2023 238 2079 seque
257 2009 601 2066 ostenderet
632 2014 978 2085 aspectibus
998 2017 1157 2086 regis
1191 2017 1398 2074 divina
1431 2019 1725 2076 sententia

70 2099 315 2167 perituri.
335 2102 704 2173 Quanquam
727 2103 789 2158 in
810 2105 925 2161 hoc
943 2105 1098 2162 facto
1115 2111 1312 2180 potest
1333 2109 1547 2164 adesse
1570 2110 1725 2165 alius

71 2186 281 2244 facilior
309 2189 670 2263 intellectus,
706 2197 770 2249 ut
799 2210 922 2250 non
953 2212 1091 2251 vere
1123 2197 1395 2270 spiritum
1433 2199 1725 2255 Samuelis

73 2277 376 2334 excitatum
429 2297 468 2336 a
520 2281 728 2354 requie
761 2299 873 2339 sua
915 2285 1260 2353 credamus,
1308 2289 1416 2344 sed
1476 2289 1723 2362 aliquod

73 2365 414 2437 phantasma
442 2375 499 2425 et
524 2370 955 2441 imaginariam
981 2374 1328 2432 illusionem
1344 2378 1572 2434 diaboli
1603 2396 1725 2436 ma-

71 2457 495 2516 chinationibus
519 2460 766 2530 factam,
821 2479 1007 2536 quam
1053 2472 1373 2540 propterea
1421 2471 1723 2543 Scriptura

71 2545 292 2602 nomine
328 2549 627 2605 Samuelis
654 2551 939 2623 appellat,
980 2554 1128 2626 quia
1178 2556 1370 2613 solent
1422 2559 1720 2628 imagines

73 2651 260 2692 earum
305 2653 508 2695 rerum
551 2641 905 2698 nominibus
929 2644 1242 2717 appellari,
1273 2663 1536 2720 quarum
1575 2650 1721 2705 ima-

74 2725 224 2795 gines
250 2735 403 2784 sunt.
440 2730 607 2786 Sicut
636 2732 848 2790 omnia
873 2749 1010 2806 quae
1035 2735 1369 2807 pinguntur
1399 2743 1577 2812 atque
1610 2740 1721 2795 tin-

75 2821 292 2884 guntur,
325 2835 539 2876 earum
570 2837 769 2878 rerum
795 2839 1058 2895 quarum
1087 2826 1385 2897 imagines
1418 2834 1577 2896 sunt,
1610 2846 1719 2885 no-

74 2905 314 2962 minibus
351 2909 755 2982 appellantur.
819 2913 980 2969 Sicut
1023 2914 1286 2972 hominis
1317 2918 1548 2989 pictura
1579 2937 1718 2975 cum

73 2995 324 3063 cernitur,
354 3001 676 3072 proprium
707 3003 997 3077 quodque
1047 3021 1271 3062 nomen
1302 3007 1719 3063 incunctanter

73 3084 380 3142 adhibetur.
419 3091 484 3144 Et
503 3089 743 3150 dicitur.
765 3091 862 3147 ille
886 3093 1087 3150 Cicero
1110 3100 1221 3160 est,
1256 3095 1352 3152 ille
1381 3096 1712 3164 Sallustius,

74 3170 154 3227 ille
181 3175 445 3244 Achilles,
490 3178 603 3233 iste
634 3179 865 3246 Hector,
901 3182 1015 3238 hoc
1062 3183 1288 3240 ﬂumen
1323 3185 1558 3254 Simois,
1614 3185 1716 3241 illa

77 3260 246 3318 Roma
275 3281 289 3319 :
321 3283 460 3323 cum
489 3267 658 3324 aliud
689 3269 835 3325 nihil
883 3278 1042 3338 sunt,
1072 3290 1262 3346 quam
1306 3275 1480 3346 pictae
1510 3275 1720 3345 imagi-

77 3365 184 3406 nes.
213 3353 375 3410 Unde
404 3361 462 3412 et
483 3357 809 3414 Cherubim
835 3376 974 3416 cum
1007 3361 1124 3418 sint
1145 3365 1414 3420 caelestes
1449 3365 1714 3433 virtutes,

79 3438 181 3495 ﬁcti
208 3445 399 3499 tamen
429 3460 506 3501 ex
547 3446 815 3514 metallo,
867 3466 992 3522 quo
1021 3450 1339 3525 imperavit
1390 3455 1543 3509 Deus
1573 3453 1718 3526 poni

81 3545 235 3601 super
280 3549 479 3591 arcam
509 3539 868 3605 testamenti,
925 3556 1164 3610 magna:
1193 3543 1276 3599 rei
1306 3543 1716 3613 signiﬁcanda;

81 3621 263 3690 gratia,
287 3639 408 3681 non
438 3626 604 3682 aliud
627 3643 814 3700 quam
844 3629 1188 3702 Cherubim,
1212 3633 1312 3690 illa
1333 3650 1578 3707 quoque
1610 3636 1715 3702 ﬁg-

80 3717 275 3782 menta,
304 3715 697 3772 vocabantur.
723 3721 1063 3792 lterumque
1091 3720 1240 3778 dum
1261 3725 1524 3798 quisque
1554 3727 1715 3783 videt

81 3801 353 3858 somnium
378 3820 501 3861 non
527 3805 676 3862 dicit
694 3824 706 3862 :
724 3806 843 3863 vidi
860 3807 1189 3880 imaginem
1219 3815 1556 3884 Augustini,
1608 3818 1714 3873 sed

78 3885 182 3943 vidi
198 3893 613 3962 Augustinum,
634 3911 774 3952 cum
815 3913 887 3952 eo
905 3902 1176 3971 tempore
1215 3917 1338 3974 quo
1351 3903 1574 3977 aliquid
1601 3906 1713 3962 tale

80 3973 266 4048 aliquis
284 3981 431 4039 vidit
445 3983 756 4055 ignoraret
783 3986 900 4042 hoc
916 3973 1305 4058 Augustinus.
1336 3973 1529 4066 Usque
1560 3995 1713 4052 adeo

81 4066 434 4127 manifestum
465 4077 560 4130 est
588 4089 711 4129 non
743 4074 910 4148 ipsos
935 4077 1232 4147 homines,
1280 4081 1385 4137 sed
1416 4083 1712 4155 imagines

81 4167 261 4213 eorum
289 4159 488 4218 videri.
529 4165 598 4218 Et
636 4164 869 4220 Pharao
899 4166 1098 4239 spicas
1133 4185 1194 4224 se
1223 4169 1372 4227 dixit
1400 4173 1622 4231 vidisse
1655 4175 1714 4230 in

84 4247 302 4303 somniis
328 4254 385 4306 et
412 4250 628 4321 boves,
660 4268 784 4310 non
816 4255 1122 4328 spicarum
1152 4264 1256 4315 aut
1283 4260 1472 4318 boum
1503 4263 1717 4334 imagi-

83 4335 483 4409 nes(Gen.xu).
506 4341 566 4398 Si
597 4341 776 4411 igitur
819 4350 1058 4402 constat
1084 4346 1336 4420 liquido,
1368 4352 1717 4409 nominibus

83 4433 259 4480 earum
279 4441 474 4484 rerum
491 4445 756 4503 quarum
767 4432 1220 4504 imagines-sunt
1236 4440 1482 4496 easdem
1503 4441 1715 4512 imagi-

1104 283 1366 338 ENARR.
1400 282 1469 337 IN
1503 276 1755 336 LIBROS
1788 278 2049 345 REGUM.
2080 321 2148 335 -—-
2175 296 2244 353 IN
2277 300 2405 355 LIB.
2436 304 2475 356 l.

76 403 200 473 psit.
243 405 300 456 et
332 400 654 458 constituit
689 419 872 475 super
903 404 1160 477 pinnam
1212 405 1420 478 templi
1440 405 1468 462 ?
1491 402 1818 470 QuolibetA

3411 325 3516 378 330

1845 461 2152 564 spiritibus
2182 472 2401 531 talibus
2424 476 2654 550 aliquid
2671 467 3054 543 divinationis
3081 490 3399 564 impertiat,
3436 503 3496 555 et

1843 554 2011 646 quod
2036 560 2292 621 audiunt
2319 565 2398 622 ab
2429 569 2680 641 angelis,
2704 579 3111 644 praenuntient
3139 554 3512 646 hominibus.

1843 641 2098 703 Tantum
2136 657 2340 709 autem
2371 657 2644 724 audiunt,
2670 641 2972 732 quantum
3003 670 3278 728 omnium
3315 677 3514 733 Domi-

1843 744 1958 840 nus
1975 739 2156 835 atque
2177 743 2522 801 moderator
2528 748 2704 817 jubet
2719 751 2814 808 vel
2834 754 2989 812 sinit.
3015 757 3184 816 Unde
3207 761 3386 820 etiam
3407 781 3518 840 py-

1843 821 2119 922 thonissa
2132 829 2194 886 in
2212 833 2457 890 Actibus
2481 840 2893 910 apostolorum
2915 846 3072 917 (cap.
3090 821 3513 922 xv1)attestan-

1842 912 1897 965 te
1920 916 2102 973 Paulo
2125 922 2421 993 apostolo,
2449 929 2506 982 et
2531 930 2899 1000 evangelista
2923 912 3360 999 'conatur'esse.
3381 945 3513 1002 Mis-

1843 1006 1979 1058 cent
2007 1007 2209 1063 tamen
2239 1010 2335 1066 isti
2363 1012 2654 1088 fallacias,
2681 1023 2738 1074 et
2763 1036 2975 1079 verum
3004 1027 3173 1098 quod
3198 1045 3375 1088 nosse
3400 1049 3512 1107 po-

1842 1092 2104 1164 tuerunt,
2135 1113 2258 1152 non
2289 1099 2546 1158 docendi
2575 1107 2789 1176 magis,
2814 1126 3002 1182 quam
3022 1092 3370 1191 decipiendi
3392 1092 3512 1180 fine

1842 1185 2267 1252 pronuntiant:
2297 1194 2355 1245 et
2379 1190 2529 1248 forte
2559 1194 2674 1250 hoc
2702 1202 2791 1252 est
2819 1201 2986 1271 quod
3018 1185 3284 1265 cum-illa
3305 1209 3511 1282 imago

1844 1271 2140 1329 Samuelis
2158 1276 2397 1334 Saulem
2407 1281 3151 1357 praedicaretmoriturum,
3171 1271 3511 1357 dixitetia‘in

1842 1375 2048 1418 secum
2073 1379 2207 1420 esse
2236 1365 2526 1426 futurum.
2562 1374 2729 1438 Quod
2770 1378 2976 1450 utique
3001 1379 3222 1440 falsum
3251 1392 3359 1444 est.
3392 1392 3511 1446 Ma-

1842 1464 1963 1543 gno
1984 1452 2210 1543 quippe
2230 1455 2543 1516 intervallo
2570 1467 2707 1533 post
2721 1470 2981 1524 mortem
3013 1477 3282 1543 separari
3310 1475 3509 1534 bonos

1841 1536 1902 1592 in
1928 1540 2247 1610 Evangelio
2271 1543 2527 1615 legimus
2551 1550 2714 1620 (Luc.
2743 1555 2863 1626 xw)
2893 1573 2906 1611 :
2943 1536 3098 1614 cum.
3115 1560 3269 1618 inter
3299 1580 3508 1637 super-

1839 1625 1992 1683 bum
2011 1628 2180 1688 illum
2210 1632 2454 1692 divitem
2487 1654 2627 1694 cum
2645 1641 2775 1712 jam
2805 1645 2973 1717 apud
3002 1647 3225 1706 inferos
3252 1625 3511 1710 tormen-

1842 1721 1903 1772 ta
1923 1724 2246 1809 pateretur,
2295 1729 2351 1780 et
2396 1725 2560 1783 illum
2595 1731 2699 1802 qui
2731 1732 2813 1789 ad
2842 1735 2972 1806 ejus
2999 1738 3258 1809 januam
3286 1742 3512 1801 ulcero-

1843 1823 1945 1862 sus
1961 1807 2222 1879 jacebat,
2246 1813 2377 1883 jam
2398 1814 2458 1870 in
2481 1820 2752 1890 requiem
2774 1807 3189 1900 constitutum,
3212 1846 3506 1902 magnum

1839 1896 2026 1952 chaos
2053 1897 2431 1971 interjectum
2461 1920 2590 1962 esse
2625 1912 2890 1966 testatur.
2945 1917 3062 1970 Aut
3108 1917 3159 1971 si
3175 1896 3509 1994 propterea

1841 1988 2082 2044 Samuel
2111 1990 2162 2046 ei
2193 1991 2360 2055 dixit,
2391 2010 2633 2052 mecum
2659 1999 2794 2068 eris,
2814 2006 2880 2058 ut
2899 2019 3024 2062 non
3046 2006 3124 2061 ad
3155 1988 3507 2079 qualitatem

1837 2075 2147 2146 felicitatis,
2177 2080 2361 2137 sedad
2383 2099 2590 2155 parem
2614 2089 3022 2148 conditionem
3050 2075 3259 2152 mortis
3292 2100 3509 2158 refera-

1835 2170 1966 2222 tur:
1997 2169 2163 2241 quod
2189 2175 2434 2245 uterque
2456 2174 2640 2231 homo
2671 2178 2846 2236 fuerit
2871 2187 2928 2237 et
2952 2188 3202 2258 uterque
3229 2189 3384 2245 mori
3403 2206 3506 2262 po-

1835 2259 2029 2327 tuerit,
2053 2257 2304 2332 jamque
2327 2269 2654 2333 mortuum,
2691 2274 2947 2326 mortem
2985 2272 3116 2330 vivo
3143 2280 3506 2347 praenuntia-

1834 2345 1956 2402 bat.
1993 2349 2339 2406 Secundum
2365 2356 2690 2427 utrumque
2720 2357 2902 2427 igitur
2931 2345 3297 2422 intellectum
3323 2368 3507 2425 habe-

1832 2452 1895 2492 re
1924 2437 2149 2493 exitum
2179 2440 2308 2496 haec
2338 2440 2512 2498 lectio
2542 2451 2758 2517 potest,
2800 2449 2904 2521 qui
2934 2467 3057 2508 non
3090 2454 3165 2510 sit
3195 2463 3407 2515 contra
3436 2460 3503 2514 ﬁ-

1831 2526 1992 2583 dem.
2027 2528 2146 2583 Nisi
2174 2529 2324 2586 forte
2353 2531 2730 2603 profundiori
2755 2537 3143 2612 inquisitione
3167 2545 3506 2605 inveniatur

1834 2616 2248 2689 adliquidum,
2273 2621 2368 2675 vel
2393 2637 2572 2694 posse
2587 2624 2680 2680 vel
2707 2643 2832 2683 non
2863 2645 3068 2702 posse,
3099 2635 3368 2692 animam
3388 2637 3502 2694 hu-

1832 2721 2102 2774 manam,
2135 2723 2276 2764 cum
2295 2725 2369 2764 ex
2389 2710 2504 2766 hac
2528 2712 2648 2769 vita
2671 2716 3039 2791 migraverit,
3071 2724 3324 2793 magicis
3377 2743 3502 2784 car-

1833 2795 2100 2851 minibus
2144 2798 2404 2864 evocari,
2436 2804 2494 2856 et
2523 2801 2800 2861 vivorum
2831 2823 3126 2881 apparere
3171 2817 3502 2888 conspecti-

1829 2884 1966 2953 bus,
1999 2885 2178 2942 etiam
2201 2889 2471 2960 corporis
2501 2889 2869 2952 lineamenta
2899 2903 3254 2970 gestantem,
3289 2884 3354 2960 u—t
3377 2920 3500 2962 non

1833 2973 2033 3029 solum
2051 2974 2238 3030 videri
2264 2976 2480 3045 valeat,
2507 2979 2616 3035 sed
2630 2981 2809 3040 etiam
2837 2989 3111 3056 agnosci,
3133 2996 3190 3046 et
3212 2993 3261 3047 si
3281 2997 3498 3065 potest,

1830 3067 2033 3118 utrum
2065 3064 2244 3119 etiam
2271 3065 2417 3135 justi
2438 3067 2644 3126 anima
2664 3087 2789 3127 non
2817 3075 3066 3146 quidem
3095 3064 3347 3149 cogatur
3374 3098 3501 3138 ma-

1761 3132 1800 3187 C
1832 3151 1978 3221 gicis
2012 3152 2220 3222 sacris,
2267 3154 2371 3208 sed
2428 3155 2710 3225 dignetur
2757 3163 3017 3232 ostendi,
3073 3167 3498 3226 occultioribus

1828 3241 2131 3312 mysteriis
2175 3258 2429 3298 summae
2458 3243 2608 3314 legis
2638 3248 3065 3323 obtemperans
3102 3273 3114 3310 :
3149 3261 3211 3311 ut
3268 3257 3318 3313 si
3369 3259 3498 3314 ﬁeri

1825 3345 1950 3386 non
1979 3345 2161 3402 posse
2191 3330 2488 3403 claruerit,
2526 3340 2590 3391 ut
2619 3353 2743 3394 non
2775 3344 3026 3414 uterque
3066 3360 3284 3401 sensus
3312 3346 3497 3418 hujus

1832 3419 2150 3492 Scriptura:
2205 3422 2556 3480 tractatione
2581 3425 2954 3498 admittatur,
2984 3433 3089 3488 sed
3111 3434 3212 3490 illo
3229 3435 3494 3506 excluso,

1825 3507 2185 3579 imaginaria
2216 3510 2542 3570 similitudo
2575 3517 2888 3590 Samuelis,
2909 3520 3210 3579 diabolico
3235 3525 3353 3582 ritu
3380 3525 3494 3597 fac,

1825 3605 1886 3657 ta
1918 3599 2297 3669 intelligatur.
2334 3602 2447 3658 Sed
2471 3605 2765 3676 quoniam
2789 3609 2915 3666 sive
2940 3611 3089 3668 illud
3137 3615 3266 3670 fieri
3284 3617 3494 3689 possit,

1823 3691 1948 3745 sive
1980 3705 2101 3745 non
2134 3691 2342 3762 possit,
2377 3697 2578 3750 tamen
2602 3694 2841 3754 fallacia
2874 3701 3106 3757 Satanae
3139 3709 3319 3776 atque
3347 3705 3496 3763 ima-

1823 3779 2035 3849 ginum
2076 3778 2560 3839 simulandarum
2618 3786 2834 3844 callida
2865 3792 3160 3862 operatio,
3191 3793 3467 3866 decipien

1822 3867 1916 3923 dis
1970 3867 2248 3923 sensibus
2287 3868 2572 3927 humanis
2618 3875 3005 3934 multiformis
3053 3880 3344 3950 invigilat.
3389 3887 3496 3944 Ta-

1821 3957 2084 4013 cendum
2122 3973 2285 4013 nunc
2329 3960 2579 4032 quidem
2609 3979 2683 4018 ne
2727 3965 3216 4038 inquisitionibus
3239 3970 3494 4042 diligen-

1821 4048 2073 4105 tioribus
2087 4050 2572 4120 praescribamus,
2589 4055 2697 4110 sed
2719 4056 2918 4128 potius
2941 4059 3353 4118 existimemus
3377 4064 3494 4122 tale

1826 4137 2054 4209 aliquid
2084 4137 2309 4194 factum
2353 4140 2622 4213 maligno
2653 4145 2866 4217 spiritu
2919 4149 3292 4221 pythonissa:
3337 4153 3495 4211 illius

1826 4226 2176 4283 ministerio.
2211 4243 2398 4300 quam
2430 4230 2535 4287 diu
2569 4234 2741 4290 nobis
2772 4236 3001 4311 aliquid
3028 4241 3292 4315 amplius
3317 4259 3494 4302 exco-

1829 4319 2036 4388 gitare,
2088 4323 2268 4390 atque
2299 4321 2596 4392 explicare
2629 4340 2749 4382 non
2781 4327 2978 4385 datur.
3013 4334 3147 4388 Haec
3191 4339 3332 4392 sunt
3358 4353 3496 4409 quae

1831 4412 1972 4463 tunc
2003 4408 2078 4463 de
2105 4409 2467 4480 pythonissa
2500 4417 2557 4468 et
2608 4417 2884 4474 Samuele
2940 4420 3182 4495 scripsit
3223 4408 3497 4482 beatissi-

84 4523 173 4565 nes
193 4516 491 4588 appellari,
509 4489 654 4576 .non
681 4489 1026 4580 mirumuest
1044 4489 1220 4598 quod
1756 4489 1799 4542 Β
1830 4513 1981 4602 guinis,
2005 4499 2432 4602 .ApguStifms',
2477 4501 2590 4602 Sf’d
2641 4506 2790 4602 ΨΜ
2821 4507 2969 4602 “him
2997 4525 3188 4580 genus
3245 4515 3496 4584 magicae

87 4597 388 4662 Samuelem
403 4608 602 4664 visum
624 4626 637 4664 :
657 4609 837 4667 etiam
861 4612 909 4668 si
921 4597 1287 4688 forteiimago
1302 4597 1593 4677 Samuelis
1616 4638 1720 4695 ap-

86 4691 258 4756 paruit
298 4710 402 4767 per
420 4696 564 4754 ﬁcta
584 4701 1100 4776 machinamenta,
1123 4705 1254 4777 ejus
1275 4709 1379 4780 qui
1405 4691 1724 4782 transfigu-

87 4788 206 4834 ηαδ
218 4796 276 4837 se
295 4783 748 4858 velutangelum
764 4790 937 4862 lucis,
952 4798 1009 4848 et
1026 4793 1334 4853 ministros
1353 4815 1495 4856 suos
1512 4802 1724 4857 subor-

88 4869 175 4921 nat
192 4869 342 4928 velut
353 4874 659 4933 ministros
669 4878 934 4949 justitiae.
947 4884 1080 4938 Iam
1095 4899 1238 4940 vero
1254 4886 1303 4942 si
1321 4886 1493 4960 illud,
1506 4889 1722 4964 inquit,

92 4965 183 5052 vos
204 4967 411 5029 movet,
432 4966 769 5037 quomodo,
798 4984 836 5025 a
856 4970 1125 5042 maligno
1153 4975 1364 5047 spiritu
1393 4979 1555 5034 Sauli
1577 4996 1727 5052 prte-

91 5037 224 5140 <iicta
258 5056 385 5107 sunt
410 5057 607 5126 potest
646 5061 704 5112 et
733 5056 883 5114 illud
906 5037 1132 5118 mirum
1179 5037 1389 5136 videri,
1411 5037 1724 5140 quomodo

92 5127 364 5194 damones
387 5150 770 5211 agnoverunt
812 5149 1116 5208 Christum
1161 5169 1346 5225 quem
1371 5127 1574 5213 ’διῖἀωὶ
1603 5175 1729 5216 non

94 5227 478 5322 agnoscebant.
490 5235 639 5290 Cum
649 5235 810 5292 enim
827 5237 955 5295 vult
967 5241 1123 5296 Deus
1137 5242 1317 5300 etiam
1333 5243 1606 5304 inﬁrmos
1619 5249 1730 5322 spi-

94 5306 215 5414 ritus
241 5315 431 5391 aliqua
446 5338 586 5380 vera
598 5340 985 5398 cognoscere,
1016 5332 1373 5404 temporalia
1410 5335 1724 5414 duntaxat,

98 5395 160 5490 ad
175 5397 330 5462 istam
344 5411 768 5470 mortalitatem
789 5395 1170 5489 pertinentia,
1213 5421 1388 5478 facile
1412 5430 1505 5481 est
1520 5432 1578 5483 et
1603 5395 1725 5484 non

98 5496 477 5569 Incongruum,
528 5507 593 5558 ut
640 5508 1029 5578 omnipotens
1073 5515 1128 5566 et
1152 5511 1353 5582 justus
1405 5515 1482 5571 ad
1514 5532 1725 5575 eorum

99 5585 543 5679 Pthlamquibus
567 5591 679 5650 ista
710 5595 1137 5667 praedicantur,
1163 5601 1182 5672 (
1205 5607 1269 5658 ut
1299 5603 1530 5660 malum
1557 5608 1725 5679 quod

100 5665 448 5770 eislimminet,
473 5665 805 5756 antequam
837 5687 1060 5755 veniat,
1083 5695 1558 5763 pramoscendos
1579 5697 1728 5770 pati-

101 5757 499 5832 unm')0.¢<:ultu
511 5777 813 5915 appargtu
823 5757 1252 5924 igystgxxfigrum
1265 5797 1516 5842 suorum
1522 5757 1727 5856 ,etiam

736 5871 846 5920 An
887 5877 939 5923 1..
1124 5901 1142 5924 ο

736 5871 939 5923 ιιι-ιω..
982 5871 1142 5926 CXV.

1831 4585 2164 4657 phantasia:
2188 4589 2397 4646 crebro
2419 4592 2480 4646 in
2499 4591 2615 4647 hoc
2638 4593 2794 4652 libro
2820 4596 3040 4671 ligitur,
3065 4601 3393 4658 dicendum
3410 4609 3502 4660 est

1832 4675 1994 4730 unde
2020 4691 2241 4732 nomen
2263 4680 2577 4752 acceperit:
2603 4685 2878 4741 nonnulli
2899 4688 3060 4744 enim
3085 4690 3164 4745 ab
3186 4691 3501 4763 Appolline

1835 4763 2045 4835 Pythio
2075 4769 2381 4836 repertum
2414 4773 2595 4840 atque
2626 4771 2704 4826 ab
2736 4773 2866 4844 ejus
2899 4778 3261 4845 cognomine
3290 4779 3374 4833 sic
3417 4779 3503 4834 di-

1835 4859 1978 4908 cunt
2032 4869 2161 4909 esse
2219 4861 2526 4912 vocatum.
2563 4859 2678 4914 Sed
2709 4866 2764 4916 et
2792 4862 3114 4920 Hebraeum
3144 4882 3393 4939 nomen,
3418 4869 3506 4924 in-

1834 4943 2071 5014 quiunt,
2096 4943 2372 5013 congruit
2400 4962 2412 5000 :
2442 4946 2713 5018 Pythona
2734 4951 2918 5007 abissi
2935 4955 3061 5025 (sic)
3087 4954 3314 5027 dicunt,
3345 4957 3506 5015 unde

1835 5039 1893 5086 et
1908 5031 2332 5103 pythonissam
2344 5039 2402 5090 et
2422 5036 3059 5111 pythoneslegendum
3079 5047 3506 5116 putant.-Quod

1838 5125 1895 5177 et
1912 5136 2024 5176 nos
2042 5120 2355 5192 diligenter
2369 5123 2797 5195 investigantes
2817 5130 2975 5187 sicin
2995 5134 3284 5207 antiquis,
3303 5137 3427 5194 imo
3452 5144 3510 5195 et

1839 5210 2148 5266 modernis
2166 5210 2576 5269 voluminibus
2591 5217 2878 5290 scriptum
2895 5225 3251 5295 reperimus
3272 5227 3383 5282 Alii
3412 5243 3511 5283 ve-

1836 5301 2598 5386 roaserpentequipython
2613 5304 2809 5364 dictus
2832 5312 3029 5382 est,de
3054 5314 3228 5382 cujus
3249 5315 3402 5386 pelle
3425 5315 3512 5372 di-

1837 5385 2149 5454 vinabant,
2175 5385 2403 5442 dictum
2423 5396 2719 5454 asserunt,
2756 5393 2916 5450 unde
2939 5401 2995 5451 et
3016 5385 3440 5470 pythonissam
3455 5407 3514 5459 et

1835 5475 2136 5547 pythones
2153 5475 2378 5546 legunt.
2402 5477 2571 5541 Quod
2598 5495 2710 5536 nos
2739 5483 2984 5540 arbitrio
2995 5486 3311 5559 prudentis
3333 5488 3517 5548 lecto-

1835 5565 1917 5618 ris
1931 5563 2585 5638 derelinquimus,quid
2601 5571 2796 5640 magis
2809 5573 3024 5643 eligere
3044 5575 3356 5647 placuerit.
3377 5580 3515 5637 Haec

1835 5653 1998 5708 enim
2024 5654 2316 5710 sententia
2331 5655 2506 5724 juxta
2526 5657 2839 5718 historiam
2863 5665 3154 5738 superiori
3207 5671 3515 5727 sententia:

1840 5751 2180 5826 postposita
2231 5758 2339 5811 est.
2373 5754 2547 5821 Quod
2577 5771 2690 5814 nos
2735 5760 2872 5820 ideo
2902 5761 3179 5836 facimus,
3228 5772 3292 5824 ut
3322 5773 3517 5827 totum

2916 5887 2972 5944 Η
