3940 6438
389 271 488 326 331

1449 263 1878 322 ANGELOMINI
1904 263 2364 326 LUXOVIENSIS
2394 267 2709 326 MONACHI

3722 279 3832 334 332

385 388 462 444 de
501 388 674 446 Saule
707 392 764 446 et
787 388 1149 462 pythonissa
1178 389 1398 461 pariter
1428 387 1736 458 negotium
1767 404 2038 460 compre-
2068 394 2115 445 A
2155 389 2380 446 mestici
2402 391 2532 461 ejus
2564 392 2933 461 intelligendi
2957 395 3115 450 sunt.
3145 393 3208 450 Hi
3241 397 3358 451 tres
3385 395 3495 456 ﬁlii
3519 397 3662 456 Saul
3688 414 3829 456 cum

383 479 748 534 hendamus.

997 621 1223 678 CAPUT
1258 619 1448 676 XXXI.

457 769 486 800 κ
525 747 706 818 Igitur
733 750 940 803 exorto
968 745 1204 819 proelio,
1236 748 1669 820 percusserunt
1691 745 2042 801 Philisthiim

384 859 415 886 ‹‹
458 836 640 892 Israel
661 836 842 909 plaga
897 851 1144 907 magna,
1200 839 1674 908 corrueruntque
1727 835 1788 890 in
1831 835 2042 907 proelio

383 948 411 976 «
455 926 590 983 Saul
613 931 668 982 et
695 925 1006 994 Jonathas,
1034 929 1208 991 neto.,
1242 941 1560 997 usquequo
1595 923 1695 991 ait,
1730 946 1757 974 «
1782 929 1838 980 et
1869 925 2043 979 armi-

381 1039 408 1065 ‹‹
435 1016 678 1087 gerejus
704 1015 830 1088 ipse
861 1015 1083 1070 corruit
1120 1013 1582 1086 supergladium
1599 1019 2041 1082 suum,etmor-

380 1129 409 1157 ‹‹
449 1110 589 1162 tuus
644 1109 731 1161 est
761 1119 900 1160 cum
930 1119 1022 1160 eo.
1075 1125 1104 1155 υ
1155 1103 1534 1172 Armigerum
1573 1103 1757 1157 istum
1817 1103 2042 1159 Hebraei

381 1194 896 1266 Doegldumaeum
943 1193 1152 1248 dicunt
1201 1190 1408 1257 fuisse,
1441 1190 1545 1264 qui
1595 1207 1846 1246 cernens
1903 1191 2044 1246 Saul

377 1289 708 1354 mortuum,
743 1283 1008 1354 seipsum
1038 1281 1118 1336 ob
1147 1285 1376 1336 metum
1409 1280 1595 1335 David
1628 1279 1950 1335 interemit.

448 1395 479 1424 «
511 1377 770 1430 Mortuus
815 1376 901 1428 est
933 1369 1073 1427 Saul
1101 1375 1158 1426 et
1196 1375 1309 1426 tres
1347 1369 1448 1424 ﬁlii
1491 1370 1620 1440 ejus
1676 1373 1733 1426 et
1785 1370 2044 1438 armiger

381 1487 411 1514 «
447 1463 604 1519 illius
633 1466 690 1518 et
745 1460 1009 1516 universi
1053 1459 1162 1515 viri
1190 1459 1340 1531 ejus.
1379 1480 1407 1508 »
1442 1459 1557 1514 Viri
1585 1458 1698 1527 isti,
1731 1459 1902 1532 pueri
1943 1458 2048 1514 do-

2154 496 2226 534 eo
2259 481 2546 536 interfecti
2568 488 2725 550 sunt,
2757 485 3068 554 Jonathas,
3100 483 3440 554 Abinadab,
3467 487 3572 560 qui
3591 491 3829 549 ethsui

2153 573 2210 624 et
2240 569 2578 628 Melchisua.
2612 572 2876 628 lsboseth
2900 578 3102 628 autem
3151 573 3318 630 domi
3347 579 3492 643 erat,
3525 577 3634 648 qui
3663 593 3825 636 anno

2152 674 2276 729 quo
2311 659 2454 714 Saul
2481 677 2586 716 rex
2615 661 2970 718 constitutus
3013 667 3122 727 est,
3169 667 3346 719 natus
3377 663 3558 720 fuisse
3585 664 3824 738 dicitur,

2153 747 2258 818 qui
2287 749 2468 803 etiam
2485 749 2888 822 quadraginta
2913 767 3214 807 annorum
3235 751 3421 808 fuisse
3442 753 3660 824 legitur
3681 772 3822 812 cum

2151 851 2401 905 regnare
2419 838 2714 909 coepisset.
2743 839 2906 894 Unde
2924 839 3218 910 colligitur
3234 841 3372 897 Saul
3415 842 3823 917 quadraginta

2153 925 2328 980 annis
2359 942 2666 995 regnasse.
2699 929 3103 992 Quaerendum
3152 946 3258 984 cur
3303 929 3447 986 alibi
3473 929 3712 1001 legatur
3735 935 3820 990 Je-

2155 1014 2265 1084 sui,
2291 1019 2348 1070 et
2385 1015 2527 1070 alibi
2566 1015 2928 1073 Abinadab:
2979 1018 3138 1073 Jesui
3180 1019 3341 1075 enim
3394 1020 3820 1094 interpretatur

2153 1105 2426 1174 aequalis.
2458 1105 2729 1176 xEqualis
2753 1105 2889 1161 ideo
2909 1105 3144 1176 dicitur,
3177 1107 3322 1179 quia
3341 1108 3593 1181 aequalis
3621 1110 3819 1168 meriti

2151 1191 2334 1247 fuisse
2358 1209 2497 1248 cum
2521 1199 2686 1265 patre
2712 1193 2817 1249 ﬁlii
2847 1201 3278 1251 memorantur.
3301 1196 3621 1254 Abinadab
3643 1197 3819 1254 inter-

2151 1286 2416 1353 pretatur
2439 1288 2620 1350 pater
2648 1298 2808 1338 meus
2860 1289 3086 1353 sponte.
3140 1286 3360 1356 Sponte
3420 1288 3645 1344 etenim
3705 1303 3818 1346 sua

2152 1375 2321 1441 pater
2350 1369 2481 1440 ejus
2530 1370 2670 1426 Saul
2699 1371 2860 1428 male
2901 1371 3140 1443 agendo
3171 1374 3507 1446 acquisivit,
3539 1380 3605 1432 ut
3623 1374 3816 1434 taliter

2154 1474 2278 1516 una
2307 1475 2446 1515 cum
2477 1459 2611 1516 ﬁliis
2657 1461 3070 1533 perimeretur.
3307 1451 3314 1456 ’

3177 1600 3213 1603 —
3242 1600 3308 1605 -»--
3368 1601 3377 1604 -
3408 1601 3516 1608 —-._.
3577 1602 3794 1610 —~—.-—.—

1442 1749 1556 1837 IN
1645 1748 2080 1836 LIBRUM
2139 1750 2752 1844 SECUNDUM.

1001 2037 1168 2094 PRE
1177 2037 1376 2093 FATIO
1387 2075 1400 2089 .

441 2147 972 2221 Verum,quoniam
985 2145 1219 2203 favente
1233 2145 1436 2200 divina
1454 2144 2024 2217 gratia,quanquam

368 2239 635 2296 fortassis
654 2238 909 2302 indocte,
929 2236 1195 2308 primum
1211 2233 1432 2289 librum
1456 2235 1557 2304 huj
1572 2251 1637 2288 us
1651 2234 1910 2289 historiae
1933 2235 2023 2289 di-

369 2329 684 2399 gessimus,
717 2332 773 2383 et
797 2326 970 2398 quasi
989 2325 1270 2380 unionem
1304 2323 1581 2394 spiritalis
1626 2323 2025 2392 intelligentiae

367 2417 824 2493 quodammodo
845 2416 908 2471 in
953 2413 1264 2470 conchulis
1316 2413 1519 2478 maris,
1550 2413 1730 2481 hujus
1753 2412 2025 2467 videlicet

363 2509 690 2566 voluminis
743 2505 1096 2573 latitantem,
1117 2503 1279 2559 velut
1299 2502 1418 2558 alta
1441 2503 1657 2572 pelagi,
1688 2502 1859 2557 lintre
1887 2517 2024 2556 nos-

366 2603 470 2655 tra:
497 2594 992 2666 investigationis,
1019 2591 1457 2660 immergendo,
1483 2591 1560 2645 ad
1581 2591 1778 2646 lucem
1800 2591 2021 2662 produ-

365 2687 585 2744 ximus.
619 2689 682 2741 ln
706 2699 833 2757 quo
863 2681 1110 2755 quidem
1135 2679 1603 2749 evidentissimc,
1635 2684 1836 2751 utpote
1867 2695 2020 2751 pree-

365 2775 714 2844 libavimus,
759 2770 1097 2828 immutatio
1152 2767 1473 2825 sacerdotii
1521 2767 1889 2834 Judaeorum,
1950 2785 2021 2824 ac

364 2863 626 2938 repulsio
649 2865 981 2935 Synagogaa
1007 2859 1070 2914 in
1099 2874 1309 2913 verum
1355 2857 1564 2914 Christi
1595 2857 2016 2924 sacerdotium,

366 2955 425 3007 et
460 2948 727 3005 collectio
758 2949 974 3002 sanctae
1007 2943 1282 2999 Ecclesiae
1322 2958 1394 2997 ex
1437 2941 1736 3009 gentibus,
1781 2941 2019 3014 aliaque

363 3037 625 3112 plurima
655 3037 1032 3093 sacramenta
1051 3049 1186 3104 quae
1209 3031 1322 3086 sub
1353 3030 1776 3097 allegorial‘um
1809 3029 2016 3101 figuris

362 3127 649 3184 contineri
679 3123 1274 3200 probavimus.Nunc
1296 3121 1426 3194 ipso
1455 3121 1776 3192 aspirante,
1807 3121 1866 3176 in
1895 3136 2018 3192 quo

363 3223 502 3274 sunt
523 3234 736 3273 omnes
765 3213 1036 3273 thesauri
1086 3211 1393 3284 sapientiae
1425 3215 1481 3266 et
1521 3211 1780 3266 scientiae
1813 3227 2018 3266 recon-

361 3307 490 3378 ditiIl
533 3305 868 3362 secundum
897 3303 1121 3360 librum
1165 3301 1413 3373 pra-fata
1442 3301 1700 3356 historiae
1746 3300 2018 3370 aggredi-

361 3412 518 3459 mur,
552 3399 607 3450 et
643 3393 897 3464 limpida
929 3389 1140 3446 Christi
1171 3389 1562 3460 Ecclcsiieque
1618 3388 1881 3460 pandere
1931 3406 2020 3444 sa—
2047 3394 2087 3448 C

363 3488 672 3541 cramenta
698 3479 1076 3537 conabimur.
1108 3481 1173 3533 Et
1200 3478 1249 3533 si
1275 3494 1349 3532 ex
1401 3481 1564 3533 tanta
1612 3478 2018 3549 profunditate

364 3590 582 3631 aurum
611 3570 942 3645 producere
999 3567 1078 3624 ad
1107 3566 1306 3622 lucem
1355 3583 1478 3622 non
1510 3583 1832 3638 possumus
1868 3569 2016 3640 Opti—

359 3680 552 3730 mum,
578 3666 681 3719 aut
709 3657 1145 3717 carbunculum
1171 3672 1240 3712 ex
1270 3655 1488 3710 Phison
1513 3655 1694 3711 ﬂuvio
1734 3671 1856 3712 non
1882 3658 2015 3729 qui-

358 3771 498 3810 mus
524 3749 891 3815 abstrahere,
917 3745 1182 3819 lapidem
1199 3742 1615 3813 magniﬁcum,
1640 3743 1846 3799 saltem
1870 3762 2018 3817 quo-

357 3859 476 3918 que
499 3839 895 3912 margaritum
937 3836 1172 3907 fulgens
1221 3832 1528 3906 possimus
1578 3833 1892 3889 exhaurire
1940 3835 2015 3890 de

357 3931 608 4002 gurgite.
640 3932 755 3985 Aut
781 3928 831 3983 si
860 3927 1040 3983 etiam
1071 3941 1144 3981 ex
1174 3921 1430 3993 gemmis
1458 3921 1850 3978 renitentibus
1889 3939 2014 3979 non

354 4019 623 4076 valemus
666 4017 961 4090 optimam
1015 4013 1308 4070 fabricare
1352 4026 1662 4078 coronam,
1713 4011 2012 4084 quodam-

355 4108 540 4165 modo
567 4123 640 4163 ex
683 4105 932 4162 ﬂoribus
967 4101 1330 4160 amoenitatis
1359 4099 1702 4156 divinarum
1750 4101 2012 4174 Scriptu-

353 4212 559 4254 rarum
590 4193 956 4251 tentabimus
1003 4205 1368 4262 componere
1429 4192 1606 4259 serta,
1639 4204 1715 4245 ne
1767 4204 1840 4245 ex
1868 4205 2014 4262 pau-

353 4289 582 4358 pertate
605 4281 828 4353 ingenii
853 4281 1123 4350 ingratus
1153 4277 1361 4335 videar
1390 4294 1427 4334 a
1457 4277 1732 4345 Domino,
1767 4279 1868 4334 sed
1901 4295 2011 4351 po-

353 4375 470 4431 tius
499 4389 611 4430 sua
639 4369 975 4438 clementia,
995 4369 1145 4425 dum
1161 4369 1349 4425 cernit
1373 4367 1663 4434 studium,
1709 4367 2014 4437 adaugeat

350 4465 508 4522 vires
545 4463 607 4520 in
630 4460 920 4536 pondere,
951 4475 1026 4514 ne
1055 4458 1278 4514 fractus
1325 4457 1596 4513 inveniar
1641 4472 2011 4530 pressusque

348 4553 510 4612 mole
533 4557 714 4612 tantae
742 4547 1195 4620 magnitudinis.
1219 4550 1370 4603 Nam
1396 4545 1668 4618 sequitur
1696 4562 1710 4602 :

917 4677 1145 4734 CAPUT
1182 4673 1469 4730 PRIMUM.

415 4831 445 4861 ι(
484 4809 731 4866 Factum
779 4808 868 4860 est
904 4806 1108 4860 autem
1178 4803 1506 4872 postquam
1577 4799 1856 4853 mortuus
1913 4802 2006 4854 est

345 4922 374 4950 α
417 4897 578 4964 Saul,
611 4900 677 4953 ut
723 4892 912 4952 David
937 4894 1330 4948 reverteretur
1372 4903 1410 4944 a
1461 4885 1622 4942 caade
1652 4885 1911 4951 Amelec,
1948 4891 2006 4943 et

344 5009 374 5038 α
413 4989 686 5044 maneret
708 4984 772 5040 in
791 4982 1018 5052 Siceleg
1043 4980 1200 5038 duos
1241 4977 1391 5034 dies.
1425 4977 1490 5033 In
1535 4975 1631 5031 die
1663 4979 1864 5032 autem
1895 4980 2004 5032 ter-

341 5097 370 5128 ι(
414 5073 515 5143 tio,
570 5071 854 5146 apparuit
916 5072 1102 5128 homo
1164 5065 1582 5133 Amelechites,
1632 5064 1878 5121 veniens
1927 5065 2002 5122 de

339 5187 368 5217 (ι
411 5162 618 5222 castris
671 5159 834 5228 Saul,
867 5181 896 5211 ››
953 5163 1010 5216 et
1061 5159 1315 5232 reliqua.
1377 5157 1572 5212 Homo
1631 5155 1741 5211 iste
1787 5154 1892 5228 qui
1922 5155 2004 5212 ad

333 5254 526 5313 David
574 5253 838 5320 veniens,
901 5254 1156 5306 mortem
1209 5245 1401 5304 Saulis
1447 5245 1842 5312 nuntiaverat,
1895 5246 2002 5318 qui

334 5346 518 5405 etiam
558 5342 879 5410 mentiens,
963 5339 1106 5398 Saul
1175 5335 1539 5394 interfecisse
1617 5352 1678 5392 se
1727 5335 1996 5391 dixerat:

331 5435 664 5510 praesertim
700 5449 840 5491 cum
898 5428 1178 5504 superius
1262 5427 1496 5496 legatur
1545 5425 1791 5481 irruisse
1858 5423 2000 5482 Saul

331 5540 513 5597 super
537 5523 807 5595 gladium
837 5537 1038 5592 suum,
1073 5523 1131 5577 et
1159 5523 1439 5576 mortuus
1471 5532 1625 5583 esse,
1656 5516 1788 5590 ipse
1820 5520 1877 5572 et
1906 5532 1998 5572 ar-

331 5615 524 5687 miger
569 5614 724 5686 ejus,
781 5613 846 5669 in
897 5616 1102 5668 monte
1188 5607 1426 5666 Gelboe.
1507 5607 1617 5675 Qui
1673 5611 1996 5680 propterea

330 5722 370 5766 a
458 5704 648 5763 David
709 5703 962 5760 interﬁci
1053 5701 1264 5773 jussus
1333 5703 1438 5768 est,
1537 5713 1608 5754 eo
1681 5696 1850 5770 quod
1908 5696 1997 5752 di-

327 5794 482 5854 xerit
545 5809 608 5851 se
694 5791 1081 5864 interfecisse,
1161 5792 1218 5845 et
1281 5803 1405 5844 non
1492 5785 1796 5844 timuissse
1861 5785 1995 5842 mit-

2055 2037 2099 2090 B
2136 2041 2256 2092 tere
2275 2053 2529 2094 manum
2552 2055 2730 2094 suam
2751 2039 2811 2095 in
2833 2039 3130 2096 Christum
3148 2040 3404 2109 Domini,
3425 2041 3530 2114 qui
3549 2045 3608 2098 et
3627 2046 3807 2100 Ama-

2133 2125 2375 2181 lechites
2404 2126 2598 2183 dictus
2627 2133 2734 2183 est.
2769 2127 3017 2192 Hebraei,
3043 2134 3221 2202 prout
3241 2129 3303 2185 in
3330 2130 3601 2202 quodam
3632 2131 3803 2188 volu-

2134 2215 2294 2270 mine
2325 2215 2460 2284 legi,
2489 2217 2678 2272 ﬁlium
2695 2219 2858 2285 Doeg
2877 2217 3118 2273 Idumaei
3137 2219 3380 2274 tradunt
3401 2219 3603 2276 fuisse.
3624 2224 3806 2278 Ama-

2133 2303 2378 2360 lechites
2401 2305 2558 2360 enim
2585 2312 2642 2362 et
2672 2308 2975 2362 ldumieus
3004 2323 3194 2362 unum
3224 2313 3383 2369 sunt,
3413 2310 3564 2364 sicut
3585 2311 3799 2382 reperi,

2133 2395 2277 2464 quia
2333 2393 2491 2448 ﬁlius
2536 2395 2971 2466 primogenitus
3019 2399 3177 2452 Esau
3217 2397 3322 2470 qui
3353 2403 3410 2453 et
3441 2399 3650 2466 Edom,
3687 2399 3798 2454 Eli-

2131 2484 2292 2554 phax
2343 2483 2470 2553 fuit,
2523 2489 2580 2540 et
2635 2486 2818 2556 hujus
2846 2485 3005 2540 ﬁlius
3055 2487 3298 2542 Amalec
3347 2488 3584 2544 exstitit.
3633 2489 3799 2545 Unde

2131 2571 2416 2627 diadema
2469 2579 2524 2628 et
2572 2574 2805 2629 armilla
2857 2591 2992 2646 quae
3049 2575 3232 2632 David
3283 2576 3511 2644 detulit,
3545 2593 3581 2632 a
3627 2583 3798 2650 patre

2131 2663 2294 2729 Doeg
2322 2664 2747 2719 commendata
2776 2663 2899 2720 filio
2948 2663 3151 2732 fuisse,
3195 2665 3470 2721 nonnulli
3519 2667 3799 2724 Hebraeo-

2129 2765 2265 2805 rum
2303 2751 2636 2822 perhibent.
2689 2753 2874 2822 Unde,
2907 2753 3161 2825 inquint,
3213 2770 3334 2810 non
3363 2771 3496 2810 esse
3543 2757 3796 2812 creden-

2130 2839 2278 2894 dum
2307 2846 2370 2896 ut
2399 2841 2540 2896 Saul
2569 2857 2703 2897 eam
2733 2843 2794 2897 in
2829 2843 3100 2915 praelium
3131 2844 3459 2912 detulisset,
3491 2846 3600 2901 sed
3631 2846 3800 2918 Doeg

2131 2930 2328 2986 amico
2359 2947 2470 2986 suo
2501 2933 3052 3000 commendaverat,
3079 2949 3115 2989 a
3145 2949 3269 3006 quo
3301 2935 3428 3008 ipse
3458 2943 3790 3008 acceperat.

2128 3023 2199 3074 At
2229 3035 2389 3085 vero,
2432 3020 2478 3074 si
2536 3021 2631 3075 cui
2685 3021 2966 3076 credibile
3023 3022 3275 3094 videtur,
3321 3025 3488 3096 quod
3537 3025 3677 3082 Saul
3733 3026 3797 3083 in

2128 3107 2406 3180 proelium
2439 3108 2768 3176 detulisset,
2794 3116 2851 3166 et
2880 3126 2916 3166 a
2942 3110 3136 3183 capite
3166 3112 3320 3182 ejus,
3345 3129 3416 3168 eo
3447 3119 3711 3184 mortuo,
3736 3121 3796 3172 et

2129 3213 2164 3252 a
2195 3197 2457 3252 brachiis
2485 3198 2850 3268 abstulisset,
2882 3205 2940 3256 et
2984 3201 3174 3256 David
3217 3217 3402 3258 causa
3428 3203 3793 3260 adulationis

2128 3291 2182 3340 et
2211 3289 2412 3352 gratiae
2439 3287 2764 3356 detulisset,
2788 3304 2912 3344 non
2942 3289 3320 3358 refragamus
3350 3307 3422 3347 ac
3446 3292 3794 3349 inhibemus

2128 3376 2231 3429 sed
2263 3376 2460 3448 potius
2489 3392 2600 3432 suo
2633 3378 2877 3433 arbitrio
2906 3378 3400 3452 derelinquimus.
3443 3381 3559 3436 Sed
3597 3381 3794 3440 altiori

2126 3465 2425 3520 intellectu
2463 3470 2817 3538 reputamus
2873 3468 3041 3539 quod
3069 3474 3158 3523 est
3186 3471 3355 3542 quod
3406 3470 3502 3526 ille
3550 3472 3793 3528 Amale-

2127 3553 2332 3622 chites,
2365 3554 2468 3625 qui
2493 3555 2667 3610 ﬁnxit
2695 3571 2901 3610 coram
2949 3555 3134 3612 David
3204 3557 3344 3613 Saul
3374 3574 3575 3627 regem
3607 3559 3791 3616 inter-

2126 3641 2354 3709 fecisse,
2391 3643 2470 3698 ab
2500 3660 2571 3698 eo
2617 3644 2859 3699 ultionis
2915 3661 3162 3717 pmnam
3193 3646 3479 3703 multatus
3537 3651 3787 3722 accepit.

2124 3730 2236 3784 nisi
2292 3731 2459 3803 quod
2509 3733 2706 3786 omnis
2759 3732 2863 3804 qui
2928 3733 3208 3805 proximo
3247 3751 3360 3791 suo
3405 3736 3792 3794 machinatur

2124 3819 2376 3884 malum,
2407 3819 2502 3874 vel
2531 3820 2606 3874 de
2637 3821 2766 3891 ejus
2797 3822 3021 3889 gaudet
3044 3822 3302 3889 interitu,
3328 3824 3506 3894 justte
3532 3827 3790 3882 retribu-

2123 3907 2299 3962 tionis
2352 3924 2598 3980 pcenam
2653 3925 2689 3964 a
2743 3925 3008 3982 superno
3053 3911 3257 3982 judice
3287 3913 3792 3986 recipietiJuxta

2121 3995 2269 4050 illud
2298 3997 2464 4069 quod
2495 3998 2782 4070 scriptum
2811 4003 2903 4054 est
2933 4016 2947 4054 :
2982 4021 3012 4048 ‹‹
3064 4001 3270 4057 Omnis
3303 4002 3464 4058 enim
3501 4004 3607 4076 qui
3637 4004 3790 4062 fodit

2120 4084 2361 4142 foveam
2389 4087 2609 4142 incidet
2636 4087 2699 4142 in
2757 4088 2920 4144 illam
2973 4091 3176 4160 (Prov.
3232 4095 3640 4161 xxvr;Eccli.
3697 4097 3782 4165 x).

2121 4177 2187 4230 Et
2241 4176 2346 4248 qui
2377 4177 2737 4248 percusserit
2793 4177 2996 4245 gladio
3046 4179 3262 4252 peribit
3319 4182 3556 4251 (Matth.
3611 4187 3720 4249 vi).
3755 4205 3784 4235 ιι

2122 4266 2186 4320 Et
2215 4264 2426 4320 iterum
2459 4282 2472 4321 :
2505 4285 2534 4318 α
2567 4267 2645 4321 Os
2689 4267 2856 4338 quod
2907 4269 3196 4324 mentitur
3245 4271 3462 4327 occidit
3507 4271 3786 4330 animam

2121 4354 2284 4423 (δίῳ.
2320 4356 2431 4424 1).»
2463 4354 2558 4410 His
2588 4355 2860 4426 expletis,
2893 4357 3160 4429 sequitur
3185 4358 3436 4416 historia
3483 4360 3632 4433 quid
3663 4364 3785 4418 Da-

2117 4442 2218 4497 vid
2247 4445 2448 4513 egerit.
2475 4444 2566 4499 Ait
2594 4445 2754 4499 enim
2780 4460 2794 4499 :

2189 4553 2218 4580 «
2242 4532 2686 4589 Pianxitautem
2705 4533 2892 4590 David
2911 4535 3222 4606 planctum
3248 4537 3668 4608 hujuscemodi
3682 4557 3786 4596 su-

2119 4640 2148 4669 ‹‹
2178 4636 2286 4692 per
2317 4621 2456 4678 Saul
2477 4628 2534 4678 et
2559 4637 2739 4694 super
2767 4623 3089 4680 Jonatham
3117 4624 3310 4680 ﬁlium
3340 4626 3492 4696 ejus.
3535 4630 3602 4683 Et
3628 4643 3786 4700 prae-

2033 4751 2078 4804 D
2119 4732 2147 4760 ‹‹
2171 4711 2325 4784 cepit
2353 4716 2419 4766 ut
2445 4712 2730 4804 docerent
2748 4713 2903 4804 ﬁlios
2926 4713 3086 4770 Juda
3114 4729 3384 4783 carmen,
3419 4716 3572 4772 sicut
3597 4717 3787 4791 scrip-

2116 4823 2144 4850 ‹‹
2178 4805 2306 4856 tum
2337 4805 2428 4855 est
2479 4801 2540 4855 in
2572 4801 2724 4857 libro
2748 4803 3074 4873 justorum,
3108 4821 3140 4857 ι
3160 4810 3274 4861 etc.
3323 4806 3389 4860 In
3421 4806 3669 4864 Hebraeo
3721 4811 3785 4864 et

2111 4889 2174 4946 in
2221 4891 2375 4945 veris
2405 4891 2849 4963 exemplaribus
2892 4908 3016 4948 non
3063 4893 3320 4950 habetur
3371 4910 3615 4954 carnem
3667 4897 3780 4953 sed

2111 4997 2341 5048 arcum,
2401 4981 2566 5053 quod
2627 4981 2845 5038 nostris
2891 4983 3240 5039 doctoribus
3271 4983 3413 5040 item
3446 4986 3662 5042 melius
3691 4986 3783 5042 vi-

2110 5072 2300 5128 detur.
2337 5075 2484 5128 Nam
2523 5071 2690 5144 quod
2722 5073 3008 5145 scriptum
3037 5077 3144 5142 est,
3177 5075 3470 5147 quoniam
3521 5076 3780 5150 plange-

2108 5161 2210 5218 bat
2231 5160 2571 5218 interfectos
2601 5160 2741 5217 Saul
2767 5165 2825 5216 et
2869 5163 3192 5219 Ionatham
3223 5185 3253 5213 α
3277 5168 3334 5220 et
3377 5165 3665 5238 praecepit
3711 5171 3782 5224 ut

2108 5251 2392 5308 docerent
2417 5249 2572 5306 filios
2601 5251 2755 5306 Juda
2802 5267 3031 5318 arcum,
3059 5273 3088 5302 »
3127 5251 3244 5308 hoc
3270 5252 3406 5310 ideo
3463 5254 3599 5310 fecit
3627 5255 3779 5328 quia

2107 5341 2478 5396 Philistheeos
2508 5339 2825 5410 sagittariis
2852 5340 3166 5398 abundare
3183 5342 3313 5412 jam
3344 5348 3622 5399 noverat.
3649 5344 3778 5400 Ali-

2105 5434 2228 5486 ter:
2265 5452 2293 5480 ‹‹
2318 5429 2600 5501 Praecepit
2640 5429 2824 5484 David
2856 5434 2920 5486 ut
2971 5430 3257 5487 docerent
3301 5431 3458 5488 ﬁlios
3486 5432 3643 5490 Juda
3674 5449 3777 5490 ar-

2105 5535 2319 5587 cum,»
2373 5519 2488 5574 hoc
2533 5523 2624 5574 est
2677 5522 2743 5574 ut
2797 5533 2968 5587 reges
3046 5519 3202 5576 Juda
3271 5520 3558 5578 docerent
3611 5522 3780 5580 forti.

2103 5604 2392 5671 tudinem,
2449 5603 2668 5660 scilicet
2718 5607 2781 5658 ut
2835 5603 3016 5660 fortes
3088 5609 3146 5660 et
3189 5605 3398 5660 intenti
3445 5612 3646 5664 essent
3707 5609 3777 5665 in

2102 5694 2312 5748 timore
2399 5691 2652 5758 Domini,
2723 5697 2778 5748 et
2835 5692 2895 5748 in
2945 5693 3261 5766 praaceptis
3318 5695 3468 5750 Dei:
3529 5711 3606 5751 ne
3661 5713 3778 5769 per

2099 5781 2570 5840 inobedientiam
2654 5796 2692 5838 a
2741 5780 3088 5839 fortitudine
3155 5786 3216 5838 et
3263 5782 3474 5841 timore
3526 5785 3778 5844 Domini
