3940 6404
108 272 217 326 333

1168 276 1422 331 ENARR.
1453 277 1519 331 IN
1548 276 1797 333 LIBROS
1825 277 2173 336 R'EGUM.--
2194 284 2259 337 ΙΝ
2294 283 2423 339 LIB.
2454 286 2516 338 II.

3420 322 3433 331 κ
3453 294 3557 348 334

107 393 270 449 sicut
305 393 450 450 Saul
476 393 863 451 resederunt:
898 401 955 451 et
981 412 1051 451 eo
1084 399 1267 455 modo
1295 413 1419 471 quo
1450 399 1544 455 ille
1595 400 1784 471 perie-
1813 403 1864 459 Α
1897 418 2056 474 rum,
2086 404 2203 462 hoc
2223 407 2792 466 estimmundorum
2824 409 3143 482 spirituum
3171 427 3279 485 per
3322 413 3556 485 quodli-

104 488 224 554 rat,
259 484 551 555 perirent,
611 489 669 539 et
698 485 858 540 unde
903 487 1041 542 Saul
1091 488 1354 544 maxime
1402 490 1623 544 horum
1655 489 1785 545 icti-

102 572 225 627 bus
258 573 543 645 perierat.
575 573 857 628 eamdem
881 575 1145 631 bellandi
1179 583 1390 647 artem,
1423 583 1480 633 et
1508 579 1600 633 sui
1636 578 1786 634 mili-

103 666 197 716 tes
228 661 309 717 ad
344 662 751 717 revincendos
778 664 1403 732 eos,discerent.Quod
1432 682 1570 723 vero
1597 666 1791 738 sequi-

104 755 206 805 tur
240 772 269 800 ε(
310 751 466 806 sicut
496 752 787 824 scriptum
812 758 901 806 est
927 753 988 807 in
1021 753 1172 810 libro
1201 756 1523 825 justorum,
1547 756 1788 828 nipsum

102 839 341 896 librum
359 840 542 896 hodie
570 858 1100 915 nusquam,neque
1128 844 1476 916 apudipsos
1504 845 1788 900 Hebraeos

103 928 367 985 inveniri
403 936 1003 1002 posse,asseverant:
1036 933 1185 987 sicut
1210 949 1318 988 nec
1349 934 1568 989 librum
1600 934 1787 989 bello-

102 1036 247 1075 rum
285 1022 547 1086 Domini,
578 1021 754 1091 cujus
795 1022 858 1075 in
907 1021 1061 1077 libro
1114 1028 1513 1079 Numerorum
1564 1024 1789 1080 mentio

104 1116 216 1177 est,
236 1125 443 1183 neque
467 1112 743 1166 carmina
767 1110 1328 1185 Salomonismeque
1352 1113 1791 1185 disputationes

103 1200 245 1269 ejus
279 1200 871 1272 sapientissimasde
924 1201 1228 1263 lignorum
1289 1209 1527 1271 natura,
1578 1203 1793 1260 herba-

101 1305 376 1361 rumque
394 1289 697 1356 omnium,
726 1294 1111 1362 telorumque
1135 1294 1574 1361 jumentorum,
1626 1292 1793 1348 voluc

102 1396 309 1449 crum,
338 1379 665 1451 reptilium,
695 1386 753 1436 et
778 1380 1160 1451 piseiumﬁel
1192 1383 1358 1454 quod
1389 1383 1449 1438 in
1478 1383 1632 1437 libro
1652 1386 1788 1439 Ver—

100 1469 334 1524 borum
378 1468 618 1524 dicitur.
654 1470 904 1541 Reliqua
955 1487 1099 1525 vero
1151 1488 1404 1542 operum
1448 1470 1790 1527 Salomonis

103 1560 391 1631 priorum
420 1563 478 1613 et
510 1558 1003 1620 novissimoruin,
1039 1561 1262 1632 scripta
1308 1564 1447 1616 sunt
1475 1560 1537 1615 in
1586 1559 1788 1614 verbis

102 1649 348 1703 Nathan
373 1648 707 1719 prophetae,
735 1654 791 1703 et
821 1648 883 1703 in
910 1649 1076 1703 libris
1110 1650 1270 1704 Ailltﬁ
1305 1650 1583 1716 Silonitis,
1615 1649 1677 1704 in
1706 1650 1790 1705 vi-

1894 490 1996 548 bet
2013 493 2223 551 vitium
2251 496 2505 569 decepti,
2538 498 2972 557 succumbant:
3007 505 3065 557 et
3095 500 3157 557 in
3182 507 3473 575 perpetuo
3495 503 3557 560 in

1894 587 2153 640 mortem
2181 585 2400 642 animae
2429 587 2893 660 irreparabiliter
2922 590 3175 647 cadant:
3201 614 3227 643 ‹‹
3249 591 3434 649 Nolite
3449 608 3557 649 an-

1894 672 2172 730 nuntiare
2202 673 2262 730 in
2296 676 2462 741 Geth,
2497 700 2524 725 ››
2557 682 2665 733 etc.
2720 678 2887 745 Geth,
2948 695 3085 751 quae
3132 680 3560 753 interpretatur

1897 763 2189 829 torcular,
2206 763 2502 833 signiticet
2525 771 2817 823 terrenam
2852 768 3215 825 Hierusalem
3237 769 3557 842 civitatem,

1896 864 2032 920 quae
2058 852 2275 910 occidit
2305 856 2655 927 prophetas,
2684 861 2740 911 et
2767 856 3062 930 lapidavit
3091 874 3194 914 eos
3224 860 3329 931 qui
3355 860 3436 916 ad
3464 862 3556 933 ip-

1898 952 2030 993 sam
2062 941 2228 996 missi
2259 943 2498 998 fuerant
2529 946 2774 1009 (ΜατιΙι.
2815 948 3187 1019 xxm).anus
3221 948 3553 1019 civibus,id

1897 1028 2229 1085 estludzeis
2268 1031 2619 1101 incredulis,
2652 1051 2820 1090 mors
2864 1036 3097 1093 Domini
3118 1040 3300 1109 atque
3328 1043 3559 1095 sancto-

1895 1132 2033 1172 rum
2063 1112 2472 1190 apostolorum
2507 1122 2565 1177 in
2595 1122 2864 1179 derisum
2888 1123 3037 1181 fuit:
3066 1129 3125 1181 et
3150 1126 3232 1181 ob
3265 1127 3381 1182 hoc
3404 1143 3558 1199 prse-

1895 1205 2113 1277 cipitur
2142 1224 2178 1264 a
2208 1225 2349 1265 vero
2383 1211 2591 1277 David,
2633 1212 2869 1269 Christo
2889 1212 3165 1270 videlicet
3189 1216 3464 1285 Domino,
3495 1220 3562 1273 ut

1895 1296 2101 1366 passio
2123 1298 2253 1367 ejus
2284 1315 2392 1371 per
2408 1300 2785 1371 evangelicos
2818 1302 3360 1373 prtedicatores,eis
3389 1305 3564 1361 mini-

1894 1400 1993 1439 me
2010 1385 2225 1443 debeat
2251 1404 2326 1443 an
2335 1390 2615 1447 nuntiari:
2632 1390 2741 1462 qui
2761 1390 3142 1448 insultatores
3157 1395 3352 1448 crucis
3369 1395 3563 1451 Chris-

1893 1472 1936 1528 ti
1965 1474 2308 1532 maluerunt
2334 1494 2467 1533 esse
2501 1495 2688 1550 quam
2718 1486 3119 1537 veneratores.
3156 1483 3465 1553 Sequitur:

1967 1585 1996 1612 ‹‹
2030 1566 2095 1620 Et
2128 1565 2208 1622 ait
2241 1567 2425 1623 David
2453 1586 2464 1622 :
2492 1570 2716 1625 Montes
2747 1569 3114 1638 Gelboe,nec
3141 1585 3261 1638 ros,
3285 1586 3397 1626 nec
3428 1570 3559 1643 plu-

1895 1675 1921 1701 «
1956 1654 2052 1709 via
2082 1655 2278 1712 veniat
2304 1672 2486 1730 super
2511 1675 2643 1726 vos,
2664 1682 2690 1709 ››
2703 1664 2762 1715 et
2789 1660 3042 1733 reliqua.
3072 1662 3323 1733 Propter
3350 1677 3564 1718 casum

105 1741 284 1793 sione
316 1753 567 1810 quoque
594 1738 787 1794 .laddo
820 1739 1076 1794 videntis
1105 1746 1314 1795 contra
1365 1741 1687 1796 Jeroboam
1722 1740 1788 1796 ﬁ-
1814 1764 1857 1819 Β
1895 1742 2157 1813 fortium,
2190 1750 2248 1802 et
2276 1747 2516 1803 ruinam
2547 1748 2757 1820 populi
2786 1750 2900 1819 sui,
2934 1750 3109 1822 quasi
3129 1750 3456 1821 indignans
3479 1750 3564 1808 lo-

101 1829 255 1884 lium
290 1830 506 1898 Nubat,
565 1833 622 1884 et
651 1830 842 1885 multa
885 1830 1238 1899 hujusmcdi
1281 1830 1614 1899 volumina,
1648 1848 1784 1904 quas

101 1918 419 1991 Scriptura
448 1920 697 1992 quidem
724 1919 909 1974 fuisse
936 1920 1170 1991 probat,
1199 1921 1305 1976 sed
1334 1920 1515 1977 hodie
1553 1926 1789 1978 constat

102 2024 231 2063 non
250 2025 409 2064 esse.
434 2010 678 2065 Vastata
698 2024 963 2081 namque
978 2025 1014 2064 a
1038 2009 1331 2066 Chaldaeis
1349 2010 1580 2078 Judaea,
1604 2011 1785 2067 etiam

103 2098 482 2153 bibliotheca
534 2114 674 2171 quas
704 2103 792 2153 est
838 2098 1167 2171 antiquitus
1210 2105 1598 2169 congregata,
1632 2100 1785 2157 inter

106 2189 267 2244 alias
292 2190 621 2262 provinciae
652 2205 820 2262 opes,
852 2189 1052 2244 hostili
1083 2189 1219 2257 igne
1269 2195 1630 2263 consumpta
1669 2195 1780 2254 est,

103 2295 179 2333 ex
209 2293 340 2351 qua
387 2278 567 2352 pauci
598 2281 701 2351 qui
732 2294 896 2334 nunc
936 2279 997 2333 in
1030 2286 1238 2335 saneta
1272 2280 1573 2352 Scriptura
1600 2281 1785 2337 conti-

102 2376 332 2425 nentur
352 2369 509 2439 libri,
541 2370 936 2442 postmodum
988 2372 1143 2425 Ezras
1180 2371 1497 2443 .pontiticis
1530 2377 1587 2428 et
1638 2388 1781 2445 pro-

102 2460 306 2532 phetae
338 2465 479 2515 sunt
501 2459 795 2516 industria
817 2462 1149 2515 restaurati.
1186 2461 1348 2516 Unde
1370 2461 1659 2533 scriptum
1691 2466 1783 2518 est

102 2550 179 2604 de
210 2564 316 2604 eo:
351 2570 381 2598 ‹‹
404 2549 686 2604 Ascendit
704 2551 875 2604 Ezras
900 2548 975 2604 de
997 2549 1317 2620 Babylone,
1352 2556 1407 2605 et
1432 2551 1558 2623 ipse
1585 2551 1784 2608 scriba

106 2637 285 2693 velox
314 2637 377 2693 in
408 2636 539 2706 lege
562 2638 747 2709 Moysi
777 2638 837 2702 (Ι
850 2638 1033 2693 Esdr.
1068 2643 1191 2705 vn).
1230 2660 1256 2687 ››
1284 2638 1464 2695 Velox
1484 2640 1778 2710 videlicet,

103 2728 253 2799 quia
276 2727 684 2799 promptiores
703 2726 1033 2782 litterarum
1054 2728 1503 2800 tignrus,quam
1532 2736 1781 2785 eatenus

105 2816 343 2872 Hebraei
374 2816 704 2884 habebant,
737 2818 977 2889 reperit.
1007 2820 1069 2872 Et
1097 2820 1155 2871 in
1192 2818 1444 2889 epistola
1475 2819 1631 2890 regis
1652 2823 1781 2875 Per-

102 2922 314 2961 sarum
345 2906 587 2975 legitur:
612 2924 643 2957 ‹
661 2911 1013 2961 Artaxerxes
1039 2921 1143 2961 rex
1164 2922 1377 2976 regum
1408 2910 1563 2963 Ezraa
1585 2924 1783 2965 sacer-

101 2997 251 3061 doti,
288 2995 501 3051 scribm
541 2995 689 3065 legis
745 2996 844 3051 Dei
875 2996 1007 3050 creli
1056 2997 1406 3053 thtIlSSIILDO
1439 2998 1715 3055 salutem.
1748 3022 1776 3049 »

1894 1832 2096 1904 quitur
2133 1835 2210 1891 ad
2259 1835 2462 1907 ipsum
2485 1836 2687 1893 locum
2716 1838 3165 1911 interfectionis,
3197 1840 3562 1897 abominans

1892 1920 2119 1978 factum
2150 1923 2318 1995 quod
2350 1924 2411 1981 in
2467 1940 2539 1980 co
2590 1925 2781 1982 fuerat
2814 1932 3072 1996 gestum,
3128 1927 3281 1984 sicut
3317 1928 3562 1985 cuidam

1892 2010 2144 2080 videtur,
2191 2018 2394 2069 tamen
2421 2029 2545 2070 non
2570 2014 2695 2072 sine
2724 2016 3013 2088 mysterio
3044 2016 3455 2089 prmsagandi,
3487 2016 3558 2073 si~

1892 2105 1992 2156 cut
2021 2100 2205 2173 paulo
2249 2107 2387 2175 post
2433 2103 2803 2174 ostendetur,
2856 2105 3039 2162 beato
3076 2121 3244 2179 papa
3276 2106 3561 2177 Gregorio

1890 2190 2266 2262 propitiante.

1964 2303 1992 2330 ι(
2028 2281 2253 2351 Sagitta
2277 2283 2548 2339 Jonathae
2579 2299 2900 2356 nunquam
2937 2284 3083 2341 abiit
3110 2289 3465 2353 retrorsum,
3500 2288 3562 2341 et

1892 2390 1919 2417 ‹‹
1954 2369 2189 2439 gladius
2221 2371 2362 2427 Saul
2387 2388 2509 2427 non
2542 2377 2631 2429 est
2677 2389 2952 2429 reversus
2980 2374 3198 2431 inanis.
3226 2396 3255 2426 υ
3287 2378 3407 2431 Hoc
3429 2372 3562 2433 vult

1892 2458 2221 2527 insinuare,
2250 2461 2418 2533 quod
2449 2462 2743 2518 Jonathas
2768 2468 2824 2519 et
2854 2462 2993 2520 Saul
3026 2464 3398 2537 temporibus
3430 2463 3558 2520 suis

1891 2547 2337 2606 bellicosissimi
2365 2559 2421 2606 et
2444 2551 2751 2607 fortissimi
2776 2552 2995 2609 fuerint
3013 2554 3074 2608 in
3104 2552 3347 2626 praeliis.

1967 2660 1993 2689 ‹‹
2024 2638 2166 2694 Saul
2198 2644 2253 2695 et
2299 2641 2591 2696 Jonathas
2646 2641 2939 2697 amabiles
2985 2647 3044 2698 et
3100 2641 3303 2698 decori
3345 2641 3408 2698 in
3435 2642 3560 2700 vita

1891 2750 1918 2775 ‹‹
1954 2744 2083 2794 sua,
2118 2729 2177 2784 in
2227 2735 2419 2785 morte
2449 2747 2696 2804 quoque
2752 2747 2877 2787 non
2922 2736 3063 2787 sunt
3088 2731 3285 2787 divisi.
3326 2731 3557 2805 Aquilia

1895 2837 1923 2870 α
1954 2818 2300 2886 velociores,
2332 2818 2611 2875 leonibus
2640 2820 2932 2876 fortiores.
2960 2841 2989 2869 ››
3022 2820 3252 2877 Laudat
3272 2819 3556 2877 decorem

1891 2906 2120 2974 formte,
2149 2907 2357 2964 laudat
2387 2914 2442 2964 et
2494 2910 2903 2965 constantiam
2941 2910 3160 2966 animi:
3211 2909 3556 2981 adjungens

1889 3015 1996 3070 per
2025 2998 2422 3071 hyperbolem
2449 3004 2711 3072 tropum,
2748 3000 3202 3077 similitudinem
3227 3000 3445 3072 aquilae
3472 3004 3559 3058 at-

100 3089 253 3141 Sunt
287 3090 491 3141 tamen
521 3086 627 3158 qui
652 3086 878 3152 dicunt,
903 3086 1064 3142 hunc
1091 3086 1314 3142 librum
1332 3088 1637 3158 justorum
1686 3089 1778 3144 in-
1810 3121 1852 3174 ο
1891 3104 2008 3161 que
2030 3087 2239 3144 leonis.

105 3176 286 3245 telligi
318 3175 540 3231 debere
572 3175 774 3247 ipsum
804 3174 1026 3231 librum
1060 3181 1310 3241 Regum,
1342 3178 1442 3232 ubi
1468 3179 1780 3234 continen-

106 3273 200 3322 tur
232 3267 543 3339 propbette
582 3266 758 3337 juxti,
817 3267 1059 3322 Samuel
1088 3267 1386 3333 videlicet,
1418 3270 1541 3325 Gad
1579 3276 1635 3324 et
1665 3273 1778 3326 Na-

102 3357 271 3425 than,
306 3355 369 3410 in
400 3371 525 3428 quo
576 3356 869 3427 scriptum
889 3362 998 3423 cst,
1028 3356 1287 3428 qualiter
1317 3356 1459 3412 Saul
1492 3358 1780 3413 recedens

101 3464 137 3501 a
159 3446 376 3501 timore
403 3444 501 3500 Dei
532 3460 641 3517 per
664 3445 1134 3502 inobedientiain
1168 3461 1344 3501 suam
1366 3447 1559 3518 periit.

175 3554 206 3588 ‹
245 3535 459 3607 lnclyti
484 3535 589 3602 tui,
628 3535 823 3597 Israel,
857 3553 1038 3609 super
1068 3542 1300 3592 montes
1334 3542 1464 3593 tuos
1487 3539 1756 3593 intert‘ect

102 3649 128 3673 «
167 3630 333 3680 sunt.
362 3647 390 3673 η
422 3629 485 3680 In
531 3624 780 3681 Hebraeo
833 3626 1110 3694 habetur,
1164 3640 1344 3698 super
1385 3626 1619 3683 excelsa
1648 3630 1774 3698 tua,

101 3722 159 3771 et
184 3721 275 3771 est
305 3731 552 3770 sensus:
588 3717 632 3771 Ο
668 3714 830 3785 Saul,
883 3732 1063 3787 super
1110 3717 1345 3772 excelsa
1378 3723 1501 3788 tua,
1530 3718 1776 3787 gloriosi

101 3804 285 3860 lsrael
305 3803 595 3859 interfecti
618 3808 791 3859 sunt:
821 3805 967 3876 quia
995 3806 1053 3859 in
1076 3811 1322 3878 peccato
1353 3805 1772 3862 iuobedientiaz

104 3902 242 3963 tum,
280 3910 405 3949 una
454 3899 652 3949 tecum
697 3895 1021 3966 perierunt.
1055 3896 1462 3952 lnobedientia
1506 3912 1773 3969 namque

100 4002 212 4059 pro
244 3985 444 4051 idolis,
477 3985 538 4040 id
564 3989 654 4040 est
682 3985 954 4047 excelsis,
984 3993 1260 4057 reputata
1290 3987 1569 4056 est,sicut
1598 3987 1772 4043 estil-

100 4074 206 4130 lud
247 4075 309 4130 in
344 4074 498 4129 libro
529 4074 853 4130 Samuelis:
890 4095 919 4127 α
952 4075 1161 4129 melior
1192 4076 1457 4132 esteuiin
1491 4076 1776 4132 obedien-

103 4166 182 4220 tia
207 4179 403 4237 quam
430 4164 718 4219 victimae:
745 4169 803 4219 et
832 4164 1172 4220 auscultarc
1200 4166 1417 4235 magis,
1465 4182 1651 4237 quam
1683 4166 1773 4221 of-

99 4255 252 4309 ferre
279 4253 524 4325 adipem
556 4253 813 4309 arietum
844 4254 1062 4324 (IReg.
1088 4271 1152 4307 xx
1171 4255 1243 4318 ).››
1276 4255 1573 4320 Quoniam
1598 4256 1775 4327 quasi

98 4346 423 4416 peccatum
452 4341 751 4398 ariolandi
773 4349 862 4398 est
886 4360 992 4416 rep
1005 4359 1249 4411 ugnare,
1284 4348 1341 4399 et
1369 4344 1543 4416 quasi
1578 4344 1772 4399 scelus

96 4431 475 4499 idololatriae,
505 4431 664 4487 nolle
697 4431 1101 4503 acquiescere.
1122 4432 1247 4488 Sed
1275 4433 1443 4504 quod
1474 4433 1588 4489 ait:

173 4546 201 4572 α
232 4521 419 4578 Nolite
459 4522 820 4577 annuntiare
852 4521 914 4576 in
944 4522 1111 4589 Geth,
1156 4538 1352 4593 neque
1405 4521 1770 4578 annuntietis

100 4636 128 4661 «
159 4612 221 4667 in
251 4610 535 4683 compitis
579 4610 908 4681 Ascalonis,
944 4632 972 4660 ››
1013 4617 1148 4679 etc.,
1180 4612 1612 4683 obstupescens
1641 4627 1779 4685 pro-

99 4704 282 4775 pheta
303 4701 604 4771 ingemuit
626 4700 1011 4757 subitaneum
1037 4717 1247 4757 casum
1276 4702 1623 4775 principum
1670 4718 1775 4775 po-

100 4792 223 4865 puli
257 4790 372 4855 sui,
404 4793 464 4846 et
491 4789 774 4863 prohibet
797 4806 873 4846 ne
905 4790 1063 4845 ullus
1109 4790 1360 4847 lactetur
1389 4791 1450 4847 in
1474 4792 1573 4847 tali
1605 4808 1771 4860 casu,

98 4895 297 4953 neque
336 4878 502 4937 fama
532 4880 649 4935 hoc
678 4879 948 4949 divulget
973 4880 1034 4934 in
1061 4880 1325 4936 civitates
1356 4880 1765 4937 inimicorum.

98 4971 245 5025 Geth
305 4970 468 5024 enim
523 4974 580 5025 et
640 4970 921 5036 Ascalon,
990 4971 1171 5024 urbes
1228 4974 1366 5026 sunt
1432 4970 1776 5043 Allophylo-

96 5076 255 5115 rum.
308 5058 614 5114 Hactenus
672 5058 1013 5129 historiam,
1054 5073 1216 5114 nunc
1266 5059 1412 5131 quid
1455 5059 1773 5129 allegorice

96 5149 413 5217 signiﬁcet,
494 5148 963 5218 subjungamus.
1043 5148 1135 5203 Ait
1213 5163 1544 5221 namque:
1616 5170 1645 5199 κ
1711 5152 1776 5204 Et

98 5238 383 5312 praecepit
410 5237 603 5294 David
656 5241 721 5293 ut
749 5237 1037 5293 docerent
1068 5237 1223 5292 ﬁlios
1252 5238 1431 5305 Juda,
1468 5261 1496 5288 ››
1546 5243 1603 5293 et
1646 5237 1777 5292 reli-

98 5343 240 5401 qua.
270 5328 397 5383 Filii
447 5326 605 5384 Iuda
632 5327 1046 5398 intelliguntur
1095 5326 1301 5396 ﬁdeles
1352 5329 1416 5383 in
1470 5328 1760 5393 Ecclesia,

103 5418 416 5474 Christum
447 5418 770 5473 Dominum
805 5418 1151 5486 conﬁtentes
1175 5435 1187 5472 :
1213 5416 1288 5472 de
1335 5416 1561 5489 quibus
1591 5432 1772 5473 verus

102 5508 306 5574 David,
335 5507 399 5564 id
428 5512 520 5564 est
567 5522 758 5563 manu
788 5506 954 5562 fortis
1004 5502 1316 5573 Dominus,
1351 5506 1658 5579 praecepit,
1707 5510 1771 5563 ut

100 5615 239 5653 arcu
271 5597 492 5653 divinae
525 5596 928 5666 intelligentia:
960 5599 1077 5652 sint
1100 5595 1344 5653 muniti:
1380 5612 1455 5652 ne
1481 5601 1586 5652 aut
1604 5596 1771 5667 igno-

98 5689 302 5744 rantite
343 5690 611 5744 caecitate
660 5686 915 5757 decepti,
949 5688 1008 5741 in
1069 5686 1375 5758 impietate
1432 5690 1632 5755 ruant,
1664 5689 1770 5742 aut

100 5783 250 5835 certe
277 5777 488 5851 ignavi
520 5793 593 5835 ac
618 5775 893 5833 dissoluti
914 5776 975 5832 in
995 5780 1323 5848 conspectu
1343 5775 1609 5833 hostium
1634 5789 1770 5833 suo-

1962 3200 1988 3227 «
2024 3177 2176 3234 ιείιίω
2201 3177 2400 3243 Israel,
2436 3191 2619 3249 super
2644 3176 2787 3233 Saul
2815 3176 2969 3245 ﬂete,
2999 3176 3104 3250 qui
3122 3176 3419 3233 vestiebat
3446 3192 3552 3233 vos

1888 3286 1919 3320 «
1941 3267 2189 3323 coccino
2212 3267 2273 3322 in
2303 3266 2552 3329 deliciis,
2586 3266 2690 3338 qui
2718 3266 3027 3339 praebebat
3054 3271 3411 3323 ornamenta
3442 3280 3551 3322 au-

1890 3380 1916 3405 ‹‹
1948 3372 2050 3412 rea
2088 3356 2271 3412 cultui
2297 3361 2512 3411 vestro.
2542 3376 2570 3405 ››
2604 3354 2883 3412 Videlicet
2909 3360 2967 3412 et
3020 3354 3097 3411 de
3155 3354 3377 3429 prsidis
3413 3354 3553 3412 hos-

1892 3446 2037 3501 tium
2068 3462 2226 3518 quas
2260 3445 2499 3515 agebat.

1958 3558 1986 3585 ‹‹
2022 3537 2340 3603 Quomodo
2392 3534 2736 3592 ceciderunt
2784 3534 2964 3591 fortes
2996 3534 3057 3591 in
3087 3533 3296 3608 praelia
3318 3535 3345 3589 ‘I
3380 3556 3408 3585 ι»
3442 3536 3551 3593 Su-

1884 3626 2171 3683 bauditur
2199 3627 2259 3682 in
2290 3631 2538 3699 peccato
2556 3640 2688 3682 suo.
2725 3648 2751 3674 «
2776 3626 3067 3681 Jonathas
3094 3630 3152 3681 et
3178 3624 3338 3692 Saul,
3370 3623 3431 3680 in
3452 3640 3552 3680 ex-

1887 3717 2062 3772 celsis
2096 3716 2207 3772 tuis
2256 3716 2495 3772 occisus
2544 3732 2627 3783 es,
2662 3733 2691 3767 ι
2728 3714 2879 3771 sicut
2930 3714 3207 3786 superius
3256 3713 3545 3770 diximus.

1885 3806 2046 3873 ldeo,
2081 3823 2116 3861 0
2152 3805 2292 3863 Saul
2322 3811 2376 3861 et
2399 3804 2727 3873 Jonathan,
2761 3828 2787 3853 ‹‹
2822 3804 2883 3858 in
2914 3803 3166 3859 excelsis
3195 3802 3330 3869 tuis,
3366 3825 3395 3853 υ
3432 3802 3549 3859 hoc

1882 3901 1971 3952 est
1998 3895 2061 3951 in
2090 3901 2338 3968 peccato
2363 3893 2783 3950 inobedientiae
2818 3899 2931 3948 tua:
2972 3892 3226 3961 occisus,
3260 3891 3550 3948 subaudi-

1884 3990 1979 4042 tur
2018 4002 2093 4041 es.
2121 3989 2266 4041 Ecce
2297 3984 2627 4040 historiam.
2662 3984 2957 4038 Caeterum
2992 3979 3376 4054 spiritualiter
3397 3980 3549 4054 quid

1882 4080 1989 4144 est,
2018 4074 2186 4147 quod
2211 4074 2401 4130 David
2436 4073 2539 4145 qui
2563 4071 3030 4129 retribucntibus
3074 4071 3237 4128 mala
3267 4086 3392 4128 non
3420 4070 3551 4127 red-

1884 4164 2054 4229 didit,
2081 4180 2223 4219 cum
2268 4162 2409 4220 Saul
2438 4163 2820 4219 etJonathan
2874 4161 3033 4218 bello
3095 4161 3546 4230 occumberent,

1883 4253 2104 4309 Gelboe
2132 4252 2438 4308 montibus
2466 4251 2785 4322 maledicit,
2819 4251 3057 4307 dicens:
3094 4272 3123 4301 α
3153 4254 3376 4309 Montes
3415 4249 3547 4306 Gel-

1883 4343 2018 4411 boe,
2048 4341 2260 4415 inquit,
2302 4354 2412 4398 nec
2444 4357 2566 4413 res,
2625 4357 2735 4397 nec
2788 4340 3013 4415 pluvia,
3069 4341 3314 4397 veniant
3365 4354 3550 4412 super

1885 4449 2012 4488 vos.
2031 4435 2231 4504 Neque
2262 4431 2379 4487 sint
2410 4432 2537 4499 agri
2569 4429 2969 4503 primitiarum
2994 4430 3139 4503 quia
3162 4430 3246 4486 ibi
3277 4430 3550 4501 abjectus

1885 4527 1973 4578 est
2000 4522 2249 4595 clypeus
2280 4519 2544 4587 fortium,
2571 4520 2820 4593 clypeus
2840 4519 3000 4587 Saul,
3033 4520 3214 4592 quasi
3238 4534 3363 4575 non
3392 4521 3554 4575 esset

1885 4617 2103 4667 unctus
2123 4611 2315 4667 oleo.»
2339 4611 2495 4676 Quid
2526 4625 2671 4680 ergo
2716 4614 2953 4666 montes
2978 4608 3216 4675 Gelboe,
3244 4606 3387 4664 Saul
3424 4620 3553 4661 mo-

1880 4700 2086 4771 riente,
2121 4699 2522 4772 deliquerunt,
2573 4704 2874 4771 quatenus
2917 4697 2979 4753 in
3024 4697 3109 4753 eis
3135 4711 3247 4752 nec
3296 4710 3395 4750 ros
3437 4707 3551 4749 nec

1880 4789 2088 4863 pluvia
2110 4788 2371 4857 caderet,
2403 4792 2459 4843 et
2489 4788 2571 4843 ab
2602 4788 2768 4843 omni
2798 4802 2902 4842 eos
2917 4783 3228 4840 viriditatis
3258 4781 3547 4852 germine,

1886 4879 2193 4935 sententiae
2230 4892 2451 4942 sermo,
2485 4875 2763 4931 siccaret?
2798 4873 2911 4931 Sed
2952 4872 3098 4945 quia
3123 4870 3346 4927 Gelboe
3375 4870 3553 4927 inter-

1884 4972 2152 5042 pretatur
2173 4967 2481 5031 decursus,
2513 4980 2622 5037 per
2648 4964 2790 5021 Saul
2812 4965 3014 5018 autem
3037 4964 3290 5016 unctum
3316 4964 3374 5015 et
3394 4973 3553 5017 mor-

1884 5063 2081 5125 tuum,
2116 5071 2284 5113 mors
2305 5054 2493 5110 nostri
2520 5051 2853 5110 Mediatoris
2880 5049 3254 5123 exprimitur,
3280 5064 3404 5106 non
3432 5049 3549 5106 im-

1886 5147 2095 5203 merito
2143 5161 2253 5218 per
2299 5143 2519 5200 Gelboe
2574 5146 2833 5212 montes,
2891 5139 3156 5213 superba
3200 5140 3550 5196 Iudaeorum

1886 5235 2072 5293 corda
2102 5234 2437 5305 signantur,
2468 5247 2605 5305 quae
2635 5235 2781 5286 dum
2814 5229 2875 5286 in
2904 5230 3089 5302 hujus
3128 5230 3344 5286 mundi
3389 5227 3552 5284 desi-

1883 5324 2064 5381 deriis
2089 5322 2365 5379 deﬂuunt
2383 5322 2445 5377 in
2472 5320 2705 5391 Christi,
2721 5319 2778 5375 id
2800 5324 2893 5377 est
2908 5319 3092 5387 uncti,
3116 5334 3179 5374 se
3199 5321 3391 5374 morte
3416 5317 3554 5373 mis-

1884 5417 2153 5472 cuerunt.
2174 5416 2239 5469 Et
2265 5410 2411 5484 quia
2441 5410 2501 5467 in
2527 5411 2612 5467 eis
2640 5415 2858 5466 unctus
2883 5424 2989 5465 rex
3012 5406 3404 5481 corporaliter
3426 5422 3553 5464 mo-

1881 5504 2048 5568 ritur,
2079 5500 2194 5575 ipsi
2224 5499 2303 5556 ab
2334 5499 2501 5555 omni
2533 5500 2742 5570 gratia:
2771 5513 2902 5554 rore
2934 5496 3253 5553 siccantur.
3289 5498 3367 5551 De
3417 5495 3552 5570 qui-

1880 5593 1998 5650 bus
2029 5596 2087 5648 et
2116 5592 2268 5647 bene
2295 5588 2543 5646 dicitur:
2575 5610 2603 5639 ‹‹
2634 5588 2773 5658 Agri
2806 5586 3208 5661 primitiarum
3251 5599 3382 5642 esse
3427 5600 3552 5642 non

1881 5687 2218 5757 possunt.»
2274 5678 2557 5751 Superbus
2590 5677 2814 5751 quippe
2864 5676 3254 5733 Hebraeorum
3300 5680 3553 5739 mentes,

1882 5772 2220 5847 primitivos
2255 5767 2487 5825 fructus
2506 5782 2630 5824 non
2655 5767 2872 5836 ferunt,
2888 5765 3033 5841 quia
3056 5766 3118 5822 in
3140 5765 3555 5840 Redemptoris
